4064 6206
390 348 500 418 511

1557 358 1616 424 S.
1662 357 1999 426 DIONYSlI
2040 356 2562 428 AREOPAGITIE.

3637 366 3749 435 512

1929 490 2156 575 εμπ.

470 652 774 720 Pontiﬁcis
793 664 992 721 autem
1017 674 1228 720 manus
1253 656 1329 719 im
1340 654 1548 737 positio
1580 653 1854 735 designat
1870 654 2027 717 hier-
2046 662 2088 712 Α

387 744 684 807 archicam
733 747 1190 827 protectionem,
1217 766 1355 828 qua,
1390 755 1664 827 tanquam
1697 753 1933 807 sanctos
1960 743 2027 804 ﬁ-

391 832 527 913 lios,
562 845 806 909 paterno
833 837 1050 900 alTectu
1081 837 1259 918 fovet,
1294 845 1353 898 et
1382 844 1597 899 statum
1628 835 2028 913 virtutemque

391 924 542 985 sacri
572 926 802 988 ordinis
824 925 1682 1007 impertitur,adversariasque
1712 932 2030 1006 potestates

393 1012 599 1093 procul
629 1014 703 1076 ab
734 1015 852 1078 illis
881 1015 1063 1095 abigit
1092 1037 1106 1081 :
1142 1016 1440 1097 simulque
1469 1016 1663 1094 docet,
1699 1014 1786 1077 sic
1812 1031 2029 1076 conse-

393 1109 588 1164 cratos
616 1102 786 1168 obire
808 1110 1004 1167 sacras
1034 1124 1243 1168 omnes
1264 1105 1488 1167 ordinis
1516 1104 1871 1177 functiones,
1899 1109 2033 1164 tan-

394 1208 567 1270 quam
599 1198 698 1273 qui
729 1194 839 1256 sub
871 1197 994 1258 Deo
1026 1195 1158 1259 illas
1200 1195 1440 1269 obeant,
1476 1213 1652 1277 quem
1686 1194 1746 1256 in
1777 1191 1938 1256 omni
1969 1210 2035 1256 re

396 1296 633 1343 suarum
679 1283 975 1347 actionum
1008 1284 1221 1349 ducem
1254 1285 1496 1348 habent.

2191 654 2255 713 Ἦ
2309 655 2365 713 δὲ
2407 658 2503 727 τῆς
2536 660 2854 742 ἱεραρχικῆς
2882 662 2947 714 75
2977 665 3166 744 χειρὸς
3215 662 3442 728 ἐπίθεσις
3473 666 3606 742 ὁμοῦ
3657 667 3751 743 μὶν

2110 745 2350 834 ξμφαίνει
2409 754 2508 817 τὴν
2552 749 2940 831 τελεταρχικὴν
2994 753 3224 827 σκίπην,
3260 751 3346 834 ὑφ’
3390 757 3459 821 ἧς
3500 758 3573 820 ὡς
3616 757 3752 814 παῖε

2112 833 2195 900 δες
2250 838 2377 915 ἱεροὶ
2425 839 2764 917 περιέπονται
2823 850 3118 921 πατρικῶς,
3154 848 3337 907 αὐτοῖς
3389 844 3488 919 μὲν
3516 844 3618 911 ἕξιν
3671 849 3755 904 καὶ

2112 925 2329 1001 δύναμιν
2383 930 2655 1007 ἱερατικὴν
2714 929 3078 1011 δωρουμένης,
3109 934 3205 999 τὰς
3266 933 3501 997 ἐναντίας
3549 934 3604 992 δὲ
3660 936 3757 993 αὒ-

2115 1022 2222 1072 τῶν
2281 1014 2522 1093 δυνάμεις
2574 1019 3039 1099 ἆποῤῥαπιζούσης
3104 1021 3187 1074 76⁰
3251 1021 3481 1081 διδάσκει
3538 1022 3595 1081 δὲ
3651 1025 3758 1101 ἅμα

2115 1106 2203 1163 καὶ
2258 1107 2434 1173 πάσας
2486 1107 2663 1167 τελεῖν
2723 1111 2819 1176 τὰς
2873 1112 3143 1190 ἱερατικοῖς
3202 1112 3487 1192 ἐνεργείας,
3544 1117 3619 1180 ὡς
3662 1117 3758 1174 ὑπὸ

2116 1202 2231 1270 Θεῷ
2288 1197 2617 1275 πράττοντας
2659 1200 2780 1266 τοὺς
2837 1201 3201 1275 τελεσθέντας,
3254 1203 3338 1261 οιαὶ
3394 1209 3500 1260 τῶν
3557 1205 3759 1264 οὶκείων

2117 1284 2392 1365 ἐνεργειῶν
2425 1286 2581 1345 αὐτὸν
2612 1287 2842 1370 ἔχοντας
2872 1291 2928 1348 ὲν
2958 1295 3117 1350 παντὶ
3153 1293 3520 1372 κατηγεμόνα,

2000 1445 2029 1525 §
2067 1440 2167 1508 1v.

476 1607 661 1670 Porro
712 1607 949 1690 signum
994 1608 1192 1671 crucis
1238 1609 1514 1689 designat
1545 1612 1812 1674 omnium
1861 1605 2038 1671 simul

398 1696 716 1752 carnalium
751 1699 1133 1769 cupiditatum
1170 1700 1895 1772 cessationem,divinaeque
1919 1700 2039 1756 vita

395 1783 808 1863 imitationem,
837 1787 977 1850 dum
1010 1798 1351 1852 constanter
1384 1791 1688 1853 intuentur
1714 1790 1787 1852 ad
1821 1789 1927 1852 Dei
1956 1788 2039 1849 vi-

394 1874 563 1932 rilem
593 1876 729 1935 Jesu
763 1880 929 1936 vitam
958 1880 1028 1936 ad
1060 1894 1280 1937 crucem
1313 1895 1495 1951 usque
1520 1889 1573 1936 et
1608 1890 1865 1940 mortem.
1904 1892 2035 1936 cum

397 1981 633 2028 summa
677 1985 920 2048 prorsus
948 1987 1016 2030 ac
1047 1970 1243 2033 divina
1275 1970 1772 2051 impeccabilitate
1803 1978 2036 2031 transa-

398 2064 580 2134 ctam,
613 2058 716 2134 qui
749 2058 845 2138 pie
890 2059 1179 2142 viventes,
1214 2072 1487 2141 tanquam
1531 2061 1647 2123 sibi
1678 2061 2037 2133 ronl‘ormes;

398 2143 472 2205 ad
534 2144 852 2248 imaginem
909 2149 1049 2210 238
1105 2148 1617 2232 impeccabilitatis
1675 2167 1795 2213 sure
1854 2148 2040 2213 forma

400 2236 593 2297 crucis
621 2236 889 2318 insignit.

2200 1610 2265 1667 Ἦ
2312 1611 2649 1689 σταυροειδὴς
2704 1611 2758 1669 δὲ
2809 1617 3031 1695 σφραγὶς
3061 1615 3161 1683 τὴν
3211 1618 3434 1675 ἁπασῶν
3474 1620 3611 1693 ὁμοῦ
3658 1624 3759 1676 τῶν

2122 1707 2382 1779 σαρκικῶν
2441 1701 2501 1750 ’Π
2550 1700 2767 1779 ὀρέξεων
2828 1703 3225 1782 ἂνενεργησίκν,
3285 1709 3374 1763 καὶ
3434 1707 3532 1775 τὴν
3582 1707 3761 1782 θεομί·

2120 1813 2293 1865 μητον
2349 1792 2515 1865 ζωὴν,
2579 1792 2857 1872 ἀφορῶσαν
2936 1793 3166 1860 ἀκλινῶς
3227 1797 3301 1860 εἷς
3363 1797 3460 1863 τήν
3522 1795 3765 1874 ἀνδρικὴν

2120 1878 2297 1946 Ἰησοῦ
2350 1880 2627 1947 θειοτάτην
2688 1881 2855 1953 ζωὴν,
2915 1881 3041 1962 ἄχρι
3106 1890 3329 1962 σταυροῦ
3386 1887 3474 1942 καὶ
3542 1886 3763 1942 θανάτου

2122 1969 2257 2044 Ιμετὰ
2312 1972 2604 2049 θεαρχικῆς
2666 1969 2729 2019 78
2806 1969 3206 2050 ἀναμαρτησίας
3276 1972 3626 2056 ἐληλυθότος,
3683 1977 3767 2033 καὶ

2121 2058 2239 2121 τοὺς
2299 2056 2434 2115 οὕτω
2490 2066 2716 2139 ζῶντας,
2750 2061 2823 2124 ὼς
2881 2060 3201 2135 ὁμοιοειδετς
3243 2061 3307 2113 79
3357 2062 3765 2140 ἑνσημαίνοντος

2121 2154 2197 2223 τῷ
2228 2145 2555 2229 σταυροειδεϊ
2587 2151 2682 2217 τῆς
2715 2150 2910 2215 οἰκείας
2940 2150 3331 2231 ἂνακαρτησίας
3361 2151 3545 2217 εἰκόνι,

2040 2357 2187 2439 sv.

478 2516 707 2575 Sacram
733 2532 865 2576 vero
906 2520 1335 2579 ordinationum
1366 2528 1420 2579 et
1449 2535 1647 2580 eorum
1677 2519 1775 2593 qui
1802 2518 2041 2576 initian-

401 2619 496 2673 tur
526 2608 1055 2690 promulgationem
1092 2610 1347 2692 pontifex
1385 2611 1728 2692 proclamat,
1761 2608 2041 2691 mysterio

403 2700 769 2775 declarante,
804 2699 923 2760 Deo
956 2700 1176 2762 clarum
1223 2720 1526 2763 sacrorum
1558 2701 1832 2764 ordinum
1864 2700 2044 2761 colla-

405 2800 594 2851 torem
626 2788 1010 2867 interpretem
1034 2808 1167 2852 esse
1197 2791 1407 2851 divinae
1428 2789 1762 2870 electionis,
1787 2807 2044 2870 eumque

403 2898 522 2940 non
574 2877 794 2958 privata
828 2877 1011 2956 gratia
1065 2897 1165 2942 eos
1196 2879 1297 2960 qui
1347 2879 1657 2941 initiantur
1686 2879 1761 2941 ad
1808 2896 2041 2940 sacrum

403 2967 659 3026 ordinem
685 2981 1038 3036 promovere.
1062 2968 1161 3024 sed
1193 2969 1381 3026 aﬂlatu
1402 2968 1502 3025 Dei
1534 2970 1653 3039 regi
1686 2970 1744 3026 in
1775 2970 2043 3026 omnibus

405 3056 794 3119 hierarchicis
854 3056 1349 3121 ordinationibus.
1403 3058 1527 3121 Hoc
1565 3058 1736 3121 modo
1792 3062 2037 3140 Moyses,

407 3164 543 3208 cum
578 3153 735 3208 esset
793 3147 1066 3224 legalium
1100 3148 1344 3210 collator
1372 3149 1888 3226 caeremoniarum,
1922 3149 2043 3211 fra-

406 3246 557 3299 trem
586 3256 755 3298 suum
787 3238 1008 3314 Aaron,
1038 3240 1370 3318 quatumvis
1394 3241 1513 3301 Deo
1543 3240 1813 3311 charum,
1840 3257 2043 3300 sacer-

2205 2519 2313 2584 Τὴν
2370 2518 2509 2592 ἱερὰν
2540 2515 2593 2575 δὲ
2636 2525 2742 2576 τῶν
2792 2518 3121 2578 τελειώσεων
3164 2524 3251 2580 καὶ
3282 2527 3387 2579 τῶν
3436 2520 3766 2597 τελουμένων

2124 2606 2407 2686 ἆνάρῤησιν
2455 2610 2481 2664 ὁ
2515 2610 2768 2689 ἱεραρχῆς
2818 2608 3039 2691 ἀναϐοᾷ,
3076 2622 3168 2672 τοῦ
3197 2613 3487 2691 μυστηρίου
3544 2610 3767 2679 δηλοῦν-

2124 2720 2235 2771 τος,
2298 2701 2370 2761 ὡς
2428 2700 2455 2753 ὁ
2505 2697 2747 2778 φιλόθεος
2798 2699 3165 2777 ἱεροτελεστὴς
3224 2702 3606 2781 ἐκφαντορικός
3658 2701 3768 2759 ἔστι

2126 2793 2225 2854 τῆς
2274 2791 2564 2868 θεαρχικῆς
2620 2787 2873 2866 ἐκλογῆς,
2910 2792 3005 2846 οὐκ
3059 2793 3214 2855 αὐτὸς
3271 2790 3371 2864 ἶδέᾳ
3419 2792 3603 2873 χάριτι
3649 2793 3769 2856 τοὺς

2126 2876 2472 2951 τελουμένους
2535 2877 2617 2933 ἐπὶ
2665 2878 2762 2940 τὴν
2818 2879 3090 2954 ἱερατικὴν
3148 2878 3291 2958 ἄγων
3355 2879 3419 2930 80
3472 2879 3765 2958 τελείωσιν,

2126 2964 2244 3022 ἀλλ’
2301 2966 2402 3023 ὑπό
2435 2973 2564 3023 Θεοῦ
2616 2967 2920 3042 κινούμενος
2968 2970 3041 3033 εἷς
3100 2969 3273 3032 πάσας
3306 2970 3402 3032 τὰς
3461 2971 3769 3049 ἱεραρχικᾶς

2128 3056 2453 3133 ἀγιαστείας,
2518 3055 2668 3113 Οὕτω
2737 3063 2936 3125 Μωσῆς
3008 3061 3035 3115 ὁ
3094 3062 3323 3135 νομικῶς
3376 3058 3765 3139 ἱεροτελεστὴς,

2127 3144 2239 3202 οὒδὲ
2291 3144 2515 3225 ἀδελφὸν
2544 3144 2669 3202 ὅντα
2723 3159 2814 3202 τὸν
2847 3146 3051 3226 Ἀαρὼν
3109 3151 3182 3213 εἱς
3225 3150 3494 3224 ἱερατικὴν
3547 3148 3769 3206 τελείω-

2128 3259 2210 3291 σιν
2265 3235 2405 3312 ἄγει,
2438 3237 2525 3292 καὶ
2568 3235 2808 3315 φιλόθεον
2851 3237 3007 3295 αὐτὸν
3052 3241 3310 3295 εἶναικαὶ
3352 3240 3613 3316 ἱερατικὸν
3659 3238 3771 3295 οἷό-

408 3328 691 3404 dotioque
719 3326 987 3409 dignum,
1025 3348 1142 3391 non
1189 3330 1351 3410 prius
1376 3331 1447 3390 ad
1480 3330 1904 3391 sacerdotalem
1936 3348 2039 3390 or-

2130 3347 2308 3400 μενος,
2338 3326 2497 3404 ἄχρις
2563 3328 2620 3382 οὗ
2668 3326 2841 3383 θεόθεν
2896 3329 2969 3391 εἷς
3023 3335 3177 3385 τοῦτο
3228 3330 3484 3408 κινηθεὶς,
3517 3330 3620 3385 ὑπὸ
3681 3350 3771 3384 τε-

408 3416 610 3478 dinem
646 3418 958 3497 promovit,
993 3438 1164 3500 quam
1195 3420 1265 3481 ad
1327 3420 1384 3480 id
1419 3420 1700 3481 divinitus
1731 3420 2040 3494 excitatus,

407 3505 516 3568 sub
538 3525 770 3568 summo
797 3518 1213 3571 consecratore
1236 3509 1357 3572 Deo
1379 3509 1802 3571 sacerdotalem
1827 3527 2044 3569 conse-

406 3596 718 3653 crationem
745 3596 1142 3668 pontiﬁcaliter
1168 3598 1499 3656 celebraret.
1517 3598 1785 3666 Quinimo
1818 3596 2045 3656 divinus

407 3686 510 3748 ille
551 3704 619 3749 ac
650 3690 877 3766 primus
926 3689 1152 3749 ordinis
1183 3688 1371 3751 nostri
1414 3688 1661 3751 collator
1688 3689 1834 3768 (hoc
1880 3688 2040 3751 enim

408 3794 622 3838 munus
640 3776 755 3839 sibi
784 3777 959 3841 Jesns
998 3776 1459 3856 benignissimus
1489 3779 1549 3840 in
1582 3778 1768 3841 nostri
1796 3777 2044 3858 gratiam

407 3866 748 3948 assumpsit)
771 3887 888 3930 non
921 3878 1116 3931 semet
1146 3870 1272 3949 ipse
1303 3867 1701 3943 clariﬁcavith,
1729 3876 1791 3930 ut
1815 3868 2049 3949 eloquia

413 3962 719 4031 testantur,
754 3956 859 4018 sed
916 3958 1018 4037 qui
1075 3956 1305 4019 locutus
1345 3966 1435 4019 est
1488 3958 1559 4020 ad
1617 3976 1798 4019 eum:
1846 3957 1928 4020 Tu
1987 3974 2048 4019 es

413 4045 691 4106 sacerdos
719 4047 783 4106 in
812 4054 1107 4108 mternum
1135 4046 1459 4109 secundum
1508 4047 1783 4109 ordinem
1811 4045 2049 4109 Melchi-

402 4132 681 4196 sedeohi.
746 4132 1120 4213 Quapropter
1179 4134 1359 4195 etiam
1390 4136 1519 4215 ipse
1565 4135 1704 4195 dum
1752 4135 1824 4196 ad
1877 4135 2047 4196 ordi-

410 4218 612 4281 dinem
666 4222 987 4283 sacerdotis
1018 4221 1343 4302 discipulos
1376 4222 1780 4305 promovebat,
1815 4225 2047 4287 tametsi

410 4318 472 4371 ut
504 4312 666 4373 Deus
698 4311 1162 4373 consecrationis
1183 4322 1389 4374 auctor
1410 4313 1924 4388 exsisteret,simu|
1958 4323 2048 4376 ta-

413 4418 549 4462 men
600 4400 671 4461 ad
704 4401 1141 4462 sanctissimum
1173 4420 1344 4463 suum
1400 4403 1631 4464 Patrem
1663 4412 1721 4465 et
1768 4404 2048 4484 Spiritum

412 4488 515 4551 Dei
539 4489 929 4570 principalem
952 4491 1318 4571 praecipuum
1342 4502 2050 4556 sacrosanctaaconsecra-

412 4579 593 4640 tionis
642 4598 857 4640 munus
885 4579 1203 4653 referebat,
1242 4582 1591 4662 praecipiens
1620 4582 1947 4663 discipulis,
1987 4592 2049 4645 ut

2127 3415 2367 3494 λετᾶρχῃ
2419 3422 2555 3489 Θεῷ,
2590 3415 2712 3488 τὴν,
2745 3416 3016 3493 ἱερατικὴν
3063 3417 3337 3474 τελείωσιν
3367 3421 3692 3497 ἱεραρχικῶς
3720 3415 3769 3459 εί

2127 3504 2612 3583 ἑτελεσιοόργησεν.
2676 3503 2847 3561 Ἀλλὰ
2905 3507 3000 3562 καί
3052 3509 3080 3562 ὁ
3126 3509 3413 3587 θεαρχικὸς
3473 3510 3630 3583 ἡμῶν
3688 3508 3774 3564 καὶ

2126 3602 2334 3675 πρῶτος
2411 3592 2775 3666 ἱεροτελεστὴς
2851 3595 3115 3675 (ἐγεγόνει
3177 3597 3278 3675 γὰρ
3335 3598 3422 3653 καὶ
3494 3599 3647 3654 τοῦτο
3705 3595 3771 3652 δι’

2126 3687 2265 3760 ἡμᾶς
2315 3687 2342 3741 ὃ
2399 3682 2895 3764 φιλανθρωπότατος
2952 3684 3187 3763 Ἰησοῦς)
3249 3687 3353 3766 οὺχ
3409 3687 3595 3743 ἑαυτὸν
3650 3685 3772 3744 ἐδο-

2129 3774 2302 3850 ξασεν,
2332 3776 2405 3839 ὡς
2454 3774 2520 3831 τὰ
2548 3772 2704 3852 λόγιά
2761 3796 2945 3855 φησιν,
2979 3774 3098 3831 ἀλλ’
3131 3777 3159 3831 ὂ
3217 3774 3456 3844 λαλήσας
3487 3777 3615 3853 πρὸς
3675 3778 3774 3834 αὒ-

2129 3868 2244 3929 τόν,
2327 3865 2387 3921 Σί
2447 3864 2611 3943 ἱερεὺς
2693 3866 2765 3927 εἷς
2836 3866 2926 3921 τὸν
3001 3866 3165 3925 αἰῶνα
3234 3866 3372 3922 κατὰ
3455 3864 3556 3933 τὴν
3629 3865 3773 3932 τάξιν

2131 3952 2486 4034 Μελχισεδέκ,
2552 3953 2645 4009 Διὸ
2698 3953 2785 4010 καὶ
2840 3954 2996 4017 αὐτὸς
3071 3953 3159 4011 ἐπὶ
3214 3955 3311 4022 τὴν
3368 3954 3638 4032 ἱερατικὴν
3693 3976 3774 4011 τε·

2130 4043 2342 4099 λείωσιν
2371 4040 2517 4120 ἄγων
2548 4042 2669 4106 τοὺς
2702 4041 2968 4117 μαθητὰς,
3003 4042 3193 4121 καίπερ
3238 4041 3496 4122 ὑπάρχων
3524 4043 3596 4105 ὡς
3644 4043 3772 4105 Θεὸς

2128 4132 2485 4212 τελετάρχης,
2532 4131 2680 4205 ὅμως
2726 4131 2813 4187 επὶ
2855 4132 2946 4187 τὸν
2999 4131 3397 4209 παναγὲστατον
3448 4134 3607 4189 αὺτοῦ
3647 4135 3775 4187 ﬂx-

2129 4223 2275 4301 τέρα,
2330 4222 2419 4277 καὶ
2475 4222 2537 4276 τὺ
2590 4221 2877 4300 θεαρχικὸν
2936 4219 3171 4294 Πνεῦμα,
3231 4219 3330 4287 τὴν
3386 4217 3775 4298 τελεταρχικὴν

2129 4312 2431 4378 ἀνατίθησιν
2502 4311 2825 4389 ἱεραρχικῶς
2902 4308 3311 4388 τελεσιουργίαν,
3388 4307 3775 4387 παραγγελλων

2130 4416 2245 4467 τοῖς
2277 4405 2545 4472 μαθηταῖς
2578 4402 2651 4463 ὡς
2695 4399 2760 4455 τὰ
2804 4398 2960 4476 λόγιά
2989 4420 3167 4478 φησιν,
3219 4398 3326 4454 ἀπὸ
3388 4395 3773 4475 Ἰεροσολύμων

2130 4490 2193 4542 82
2251 4494 2329 4567 μὴ
2385 4491 2729 4569 χωρίζεσθαι,
2759 4487 2896 4544 ἀλλὰ
2952 4486 3251 4564 περιμένειν
3297 4486 3395 4553 τὴν
3452 4484 3775 4564 ἐπαγγελίαν

2131 4590 2220 4639 τοῦ
2294 4582 2519 4658 Πατρὸς,
2581 4578 2646 4643 ἣν
2701 4576 2961 4645 ἡκούσατὲ
3026 4599 3150 4651 μου,
3211 4574 3291 4631 ὅτι
3361 4577 3516 4651 ὑμεῖς
3587 4575 3777 4650 βαπτι-

410 4667 645 4749 eloquia
676 4677 986 4749 testantur,
1014 4670 1087 4730 ab
1124 4655 1515 4752 .Ierosolyrnis
1555 4690 1629 4735 ne
1649 4655 2042 4754 discederent,

2132 4655 2491 4740 σθήσεσθεὶν
2549 4667 2813 4742 Πνεόματι
2868 4666 3024 4744 ἁγίῳ.
3086 4665 3200 4724 Καὶ
3231 4665 3338 4740 μὴν
3395 4666 3483 4721 καὶ
3542 4665 3699 4727 αὐτὸς
3750 4665 3777 4720 ὁ

410 4758 514 4820 sed
527 4768 920 4837 expectarent
935 4766 1391 4839 promissz‘oitem
1417 4761 1837 4842 Patris,quam
1868 4764 2047 4824 audi-

406 4849 895 4928 atis,inqnit,per
924 4865 1024 4910 eos
1044 4866 1267 4923 meum;
1290 4853 1433 4931 quia
1465 4870 1560 4913 vos
1582 4850 2049 4931 bbptizobimini

411 4933 662 5017 Spiritu
697 4948 907 5000 sancto
937 4940 986 5001 ιι,
1022 4937 1174 5012 Quin
1206 4949 1264 5001 et
1295 4940 1572 5021 princeps
1613 4942 2041 5021 apostolorum,

415 5043 534 5088 una
571 5044 703 5087 cum
738 5030 1018 5107 comquali
1063 5028 1176 5089 sibi
1208 5048 1279 5091 ac
1331 5030 1647 5110 pontiﬁcali
1692 5031 1937 5106 decade,
1971 5032 2044 5093 ad

412 5133 653 5177 aacrum
686 5114 854 5178 illum
887 5117 1316 5180 duodenarium
1350 5118 1774 5202 discipulorum
1831 5140 2047 5183 nume-

492 5275 523 5318 ³³
552 5276 736 5341 Hebr.
762 5293 822 5341 ν.
886 5277 898 5313 ¹
930 5276 1084 5341 l’sal.
1119 5294 1239 5357 cxx,
1271 5278 1330 5341 4.
1383 5282 1413 5325 ιι
1442 5280 1578 5343 Act.
1612 5280 1660 5359 Ι,
1694 5282 1754 5346 4.

2127 4763 2233 4818 τῶν
2265 4763 2513 4834 μαθητῶν
2545 4771 2857 4835 γορυφατος,
2894 4755 3027 4831 μετὰ
3055 4754 3151 4822 τῆς
3187 4756 3486 4830 ὁμοταγοῦς
3519 4754 3663 4809 αὐτῶ
3693 4754 3779 4808 καὶ

2129 4856 2437 4929 ἱεραρχικῆς
2495 4844 2735 4919 δεκάδος,
2788 4847 2859 4910 είς
2909 4847 3006 4913 τὴν
3063 4851 3155 4901 τοῦ
3213 4840 3612 4900 δυοκαιδεκάτου
3671 4846 3777 4897 τῶν

2130 4944 2380 5017 μαθητῶν
2471 4933 2739 5002 ἐληλυθὼς
2828 4933 3099 5011 ἱερατικὴν
3192 4931 3487 5005 τελείωσιν,
3552 4930 3637 4987 ἐπὶ
3710 4930 3777 4998 τῆ

2126 5031 2349 5109 θεαρχία
2406 5026 2503 5094 τὴν
2561 5023 2794 5102 ὲκλογὴσ
2854 5022 3089 5087 εὒλαϐῶς
3148 5020 3555 5094 καταλέλοιπεν,
3610 5019 3778 5109 Ἀνέ-

2128 5108 2318 5199 δειξον,
2378 5119 2578 5199 φήσας,
2638 5115 2694 5172 ὃν
2753 5111 2996 5193 ἐξελέξω,
3058 5113 3146 5170 καὶ
3203 5113 3294 5169 τὸν
3342 5112 3445 5169 ὑπὸ
3501 5117 3594 5168 τοῦ
3639 5108 3778 5166 θείου

1736 5442 1994 5510 VABUE
2042 5436 2482 5511 LECTIONES.

494 5558 557 5610 ⁷³
575 5559 869 5644 ἔραξικῇς,
905 5562 971 5644 δε
987 5637 1005 5644 _
1027 5558 1091 5644 76
1114 5558 1574 5644 ἀφοριζρῦσηρ,Μι
1609 5563 1705 5626 Sc.
1790 5563 1852 5613 ’Π
1880 5569 2090 5644 πασῶν,
2120 5562 2192 5626 D.
2221 5568 2326 5619 τῶν
2348 5552 2831 5644 σωματικῶνλϐιιε
2907 5548 3424 5644 Ἰὸθεαγδριὲᾕς,“8.
3462 5547 3780 5644 “393510;:-

414 5636 551 5729 δειξε
575 5628 640 5702 Ρξ
946 5637 1011 5692 80
1031 5628 1261 5720 ἀνάγων,
1289 5628 1366 5705 Ϊ).
1433 5628 1483 5686 81
1505 5645 1799 5725 ἱερατικῶς.
1836 5643 1946 5709 Cll.
1980 5628 2162 5710 Paulo
2194 5649 2322 5728 post
2354 5628 2458 5729 pro
2488 5628 2785 5721 ἱερατικὴν,
2817 5628 3158 5719 ἱεραρχικάν,
3189 5630 3297 5699 Ch.
3332 5631 3406 5699 D,
3461 5628 3526 5682 81
3580 5628 3781 5711 ἰφαμ

413 5717 620 5799 σαλήμ,
654 5720 757 5787 Cb.
791 5718 861 5788 D.
