4088 6208
248 334 365 403 5⁸21
759 337 856 401 DE
898 334 1203 403 ECCLES.
1236 337 1684 412 HIERARCH.,
1731 336 1895 401 CAP.
1944 338 2016 402 V.
2074 371 2139 383 -
2172 330 2554 401 PARAPHR.
2606 337 3117 399 PACIIYMER/E.
3508 332 3623 400 522

244 477 341 531 καὶ
374 472 663 553 πληρωτὴς
694 473 881 547 νόμου,
934 472 992 529 οὖ
1022 460 1323 540 καταλυτὴς
1355 474 1382 529 6
1417 471 1605 549 Κύριος
1653 472 1887 549 λέγεταιο

1997 490 2044 533 ὀ
2071 480 2262 545 erant,
2297 471 2398 552 qui
2427 470 2499 533 ab
2532 469 2641 532 bac
2672 469 2744 532 ad
2777 469 3194 551 perfectiorem
3243 469 3628 550 disciplinam

240 566 431 633 ὥσπερ
460 565 549 619 καὶ
580 564 609 618 6
653 560 737 618 ἐπὶ
794 562 1082 637 σκιάσματι
1142 562 1344 625 εἰκόνος
1399 562 1646 628 ἐπιτιθεὶς
1691 562 1900 620 πολλά-

1997 561 2475 643 traducebantur,
2508 580 2683 644 quam
2718 569 2775 622 et
2838 560 3250 639 impletionem
3289 560 3502 638 primae
3529 579 3632 623 sa-

239 679 332 719 κις
366 655 432 710 τὰ
452 651 720 734 χρώματα
751 652 1005 729 γραφεὺς,
1067 652 1359 729 πληρωτὴς
1404 658 1501 719 τῆς
1564 653 1787 727 εἰκόνος,
1841 654 1900 710 οὗ

1997 669 2265 731 :ramque
2287 652 2839 731 sortemScriplurae
2862 652 3444 723 vocant,secundum
3474 653 3633 729 quod

242 744 561 811 καταλυτης
596 739 793 819 λέγοιτ’
821 740 905 803 ἄν.
945 743 1001 798 Εἰ
1027 739 1079 798 δὲ
1110 739 1195 799 δεῖ
1254 741 1448 817 Παύλῳ
1472 746 1736 800 πείθεσθαι
1770 746 1899 823 πρὸς

1997 742 2153 804 atiam
2165 741 2446 802 Dominus
2461 740 2814 820 adimpletor
2838 741 3073 820 legis,et
3092 758 3209 800 non
3226 738 3631 802 solutordici-

246 826 532 913 Ἐϐραίους
563 832 842 911 γράφοντι,
906 829 1015 887 ἔστι
1044 855 1094 888 τι
1145 832 1305 906 μέσον
1337 837 1436 900 τῆς
1469 832 1709 910 οοόρανὲας
1756 836 1897 890 εκεί-

1997 831 2650 905 Lur‘.Quemadmodum
2676 830 2853 891 etiam
2881 829 3208 909 pictor,qui
3231 828 3369 890 dum
3407 828 3634 891 umbrae

240 948 348 992 νης
378 925 467 980 καὶ
488 928 588 990 τῆς
625 921 760 980 κατᾶ
793 922 955 997 νόμον
986 919 1252 1001 λατρείας,
1285 923 1321 988 ἢ
1349 920 1469 978 καθ’
1523 924 1667 996 ἡμᾶς
1716 924 1897 1002 ἱεραρ.

1997 922 2262 1002 imaginis
2276 939 2440 1002 szepe
2462 920 2695 983 colores
2712 919 3142 990 addit,dicetur
3159 917 3322 980 illam
3346 918 3634 998 adimple-

242 1017 371 1094 χὶα,
411 1019 476 1090 τῇ
527 1011 624 1086 μὲν
664 1012 880 1088 οὖρανίᾳ
907 1018 1257 1081 κοινωνοῦσα,
1290 1011 1370 1068 ὅτι
1403 1014 1491 1069 καὶ
1511 1012 1643 1079 αὕτη
1668 1028 1894 1080 νοηταῖς

1997 1021 2131 1093 ὀ,οι
2149 1030 2521 1093 nequaquam
2548 1008 2877 1071 solvere.Si
2895 1008 3230 1071 veroPaulo
3258 1007 3630 1071 credendum

241 1106 492 1181 θεωρίαις
522 1103 749 1180 χρῆταν
782 1103 851 1168 τῆ
883 1101 982 1174 μὲν
1011 1102 1148 1157 κατὰ
1176 1099 1365 1177 νόμον,
1399 1099 1479 1157 ὅτι
1539 1102 1626 1158 καὶ
1657 1104 1788 1172 αὐτὴ
1818 1107 1891 1168 ὡς

1997 1102 2438 1165 istadHebraeos
2459 1099 3049 1179 scribenti,medium
3077 1097 3220 1178 quid
3241 1098 3406 1160 inter
3427 1100 3634 1161 caeles-

248 1194 435 1259 ἐκείνη
466 1193 742 1257 αἰσθητοῖς
772 1187 1066 1264 συμϐόλοις
1114 1190 1480 1254 ποικίλλεται,

2001 1212 2092 1256 em
2124 1193 2286 1254 illum
2313 1200 2371 1254 et
2404 1190 2651 1271 legalem
2665 1189 2894 1251 cultum
2922 1196 3135 1252 nostra
3155 1187 3634 1266 esthierarcliia;

242 1299 382 1363 quae
427 1298 561 1343 cum
594 1277 822 1343 cmlesti
858 1277 1097 1359 quidem
1126 1279 1549 1353 communicat,
1573 1282 1730 1363 quod
1762 1284 2130 1365 spiritalibus
2147 1290 2345 1344 utatur
2376 1278 2991 1361 contemplationibus
3031 1295 3047 1354 ;
3085 1296 3225 1341 cum
3258 1277 3440 1355 legali
3464 1295 3630 1360 vero,

242 1371 408 1453 quod
440 1378 506 1433 ut
537 1370 638 1432 illa
667 1384 909 1450 quoque
952 1368 1273 1432 sensilibus
1304 1370 1494 1449 signis
1522 1372 1880 1453 variegetur.

333 1466 360 1538 §
392 1470 478 1521 Ill.
520 1458 693 1541 ’Ἔχει
727 1458 782 1515 δὲ
816 1460 902 1515 καὶ
934 1459 1066 1527 αὖτιὶ
1088 1462 1151 1516 τὸ
1182 1463 1394 1539 τρισσὸν
1427 1468 1525 1529 τῆς
1581 1464 1897 1545 ἱεραρχικῆς

2062 1469 2088 1541 §
2118 1460 2817 1525 HLHabetautemetiam
2847 1457 3297 1541 ipsatriplicem
3329 1458 3479 1521 hanc
3502 1458 3635 1521 bie-

248 1550 589 1629 διαιρέσεως,
654 1547 1002 1628 διλιρουμένη
1064 1550 1148 1613 εἴς
1208 1571 1266 1606 τε
1325 1552 1420 1615 τὰς
1451 1552 1670 1619 τελετὰς
1705 1557 1795 1612 καὶ
1826 1558 1899 1621 εἰς

1997 1554 2320 1615 rarchicam
2348 1551 2818 1624 distinctionem,
2852 1549 3039 1611 divisa
3067 1549 3127 1610 in
3154 1548 3455 1629 mysteria,
3488 1556 3547 1610 et
3574 1549 3636 1610 in

244 1643 373 1706 τοὺς
432 1639 702 1717 ὑπηρέτας
762 1641 868 1695 τῶν
896 1638 1077 1713 Θείων,
1126 1642 1215 1697 καὶ
1248 1642 1439 1719 ἱερεῖς,
1473 1645 1562 1700 καὶ
1587 1644 1791 1721 τρίτους
1823 1647 1896 1710 είς

1997 1643 2319 1705 iivinorum
2335 1642 2753 1723 mysteriorum
2777 1639 3165 1702 administros
3180 1657 3249 1700 ac
3266 1638 3631 1711 sacerdotes,

244 1736 376 1796 τοὺς
408 1727 842 1809 προσαγομένους
890 1728 983 1785 ὑπ’
1014 1734 1187 1788 αὖτῶν
1240 1733 1313 1795 εἷς
1346 1734 1411 1789 τὰ
1464 1732 1597 1811 ἱερᾶ.
1666 1726 1898 1805 Ἐκάστη

1997 1742 2042 1796 et
2066 1736 2122 1795 in
2149 1738 2351 1794 tertios
2379 1732 2508 1794 illos
2531 1732 2632 1812 qui
2658 1731 2731 1793 ab
2758 1730 2854 1794 his
2868 1728 2940 1791 ad
2967 1748 3134 1795 sacra
3182 1736 3631 1808 promoventur.

241 1822 305 1879 δὲ
336 1822 539 1879 τούτῶν
558 1821 782 1898 τριττῶς
828 1817 989 1875 πάλιν
1047 1816 1317 1898 διῄρηται.
1356 1824 1474 1879 Τῶν
1507 1832 1632 1901 γοῦν
1664 1824 1898 1885 τελετῶν

1997 1821 2281 1896 Quaelibet
2300 1830 2498 1883 autem
2521 1801 2731 1881 horum
2753 1818 2978 1882 functio
2993 1801 3199 1882 denuo
3212 1818 3530 1899 tripliciter
3550 1817 3639 1880 di-

243 1914 443 1991 πρώτη
474 1913 511 1979 ἡ
542 1910 817 1987 κάθαρσις·
866 1905 1078 1986 δευτέρα
1137 1911 1243 1967 τῶν
1301 1912 1661 1991 καθαρθέντων
1708 1918 1735 1971 6
1784 1939 1900 1994 φω-

247 2003 468 2077 τισμός⁶
540 2001 630 2056 καὶ
699 2000 850 2077 τρίτη
903 1997 940 2065 ἦ
996 1999 1419 2079 συμπληρωτικὴ
1480 2003 1587 2059 τῶν
1635 2005 1905 2085 προτέρων

243 2090 552 2152 τελείωσις.
611 2086 799 2167 Πάλιν,
831 2090 866 2155 ἡ
899 2093 1004 2144 τῶν
1038 2091 1324 2169 ἱερουργῶν
1367 2089 1721 2169 διακόσμησις
1752 2096 1904 2174 πρώ-

245 2204 362 2245 τως
394 2181 651 2257 καθαίρει,
717 2179 842 2233 εἶτα
902 2179 1135 2255 φωτίζει,
1196 2181 1284 2236 καὶ
1336 2180 1520 2238 ἔπειτα
1579 2182 1804 2245 τελειοϊ.
1839 2182 1906 2246 Οἱ

249 2270 495 2326 διάκονοι
556 2268 916 2347 καθαίρουσιν,
951 2269 997 2324 οἱ
1055 2266 1397 2349 πρεσϐύτεροι
1454 2274 1757 2351 φωτίζουσι,
1817 2276 1904 2331 καὶ

248 2361 302 2417 οἱ
336 2357 621 2415 ἐπίσκοποι
650 2356 935 2416 τελειοῦσι.
996 2357 1118 2416 Τῶν
1177 2356 1232 2414 δὲ
1263 2359 1593 2434 τελουμένων
1624 2363 1670 2419 οἱ
1701 2369 1901 2440 πρῶτοι

250 2450 592 2528 καθαίρονται
646 2444 733 2502 διὰ
786 2447 1173 2524 κατηχήσεων,
1208 2449 1255 2505 οἱ
1308 2448 1535 2530 δεύτεροι
1591 2454 1903 2532 φωτίζονται

252 2538 341 2596 διὰ
370 2548 465 2597 τοῦ
522 2537 913 2613 βαπτίσματος,
969 2538 1056 2594 καὶ
1108 2538 1153 2595 οἱ
1229 2540 1391 2617 τρίτοι
1451 2540 1774 2600 τελειοῦνται
1802 2544 1901 2610 τὴν

260 2627 606 2695 εελειωτικὴν
655 2625 963 2701 ἐπιστήμην
1020 2625 1422 2710 λαμϐάνοντες,
1455 2633 1528 2688 ὠν
1558 2634 1614 2689 ἓν
1666 2638 1745 2706 τῷ
1777 2656 1900 2713 φω-

257 2725 442 2794 τισμῷ
497 2718 681 2797 Θεωροὶ
741 2717 1108 2797 ἐγεγόνεισαν,
1171 2718 1224 2774 ἐν
1306 2721 1556 2795 μενουσίᾳ
1612 2727 1709 2788 τῆς
1763 2723 1904 2786 Θείας

257 2813 362 2888 Εὖ]
379 2809 619 2885 αριστίας
655 2806 949 2885 γινόμενοι.
998 2808 1069 2864 Τὸ
1125 2808 1212 2864 οὖν
1242 2812 1448 2886 τριττὸν
1500 2817 1591 2878 τῆς
1653 2815 1759 2868 τςῦν
1811 2833 1902 2868 τε-

255 2898 431 2957 λετῶν
460 2899 752 2976 ἱερουργίας
782 2898 1056 2972 ὑμνεῖται·
1080 2899 1142 2953 τὸ
1171 2899 1271 2977 γὰρ
1301 2902 1446 2957 θετον
1476 2900 1752 2978 βάπτισμα
1764 2902 1902 2958 ἀπε-

252 2988 449 3069 δείχθη
507 2989 592 3043 καὶ
643 2986 893 3065 κάθαρσις
952 2988 1040 3044 καὶ
1092 2992 1399 3068 φωτισμόςο
1461 2993 1494 3057 ἡ
1551 2988 1605 3047 δὲ
1657 2994 1903 3049 κοινωνία

253 3084 361 3145 τῆς
387 3076 776 3153 μεταλήψεως,
808 3077 944 3145 καὶὴ
973 3079 1066 3133 τοῦ
1098 3078 1259 3157 μύρου
1307 3079 1520 3154 τελετὴ,
1557 3086 1653 3149 τῆς
1676 3082 1900 3140 τελειω-

1986 1910 2637 1975 viditur.lnitiatiouum
2662 1909 2866 1990 itaque
2887 1912 3077 1989 prima
3106 1916 3197 1969 est
3226 1906 3509 1989 expiatio,
3532 1926 3635 1970 se-

1988 2002 2584 2083 cunda,expiatorum
2612 1999 2993 2071 illuminatio,
3019 2006 3082 2061 et
3108 1998 3448 2077 tertia,quaa
3472 1998 3635 2077 prio—

1987 2110 2087 2155 res
2118 2090 2374 2170 complet
2406 2088 2718 2170 perfectio.
2758 2090 2903 2151 Item
2937 2087 3084 2149 ordo
3111 2086 3482 2149 initiantium
3509 2088 3636 2167 pri-

1990 2201 2155 2243 mum
2175 2181 2394 2261 expiat,
2427 2178 2982 2257 deindeilluminat,
3012 2196 3081 2239 ac
3114 2185 3319 2257 postea
3351 2177 3583 2256 perﬁcit
3615 2200 3631 2253 ;

1987 2271 2227 2334 diaconi
2249 2270 2510 2350 expiant,
2542 2270 2886 2331 sacerdotes
2908 2267 3272 2341 illuminant,
3311 2266 3449 2326 244
3469 2273 3635 2347 epis-

1988 2367 2120 2441 copi
2146 2360 2481 2441 perficiunt.
2514 2363 2735 2421 Eorum
2765 2366 2961 2419 autem
2987 2356 3088 2436 qui
3112 2356 3633 2436 initiantur,primi

1987 2451 2307 2531 expiantur
2354 2466 2459 2529 per
2506 2448 2871 2526 catecbesin,
2906 2445 3153 2508 secundi
3213 2445 3634 2508 illuminantur

1988 2559 2094 2623 per
2112 2539 2565 2620 baptismum,et
2594 2536 2752 2599 tertii
2775 2534 3343 2616 perficiuntur,cum
3382 2535 3625 2614 perfec-

1989 2629 2167 2693 tivam
2191 2629 2498 2691 scientiam
2526 2625 2831 2707 accipiunt
2852 2643 3062 2687 eorum
3087 2643 3219 2705 quae
3249 2624 3312 2685 in
3337 2624 3632 2706 baptismo

1988 2716 2678 2800 conspexerunt,divinm
2701 2715 3076 2778 eucharistim
3099 2714 3421 2795 participes
3451 2715 3629 2777 etl‘ec-

1993 2810 2060 2871 ti.
2097 2808 2334 2890 Triplex
2388 2807 2587 2889 itaque
2636 2813 3148 2868 sacramentorum
3196 2822 3364 2867 sacra
3411 2805 3635 2867 functio

1988 2898 2327 2963 celebratur
2360 2916 2373 2957 ε
2438 2915 2574 2959 nam
2611 2895 2846 2958 divinus
2876 2894 3207 2975 baptismus
3237 2902 3515 2957 ostensus
3546 2904 3636 2956 est

1987 3008 2121 3052 esse
2153 2987 2404 3069 expiatio
2429 2993 2488 3049 et
2530 2985 2913 3058 illuminatio,
2948 2983 3390 3047 communionis
3424 2992 3626 3047 autem

1987 3078 2354 3161 participatio
2374 3084 2432 3140 et
2455 3075 2737 3153 unguenti
2758 3073 3173 3155 mysteriorum
3194 3075 3466 3137 notiones
3488 3082 3627 3137 sunt

258 3173 421 3234 τικῆς
468 3167 711 3245 γνήσεως
757 3168 843 3222 καὶ
893 3165 1197 3241 ἐπιστήμης
1252 3170 1366 3227 εἶεν
1425 3171 1789 3252 γνωρίσματα,
1835 3171 1901 3229 δι’

1997 3168 2327 3250 perfectivae
2349 3165 2705 3246 cognitionis
2734 3172 2913 3245 atque
2938 3164 3225 3240 scientize,
3261 3184 3375 3245 qua
3406 3184 3619 3228 sacro-

260 3260 333 3325 ἧς
364 3260 520 3334 ἱερῶς
545 3259 580 3324 ἡ
624 3257 758 3335 πρὸς
788 3257 878 3312 τὸν
910 3257 1039 3313 Θεὸν
1067 3260 1319 3316 κοινωνία
1348 3259 1820 3340 τελεσιουργεῖται.

339 3351 372 3423 ς
402 3343 500 3409 Ν.
539 3355 641 3405 Νῦν
671 3343 725 3401 δὲ
753 3346 872 3423 περὶ
898 3349 997 3415 τῆς
1030 3348 1299 3425 ἱερατικῆς
1349 3349 1565 3408 λεκτέον
1597 3349 1902 3429 διακοσμήσ-

1986 3266 2192 3321 sancte
2216 3257 2420 3319 divina
2450 3256 2790 3318 communio
2817 3253 3175 3317 celebratur.
3705 3318 3713 3327 ,

2067 3354 2094 3425 §
2122 3346 2401 3411 IV.Nunc
2419 3355 2617 3408 autem
2644 3344 2718 3406 de
2739 3344 3144 3406 ecclesiastico
3169 3342 3381 3407 ordine
3404 3345 3626 3409 dicen-

258 3459 426 3512 σεως,
457 3437 548 3493 καὶ
577 3436 772 3502 ταύτης
802 3433 1174 3520 διαιρουμένης
1229 3446 1457 3519 τριχῶς,
1512 3441 1585 3503 εἷς
1621 3441 1899 3520 κᾶθαρσιν,

1997 3438 2127 3501 dum
2151 3436 2369 3518 est.qui
2393 3453 2531 3498 cum
2562 3433 2737 3495 etiam
2774 3433 3085 3512 trifariam,
3110 3431 3171 3493 in
3201 3432 3624 3515 expiationem,

258 3530 336 3594 εἰς
366 3527 663 3605 φωτισμὸν,
694 3526 767 3587 εἰς
818 3518 1113 3582 τελείωσιν·
1179 3518 1355 3605 νόμος
1383 3518 1525 3587 ἔστὶν
1568 3532 1721 3595 οὗτος
1755 3518 1903 3588 ἆπά-

265 3639 377 3684 σης
406 3617 680 3696 ἱεραρχίας
712 3615 983 3698 πανίερος,
1018 3618 1079 3673 τὸ
1108 3615 1192 3676 διὰ
1248 3621 1353 3676 τῶν
1385 3619 1611 3698 πρώτων
1666 3621 1733 3676 τὰ
1784 3620 1908 3677 δεύ-

259 3729 393 3787 τερα
434 3688 736 3784 ἇνᾶγίσθαι.
800 3688 890 3762 "fl
919 3688 1018 3786 γαρ
1047 3709 1107 3765 οὐ
1162 3717 1317 3768 τοῦτο
1360 3688 1654 3786 βλέπομεν,
1708 3711 1795 3767 καὶ
1822 3712 1910 3768 ἰπὶ

262 3800 332 3855 τὰ
362 3798 588 3864 αἰσθητὰ
614 3802 777 3853 ταῦτα
821 3796 907 3853 καὶ
938 3797 1142 3878 ὁρατά;
1176 3796 1364 3877 (ταῦτα
1396 3800 1496 3879 γὰρ
1525 3812 1779 3881 στοιχεῖα
1807 3823 1911 3858 κα-

263 3887 384 3945 λεῖν
411 3887 436 3964 )
461 3888 532 3948 ὡς
565 3885 650 3943 ἐπὶ
678 3888 771 3943 τοῦ
799 3884 952 3943 ὑέλου
985 3885 1125 3943 ἔστιν
1180 3886 1313 3946 ἰδεῖν
1355 3890 1416 3946 τὸ
1445 3894 1556 3969 φῶς
1586 3888 1908 3971 δεχομένου,

263 3979 358 4035 καὶ
387 3975 527 4034 οὕτω
583 3976 924 4056 φωτίζοντος,
987 3978 1077 4033 καὶ
1121 3977 1208 4035 ἐπὶ
1252 3986 1346 4037 τοῦ
1388 3981 1577 4060 πυρὸς,
1636 3978 1770 4061 ὅπερ
1822 3982 1910 4038 καὶ

265 4067 526 4146 πρότερον
558 4067 657 4133 τῆς
688 4067 1125 4145 εὐκαταπρήστου
1180 4066 1313 4137 ὅλης
1387 4068 1776 4151 ἐπιδράττεται,
1823 4071 1911 4127 καὶ

264 4157 356 4214 διὰ
403 4156 601 4223 ταύτης
656 4154 752 4219 τὰς
794 4153 1195 4223 ἀνεπιτηδείως
1240 4160 1372 4235 πρὸς
1434 4159 1717 4235 μετουσίαν
1748 4160 1909 4217 αὒτοῦ

1990 3527 2516 3603 illuminationem,
2544 3522 2967 3605 perfectionem
2993 3520 3291 3584 dividatur
3327 3542 3342 3597 ;
3378 3524 3473 3586 lex
3503 3525 3630 3589 haec

1991 3623 2369 3680 sacrosancta
2396 3623 2490 3678 est
2537 3614 2732 3676 omnis
2780 3611 3155 3687 hierarchim,
3213 3620 3276 3673 ut
3305 3631 3413 3693 per
3441 3614 3633 3696 prima

1994 3707 2260 3772 secunda
2288 3706 2683 3768 adducantur.
2731 3706 2948 3765 Annon
2973 3700 3153 3763 etiam
3179 3701 3324 3763 illud
3356 3703 3418 3764 in
3449 3703 3633 3767 rebus

1996 3796 2384 3861 sensibilibus
2414 3803 2474 3858 et
2490 3791 2955 3875 aspectabilibus
2984 3791 3447 3873 videmus?(haac
3469 3796 3628 3856 enim

1995 3889 2293 3952 elementa
2320 3891 2513 3962 vocat)
2542 3892 2609 3947 ut
2638 3884 2700 3945 in
2730 3882 2878 3944 vitro
2904 3880 3245 3963 perspicere
3279 3883 3437 3960 licet,
3472 3885 3630 3966 quod

1993 3980 2179 4044 solem
2214 3977 2454 4058 recipit,
2487 3983 2664 4056 atque
2689 3973 2803 4036 hoc
2850 3972 3028 4033 modo
3075 3970 3368 4033 illuminat
3401 3990 3417 4048 ;
3479 3982 3539 4036 et
3570 3974 3635 4035 in

1992 4068 2155 4149 igne,
2189 4067 2292 4147 qui
2324 4066 2489 4148 prius
2517 4064 2591 4127 ad
2625 4062 2956 4137 materiam,
2992 4078 3124 4141 quae
3154 4060 3329 4122 facile
3359 4061 3633 4126 comburi

1998 4156 2545 4241 potest,accedit,et
2579 4171 2684 4235 per
2740 4154 2891 4214 hanc
2922 4152 3105 4241 etiam
3140 4155 3336 4241 minus
3369 4161 3535 4233 aptas
3562 4155 3634 4215 ad

266 4248 460 4329 φύσεις
493 4244 741 4323 ὶκπυροῖ,
802 4245 903 4300 Διὰ
950 4247 1104 4303 τοῦτο
1147 4249 1234 4304 καὶ
1263 4248 1439 4316 πάσης
1472 4246 1779 4325 εὐκοσμίας,
1818 4249 1905 4305 κᾶν

1998 4239 2134 4311 eum
2157 4244 2573 4327 recipiendum
2600 4251 2842 4306 naturas
2882 4239 3095 4305 exurit.
3150 4239 3378 4304 Idcirco
3404 4262 3638 4325 quoque

264 4337 373 4403 τὴν
404 4335 646 4415 οὗρανίαν
678 4332 865 4414 εἴπης,
911 4334 1010 4391 κᾶν
1039 4336 1137 4403 τήν
1196 4336 1313 4393 καθ’
1345 4339 1540 4418 ἡμᾶς,,
1573 4339 1607 4406 ἡ
1651 4338 1797 4418 ἀρχὴ
1828 4339 1905 4395 καῖ

1999 4338 2196 4399 omnis
2229 4344 2407 4398 rectae
2440 4333 2855 4413 ordinationis,
2895 4330 3018 4392 sive
3052 4330 3357 4393 caelestem
3380 4333 3500 4395 sive
3534 4353 3638 4395 no.

266 4428 305 4495 ἡ
339 4423 545 4505 ἵδρυσις
584 4425 656 4487 είς
686 4424 807 4485 τοὺς
839 4424 1083 4504 πρώτους
1115 4423 1402 4504 ἐνδίδωσιν,
1436 4426 1575 4484 ὥστε
1632 4427 1765 4484 ἰέναι
1824 4428 1905 4493 τὰς

1998 4434 2176 4489 stram
2207 4425 2449 4501 dixeris,
2483 4422 2845 4506 principium
2876 4439 2943 4482 ac
2973 4419 3150 4482 sedes
3178 4419 3238 4481 in
3289 4420 3516 4501 primos
3547 4442 3638 4486 or-

268 4516 419 4580 θείας
475 4514 724 4594 ἀκτῖνας,
769 4514 856 4570 καὶ
916 4512 1003 4570 διὰ
1030 4515 1233 4574 τούτων
1290 4516 1383 4574 καὶ
1436 4529 1554 4581 τοῖς
1612 4516 1905 4598 ὑφειμένοις

1999 4516 2174 4579 dines
2205 4515 2439 4577 divinos
2483 4531 2625 4577 suos
2684 4511 2884 4574 radios
2917 4509 3153 4584 emittit,
3189 4516 3364 4592 atque
3395 4528 3504 4591 per
3531 4514 3639 4576 hos

271 4605 633 4685 ἐπιφαίνεται,

1999 4624 2238 4689 quoque
2263 4603 2653 4667 inferioribus
2684 4602 2963 4665 collucet.

361 4697 390 4772 ᾗ
416 4691 705 4757 Ῡ-Τούτων
730 4699 835 4751 τῶν
868 4694 1088 4775 πρώτων
1111 4694 1222 4753 ἐστὶ
1246 4697 1305 4753 τὸ
1325 4709 1444 4761 τοῖς
1470 4694 1731 4775 δευτέροις
1746 4696 1905 4778 ἀφθό-

2019 4687 2036 4689 ⁷
2080 4698 2109 4778 §
2138 4687 2208 4759 V.
2244 4697 2470 4758 Horum
2505 4696 2832 4775 primorum
2867 4699 2978 4765 est,
3041 4687 3475 4770 posterioribus
3508 4692 3640 4756 sine

268 4807 385 4849 νως
416 4781 750 4860 μεταδιδόναι
779 4784 854 4842 ὦν
877 4784 1024 4842 αὗτοὶ
1051 4784 1339 4866 μετέσχον.
1371 4785 1568 4844 Οὗκοῦν
1608 4788 1642 4855 ἡ
1671 4789 1782 4844 θεία
1811 4794 1905 4845 τῶι

2002 4786 2224 4851 invidia
2253 4784 2696 4848 communicare
2725 4782 2826 4843 illa
2856 4797 3109 4862 quorum
3142 4779 3253 4859 ipsi
3277 4788 3416 4842 sunt
3446 4783 3641 4861 parti-

271 4877 547 4955 ἱεραρχῶν
583 4872 727 4939 τάξις
770 4873 958 4951 πρώτη
990 4874 1099 4931 ἐστὶ
1132 4876 1217 4932 καὶ
1247 4876 1634 4957 ἀκροτάτη,καὶ
1651 4876 1860 4958 ἔσχάτη
1886 4879 1905 4933 ἱ

2005 4878 2190 4959 cipes.
2212 4874 2419 4957 Itaque
2448 4873 2684 4936 divinus
2714 4870 2863 4935 ordo
2897 4868 3245 4951 pontificum
3276 4868 3437 4932 idem
3464 4881 3554 4934 est
3587 4882 3644 4936 et

274 4965 442 5033 αὒτήο
479 4961 782 5043 πρώτη,8τι
804 4962 858 5028 ἐξ
880 4963 1087 5031 ἐκείνης
1118 4978 1239 5029 τοῖς
1263 4964 1446 5033 ἄλλοις
1464 4967 1831 5045 μεταδίδονται
1856 4968 1905 5024 τε

2005 4968 2235 5051 primus
2256 4974 2314 5029 et
2332 4970 2742 5045 supremus,et
2759 4961 3004 5024 ultimus
3027 4978 3109 5051 :‘p
3126 4960 3341 5038 rimus,
3361 4968 3645 5041 quoniam

267 5053 480 5113 οἰκεῖα
518 5052 753 5134 ἐσχάτη,
789 5052 974 5136 ὅτι-εἰς
1007 5054 1172 5122 αὐτὴν
1203 5054 1532 5131 ἀποτελευτᾷ
1565 5066 1711 5116 πᾶσα
1768 5060 1918 5136 ἱερα-

268 5144 412 5211 τικὴ
444 5132 820 5220 διακόσμησις.
886 5132 1105 5223 υΩσπερ
1136 5145 1237 5224 γὰρ
1271 5153 1414 5203 πᾶσα
1456 5149 1701 5229 ἱεραρχία
1732 5132 1924 5211 εἷς-τὸν

273 5239 514 5312 Σωτῆρα
540 5235 689 5307 ἡμῶν
720 5235 930 5300 Ἰησοῦν
988 5235 1217 5313 Χριστὸν
1250 5235 1681 5317 ἀποπλγιροῦται,
1714 5240 1742 5295 6
1772 5238 1921 5317 πρώο

270 5346 468 5391 τιστος
527 5325 628 5403 γὰρ
688 5324 947 5405 ἱεράρχης
1010 5325 1164 5390 οὗτός
1210 5324 1376 5384 ἐστιν·
1434 5329 1685 5387 οὕτοκαὶ
1729 5328 1929 5396 ἑκάστη

271 5415 534 5494 ἱεραρχία
566 5416 636 5476 εἷς
658 5415 751 5470 τὸν
807 5416 1007 5471 οἰκεῖον
1048 5417 1307 5496 ἱερειρχην
1339 5418 1436 5485 τὴν
1490 5418 1754 5498 ἀναφορὰν
1787 5417 1926 5497 ἔχει,

275 5509 362 5569 ὼς
394 5504 552 5562 αὐτοὺ
580 5501 665 5560 διὰ
695 5510 801 5559 τῶν
845 5503 934 5560 ὑπ’
997 5507 1154 5563 αὺτὸν
1217 5508 1509 5586 ταγμάτων
1562 5509 1736 5566 πάντα
1780 5511 1930 5588 ἔνερ-

380 5639 402 5683 ί
435 5635 643 5702 Matth.
676 5657 733 5721 ν,
770 5640 869 5703 17.

625 5778 880 5841 ΡΔτιιοι..
914 5776 1025 5843 Gn.
1057 5775 1165 5843 III.

2008 5048 2078 5122 ex
2107 5077 2178 5120 eo
2210 5055 2441 5119 caeteris
2462 5073 2592 5137 qua:
2615 5051 2856 5135 prapria
2875 5058 3013 5112 sunt
3039 5048 3362 5131 donantur;
3398 5051 3647 5116 ultimus

2010 5148 2292 5232 quoniam
2309 5147 2368 5207 in
2388 5145 2579 5226 ipsum
2596 5142 2788 5232 omnis
2801 5139 3248 5232 ecclesiasticus
3267 5140 3413 5232 ordo
3429 5142 3650 5232 desinit.

2011 5227 2520 5313 Quemadmodum
2538 5232 2696 5295 enim
2717 5228 3055 5293 liierarcliia
3072 5230 3266 5290 omnis
3280 5227 3651 5293 inSalvatore

2013 5336 2216 5393 nostro
2240 5327 2380 5391 Jesu
2423 5321 2662 5388 Christo
2715 5328 3186 5395 consummatur,
3221 5326 3286 5380 ut
3316 5321 3421 5396 qui
3464 5321 3654 5399 prima

2013 5417 2329 5483 liierarcha
2358 5423 2487 5497 est;
2545 5412 2631 5475 sic
2683 5412 2857 5475 etiam
2886 5408 3162 5491 quaelibet
3217 5408 3557 5471 bierarchia
3592 5409 3653 5472 in

2019 5509 2325 5593 proprium
2352 5524 2524 5571 suum
2548 5501 2929 5568 hierarcbam
2963 5498 3243 5580 refertur,
3277 5506 3341 5560 ut
3364 5497 3461 5579 qui
3492 5504 3655 5564 omni

3190 5765 3263 5828 17
