4028 6192
134 342 239 419 525
506 390 513 393 -
592 354 689 417 DE
736 346 1037 418 ECCLES.
1102 344 1550 435 HIERARCH.,
1596 354 1761 419 CAP.
1806 350 1880 417 ν.
1946 388 2025 400 -
2070 355 2455 420 PARAPHR.
2511 348 3031 421 PACHYMER/E.
3389 356 3507 422 526

128 492 353 566 καθαίρει
411 492 500 546 καὶ
559 488 805 563 διακρίνει
861 491 952 546 τὸν
1009 492 1198 547 πιστὸν
1253 491 1339 546 καὶ
1389 491 1479 546 τὸν
1509 489 1755 564 ἄπιστον,

1874 487 2333 561 ιειυο,(1ἰιιεοηυηι
2356 503 2501 550 vero
2523 489 2780 568 expiare.
2812 506 2882 549 ac
2910 502 3225 567 segregare
3256 487 3506 552 ﬁdelem

130 585 211 636 τὸ)
243 579 389 645 ἄξιον
418 580 507 635 καὶ
536 581 626 635 τὸν
660 577 895 651 ἀνάξιον,
927 578 1057 655 ὅπερ
1086 577 1226 640 ἰδίως
1280 577 1497 657 ἔχουσιν
1529 582 1576 635 οἱ
1632 582 1771 636 ὕπο-

1874 579 1931 641 Ib
1954 577 2208 646 infideli.
2243 586 2300 640 et
2329 578 2571 657 dignum
2604 579 2679 639 ab
2710 576 2981 657 indigno,
3014 579 3173 658 quod
3200 580 3508 660 proprium

132 670 375 731 διάκονοι.
418 668 573 731 Τέως
618 665 672 723 δὲ
730 670 758 724 6
785 668 883 743 μὲν
914 668 1231 741 ἐπίσκοπος,
1271 668 1361 724 καὶ
1392 669 1457 723 τὰ
1486 668 1592 724 τῶν
1619 669 1772 749 ὑφει-

1874 666 2488 729 astsubdiaconorum.
2507 666 2753 729 [nterim
2777 666 3093 747 episcopus
3113 667 3292 729 etiam
3320 675 3513 749 potest

135 759 297 833 μένων
327 771 502 838 ποιεῖ,
535 761 596 814 υύ
624 758 732 831 μὴν
764 760 810 813 οἱ
865 760 1028 833 ἱερεῖς
1079 757 1146 812 τὰ
1175 762 1283 813 τῶν
1325 756 1652 814 ἐπισκόπων·
1687 757 1776 814 καὶ

134 848 184 905 ἐκ
209 848 402 905 τούτου
431 847 781 923 σημειωθείη,
816 848 889 909 ὡς
921 845 1149 903 ἕκαστον
1180 847 1240 903 ού
1290 847 1401 925 χρὴ
1431 845 1777 921 κατατολμᾷν

136 944 228 994 τῶν
287 938 568 1012 μειζόνων.
634 939 697 992 Αἱ
755 934 809 992 δὲ
867 936 1127 1015 θειότεραι
1167 932 1417 1011 δυνάμεις
1446 937 1534 991 καὶ
1579 938 1643 991 τὰ
1673 941 1778 991 τῶν

134 1027 364 1094 ἡττόνων
394 1026 608 1107 ἔχουσι,
665 1025 753 1081 καὶ
783 1023 1009 1093 ἠδύνατο
1038 1024 1212 1081 πάντα
1263 1037 1439 1081 ποιεῖν
1471 1025 1499 1080 ὀ
1556 1023 1778 1082 ἐπίσκοο

140 1135 248 1181 πός·
312 1115 432 1173 ἄλλ’
491 1112 676 1180 ἐπειδὴ
734 1115 884 1171 θείων
943 1115 1070 1169 εἰσὶν
1127 1114 1323 1177 εἰκόνες
1393 1113 1669 1192 ἐνεργειῶν
1726 1114 1777 1168 αἱ

141 1206 389 1284 ἱερατικαὶ
418 1203 824 1279 διακοσμήσεις,
862 1200 1153 1259 δεικνύεται
1194 1203 1281 1259 καὶ
1339 1201 1394 1257 ἐν
1448 1202 1661 1267 ταύταις
1715 1203 1777 1257 τὸ

140 1295 389 1365 εὔκοσμον
419 1295 506 1350 καὶ
536 1294 861 1372 ἆσύγχυτον,
896 1297 1018 1355 Πῶς
1051 1289 1079 1346 δ
1124 1292 1262 1349 κατὰ
1312 1292 1411 1357 τὴν
1471 1290 1613 1358 τοίξιν
1670 1290 1777 1348 τῶν

142 1386 280 1441 θείων
311 1385 376 1440 τὰ
403 1382 637 1461 ἡμέτερα
669 1384 922 1460 γίνονται,
956 1380 1125 1460 λέγει,
1162 1372 1253 1447 Ὠς
1278 1379 1463 1448 ἒπειδὴ
1520 1382 1555 1448 ἡ
1615 1384 1775 1460 θεαρ-

142 1476 225 1554 χία
252 1475 374 1538 τοὺς
407 1476 462 1529 ὲν
492 1477 576 1537 οἷς
608 1471 673 1527 ἂν
717 1470 998 1550 ἐγγένηται
1054 1471 1205 1545 νόας,
1263 1469 1376 1528 εἴτε
1435 1470 1772 1549 ἆγγελικοὺς,

144 1564 243 1620 εἴτε
273 1566 365 1620 καὶ
398 1562 780 1641 ἀνθρωπίνους,
809 1566 1020 1635 πρῶτον
1069 1560 1323 1639 καθαίρει,
1368 1565 1488 1617 εἶτα
1536 1561 1772 1639 φωτίζει,

143 1655 219 1709 καὶ
278 1653 463 1710 ἔκτοτε
521 1651 742 1724 τελειοῖ,
802 1651 890 1708 καὶ
941 1649 1083 1706 ἔστιν
1122 1650 1205 1706 ἀεὶ
1247 1649 1656 1729 ἀπαράλλακτος
1689 1651 1777 1706 καὶ

143 1744 219 1799 ἐπὶ
274 1749 435 1798 πᾶσιν
492 1744 527 1810 ἡ
583 1741 801 1807 τοιαύτη
848 1738 1016 1819 τάξις,
1069 1740 1157 1796 καὶ
1214 1741 1275 1796 οὐ
1304 1741 1620 1816 μεταπίπτει
1649 1739 1779 1796 ποτὲ

1860 757 2028 819 obire
2055 756 2695 830 munerainferiorum,
2751 774 2870 817 non
2895 764 3090 818 tamen
3118 757 3406 821 sacerdos
3440 776 3513 821 ea

1860 864 1996 923 qua;
2024 854 2161 907 sunt
2192 846 2648 927 episcoporum;
2686 863 2751 906 ex
2790 863 2903 926 quo
2939 846 3325 923 signiﬁcatur,
3351 867 3509 928 quo-

1862 935 2036 996 modo
2053 953 2229 997 nemo
2245 934 2459 997 debeat
2479 937 2709 1013 majora
2728 952 2794 996 se
2820 950 3177 1015 pratsumere
3197 953 3303 997 seu
3318 943 3512 999 atten-

1863 1033 2007 1087 tare.
2042 1026 2332 1085 Caeterum
2365 1024 2611 1087 virtutes
2640 1023 2880 1104 quidem
2921 1023 3038 1085 illm
3069 1029 3411 1104 superiores
3439 1043 3511 1090 ea

1863 1131 1995 1194 quae
2024 1113 2373 1175 inferiorum
2406 1120 2566 1187 sunt,
2601 1112 2844 1193 habent,
2877 1121 2940 1175 et
2968 1112 3289 1194 episcopus
3318 1122 3515 1195 potest

1862 1202 2084 1267 omnia.
2105 1203 2398 1277 Quoniam
2420 1212 2621 1264 tamen
2638 1202 3057 1265 ecclesiasticae
3074 1200 3512 1285 descriptiones

1860 1290 2190 1355 divinarum
2225 1292 2517 1371 imagines
2546 1302 2686 1353 sunt
2717 1291 3038 1372 actionum,
3073 1293 3137 1353 in
3185 1292 3305 1355 illis
3364 1293 3512 1373 ipsis

1861 1399 2097 1462 quoque
2121 1390 2325 1444 rectus
2340 1380 2488 1445 ordo
2511 1380 2936 1462 distinctioque
2955 1379 3313 1444 ostenditur.
3339 1382 3514 1445 Deni-

1859 1488 1978 1550 que
1997 1470 2200 1550 refert,
2232 1470 2533 1552 quomodo
2561 1471 2687 1533 haec
2710 1471 2998 1533 nostratia
3020 1489 3262 1552 quoque
3292 1489 3512 1535 secun-

1860 1560 2000 1621 dum
2017 1560 2288 1623 ordinem
2305 1560 2571 1622 divinum
2592 1560 3000 1641 ﬁant.Quippe
3013 1577 3148 1622 cum
3164 1560 3267 1623 illa
3280 1578 3519 1624 summa

1863 1647 2061 1713 Deitas
2086 1658 2318 1712 mentes
2345 1668 2445 1712 eas
2475 1649 2693 1730 quibus
2722 1668 2789 1712 se
2829 1648 3245 1724 insinuat,sive
3281 1651 3521 1730 angeli-

1862 1756 1961 1799 cas
1989 1737 2113 1801 sive
2146 1740 2452 1813 humanas,
2492 1738 2750 1819 primum
2785 1739 3003 1819 expiet,
3040 1739 3260 1801 deinde
3285 1740 3516 1804 illumi-

145 1834 269 1910 πρὸς
327 1831 549 1888 ἀλλοίαν
602 1831 950 1892 κατάστασιν,
1008 1828 1128 1892 Πῶς
1190 1829 1289 1906 γὰρ
1336 1830 1723 1909 φωτισθήσεται
1755 1830 1782 1883 6

1874 1840 1990 1908 net,
2016 1838 2195 1905 atque
2220 1827 2438 1890 exinde
2466 1827 2757 1905 perﬁciat.
2781 1828 2927 1890 ordo
2951 1827 3049 1890 hic
3073 1828 3253 1890 etiam
3278 1847 3520 1911 semper

146 1922 214 1995 μὴ
271 1922 591 1998 καθαρθεὶς;
654 1920 746 1975 καὶ
803 1924 920 1980 πῶς
975 1916 1384 1987 τελειωθήσεται
1438 1920 1465 1972 'o
1498 1917 1577 1992 μὴ
1609 1939 1782 1975 φωτι-

145 2013 321 2090 σθείςς
382 2010 481 2067 Διὰ
528 2014 685 2066 τοῦτο
742 2007 841 2074 τὴν
899 2007 1151 2073 τοιαύτην
1200 2005 1341 2071 τάξιν
1372 2004 1781 2085 ἀπαράλλακτον

147 2101 371 2172 μαθοῦσα
425 2099 462 2163 ἡ
521 2094 638 2152 καθ’
696 2097 840 2170 ἡμᾶς
902 2096 1168 2173 ἱεραρχία,
1230 2092 1421 2172 διαιρεῖ
1480 2094 1671 2162 ἑαυτὴν
1710 2094 1782 2155 εἰς

148 2185 538 2263 διακεκριμένας
565 2183 736 2250 τάξεις
768 2205 825 2240 τε
865 2185 953 2240 καὶ
1003 2182 1274 2259 δυνάμεις·
1338 2185 1424 2241 καὶ
1482 2184 1542 2240 τό
1599 2197 1781 2262 κρεῖτ-

146 2298 224 2332 τον
280 2277 418 2342 αὐτὴ
474 2273 594 2353 παρ’
649 2275 813 2349 ἑαυτῇ
862 2275 1376 2353 παρακατασχοῦσα,
1427 2273 1488 2329 τὸ
1519 2274 1781 2346 καθαίρειν

148 2368 224 2421 καὶ
276 2367 339 2421 τὸ
397 2365 639 2444 φωτίζειν
695 2375 814 2428 τοῖς
870 2362 1069 2441 ἑτέροις
1129 2363 1263 2419 κατὰ
1320 2360 1462 2427 τάξιν
1489 2361 1779 2421 ἀπέδωκεν.

146 2454 284 2513 Ἀλλ’
344 2454 529 2523 ἐπειδὴ
588 2456 705 2534 περὶ
757 2455 957 2511 τούτων
1015 2457 1209 2517 ἱκανῶς
1267 2452 1471 2531 ἐῤῥὲθη,
1533 2452 1654 2534 φέρε
1689 2454 1783 2516 τὰς

142 2548 415 2626 ἱερωτάτας
446 2547 622 2602 αὐτῶν
653 2544 933 2609 τελεώσεις
969 2544 1408 2618 ἐποπτεύσωμεν.

1869 1926 1952 1978 est
1975 1917 2308 1993 inviolatus,
2341 1923 2399 1978 et
2430 1916 2489 1979 in
2516 1916 2796 1978 omnibus
2819 1924 3232 1990 servatur,nec
3251 1936 3515 1999 unquam

1865 2006 2174 2068 invertitur
2234 2015 2335 2069 aut
2386 2010 2443 2068 in
2476 2006 2653 2069 alium
2687 2014 3134 2068 transmutatur.
3203 2006 3516 2080 Quomodo

1868 2096 2026 2157 enim
2056 2095 2488 2159 illuminabitur
2509 2096 2560 2157 is
2591 2094 2693 2176 qui
2713 2114 2830 2157 non
2853 2103 2947 2159 est
2971 2097 3271 2178 expiatus?
3291 2106 3345 2158 et
3373 2116 3521 2178 quo-

1867 2185 2046 2247 modo
2080 2186 2418 2266 perﬁcietur
2445 2184 2546 2266 qui
2578 2203 2696 2246 non
2721 2193 2813 2247 est
2841 2184 3241 2250 illuminatus?
3286 2186 3516 2249 Idcirco

1865 2293 1998 2336 cum
2031 2274 2370 2339 hierarchia
2403 2283 2607 2336 nostra
2629 2275 2799 2355 sciat,
2832 2274 3191 2337 istiusmodi
3241 2276 3515 2339 ordinem

1863 2382 1995 2426 esse
2025 2364 2407 2441 invariatum,
2426 2364 2811 2444 semetipsam
2835 2363 3147 2445 distinguit
3178 2364 3239 2427 in
3251 2365 3516 2429 diversos

1866 2453 2109 2515 ordines
2138 2473 2206 2516 ac
2229 2454 2500 2533 virtutes;
2529 2459 2589 2518 et
2628 2453 2785 2533 quod
2811 2451 3183 2534 potissimum
3236 2463 3344 2535 est,
3411 2474 3517 2536 per

1866 2543 2246 2624 semetipsam
2274 2561 2631 2625 exsequens,
2684 2541 3062 2604 illuminandi
3121 2551 3181 2605 et
3237 2544 3516 2625 expiandi

154 2653 357 2698 munus
402 2633 637 2696 caeteris
665 2633 995 2697 secundum
1051 2631 1345 2713 cujusque
1374 2630 1642 2694 ordinem
1692 2633 2015 2695 commisit.
2067 2633 2183 2695 Sed
2232 2633 2514 2711 quoniam
2549 2632 2623 2695 de
2674 2632 2769 2694 his
2796 2631 2939 2694 satis
2983 2632 3206 2696 dictum
3238 2642 3349 2715 est,
3379 2651 3513 2715 age,

150 2724 568 2789 sacratissimas
597 2725 773 2786 etiam
810 2739 1016 2784 eorum
1050 2720 1530 2784 consecrationes
1562 2722 2036 2786 consideremus.

746 2841 811 2892 Il.
849 2832 1173 2910 Μυστήριον,

226 2936 281 2999 Ὀ
312 2942 410 3017 μὲν
470 2940 754 3019 ἱεραρχης,
817 2938 1217 3018 προσαγόμενος
1271 2941 1343 3005 εἷς
1371 2941 1432 2996 τὸ
1463 2962 1783 3020 χειροτονη-

2427 2839 2520 2918 VII.
2556 2844 2942 2919 Mysterium.
3083 2912 3095 2927 ,

1945 2938 2270 3002 Hierarcha
2286 2939 2524 3020 quidem
2548 2958 2656 3001 seu
2679 2939 2994 3020 episcopus
3012 2955 3144 3012 cum
3174 2938 3248 3002 ad
3270 2940 3513 3005 ordines

150 3034 318 3104 θῆναι,
354 3028 517 3107 ἄμφω
547 3030 625 3085 τὼ
652 3026 780 3085 πόδε
810 3028 1014 3103 κλίνας,
1042 3029 1126 3086 ἐπὶ
1154 3028 1392 3108 κεφαλῆς
1427 3028 1544 3109 ἔχει
1575 3031 1639 3086 τὰ
1668 3034 1782 3087 θεῖα

1874 3029 2304 3122 suscipiendos
2319 3028 2661 3122 adducitur.
2695 3036 3017 3110 utrumque
3060 3047 3216 3122 genu
3246 3030 3517 3122 ﬂectens,

152 3123 229 3175 καὶ
291 3120 406 3198 ἱερὰ
484 3116 802 3196 Εὔαγγέλια,
876 3119 964 3173 καὶ
1034 3120 1133 3185 τὴν
1202 3124 1295 3175 τοῦ
1340 3120 1782 3198 ,χειροτονοῦντος

1874 3136 2054 3200 supra
2083 3126 2262 3199 caput
2291 3119 2471 3180 habet
2499 3118 2700 3180 divina
2725 3136 3012 3197 sacraque
3061 3118 3400 3198 Evangelia,
3461 3131 3522 3183 et

149 3223 329 3289 χεῖρα,
360 3209 449 3265 καὶ
480 3206 564 3264 διὰ
594 3214 698 3264 τῶν
726 3208 1141 3286 παναγεστάτων
1200 3213 1379 3288 εὐχῶν
1434 3208 1781 3265 ἀποτελειοῦ-

149 3322 248 3361 ται,
284 3291 340 3356 ’0
372 3296 429 3354 δὲ
458 3298 624 3376 ἱερεὺς
655 3299 741 3353 καὶ
773 3298 927 3362 αὐτὸς
958 3295 1117 3377 ἄμφω
1147 3297 1310 3354 κλίνει
1358 3299 1434 3354 τὼ
1488 3297 1638 3374 πόδε,
1698 3300 1785 3355 καὶ

146 3392 236 3456 τὴν
264 3396 358 3446 τοῦ
390 3386 818 3468 χειροτονοῧντος
856 3384 1023 3451 δεξιάν
1060 3388 1146 3443 επὶ
1202 3386 1439 3467 κεφαλῆς
1499 3386 1639 3467 ἔχει,
1699 3390 1786 3444 καὶ

149 3480 279 3536 οὕτω
308 3480 400 3535 καὶ
427 3479 584 3541 αὐτὸς
614 3490 736 3542 ταῖς
759 3479 1050 3555 ἱεροποιοῖς
1111 3478 1303 3557 εὐχαῖς
1361 3477 1660 3555 ἁγιάζεται.
1726 3468 1785 3534 Ὀ

148 3565 197 3623 δὲ
223 3567 464 3631 διάκονος
495 3565 589 3621 ἕνα
617 3579 738 3622 τοῖν
768 3565 951 3623 ποδοῖν
979 3564 1184 3641 κλίνας,
1236 3566 1319 3623 ἐπὶ
1372 3565 1607 3646 κεφαλῆς
1666 3565 1785 3646 ἔχει

148 3658 227 3713 καὶ
256 3659 414 3722 αὒτὸς
446 3656 547 3723 τὴν
575 3665 667 3714 τοῦ
696 3663 1123 3736 χειροτονοῦντος
1156 3654 1350 3736 δεξιὰν,
1406 3657 1495 3712 καὶ
1544 3655 1786 3715 τελειοῦ-

145 3768 223 3802 ται
280 3759 409 3809 ταῖς
468 3751 572 3802 τῶν
630 3744 949 3826 λειτουργῶν
993 3744 1332 3826 ἐπικλήσεσι,
1387 3743 1627 3817 δηλονότι
1664 3758 1789 3809 ταῖς

146 3834 456 3914 λεγομέναις
481 3834 746 3917 αἰτήσεσι,
781 3834 1164 3909 συννοουμὲνου
1191 3834 1378 3900 ἔξωθεν
1408 3836 1494 3891 καὶ
1543 3848 1668 3899 ταῖς
1698 3841 1791 3892 τοῦ

146 3926 395 4005 ἱερᾶρχου
452 3927 670 4005 εὒχαῖς.
735 3926 923 3982 Κοινὸν
974 3921 1029 3979 δὲ
1062 3931 1178 3988 τοῦς
1207 3926 1372 4003 τρισὶν
1421 3926 1535 3982 ἔστι
1567 3924 1629 3981 τὸ
1667 3923 1789 3981 ἐπί-

146 4020 368 4093 προσθεν
428 4022 521 4073 τοῦ
562 4017 704 4092 ἱεροῦ
745 4015 1114 4093 θυσιαστηρίου
1157 4018 1579 4095 χειροτονεῖσθαι
1623 4015 1712 4071 καὶ
1754 4017 1789 4084 ἧ

148 4101 480 4183 mmmam
538 4105 782 4184 σφραγὶς,
848 4105 931 4160 καὶ
984 4105 1020 4172 ἡ
1052 4112 1144 4161 τοῦ
1176 4105 1437 4180 ὀνόματος
1480 4103 1790 4182 ἀνάῤῥησις,

144 4195 224 4249 καὶ
253 4197 281 4250 6
309 4193 658 4256 τελειωτικὸς
684 4193 995 4269 ἀσπασμὸς.
1029 4191 1169 4271 ’Ὀρα
1201 4192 1255 4250 δὲ
1290 4192 1369 4249 ὅτι
1401 4194 1603 4258 πάντας
1649 4192 1791 4273 λέγει

146 4282 255 4349 τοὺς
287 4281 344 4340 ἒν
367 4288 447 4358 τῷ
476 4282 718 4362 ἱερατείῳ
743 4283 835 4339 τὸν
865 4283 1341 4363 χειροτονούμενον
1362 4282 1705 4354 ἀσπάζεσθαι.

780 4471 870 4524 IIl.
918 4462 1145 4541 Θεωρία,

221 4569 252 4651 §
325 4580 371 4636 ι,
451 4570 541 4632 Εἲς
613 4569 827 4649 θεωρίαν
899 4567 1190 4627 εἰσϐάλλων
1256 4572 1361 4626 τῶν
1431 4566 1787 4651 τελουμένων,

147 4664 352 4740 πρῶτον
383 4662 451 4716 τὰ
479 4657 634 4716 κοινᾶ
660 4660 780 4723 τὸῖς
811 4658 944 4738 τρισὶ
973 4660 1061 4716 καὶ
1093 4661 1159 4716 τὰ
1211 4656 1322 4715 ἴδια
1382 4658 1589 4731 ἑκάστῳ
1644 4658 1790 4715 ἀπα-

146 4755 443 4827 ριθμεῖται.
483 4749 646 4808 Κοινὰ
674 4747 797 4827 γοῦν
823 4750 859 4816 ἡ
898 4747 983 4805 ἐπὶ
1039 4747 1132 4806 τοῦ
1184 4749 1551 4826 θυσιαστηρίου
1611 4770 1791 4829 χειρο-

143 4843 301 4922 τονία,
333 4842 373 4909 ἡ
406 4835 750 4917 σταυροειδὴς
808 4838 1045 4919 σφραγὶς,
1082 4840 1117 4907 ἡ
1160 4844 1251 4895 τοῦ
1309 4837 1567 4913 ὀνόματος
1625 4835 1789 4917 ἀνάῤ-

142 4930 309 5008 ῥησις,
345 4931 439 4988 καὶ
470 4931 501 4985 ὁ
530 4926 866 4992 τελειωτικὸς
898 4928 1205 5005 ἀσπασμός⁶
1238 4926 1378 4993 ἰδίως
1410 4925 1464 4983 δὲ
1522 4940 1641 4992 τοῖς
1692 4928 1790 5004 μὲν

143 5019 423 5100 ἱερᾶρχαις
485 5016 775 5074 ἐπιτίθεται
831 5019 892 5073 τὸ
956 5018 1092 5097 ἱερὸν
1155 5016 1501 5095 Εὖαγγὲλιον’
1558 5031 1674 5083 τοῖς
1738 5017 1791 5074 δὲ

143 5108 324 5187 ἱερεῦσι
378 5108 447 5165 τὸ
510 5105 705 5162 κλίνειν
760 5106 870 5164 ἐστὶ
911 5107 998 5164 καὶ
1029 5107 1361 5185 ἀμφοτέρους
1420 5107 1539 5172 τοὺς
1598 5104 1784 5172 πόδας⁶

142 5213 252 5262 τοῖς
282 5197 343 5255 δὲ
375 5197 718 5275 λειτουργοῖς
749 5199 809 5252 τὸ
842 5195 1033 5253 κλίνειν
1064 5199 1154 5254 τὸν
1186 5196 1384 5276 ἕτερον.

216 5291 246 5367 Ξ
305 5299 377 5350 Il.
446 5286 690 5365 Λέγομεν
746 5286 834 5342 οὖν
895 5286 1104 5366 πρῶτον
1162 5288 1419 5366 περὶτῆς
1449 5289 1632 5351 κοινῆς
1662 5286 1791 5365 πρὸς

146 5379 198 5435 τὸ
225 5380 381 5459 ἅγιον
445 5377 817 5456 θυσιαστήριον
874 5381 1233 5456 προσαγωγῆς
1292 5396 1349 5431 τε
1406 5376 1500 5433 καί
1532 5374 1789 5432 ὑποπτώ-

146 5484 287 5535 πως·
326 5467 622 5526 αἰνίσσεται
655 5465 775 5545 γᾶρ,
810 5463 890 5522 ὅτι
944 5466 1134 5530 πάντες
1194 5468 1336 5523 οὗτοι
1398 5463 1591 5526 ὁλικῶς
1652 5463 1790 5519 ἀνα-

148 5559 335 5616 τιθέασι
396 5578 483 5630 τῳ
536 5554 837 5634 τελετάρχῖ,
895 5562 1010 5630 Θεῴ
1065 5559 1165 5623 τὴν
1193 5553 1323 5612 tam
1355 5555 1523 5633 ζωὴν,
1567 5550 1792 5628 ὁμοειδῆ

145 5650 270 5709 κατὰ
322 5648 392 5707 τὸ
454 5643 676 5703 δυνατὸν
728 5643 1039 5725 ὸιρείλουσαν
1100 5644 1244 5702 εἶναι
1287 5650 1364 5720 τῷ
1408 5642 1797 5720 παναγεστάτῳ

1869 3226 2110 3270 manum
2136 3208 2646 3289 consecrantis,ac
2674 3206 3066 3270 sanctissimis
3082 3208 3360 3289 precibus
3383 3226 3523 3273 con-

1868 3306 2150 3359 secratur.
2191 3297 2483 3361 Sacerdos
2511 3304 2711 3359 autem
2768 3306 3088 3377 utrumque
3149 3299 3330 3359 etiam
3389 3299 3521 3380 ipse

1868 3405 2025 3466 genu
2037 3386 2310 3461 ﬂectit,et
2333 3388 2393 3448 in
2418 3388 2612 3468 capite
2634 3386 2810 3448 habet
2841 3385 3111 3447 dextram
3162 3405 3521 3451 consecran-

1867 3475 1965 3556 tis,
2001 3485 2178 3557 atque
2207 3477 2291 3537 ita
2320 3476 2497 3538 etiam
2529 3476 2658 3556 ipse
2701 3475 3212 3539 sanctiﬁcantibus
3242 3478 3521 3557 precibus

1868 3564 2293 3628 sanctificatur.
2342 3565 2811 3651 Diacon’usvero
2842 3583 3027 3625 unum
3059 3583 3214 3643 genu
3246 3567 3516 3640 flectens,

1870 3673 2052 3735 super
2081 3662 2255 3735 caput
2282 3653 2460 3717 habet
2478 3653 2685 3734 etipse
2706 3653 2973 3715 dextram
2999 3655 3432 3729 consecrantis,
3460 3665 3522 3720 et

1872 3753 2261 3806 consecratur
2278 3742 2751 3806 invocationibus
2770 3742 3338 3824 ministrorum,quze
3358 3745 3524 3807 vide-

1874 3832 2017 3896 licet
2038 3833 2098 3895 in
2121 3832 2468 3897 earumdem
2498 3831 2950 3895 consecratione
2992 3831 3267 3894 adhiberi
3297 3835 3515 3911 solent,

1875 3923 2188 3985 hierarcha
2219 3941 2456 4004 quoque
2492 3921 2772 4004 precibus
2797 3920 3168 3984 extrinsecus
3195 3934 3520 3986 annuente.

1874 4012 1979 4075 llis
2002 4012 2188 4075 tribus
2204 4012 2404 4093 itaque
2419 4029 2737 4074 commune
2761 4019 3017 4092 est,ante
3048 4010 3313 4073 divinum
3337 4012 3524 4077 altare

1876 4102 2160 4178 ordinari,
2196 4109 2253 4164 et
2285 4102 2473 4164 forma
2504 4101 2700 4164 crucis
2730 4101 2972 4181 signari,
3004 4108 3063 4162 et
3111 4118 3328 4164 nomen
3359 4106 3522 4166 reci-

1876 4192 2008 4272 tari,
2045 4200 2103 4254 et
2132 4191 2195 4253 in
2225 4192 2345 4253 line
2374 4191 2644 4254 salutari.
2674 4189 2937 4255 Observa
2965 4208 3105 4254 vero
3137 4191 3295 4272 quod
3339 4191 3520 4275 dicat,

1875 4281 2014 4341 247
2048 4298 2256 4345 omnes
2273 4283 2372 4362 qui
2402 4282 2467 4343 in
2504 4280 2763 4344 sacrario
2804 4288 2943 4343 sunt
2990 4280 3326 4344 ordinatum
3357 4282 3520 4346 salu-

1813 4399 1855 4451 ι)
1875 4378 2027 4433 tare.

2393 4462 2495 4526 Ill.
2539 4461 3000 4544 Contemplatio.

1954 4570 2047 4653 ξι.
2064 4570 2433 4653 Aggrediens
2457 4588 2663 4634 eorum
2684 4570 2786 4653 qui
2811 4576 3240 4653 consecrantur
3255 4577 3525 4634 contem-

1874 4652 2222 4733 plationem,
2256 4651 2511 4733 primum
2535 4669 2605 4713 ea
2637 4650 2768 4733 quae
2800 4650 2985 4716 tribus
3015 4650 3325 4714 ordinibus
3351 4670 3522 4714 com-

1877 4741 2103 4819 munia,
2140 4760 2390 4824 quisque
2420 4741 2668 4804 cuilibet
2714 4741 2957 4824 propria
2998 4750 3158 4823 sunt,
3223 4751 3522 4806 recenset.

1879 4831 2232 4895 Communia
2254 4830 2435 4911 igitur
2451 4830 2915 4906 sunt,ordinatio
2938 4831 3011 4892 ad
3034 4830 3295 4892 divinum
3315 4832 3545 4914 altare,

1875 4925 2083 4987 formae
2096 4924 2294 4987 crucis
2312 4922 2660 5004 signatio,et
2683 4922 2942 4985 nominis
2962 4922 3268 5002 recitatio,
3297 4932 3354 4986 et
3376 4925 3526 4987 fina-

1876 5013 1951 5076 lis
2005 5013 2300 5076 salutatio.
2360 5011 2608 5095 Propria
2666 5030 2805 5074 vero
2851 5021 2942 5075 est
3010 5014 3310 5096 episcopis
3369 5015 3528 5078 sacri

1875 5100 2179 5181 Evangelii
2208 5103 2530 5185 impositio,
2566 5101 2980 5166 sacerdotibus
3005 5103 3324 5185 utriusque
3358 5105 3527 5186 pedis

1876 5192 2212 5275 inclinatio,
2244 5193 2508 5256 diaconis
2540 5192 2888 5255 alterutrius
2918 5192 3187 5256 inﬂexio.

1959 5285 1987 5360 ἕ
2011 5281 2085 5345 ΙΙ.
2110 5281 2374 5346 Dicimus
2400 5283 2598 5366 itaque
2622 5283 2882 5364 primum
2904 5282 2980 5345 de
2997 5284 3300 5345 communi
3324 5282 3422 5346 illa
3451 5281 3525 5345 ad

1874 5373 2065 5436 altare
2086 5389 2320 5435 sacrum
2345 5372 2703 5437 adductione
2725 5390 2793 5435 ac
2816 5372 3395 5450 ﬂexione,insinuari
3420 5389 3528 5454 per

1873 5463 1989 5527 hoc
2010 5480 2219 5526 omnes
2241 5463 2373 5525 illos
2398 5463 2861 5526 consecrationis
2884 5462 3110 5524 auctori
3135 5461 3258 5523 Deo
3282 5479 3355 5524 ex
3378 5464 3525 5525 inte-

1877 5572 1982 5634 gro
2003 5553 2177 5615 vitam
2200 5571 2368 5615 suam
2392 5570 2767 5627 consecrare,
2802 5568 3076 5632 eamque,
3141 5551 3337 5630 quoad
3384 5553 3518 5616 ﬁeri

1881 5649 2098 5725 potest,
2127 5643 2495 5706 conformem
2521 5659 2651 5705 esse
2671 5640 2894 5704 debere
2914 5639 3294 5703 sanctissimo
3319 5640 3409 5704 illi
3430 5642 3525 5703 al-
