4088 6208
326 323 439 390 541

810 325 909 389 DE
952 284 1253 389 ECCLES'.
1302 322 1752 405 HIERARGH,
1798 320 1962 384 CAP.
2018 321 2127 387 v1.
2172 352 2250 366 —
2280 320 2673 385 PARAPHR.
2718 318 3230 385 PACHYMERAE.

3596 312 3719 387 542

327 464 504 541 μένων
564 463 727 536 ἐστὶν,
786 461 1340 540 ἀνακεσραλαιούμενος
1390 462 1481 523 τας
1536 483 1640 517 των
1700 459 1975 516 τελούντωε

2075 457 2173 536 qui
2207 464 2657 534 con<ecrantur,
2694 464 2813 518 tres
2838 456 2973 518 illos
3002 474 3203 518 sacros
3224 456 3466 520 ordines
3496 475 3712 523 recen-

327 569 477 632 τρεῖς
534 552 731 635 τάξεις,
795 554 902 611 τῶν
955 556 1243 633 ἱεραρχῶν,
1291 558 1396 610 τῶν
1452 550 1840 632 πρεσϐυτέρων,
1880 557 1985 606 τῶν

328 643 612 718 διακόνων,
664 646 738 700 ὧν
791 644 992 721 ἑκάστῃ
1050 642 1491 721 ἀποκεκλήρωται
1548 645 1583 710 ἠ
1641 643 1985 720 προσήκουσα

328 734 549 809 δύναμις
604 735 694 791 καὶ
726 732 983 813 ἐνέργεια,
1014 735 1050 802 ἡ
1080 736 1395 809 καθαρτική,
1439 731 1608 812 φημί,
1657 734 1692 801 ἡ
1723 753 1981 813 φωτιστι-

327 826 426 900 κὴ,
458 825 549 882 καὶ
608 826 643 891 ἡ
677 821 1014 893 τελειωτική·
1075 824 1119 879 εἰ
1176 824 1255 898 μὴ
1314 824 1413 902 γὰρ
1470 821 1763 903 δυνηθεῖεν,
1798 827 1891 882 οὐκ
1921 820 1984 877 ἂν

329 913 666 993 ἐνεργήσειε.
723 912 880 990 Λέγει
910 914 997 970 καὶ
1051 913 1170 992 περὶ
1218 915 1323 968 τῶν
1370 910 1700 987 τελουμένων
1759 910 1980 983 τάξεων,

326 1002 533 1067 αἵτινές
579 1004 679 1060 εἶσι
723 1002 1124 1078 καθαιρόμεναι,
1157 1002 1540 1083 φωτιζόμεναι,
1586 1001 1975 1078 τελειούμεναι”

326 1100 608 1173 τοιγαροῦν
694 1095 825 1149 εἰσιν
905 1094 954 1148 αἱ
1033 1092 1446 1172 κατεχουμένων
1524 1093 1610 1149 καὶ
1681 1097 1787 1148 τῶν
1871 1090 1983 1148 ἐνο-

336 1183 649 1264 χλουμένων
680 1184 770 1240 καὶ
799 1182 876 1239 ’ἐτι
926 1186 1034 1239 τῶι
1064 1180 1337 1261 ἐμπαθῶν,
1370 1182 1458 1238 καὶ
1508 1185 1611 1238 τῶν
1640 1185 1695 1238 ἓν
1726 1185 1979 1258 μετανοίᾳ

327 1272 583 1354 πληθύες,
618 1275 728 1330 ἐστι
761 1274 861 1348 μὲν
891 1275 1062 1329 εἰπεῖν
1092 1273 1180 1328 καὶ
1223 1271 1342 1328 κατ’
1373 1272 1600 1350 ἀριθμὸν
1630 1277 1735 1328 τῶν
1766 1272 1976 1331 ἀπλου-

328 1363 552 1442 στέρων,
586 1361 771 1431 ἐπειδὴ
801 1363 888 1418 επὶ
938 1360 1100 1418 πλέον
1129 1363 1190 1417 τὸ
1246 1362 1435 1441 κακὸν,
1471 1358 1556 1418 ἐπ’
1588 1360 1805 1419 ἔλαττον
1835 1359 1888 1418 δέ
1918 1362 1979 1418 τό

327 1453 525 1533 ἀγαθόν
582 1453 720 1509 ἐστι’
785 1451 959 1511 ’Ἔστι
998 1449 1054 1507 δὲ
1123 1451 1209 1509 καὶ
1266 1451 1583 1528 κρειττόνως
1640 1453 1837 1531 εἰπεῖν,
1896 1450 1978 1508 ὅτι

328 1541 512 1611 ἐπειδῆ
563 1546 686 1606 τοὶς
744 1550 821 1616 τῷ
877 1546 993 1614 Θεῴ
1048 1541 1496 1620 προσεγγίςοντας
1536 1542 1607 1606 ὡς
1667 1541 1979 1617 ἐνουμένους

326 1640 404 1706 τῷ
448 1633 523 1689 ἐνὶ
554 1630 803 1698 ένοειδεϊς
832 1653 1018 1712 φησιν,
1052 1631 1269 1695 εἰκότως
1301 1634 1345 1687 οἱ
1374 1639 1467 1688 τοῦ
1501 1632 1613 1697 ἐνὸς
1672 1631 1977 1710 ἀφιστάμε-

328 1745 431 1803 νοι,
480 1721 711 1789 πληθύες
742 1723 953 1800 ῥηθιϊεν
1002 1720 1085 1777 ἄν*
1117 1722 1203 1777 καὶ
1233 1719 1343 1794 ὅσῳ
1399 1720 1751 1800 πορρώτερον,
1785 1728 1977 1778 τοσοῦ-

2066 556 2179 626 set,
2211 547 2441 609 scilicet
2463 548 2910 627 episcoporum,
2946 547 3325 608 sacerdotum
3346 548 3710 613 etdiacono-

2065 654 2488 717 rum,quorum
2507 636 2749 699 cuilibet
2774 638 2958 699 virtus
2986 636 3347 698 conveniens
3364 646 3423 701 et
3445 638 3711 720 Operatio

2067 734 2156 788 est
2183 726 3070 808 attributa,expiandi,inquam,
3102 725 3476 789 illuminandi
3501 738 3557 791 et
3585 749 3715 809 per-

2066 815 2454 887 ﬁciendimisi
2477 816 2637 877 enim
2660 816 2871 878 virtute
2896 824 3266 897 praestarent,
3286 816 3367 877 nil
3384 817 3707 882 edicerent.

2066 904 2196 984 Agit
2230 906 2404 967 etiam
2438 905 2513 967 de
2546 905 2858 967 ordinibus
2887 904 2989 986 qui
3012 914 3462 982 consecrantur,
3489 916 3551 968 ut
3574 915 3715 970 sunt

2064 998 2297 1079 isti,qui
2316 997 3097 1079 expiantur,illuminantur,
3110 998 3517 1079 perﬁciuntur;
3534 1000 3715 1083 siqui-

2063 1087 2200 1151 dem
2231 1095 2370 1149 sunt
2399 1086 2577 1152 etiam
2603 1087 3198 1168 catechumenorum,
3225 1097 3283 1149 et
3302 1089 3708 1166 obsessorum,

2062 1186 2120 1240 et
2142 1177 2557 1258 impotentium
2581 1185 2640 1239 et
2661 1177 3077 1258 pmnitentium
3107 1177 3406 1256 turbae,sic
3430 1180 3710 1242 enimeas

2064 1267 2238 1329 liceat
2258 1266 2562 1347 appellare
2580 1275 2857 1348 respectu
2880 1267 3114 1327 numeri
3147 1267 3711 1349 innoxiorum,quo-

2064 1357 2223 1419 niam
2258 1357 2476 1418 malum
2507 1364 2598 1418 est
2628 1356 3095 1433 frequentius,et
3124 1356 3343 1419 bonum
3375 1358 3711 1423 rarius.Vel

2064 1447 2259 1528 potius
2291 1446 2806 1527 dicendum,quod
2840 1466 2973 1507 cum
3007 1446 3079 1507 ad
3116 1448 3302 1509 Deum
3335 1450 3710 1523 accedentes,

2065 1545 2344 1618 tanquam
2378 1536 2463 1598 illi
2496 1537 2599 1599 uni
2631 1537 3007 1616 conjunctos.
3036 1543 3213 1598 etiam
3243 1537 3575 1601 uniformes
3603 1558 3711 1600 vo-

2062 1628 2397 1701 cet,merito
2427 1627 2527 1706 qui
2558 1627 2631 1688 ab
2664 1645 2785 1687 uno
2815 1627 2919 1687 illo
2946 1626 3165 1689 distant
3198 1634 3386 1689 turba;
3413 1647 3516 1690 seu
3554 1629 3708 1691 mul-

2065 1717 2349 1778 titudines
2380 1716 2777 1797 appellentur,
2812 1717 2951 1777 256
2997 1726 3336 1797 quantoque
3370 1719 3555 1798 magis
3586 1720 3710 1781 dis-

326 1813 416 1870 τόν
476 1834 537 1891 γε
573 1811 1053 1882 πληθυνθήσονται·
1109 1813 1152 1867 εἷ
1182 1813 1378 1888 καὶμὴ
1434 1812 1554 1869 κατ’
1586 1811 1801 1889 ἀριθμόν
1847 1816 1974 1871 εἰσιν

2064 1814 2207 1880 tant,
2248 1814 2409 1868 tanto
2440 1806 2623 1884 magis
2657 1806 3145 1886 multiplicantur;
3194 1808 3331 1869 licet
3382 1808 3709 1871 secundum

325 1902 689 1982 ἐκτεταμένοι,
724 1901 845 1959 ἀλλ’
902 1903 1071 1982 ὀλίγοι
1101 1902 1239 1969 τινὲς
1293 1904 1379 1959 καὶ
1412 1903 1773 1981 εὖαρίθμητοι,
1831 1913 1979 1963 Διαι-

324 1994 431 2072 ρῶν
482 1993 569 2049 οὗν
598 1993 693 2057 τὰς
728 1999 835 2051 τῶν
887 1993 1286 2072 καθαιρομένων
1314 1992 1514 2074 τάξεις,
1546 1997 1665 2058 τοὺς
1698 1995 1797 2070 μὲν
1840 2018 1976 2053 κατ-

324 2082 662 2163 ηχουμὲνους
734 2081 881 2162 λέγει
941 2084 1244 2161 μαιεύεσθαι
1316 2085 1457 2161 παρὰ
1527 2085 1631 2140 τῶν
1692 2084 1971 2161 διακόνων,

324 2174 413 2229 καὶ
467 2174 791 2253 μορφοῦσθαι
841 2175 913 2238 εἰς
970 2174 1201 2245 ζωτικὴν
1257 2173 1357 2241 τὴν
1416 2173 1497 2230 διὰ
1541 2174 1634 2243 τῆς
1692 2174 1972 2251 κολυμϐή-

320 2266 444 2342 θρας
504 2262 777 2328 ἀπότεξιν·
833 2264 955 2327 τοὺς
1013 2261 1068 2319 δὲ
1120 2265 1384 2338 ἒμπαθεϊς
1451 2263 1833 2322 ἀνακαλεῖσθαι
1892 2265 1978 2322 διὰ

325 2357 424 2419 τῆς
484 2358 589 2410 τῶν
619 2351 815 2432 λογίων
868 2354 1239 2432 ἀναγνώσεως’
1289 2354 1410 2417 τοὺς
1441 2352 1495 2410 δὲ
1553 2354 1976 2435 ἐνοχλουμένους

327 2443 467 2520 παρὰ
524 2449 631 2499 τῶν
686 2442 936 2501 ἐναντίων
1001 2441 1178 2523 φόϐων
1222 2443 1678 2522 ἐπιῤῥωννύεσθαι·
1740 2446 1863 2510 τοὺς
1924 2446 1977 2502 ἐν

329 2532 585 2608 μετανοίᾳ
612 2532 674 2589 ἐκ
720 2538 825 2590 τῶν
879 2534 1137 2614 χειρόνων
1193 2534 1543 2614 μετάγεσθαι,
1574 2535 1662 2590 καὶ
1720 2536 1841 2598 τοὺς
1900 2537 1977 2611 μὴ

329 2622 601 2685 παντελῶς
662 2622 1014 2700 καθαρθέντας
1046 2621 1335 2699 λαμϐάνειν
1377 2627 1438 2681 τὸ
1469 2625 1603 2702 πρὸς
1649 2624 1713 2680 τὰ
1766 2627 1983 2705 χείρονα

328 2712 731 2793 ἀνεπίστροφον,
790 2705 1264 2772 Τποδιασταλτέον
1327 2713 1381 2770 δὲ
1442 2716 1514 2777 εἰς
1574 2716 1635 2771 τὸ
1689 2714 1836 2771 οὔπω
1900 2714 1977 2781 δέ,

326 2804 414 2860 καὶ
486 2802 672 2868 ἔξωθεν
759 2803 1056 2871 ἑγληπτέον
1137 2805 1240 2880 τό,
1321 2803 1523 2871 τελέως
1606 2807 1975 2885 καθαρθείσης’

329 2891 469 2950 οὕτω
497 2910 597 2972 γαρ
624 2895 687 2950 τὸ
716 2900 813 2961 τῆς
844 2894 1045 2959 ἑννοίας
1076 2896 1398 2964 σωθήσεται.

409 2981 439 3061 §
500 2992 570 3045 Il.
632 2984 808 3041 Εἰπὼν
859 2982 911 3039 δὲ
966 2985 1085 3063 περὶ
1140 2986 1245 3039 τῶν
1302 2984 1697 3061 καθαιρομένων
1757 2984 1975 3065 τάξεων,

334 3072 393 3138 ἃς
437 3073 579 3151 παρὰ
618 3078 725 3130 τῶν
754 3072 1012 3130 διακόνων
1061 3073 1189 3130 εἶπε
1224 3075 1552 3150 μαιεύεσθαι,
1601 3075 1688 3131 καὶ
1718 3078 1791 3138 εἷς
1841 3078 1977 3134 ὑπο-

2065 1913 2382 1959 numerum
2415 1914 2535 1957 non
2570 1896 2990 1965 extendantur,
3011 1897 3120 1958 sed
3156 1897 3328 1977 pauci
3358 1899 3477 1960 sint
3507 1908 3563 1960 et
3596 1917 3711 1960 nu-

2066 1994 2294 2047 meratu
2316 1984 2775 2048 faciles.Eorum
2802 1984 3002 2065 itaque
3028 1985 3129 2063 qui
3146 1986 3713 2066 expianturordines

2061 2075 2456 2155 distinguens,
2510 2075 2974 2137 catechumenos
3023 2075 3267 2152 quidem
3318 2077 3399 2138 ait
3446 2076 3632 2139 foveri
3672 2094 3706 2137 a

2060 2166 2351 2247 diaconis,
2370 2176 2429 2229 et
2448 2165 2520 2229 ad
2546 2166 2782 2228 vitalem
2816 2174 3046 2247 partum
3081 2184 3188 2248 per
3217 2167 3510 2230 lavacrum
3535 2170 3711 2232 effor-

2062 2256 2232 2336 mari;
2263 2255 2643 2336 passionibus
2689 2273 2829 2317 vero
2861 2255 3153 2318 obnoxios
3186 2260 3454 2321 revocari
3486 2259 3567 2321 ait
3599 2276 3707 2339 per

2060 2346 2439 2408 oraculorum
2491 2344 2837 2421 lectionem;
2890 2364 2994 2406 eos
3043 2364 3179 2410 vero
3234 2348 3333 2424 qui
3391 2348 3710 2410 contrariis

2066 2435 2379 2516 pavoribus
2408 2444 2708 2511 vexantur,
2745 2435 3111 2510 conﬁrmari;
3138 2436 3492 2516 ptenitentes
3517 2456 3550 2498 a
3582 2457 3709 2501 ma-

2067 2526 2138 2587 lis
2170 2525 2401 2601 reduci,
2432 2534 2490 2586 et
2525 2526 2623 2607 qui
2655 2543 2773 2586 non
2808 2527 3051 2587 omnino
3088 2526 3221 2607 puri
3248 2534 3386 2587 sunt
3417 2527 3531 2588 hoc
3557 2529 3716 2590 acci-

2069 2633 2233 2695 pere,
2276 2633 2352 2677 ne
2384 2615 2442 2676 in
2473 2614 2776 2677 deteriora
2803 2614 3297 2679 relabantur.Sub
3329 2616 3708 2696 distinguen-

2066 2705 2206 2765 dum
2232 2722 2372 2766 vero
2400 2703 2546 2766 illud
2580 2706 2723 2762 οὕπω
2753 2705 2829 2777 δέ,
2866 2706 2967 2767 sed
2988 2706 3288 2781 nondum,
3323 2714 3382 2767 et
3411 2706 3710 2770 subintel-

2065 2793 2393 2875 ligendum,
2418 2795 2681 2874 perfecte
2710 2796 2964 2874 expiati;
2982 2795 3067 2869 sic
3096 2795 3256 2857 enim
3288 2814 3499 2858 sensus
3522 2797 3711 2878 magis

2063 2886 2295 2964 integer
2325 2884 2465 2946 erit.

2142 2972 2273 3053 §II.
2300 2974 2558 3036 Locutus
2590 2993 2726 3036 vero
2758 2974 2834 3038 de
2865 2975 3175 3038 ordinibus
3224 2981 3322 3057 qui
3371 2978 3701 3057 expiantur,

2063 3082 2212 3144 quos
2242 3082 2275 3124 a
2305 3062 2574 3126 diaconis
2607 3065 2789 3128 foveri
2822 3065 2991 3147 dixit,
3029 3074 3088 3127 et
3115 3065 3190 3127 ad
3223 3065 3464 3127 luminis
3496 3085 3706 3129 susce—

326 3163 500 3243 δοχὴν
549 3169 643 3219 τοῦ
698 3166 874 3243 φωτὸς
922 3164 1334 3242 εὐτρεπίζεσθαι,
1364 3162 1468 3231 ἤδη
1498 3162 1842 3241 διαλαμϐάνει
1892 3158 1975 3222 καὶ

2066 3154 2324 3234 ptionem
2362 3155 2701 3234 praeparari,
2755 3155 2934 3217 modo
2985 3161 3104 3235 agit
3132 3156 3207 3217 de
3232 3156 3443 3218 ordine
3473 3156 3708 3219 illorum

324 3254 441 3331 περὶ
499 3257 599 3319 τῆς
666 3258 772 3309 τῶν
829 3252 1203 3331 φωτιζομένων
1260 3253 1479 3333 τάξεως,
1539 3254 1605 3319 ἣν
1662 3257 1748 3311 καὶ
1807 3256 1979 3330 μέσην

328 3342 481 3423 φησὶ,
529 3347 627 3408 τῆς
661 3363 717 3397 τε
777 3340 983 3410 δηλαδὴ
1015 3343 1318 3420 καθάρσεως
1349 3344 1436 3400 καὶ
1465 3343 1561 3412 τῆς
1622 3342 1972 3409 τελειώσεως·

324 3432 411 3487 καὶ
454 3434 794 3509 θεωρητικὴν
844 3431 1011 3509 λέγει,
1046 3433 1123 3497 ὡς
1175 3431 1480 3507 ἠξιωμένην
1529 3439 1626 3500 τῆς
1670 3436 1807 3499 θείας
1839 3439 1976 3492 θεω-

326 3520 439 3600 ρίας
471 3521 560 3576 καὶ
613 3520 864 3597 ἐποψίας⁰
898 3518 1045 3600 λέγει
1079 3519 1132 3577 δὲ
1164 3524 1285 3586 τοὶς
1318 3521 1370 3578 ἕν
1420 3529 1497 3596 τῷ
1523 3525 1648 3602 ἱερῷ
1678 3523 1789 3598 λαῷ
1844 3523 1976 3580 ὁλο-

326 3608 555 3686 κλήρους
616 3611 706 3666 καὶ
788 3611 1231 3686 ἀνεπιτιμήτους⁶
1296 3614 1439 3669 οῧτοι
1484 3614 1605 3691 γὰρ,
1668 3614 1975 3693 ἀποκαθαρ-

327 3698 527 3775 θέντες,
558 3713 675 3763 τοῖς
738 3701 1054 3779 φωτίζουσιν
1108 3702 1519 3782 ἒγχειρίζονται.
1585 3703 1681 3760 Καὶ
1712 3702 1812 3781 γάρ
1868 3703 1980 3761 ἐστι

327 3786 509 3871 δῆλον,
540 3790 613 3854 ὡς
643 3791 677 3859 ἡ
708 3794 1034 3868 καγαρθετσα
1068 3791 1212 3858 τάξις
1273 3793 1448 3860 πάσης
1478 3790 1724 3867 κῆλϊδος,
1756 3794 1841 3849 καὶ
1880 3796 1980 3861 τὴν

323 3886 417 3937 τοῦ
448 3880 567 3943 νοὸς
597 3880 805 3947 κίνησιν
847 3881 954 3937 ἀπὸ
1015 3884 1208 3948 παντὸς
1250 3883 1443 3945 πάθους
1505 3880 1863 3961 διαφυλάξασα
1894 3883 1981 3941 ἐπὶ

327 3970 427 4035 τὴν
483 3970 815 4048 θεωρητικὴν
874 3968 979 4036 ἓξιν
1050 3969 1329 4050 ἀνάγεται,
1393 3974 1481 4028 καὶ
1550 3984 1801 4028 κοινωνεῖ
1859 3985 1976 4035 τοῖς

323 4056 609 4141 συμϐόλοις
668 4061 723 4115 ἒν
753 4060 940 4138 θεωρίᾳ
988 4062 1075 4117 καὶ
1108 4063 1322 4141 μετοχῇ
1376 4061 1550 4117 αὒτῶν
1579 4060 1855 4136 γινομένη,
1891 4064 1978 4119 καὶ

322 4140 397 4204 δι’
456 4150 744 4226 ἀναγωγῆς
776 4150 1155 4227 ἀναπτεροῦται
1215 4140 1331 4207 καθ’
1391 4148 1511 4207 ὅσον
1572 4148 1647 4206 ἔνι
1704 4152 1832 4229 πρὸς
1890 4154 1979 4209 τὸν

326 4239 477 4294 θεῖον
510 4238 678 4294 αὐτῶν
720 4236 911 4313 ἔρωτα.
948 4230 1115 4312 ’¹Οσῳ
1168 4240 1267 4318 γὰρ
1298 4241 1362 4296 τὰ
1418 4237 1656 4315 σύμϐολα
1713 4238 1980 4297 ἀναπτύσ-

324 4349 532 4407 σονται,
567 4329 655 4383 καὶ
709 4330 770 4384 τὸ
821 4328 1123 4409 ἀπόκρυφον
1152 4332 1453 4408 θεωρεῖται,
1484 4331 1721 4393 τοσούτω
1765 4334 1917 4387 ποθεῖ
1951 4331 1978 4386 δ

323 4417 571 4497 μετέχων
600 4416 736 4474 κατὰ
765 4440 881 4474 τινα
923 4422 1068 4475 θετον
1110 4420 1198 4476 καὶ
1228 4418 1526 4498 ἀπόρρητον
1559 4421 1755 4497 ἓρωτα.
1801 4421 1979 4477 Εἰπὼν

2062 3243 2164 3325 qui
2196 3243 2811 3326 illuminantur,quem
2837 3252 2894 3307 et
2912 3246 3173 3309 medium
3194 3246 3710 3326 appellat,scilicet

2063 3334 2216 3394 inter
2240 3334 2635 3414 expiationem
2663 3344 2719 3394 et
2742 3334 3257 3415 perfectionem,et
3275 3336 3707 3416 speculativum

2062 3432 2249 3501 vocat,
2277 3433 2550 3504 tanquam
2604 3424 2801 3485 divina
2842 3425 3344 3505 contemplatione
3374 3434 3433 3486 et
3460 3436 3704 3507 aspectu

2062 3512 2305 3592 dignum
2338 3513 2632 3589 habitum;
2660 3514 2934 3593 intelligit
2963 3523 3159 3576 autem
3185 3533 3289 3576 eos
3318 3514 3418 3595 qui
3449 3514 3511 3576 in
3536 3534 3706 3577 sacro

2064 3602 2280 3684 populo
2334 3601 2548 3680 integri
2582 3611 2640 3662 et
2666 3601 3237 3683 irreprehensibiles
3269 3604 3557 3664 exsistunt
3591 3623 3606 3666 :
3648 3603 3706 3664 hi

2064 3693 2226 3756 enim
2259 3694 2476 3775 expiati
2530 3694 2823 3757 accedunt
2858 3696 2929 3757 ad
2965 3713 3033 3755 ea
3067 3714 3198 3776 quae
3241 3696 3581 3757 illuminant
3637 3696 3707 3758 Et

2066 3783 2227 3845 enim
2289 3784 2670 3846 manifestum
2713 3794 2828 3859 est,
2861 3784 3131 3845 ordinem
3191 3784 3361 3845 illum
3394 3786 3557 3847 omni
3578 3787 3705 3866 jam

2064 3873 2298 3934 macula
2349 3874 2674 3955 expiatum,
2702 3884 2758 3936 et
2800 3875 3015 3936 mentis
3046 3884 3272 3935 motum
3291 3873 3364 3935 ab
3382 3874 3542 3935 omni
3570 3893 3708 3953 per-

2064 3962 2397 4025 turbatione
2426 3964 2829 4040 cohibentem,
2863 3964 2937 4027 ad
2969 3964 3491 4044 contemplativum
3526 3963 3706 4026 habi-

2065 4062 2189 4115 tum
2220 4053 2642 4135 adduci,atque
2670 4054 2942 4135 ipsismet
2962 4053 3409 4135 symbolis,cum
3442 4064 3705 4116 contem-

2064 4144 2277 4223 plando
2292 4151 2412 4206 tum
2431 4144 2837 4225 participando
2862 4143 3399 4217 communicare,et
3420 4160 3528 4222 per
3556 4163 3704 4206 ana-

2062 4251 2249 4313 gogen
2281 4234 2354 4295 ad
2388 4234 2652 4296 divinum
2686 4233 3037 4297 earumdem
3069 4251 3334 4297 amorem
3366 4233 3705 4297 subvolare.

2065 4324 2357 4395 Quantum
2394 4324 2553 4384 enim
2587 4322 2853 4405 symbola
2884 4323 3343 4405 explicantur,et
3368 4323 3521 4406 quod
3546 4342 3707 4386 arca-

2062 4431 2204 4474 num
2244 4422 2332 4473 est
2362 4413 2647 4494 cernitur,
2668 4412 3033 4475 tantumdem
3069 4413 3420 4475 eorumdem
3455 4415 3701 4494 partici-

326 4506 445 4581 περί
504 4528 561 4562 τε
593 4505 698 4561 τῶν
740 4508 1159 4584 καθαιρομένων,
1195 4509 1312 4586 περί
1368 4529 1425 4564 τε
1457 4511 1560 4564 τῶν
1604 4510 1975 4589 φωτιζομένων

2064 4520 2202 4583 ceps
2233 4501 2431 4563 divino
2461 4503 2717 4583 quodam
2742 4512 2799 4564 et
2825 4521 3043 4564 arcano
3075 4521 3279 4565 amore
3309 4503 3705 4582 ﬂagratﬂixit

320 4592 541 4673 τάξεων,
576 4592 758 4662 ἐπειδὴ
791 4596 926 4652 κατὰ
956 4596 1172 4661 τούτους
1203 4599 1236 4663 ἡ
1280 4600 1386 4652 τῶν
1415 4595 1747 4671 τελουμένων
1804 4598 1968 4658 ἐστίν,

322 4684 437 4740 Εἰσὶ
492 4680 546 4740 δὲ
607 4684 742 4758 μετὰ
797 4682 1029 4749 πολλοὺς
1096 4685 1323 4763 τρόπους
1382 4689 1427 4741 οἱ
1477 4683 1807 4759 τελούμενοι·
1884 4689 1972 4743 καὶ

320 4772 415 4847 θάρ
471 4774 560 4829 καὶ
611 4775 656 4829 οἱ
713 4778 790 4848 τῷ
832 4776 1160 4851 βαπτίσματι
1217 4774 1595 4850 τε)ειούμενοι,
1632 4778 1717 4832 καὶ
1765 4779 1810 4833 οἱ
1868 4783 1973 4833 τῶν

319 4862 468 4917 θείων
525 4864 830 4942 μυστηρίων
884 4864 1232 4944 μετέχοντες,
1268 4867 1354 4921 καὶ
1411 4866 1458 4921 οἱ
1501 4866 1784 4943 ἱερωσύνην
1816 4888 1972 4940 περι-

319 4949 605 5025 τιθέμενοι,
639 4953 728 5009 καὶ
772 4955 819 5009 οἱ
862 4954 1169 5034 μοναχικῆς
1218 4953 1520 5028 ἀξιούμενοι
1570 4956 1967 5029 καταστάσεως,

320 5039 549 5104 ἃπαντες
579 5040 681 5096 ὑπὸ
710 5042 807 5110 τὴν
849 5040 993 5109 τάξιν
1025 5049 1128 5100 τῶν
1156 5041 1492 5119 τελουμένων
1524 5044 1673 5101 είσίν.

396 5216 427 5297 §
479 5226 571 5282 III.
618 5221 742 5299 Περὶ
770 5218 878 5276 τῶν
925 5218 1101 5278 ἄλλων
1152 5218 1544 5301 προδιαλαϐὼν,
1578 5223 1666 5278 νῦν
1715 5224 1832 5301 περὶ
1871 5221 1971 5291 τῆς

321 5313 628 5387 μοναχικῇς
684 5306 898 5375 διέξεισι
938 5309 1355 5391 τελεσιουργίας,
1389 5310 1463 5367 ὥν
1491 5312 1580 5367 καὶ
1634 5309 1968 5389 ὑψηλοτέραν

317 5397 501 5476 φησὶν,
536 5399 597 5455 οὗ
638 5399 771 5478 πρὸς
804 5399 905 5467 τὴν
936 5406 1041 5456 τῶν
1094 5402 1350 5459 τοιούτων
1380 5399 1607 5459 τελετῶν
1637 5406 1744 5457 τῶν
1787 5400 1966 5476 μόνως

317 5485 694 5564 τελειουμένων
781 5489 1077 5569 σύγκρισιν,
1138 5498 1241 5548 ποῦ
1313 5491 1414 5570 γὰρ
1482 5492 1517 5558 ἡ
1598 5491 1964 5567 βαπτισματος

318 5572 558 5656 δύναμις,
596 5583 695 5633 ποῦ
751 5576 807 5634 δὲ
837 5580 871 5647 ἡ
914 5582 1011 5648 τῆς
1042 5580 1328 5658 ἱερωσύνης
1373 5579 1731 5654 ὑπερκειμένη
1791 5581 1963 5636 κατά-

323 5684 533 5746 στασις,
565 5664 704 5724 ὥστε
752 5666 1012 5737 κληθῆναι
1044 5670 1238 5735 ταύτην
1267 5666 1642 5746 ὑψηλοτέρανε
1692 5673 1763 5728 Οὔ
1794 5672 1964 5727 τοίνυν

2054 4592 2128 4654 de
2159 4589 2470 4652 ordinibus
2504 4591 2603 4670 qui
2649 4593 2962 4671 expiantur
3009 4600 3066 4653 et
3119 4594 3219 4673 qui
3270 4592 3703 4668 illuminantur,

2056 4679 2538 4762 quandoquidem
2554 4682 2806 4761 posthos
2822 4682 3051 4742 sitordo
3065 4700 3271 4743 eorum
3287 4683 3383 4761 qui
3399 4683 3707 4761 perficiun-

2056 4769 2352 4831 tur.Multi
2406 4777 2602 4829 autem
2638 4769 2794 4830 modi
2828 4779 2965 4830 sunt
3008 4770 3231 4845 quibus
3261 4769 3650 4850 perﬁciuntur
3682 4792 3697 4836 :

2058 4877 2193 4919 nam
2218 4866 2272 4923 et
2295 4855 2675 4938 injbaptismo
2694 4857 2876 4939 aliqui
2906 4859 3390 4939 perﬁciuntur,et
3407 4859 3467 4920 in
3498 4878 3699 4922 sacro-

2056 4965 2187 5009 rum
2248 4950 2660 5027 mysteriorum
2712 4947 3184 5028 participatione,
3220 4949 3366 5010 etin
3396 4966 3704 5014 sacrorum

2057 5038 2339 5101 ordinum
2376 5037 2778 5118 susceptione,
2813 5048 2871 5101 et
2903 5040 2961 5101 in
3016 5042 3342 5103 monastico
3390 5049 3564 5117 statu,
3598 5042 3702 5121 qui

2057 5138 2197 5193 sunt
2228 5148 2439 5192 omnes
2470 5133 2583 5193 sub
2613 5130 2826 5195 ordine
2855 5132 3092 5194 illorum
3117 5133 3218 5214 qui
3249 5134 3658 5214 perficiuntur.

2134 5217 2289 5300 §lII.
2323 5220 2469 5283 Cum
2502 5230 2702 5282 autem
2756 5221 2832 5283 de
2887 5220 3024 5283 aliis
3078 5231 3253 5284 antea
3281 5223 3490 5303 egerit,
3524 5223 3699 5286 modo

2055 5318 2267 5374 tractat
2295 5312 2371 5374 de
2404 5312 2727 5375 monastica
2760 5315 3232 5389 consecratione,
3270 5332 3451 5392 quam
3504 5323 3562 5375 et
3591 5333 3698 5377 su-

2051 5400 2391 5464 blimiorem
2425 5412 2745 5480 vocat,non
2778 5404 3221 5485 comparatione
3238 5401 3475 5464 illorum
3494 5421 3697 5467 sacra-

2051 5501 2389 5553 mentorum
2431 5511 2563 5569 quaa
2600 5492 2727 5554 sola
2778 5491 3230 5555 consecratione
3284 5490 3693 5576 perﬁciuntur,

2048 5581 2149 5641 ubi
2186 5581 2347 5642 enim
2382 5591 2542 5643 esset
2585 5581 2770 5642 virtus
2803 5579 3193 5661 baptismatis,
3237 5580 3337 5641 ubi
3370 5582 3697 5646 sacerdotii

2047 5669 2323 5734 eminens
2350 5669 2456 5733 ille
2486 5677 2693 5749 status,
2734 5671 2892 5752 quod
2925 5671 3048 5732 haec
3079 5666 3392 5732 sublimior
3422 5669 3698 5736 dicatur?
