4000 6214
374 257 492 329 543

1547 267 1608 331 S.
1661 265 2003 331 DIONYSII
2047 265 2581 340 AREOPAGITxE.

3632 282 3746 350 544

369 399 506 465 Non
533 397 735 482 itaque
765 405 1203 479 comparatione
1233 402 1468 464 illorum
1505 403 1604 484 qui
1639 404 1762 465 sola
1793 420 2005 465 conse-

2103 405 2224 478 πρὸς
2279 407 2546 487 σύγκρισιν
2606 412 2712 468 τῶν
2772 410 2950 483 μόνως
3021 411 3392 490 τελειουμένον
3448 417 3754 498 ὑψηλοτέρα

370 492 635 556 cratione
685 493 1066 572 perﬁciuntur
1107 493 1424 556 sublimior
1453 504 1563 569 est,
1595 494 1701 557 sed
1735 506 2011 575 respectu

2103 499 2251 576 αὕτη,
2286 498 2422 556 ἀλλὰ
2464 501 2594 573 πρός
2641 522 2698 558 τε
2757 503 2855 570 τὴν
2886 503 2984 572 τῆς
3033 506 3336 584 καθάρσεως
3385 505 3632 589 τελετὴν,
3666 492 3754 566 καὶ

369 583 525 646 ritus
552 581 690 644 257
719 581 1068 664 expiationis
1095 592 1153 646 et
1181 592 1456 664 respectu
1488 585 1638 646 ritus
1660 583 2010 646 illustratio-

371 673 490 749 nis,
537 673 663 735 haec
709 677 803 736 est
850 672 1188 736 sublimior.
1233 673 1540 754 Siquidem
1574 674 1698 736 haec
1730 682 2011 756 tanquam

371 763 895 844 medium,scilicet
913 782 1117 826 eorum
1145 764 1250 841 qui
1277 763 1715 846 illuminantur,
1739 765 2011 827 ordinem

367 853 820 929 transcendens,
846 862 968 916 tres
998 854 1171 916 etiam
1206 855 1266 915 in
1297 872 1363 916 se
1394 854 1788 934 praprietates
1820 857 2013 918 conti-

367 942 802 1024 net,expiandi,
832 943 1212 1005 illuminamli
1245 951 1304 1006 et
1337 943 1710 1023 perﬁciendi,
1741 944 1895 1007 sicut
1925 952 2015 1008 est

367 1034 652 1112 superius
673 1033 1055 1114 explicatum.
1089 1035 1216 1095 Non
1248 1033 1382 1096 dico
1412 1041 1689 1113 respectu
1722 1053 2012 1114 persona-

367 1141 499 1184 rum
541 1136 1210 1185 consecratarumznam
1261 1124 1361 1204 qui
1402 1123 1752 1205 baptismate
1797 1123 2010 1187 initiati

372 1223 532 1291 sunt,
565 1213 749 1275 medii
773 1222 909 1274 sunt
930 1213 1250 1286 ordinis,et
1270 1232 1403 1294 pars
1424 1231 1608 1275 sacrae
1636 1213 1849 1294 plebis;
1874 1215 2011 1292 qui-

367 1300 478 1364 bus
501 1303 674 1364 etiam
704 1303 887 1364 multa
912 1302 1579 1382 permittuntur,nempe
1605 1303 1836 1382 nuptias
1861 1304 2012 1366 cele-

368 1393 1042 1472 brare,militare,hujus
1061 1394 1190 1453 vitae
1214 1394 1446 1470 negotia
1472 1401 1744 1455 tractare.
1773 1393 1881 1465 Qui
1907 1412 2010 1456 ve-

365 1501 433 1544 ro
463 1483 799 1545 sacerdotio
830 1483 1021 1543 ornati
1054 1492 1330 1554 sunt,nec
1365 1483 1479 1562 ipsi
1512 1501 1749 1563 quoque
1780 1483 1852 1544 ab
1875 1503 2009 1544 om-

367 1572 541 1634 nibus
571 1571 874 1634 abstinere
906 1591 972 1634 ac
1006 1590 1244 1633 cessare
1277 1572 1531 1635 debent:
1560 1590 1694 1632 nam
1727 1573 2011 1634 sacerdo-

367 1673 461 1725 tes
477 1661 624 1723 alios
646 1662 1053 1743 perﬁciunt,et
1078 1663 1229 1722 hanc
1253 1661 1328 1723 ob
1350 1681 1590 1724 causam
1615 1662 2008 1743 multaaguut.

2093 1219 2312 1297 τάξεως,
2373 1222 2461 1276 καὶ

2095 591 2226 667 πρὸς
2280 590 2379 658 τὴν
2435 598 2526 647 τοῦ
2582 601 2860 670 φωτισμοῦ
2915 593 3157 676 τελετὴν²
3223 595 3355 665 αὕτη
3415 597 3746 676 ὑψηλοτέρα,

2099 680 2167 736 ΑΗ
2342 680 2354 698 \
2429 683 2473 737 ὡ
2549 683 2561 700 ο
2680 678 2772 714 ββρ
3013 687 3022 700 ι
3184 685 3194 701 ⁸
3545 685 3568 707 λ
3687 687 3732 708 λς

2141 703 2240 747 υτη
2300 703 2400 758 γαρ
2480 705 2502 743 ς
2545 696 2942 760 υπεροεοηκυῖα
2973 706 3069 752 την
3131 707 3301 760 μέσην
3343 686 3509 767 τάξιν,
3540 687 3751 757 οηλαοη

2096 770 2194 836 τὴν
2260 773 2359 826 τῶν
2408 771 2806 850 φωτιζομένων,
2839 774 2926 830 καὶ
2974 775 3068 840 τὰς
3127 781 3232 833 τῶν
3277 782 3434 856 τριῶν
3478 775 3748 846 ἰδιότητας

2097 859 2240 940 φέρει
2299 859 2353 916 ἐν
2411 861 2596 942 ἑαυτῇ,
2651 861 2746 930 τήν
2809 863 3084 940 κάθαρσιν,
3145 866 3233 920 τὸν
3287 869 3587 945 φωτισμὸν,
3649 870 3752 937 τὴν

2097 948 2393 1030 τελείωσιν,
2443 952 2616 1014 καθὼς
2675 951 2962 1031 κατωτέρω
3024 951 3281 1020 ἓιέξεισιν,
3317 953 3398 1018 Οὔ
3454 956 3618 1038 λέγω,
3666 957 3753 1018 ὅτι

2096 1042 2186 1097 καὶ
2241 1041 2372 1119 πρὸς
2404 1039 2502 1107 τὴν
2563 1047 2668 1098 τῶν
2701 1038 3032 1116 τελουμένων
3081 1045 3379 1122 προσώπων
3435 1050 3751 1128 παράθεσιν’

2095 1128 2149 1186 of
2182 1152 2238 1186 τε
2289 1131 2390 1208 γὰρ
2420 1128 2726 1203 τελούμενοι
2784 1137 2861 1204 τῷ
2903 1133 3229 1209 βσπτίσματι
3289 1142 3388 1204 τῆς
3420 1137 3590 1212 μέσης
3650 1140 3759 1197 εἰσὶ

2565 1226 2714 1298 ῖερᾶς
2799 1219 3030 1288 λαωδους
3116 1226 3326 1303 μοίρας,
3387 1231 3472 1292 οἷς
3528 1225 3594 1296 δὴ
3663 1232 3755 1287 καὶ

2093 1308 2268 1366 πολλὰ
2297 1309 2527 1391 ἐφεῖται,
2560 1309 2808 1377 δηλονότι
2867 1313 2926 1368 τὸ
2959 1313 3153 1389 γάμοις
3211 1313 3448 1390 ὁμιλεῖν,
3480 1318 3541 1374 τό
3575 1340 3752 1395 στρα-

2093 1400 2355 1480 τεύεσθαι,
2409 1402 2467 1456 τὸ
2531 1402 2896 1479 πραγματείας
2950 1412 3042 1462 τοῦ
3093 1404 3203 1480 βίου
3263 1409 3756 1486 σαεταχειρρξεσθαι.

2096 1488 2162 1546 Ο’ί
2224 1511 2279 1544 τε
2356 1490 2614 1568 ἱερωσύνῃ
2701 1494 3081 1570 κοσμούμενοι,
3144 1492 3251 1550 οὐδ’
3325 1497 3469 1554 αὐτοὶ
3523 1498 3759 1574 πάμπαν

2093 1578 2154 1633 τὸ
2208 1577 2292 1634 ἐπὶ
2323 1585 2481 1635 πᾶσιν
2527 1579 2775 1647 ἀκίνητον
2805 1581 3102 1661 ὀφείλουσιν
3147 1583 3292 1664 ἔχειν
3325 1587 3409 1642 καὶ
3455 1585 3756 1665 ἆνενέργη-

2095 1683 2207 1723 τον⁵
2262 1667 2590 1725 τελειωτικοὶ
2647 1670 2746 1748 γὰρ
2778 1678 2882 1726 τῶν
2945 1671 3136 1748 ἑτέρων
3194 1677 3241 1729 οἱ
3284 1677 3447 1753 ἱερεῖς
3505 1679 3630 1752 εἰσι,
3662 1678 3761 1734 καὶ

367 1752 479 1826 Qui
508 1770 644 1813 vero
677 1751 1070 1813 monasticum
1105 1752 1436 1814 institutum
1471 1755 2011 1827 sectantur,omni-

2103 1755 2180 1813 διὰ
2227 1765 2382 1816 τοῦτο
2413 1757 2587 1814 πολλὰ
2632 1761 3026 1838 ἐνεργησουσιν,
3062 1763 3120 1820 Οἱ
3151 1761 3204 1819 δὲ
3251 1767 3384 1822 κατὰ
3417 1766 3512 1833 τὴν
3571 1788 3757 1842 μονα-

370 1861 446 1904 no
480 1842 696 1903 mortui
726 1861 860 1904 esse
891 1841 1134 1912 debent,
1169 1841 1571 1921 cruciﬁgendo
1603 1861 1842 1904 carnem
1874 1861 2008 1904 cum

369 1932 774 2012 passsionibus
807 1941 863 1994 et
894 1932 1422 2012 concupiscentiis,
1461 1941 1518 1993 et
1546 1933 1794 1994 vivendo
1818 1933 2010 1994 solum

367 2024 490 2086 Deo
524 2027 586 2085 et
610 2023 723 2084 sibi
756 2022 903 2103 ipsis
930 2042 943 2086 :
972 2023 1098 2084 haec
1130 2024 1292 2084 enim
1319 2031 1406 2082 est
1439 2023 1632 2084 totalis
1663 2022 1920 2102 expiatio
1955 2030 2014 2084 et

367 2112 707 2173 omnimoda
727 2112 951 2191 puritas
980 2112 1276 2174 actionum
1313 2113 1712 2192 propriarum.
1747 2111 1870 2177 Hoc
1895 2112 2011 2173 uti-

367 2220 483 2283 que
514 2221 632 2264 non
663 2203 820 2282 dico,
846 2203 1014 2280 quasi
1038 2204 1142 2264 viri
1173 2203 1364 2264 sancti
1386 2221 1602 2283 scopus
1625 2222 1695 2264 eo
1728 2221 1844 2264 non
1878 2221 2015 2282 spe—

367 2299 506 2364 ctet;
553 2294 655 2354 sed
705 2311 840 2354 cum
887 2293 1045 2353 aliud
1079 2293 1156 2353 sit
1186 2293 1478 2367 τελεῖσθαι,
1515 2311 1621 2354 seu
1653 2294 1923 2372 initiari,
1957 2302 2018 2353 et

363 2381 524 2444 aliud
580 2382 926 2462 τελειοῦσθαι,
977 2401 1084 2444 seu
1132 2383 1344 2463 perﬁci
1373 2401 1438 2444 ac
1472 2383 1811 2444 consecrari
1847 2385 2012 2458 (nam

363 2470 584 2533 initiari
614 2481 702 2534 est
731 2473 856 2535 sive
889 2492 993 2553 per
1028 2473 1422 2552 expiationem
1473 2472 1594 2533 sive
1646 2491 1751 2554 per
1781 2472 2014 2534 illumi-

366 2565 696 2645 nationem,
725 2566 930 2645 perfici
958 2584 1098 2627 vero
1130 2574 1218 2627 est
1251 2583 1354 2645 per
1387 2565 1571 2626 solam
1605 2565 1841 2645 proprie
1878 2564 2011 2626 dic-

366 2662 483 2715 tam
505 2654 1232 2735 perfectionem),przefert
1264 2656 1591 2716 monachos
1618 2653 1731 2716 illis
1753 2655 1854 2736 qui
1875 2653 2010 2715 sim-

364 2743 602 2824 pliciter
623 2743 840 2806 initiati
883 2751 1048 2819 sunt;
1071 2751 1322 2822 expiatis
1355 2744 1583 2806 scilicet
1615 2752 1672 2804 et
1703 2743 2012 2805 illumina-

364 2833 460 2909 tis;
507 2834 787 2914 quoniam
823 2843 879 2896 et
927 2834 1040 2914 ipsi
1099 2834 1310 2895 initiati
1359 2843 1493 2894 sunt
1549 2833 2008 2912 prazstantiores,

363 2941 536 3002 quam
569 2923 980 2988 catechumeni
1013 2922 1563 3004 expiatione,atque
1595 2922 1843 3002 insuper
1866 2923 2013 2986 illu-

365 3014 724 3072 minatorum
749 3013 1024 3074 ordinem
1053 3010 1418 3090 praecedunt,
1453 3029 1627 3090 quem
1657 3020 1719 3074 et
1749 3011 2010 3074 medium

365 3102 930 3181 appellat,videlicet
951 3101 1263 3164 laicorum.
1295 3100 1436 3161 Cum
1470 3119 1608 3162 vero
1641 3119 1858 3162 nomen
1889 3101 2008 3164 ini-
2029 3101 2069 3152 C
2095 3103 2235 3169 τάξιν

2095 1849 2261 1926 χικῆν
2323 1847 2728 1924 πολιτευόμενοι
2789 1848 3140 1919 διακόσμησιν
3199 1859 3370 1933 νεκροὶ
3413 1857 3472 1912 τὸ
3531 1855 3760 1914 σύνολον

2097 1936 2392 2016 ὀφείλουσιν
2429 1951 2569 1995 εῖναι
2603 1938 2657 1996 ἐν
2687 1941 2763 2014 τῷ
2796 1947 3102 2018 σταυρῶσαῖ
3152 1943 3248 2011 τὴν
3280 1945 3449 2022 σάρκα
3484 1946 3576 2002 σὺν
3626 1949 3759 2010 τοῖς

2097 2029 2374 2102 παθήμασι
2427 2030 2511 2084 καὶ
2565 2042 2686 2092 ταῖς
2747 2029 3064 2107 ἐπιθυμίαις,
3111 2035 3199 2089 καὶ
3252 2035 3350 2106 ζῆν
3410 2057 3588 2110 μονως
3633 2043 3760 2109 Θεῷ

2097 2119 2184 2174 καὶ
2243 2117 2475 2180 ἐαυτοῖς⁸
2540 2126 2694 2176 τοῦτο
2745 2121 2843 2199 γάρ
2877 2119 3018 2177 ἔστιν
3075 2124 3109 2190 ἡ
3162 2121 3601 2202 ὸλικὴκαθαρσις
3658 2128 3756 2182 καὶ

2098 2206 2134 2272 ἡ
2166 2207 2437 2274 παντελὴς
2471 2209 2575 2263 τῶν
2608 2209 2814 2264 οἰκείων
2871 2209 3148 2288 ἐνεργειών
3181 2212 3436 2289 ἁγνότης.
3486 2216 3556 2272 Οὑ
3607 2217 3757 2294 λέγω

2101 2305 2224 2375 γοὺν
2281 2305 2460 2377 τοῦτο,
2492 2297 2574 2353 δσι
2633 2297 2737 2354 οὐδ’
2801 2301 2828 2355 ὁ
2886 2307 2978 2356 τοῦ
3035 2301 3183 2378 ἁγίου
3235 2305 3435 2369 σκοπὸς
3465 2306 3540 2368 εἷς
3596 2315 3759 2364 τοῦτο

2096 2383 2259 2464 ρἐει’
2293 2385 2416 2441 ἀλλ’
2450 2385 2637 2456 ἐπειδὴ
2678 2387 2808 2445 ἄλλο
2841 2387 2948 2445 ἐστὶ
2981 2391 3039 2445 τὸ
3071 2389 3364 2471 σελεῖσθαι,
3402 2395 3495 2448 καὶ
3528 2391 3659 2454 ἄλλο
3692 2397 3758 2450 τὸ

2095 2475 2422 2532 τελειοῦσθαι
2473 2475 2762 2555 (τελεῖσθαι
2820 2479 2918 2557 γὰρ
2976 2477 3086 2535 ἔστι
3144 2481 3233 2536 καὶ
3296 2483 3432 2538 κατὰ
3486 2491 3586 2548 τὴν
3649 2484 3756 2539 κά-

2095 2568 2296 2644 θαρσιν,
2331 2567 2599 2623 τελεῖσθαι
2653 2567 2767 2623 ἔστι
2828 2569 2919 2624 καὶ
2964 2570 3100 2624 κατὰ
3160 2571 3250 2626 τὸν
3294 2572 3592 2650 φωτισμόν
3657 2594 3758 2629 τε-

2095 2653 2358 2712 λειοῦσθοι
2447 2655 2502 2712 δὲ
2573 2657 2710 2712 κατὰ
2791 2658 2961 2731 μόνην
3033 2659 3132 2726 τὴν
3201 2662 3390 2737 κυρίως
3460 2660 3760 2738 τελείωσιν)

2095 2745 2360 2823 προκρίνει
2428 2751 2532 2802 τῶν
2588 2744 2773 2811 ἁπλῶς
2830 2746 3184 2823 τελουμένων,
3219 2757 3324 2805 τῶν
3380 2771 3437 2806 τε
3493 2755 3756 2830 καθαιρο-

2097 2833 2268 2909 μένων
2326 2833 2532 2903 δηλαδὴ
2567 2837 2649 2892 καὶ
2704 2836 2808 2892 τῶν
2840 2837 3240 2915 φωτιζομένων,
3273 2841 3392 2902 τοὺς
3447 2843 3751 2920 μοναχούς·

2095 2927 2168 2988 ὡς
2227 2924 2628 2999 τελειουμένους
2659 2925 2752 2998 μὲν
2806 2927 2892 2983 καὶ
2924 2926 3138 3006 αὖτοὺς,
3173 2928 3293 2984 ἀλλ’
3343 2928 3472 3008 ὑπὲρ
3515 2931 3615 2998 τὴν
3645 2938 3754 2989 τῶν

2095 3013 2523 3094 κατηχουμὲνων
2598 3015 2872 3094 κάθαρσιν,
2931 3017 3018 3072 καὶ
3078 3016 3152 3072 ἔτι
3210 3018 3314 3074 τῶν
3377 3018 3755 3099 φωτιζομένων

2243 3153 2258 3183 ,
2298 3103 2358 3159 ἂν
2418 3106 2506 3160 καὶ
2537 3103 2706 3180 μέσην
2769 3106 2920 3185 φησὶ,
2957 3106 3055 3173 τὴν
3111 3112 3217 3162 τῶν
3265 3107 3470 3164 λαῖκών
3519 3107 3754 3176 δηλαδὴ.

364 3190 632 3253 tiationis
661 3192 801 3270 quid
843 3191 1232 3252 universalius
1260 3191 1335 3250 sit
1364 3209 1537 3271 quam
1571 3210 1788 3253 nomen
1815 3193 2008 3272 perfe-

2103 3197 2163 3251 Γὸ
2213 3193 2267 3249 δὲ
2313 3193 2580 3250 τελεῖσθαι
2634 3193 2824 3271 ὄνομα,
2862 3195 2974 3251 ἐπεὶ
3025 3195 3442 3276 καθόλικώτερόν
3487 3201 3601 3254 ἔστι
3661 3201 3758 3255 τοῦ

366 3280 602 3360 ctionis,
637 3281 861 3343 idcirco
918 3301 1035 3342 non
1091 3281 1169 3342 ita
1222 3288 1383 3342 recte
1430 3299 1740 3361 possumus
1769 3301 1906 3342 cum
1939 3301 2008 3343 eo

363 3371 634 3432 conferre
665 3373 1090 3434 monachorum
1134 3372 1673 3433 consecrationem.
1717 3371 2008 3433 Caeterum

363 3461 643 3541 quoniam
679 3462 1102 3524 monachorum
1138 3461 1308 3535 ordo,
1333 3470 1576 3540 prepter
1603 3461 2008 3522 omnimodam

362 3551 828 3622 sanctitatem.et
847 3551 1240 3632 expiationem
1263 3561 1321 3612 et
1341 3551 1835 3612 illuminationem
1853 3568 2012 3614 com-

364 3639 1008 3721 plectitur,ostenditur
1029 3640 1250 3703 habere
1274 3659 1340 3702 ex
1350 3642 1812 3721 piationem,per
1834 3661 2009 3722 quam

363 3731 538 3793 etiam
591 3731 1055 3793 illuminatorum
1110 3731 1530 3812 proprietatem
1589 3730 1838 3810 obtinet,
1889 3731 2008 3792 imo

366 3821 542 3882 etiam
577 3839 782 3883 eorum
806 3821 905 3901 qui
934 3821 992 3882 in
1011 3819 1226 3901 spiritu
1265 3820 1676 3901 perﬁciuntur;
1703 3819 2006 3882 illumina-

364 3917 558 3970 torum
591 3911 854 3989 quidem,
891 3911 1202 3988 quoniam,
1237 3919 1527 3987 quantum
1560 3912 1643 3970 las
1677 3919 1786 3986 est,
1814 3909 2009 3972 omnis

369 3999 615 4060 actionis
643 4019 827 4061 sacrae
857 4017 964 4080 per
994 3998 1316 4079 spiritalem
1349 3999 1913 4078 contemplationem
1950 4008 2009 4061 et

364 4089 848 4152 communionem
871 4089 1165 4170 particeps
1184 4087 1436 4165 exsistit;
1459 4088 1850 4166 perfectorum
1871 4107 2008 4150 vero

368 4185 509 4260 quia
533 4179 779 4240 virtutes
809 4178 1213 4240 hierarchicas
1252 4176 1642 4258 amplectens,
1679 4177 2011 4261 iisdemque

368 4268 748 4343 exornata,ad
765 4267 1032 4331 scientiae
1045 4285 1230 4329 sacrae
1254 4267 1679 4347 perfectionem
1708 4285 1811 4348 pro
1837 4278 2010 4349 captu

365 4358 714 4422 adducitur:
747 4359 824 4420 ita
842 4366 905 4420 ut
919 4359 1056 4439 jure
1079 4358 1291 4418 merito
1315 4356 1647 4419 istiusmodi
1671 4357 1904 4422 vivendi
1927 4357 2014 4420 in-

368 4449 633 4512 stitutum
658 4447 916 4510 sublime
935 4447 1079 4525 quid
1104 4446 1482 4518 habeat,cum
1515 4450 1572 4507 in
1597 4465 1661 4508 se
1679 4457 1797 4508 tres
1816 4447 2013 4510 initia-

368 4546 562 4600 torum
591 4537 833 4600 ordines
854 4536 1462 4618 complectatur.Hinc
1486 4535 1664 4597 divini
1692 4549 2017 4617 praecepto-

367 4647 465 4690 res
497 4627 680 4690 nostri
718 4626 931 4688 divinis
976 4624 1315 4688 nominibus
1359 4645 1462 4686 eos
1492 4627 1881 4701 bonorarunt,
1914 4627 2015 4688 alii

369 4719 604 4798 quidem
632 4717 918 4796 cultores,
953 4715 1049 4777 alii
1081 4734 1221 4777 vero
1265 4735 1340 4777 mi
1368 4715 1588 4776 nachos
1630 4715 2009 4796 appellando.

374 4808 647 4871 Cultores
674 4806 1012 4887 quidem,ut
1032 4806 1130 4886 qui
1161 4805 1428 4868 divinum
1458 4805 1597 4866 258
1625 4804 1857 4867 Numen
1883 4811 2010 4867 sin-

369 4914 506 4958 cere
527 4897 818 4970 colerent;
839 4895 1164 4956 monachos
1190 4912 1322 4956 vero
1346 4895 1522 4975 utqui
1544 4895 1615 4956 ad
1649 4895 2011 4956 individuam

371 4996 430 5048 et
451 4985 811 5065 singularem
837 4985 1018 5046 vitam
1046 4986 1540 5064 aspirarent,quae
1570 4983 1854 5045 nimirum
1889 4984 2016 5046 illos

371 5075 638 5148 uniﬁcet,
667 5083 725 5136 et
749 5075 1107 5135 uniformem
1151 5075 1355 5136 afferat
1387 5074 1789 5152 cognitionem
1820 5096 1833 5138 :
1865 5075 2018 5136 hanc

371 5167 528 5229 enim
556 5163 876 5226 monadem
901 5172 1070 5225 vocat
1100 5164 1376 5241 (scientia
1407 5163 1566 5224 enim
1600 5164 1765 5227 unita
1797 5165 2018 5237 est,si-

370 5266 468 5319 cut
499 5255 829 5334 ignorantia
886 5262 977 5314 est
1022 5252 1332 5314 multitudo
1368 5271 1569 5313 rerum
1621 5254 1679 5312 in
1715 5253 1898 5315 multa
1928 5254 2022 5315 di-

367 5362 661 5426 versaque
698 5341 1174 5422 distractarum),
1199 5342 1437 5404 uniﬁcat
1469 5352 1665 5405 autem
1719 5343 2015 5424 quodam-

370 5436 570 5507 modo,
593 5433 732 5496 dum
766 5433 998 5495 scilicet
1029 5431 1214 5494 sacris
1242 5449 1444 5495 rerum
1479 5431 1799 5494 divisarum
1832 5433 2014 5496 colle-

373 5523 673 5587 ctionibus
723 5541 790 5586 se
841 5521 1093 5603 perﬁcit.
1148 5520 1332 5582 Porro
1383 5520 1571 5584 divisa
1615 5521 1711 5585 hic
1743 5523 2023 5584 dicuntur

375 5613 640 5694 symbola
657 5613 854 5692 illa,ut
883 5620 1046 5694 sunt,
1061 5611 1352 5693 cucullus,
1372 5611 1706 5696 scapulare,
1731 5612 2021 5694 cilicium,

2090 3283 2439 3360 τελειοῦσθαι,
2485 3285 2620 3362 πρὸς
2683 3282 2813 3362 ὅπερ
2867 3287 2959 3340 οὐκ
3016 3284 3215 3364 ἔχομεν
3277 3286 3434 3364 Λόγον
3489 3288 3588 3354 τὴν
3644 3293 3755 3343 τῶν

2093 3375 2349 3453 μοναχῶς)
2407 3373 2630 3441 τελετὴν
2691 3377 3020 3452 συγκρίνειν,
3093 3375 3245 3433 Ἀλλ’
3300 3375 3483 3442 ἐπειδὴ
3541 3379 3575 3444 ἡ
3644 3383 3757 3434 τῶν

2094 3471 2353 3542 μοναχῶν
2410 3462 2553 3529 τάξις
2585 3463 2952 3541 περιληπτική
3008 3465 3120 3521 ἐστι
3159 3467 3246 3521 καὶ
3296 3470 3392 3532 τῆς
3441 3467 3753 3545 καθάρσεως

2092 3554 2179 3609 καὶ
2235 3561 2326 3610 τοῦ
2359 3575 2659 3630 φωτισμου,
2696 3551 2779 3608 δια
2825 3558 2925 3620 τῆς
2957 3552 3247 3620 παντελοῦς
3279 3555 3600 3632 ἁγνότητος,
3644 3579 3757 3624 την

2091 3643 2342 3720 κάθαρσιν
2401 3642 2548 3722 ἔχειν
2600 3645 2930 3723 ἐμφαίνεται,
2971 3644 3087 3718 μεθ’
3139 3645 3322 3711 ἦνκαὶ
3379 3646 3439 3700 τὸ
3470 3651 3577 3702 τῶν
3636 3668 3755 3725 τρω-

2093 3732 2380 3808 τιζομένιην
2441 3729 2578 3787 ἴδιον
2611 3730 2980 3805 ἑπικέκτηται,
3016 3731 3092 3789 ἔτι
3141 3731 3195 3789 δὲ
3228 3735 3313 3790 καὶ
3344 3739 3450 3790 τῶν
3506 3733 3758 3792 τελειου-

2090 3821 2264 3897 μένων
2326 3821 2378 3877 ἓν
2431 3823 2714 3898 πνεύματι,
2775 3823 2882 3878 τῶν
2943 3823 3040 3897 μὲν
3100 3823 3497 3902 φωτιζομένων,
3569 3824 3653 3880 ὅτι
3699 3823 3756 3880 ἐν

2089 3918 2244 3990 νοερᾷ
2301 3913 2492 3991 θεωρίᾳ
2550 3913 2640 3967 καί
2716 3913 2964 3984 κοινωνίᾳ
3044 3912 3245 3991 πάσης,
3306 3913 3436 3978 ὅσης
3505 3915 3753 3993 θεμιτὸν,

2087 4002 2382 4080 ἱερουργίας
2443 4002 2665 4078 γίνεται·
2713 4000 2819 4057 τῶν
2877 4001 2931 4056 δὲ
2983 4000 3392 4078 τελειουμένων,
3427 4000 3533 4082 ὅτι,
3571 4002 3760 4082 ἔγχει.

2092 4090 2344 4170 ριζομένη
2399 4104 2520 4156 ταῖς
2548 4093 2888 4171 ἱεραρχικαῖς
2938 4089 3186 4165 δυνάμεσι
3242 4092 3328 4147 καὶ
3359 4091 3499 4168 παρὰ
3555 4093 3756 4149 τούτων

2094 4179 2556 4256 διακοσμουμένη,
2615 4181 2746 4258 πρὸς
2817 4185 2915 4247 τῆν
2973 4185 3073 4248 τῆς
3127 4183 3265 4259 ίερᾶς
3313 4180 3619 4256 ἐπιστήμης
3672 4203 3759 4237 τε·

2095 4269 2306 4327 λείωσιν
2350 4269 2627 4348 ἀναλόγως
2687 4269 2964 4350 ἀνάγεται,
2997 4270 3134 4328 ὥστε
3185 4267 3402 4334 εἰκότως
3437 4274 3471 4342 ἦ
3527 4272 3755 4338 τοιαύτη

2098 4360 2342 4416 πολιτεία
2387 4362 2445 4416 τὸ
2475 4359 2683 4434 ὑψηλὸν
2745 4358 2888 4439 ἔχει,
2923 4360 3013 4422 τὰς
3077 4372 3222 4438 τρεῖς
3253 4365 3355 4415 τῶν
3419 4358 3759 4436 τελουμένων

2097 4449 2267 4515 τάξείς
2311 4448 2365 4505 ἐν
2397 4449 2558 4525 ἑαυτῇ
2617 4449 2988 4528 περιφέρουσα.
3027 4447 3222 4507 ’Ἔνθεν
3253 4450 3296 4505 oi
3326 4451 3466 4505 θεῖοι
3507 4453 3757 4527 καθηγε-

2097 4540 2260 4616 μόνες
2315 4539 2494 4615 ἡμῶν,
2557 4540 2707 4595 θείων
2765 4538 3080 4614 ἐπωνυμιῶν
3138 4539 3321 4603 αὐτοὺς
3394 4539 3757 4615 κατηξίωσαν,

2097 4632 2144 4686 οἱ
2211 4629 2307 4704 μέν
2377 4630 2719 4707 θεραπευτὰς,
2781 4631 2826 4684 o't
2898 4626 2951 4683 δὲ
3019 4629 3291 4707 μοναχυὺς
3367 4628 3754 4702 ὀνομάσαντες

2096 4719 2421 4797 θεραπευτὰς
2459 4719 2554 4792 μὲν
2607 4719 2680 4780 ὡς
2721 4719 2782 4773 τὸ
2841 4725 2998 4773 Θεῖον
3049 4720 3286 4796 καθαρῶς
3341 4717 3756 4794 θεραπεύοντας·

2097 4808 2376 4886 μοναχοὺς
2435 4806 2512 4886 δὲ,
2565 4809 2638 4870 ὡς
2697 4808 2828 4884 πρὸς
2883 4805 3166 4886 ἀμέριστον
3217 4807 3304 4862 καὶ
3358 4805 3556 4863 ἑνιαίαν
3608 4806 3761 4876 ζωὴν

2095 4901 2490 4971 καταντῶντας,
2546 4896 2664 4963 ἥτις
2722 4896 2788 4963 δὴ
2843 4897 3009 4952 ἑνιαία
3064 4896 3162 4967 Coi.
3213 4895 3536 4951 ἑνοποιοῦσα
3567 4896 3760 4957 αὐτοὺς

2099 4989 2169 5051 είς
2232 4985 2432 5058 ἐνοειδῆ
2463 4993 2686 5064 γνῶσιν·
2743 4985 2939 5052 ταύτην
2972 4987 3069 5063 γὰρ
3124 4983 3271 5061 λέγει
3311 4982 3517 5058 μονάδα
3548 4985 3598 5057 (ἡ
3659 4985 3765 5061 γὰρ

2100 5083 2294 5154 γνῶσις
2350 5077 2542 5146 ὲνιαία,
2575 5079 2648 5137 ὡς
2679 5077 2712 5143 ἡ
2765 5074 2952 5150 ἄγνοια
2982 5073 3043 5130 π)
3058 5077 3183 5143 ἦθος
3215 5072 3612 5148 ἐσκεδασμένων
3681 5075 3763 5135 εἷς

2102 5165 2274 5223 πολλὰ
2324 5167 2412 5222 καὶ
2471 5163 2740 5244 διάφορα),
2775 5164 3088 5221 ἐνοποιούσα
3116 5161 3170 5219 δέ
3225 5185 3365 5238 πως,
3399 5161 3652 5229 δηλονότι
3708 5161 3766 5216 ἐν

2104 5268 2226 5320 ταῖς
2278 5259 2446 5334 ἱεραῖς
2480 5261 2584 5312 τῶν
2641 5253 2913 5333 διαιρετῶν
2959 5251 3283 5329 σύμπτύξεσι
3315 5251 3542 5312 τελειοῖ.
3592 5259 3767 5307 Διαι-

2101 5345 2225 5424 ρετά
2270 5343 2324 5401 δέ
2377 5347 2474 5402 εἶσι
2529 5345 2594 5402 τὰ
2653 5344 2870 5401 ἐνταῦθα
2933 5341 3196 5418 σύμϐολα,
3252 5343 3313 5398 τὸ
3367 5339 3703 5415 κουκούλιον,
3740 5342 3770 5395 ὃ

2103 5432 2390 5508 ἀνάλαϐος,
2436 5435 2496 5490 τὸ
2552 5435 2811 5514 τρίχινον,
2837 5434 2898 5489 τὸ
2950 5431 3141 5508 μέλαν,
3171 5432 3257 5488 καὶ
3300 5431 3365 5488 τὰ
3415 5436 3650 5503 τοιαῦτα,
3689 5433 3773 5484 ὧν

2103 5524 2324 5581 ἕκαστον
2384 5523 2600 5599 ὕψηλῆν
2633 5523 2750 5604 ἔχει
2803 5523 2890 5580 καὶ
2935 5522 3132 5579 ἑνιαίαν
3191 5521 3291 5588 τὴν
3322 5521 3543 5578 ἔννοιανσ
3596 5521 3774 5576 τοῦτο

2104 5610 2202 5694 γάρ
2247 5612 2356 5670 ἐστι
2403 5615 2490 5670 καὶ
2521 5609 2832 5690 σύμπτυξιν.
2897 5609 3102 5668 ’Ἄλλοι
3134 5608 3188 5667 δὲ
3238 5609 3470 5690 διαιρετὰ
3497 5608 3558 5665 τὲι
3603 5608 3767 5684 βιωο
