  <div class='ocr_page' id='page_1' title='image "/cluster/home/n/w/nwhite01/storage/ocr_20150623/3/hvd.32044029831450/292.png"; bbox 0 0 4088 6208; ppageno 0'>
   <div class='ocr_carea' id='block_1_1' title="bbox 349 348 469 427">
    <p class='ocr_par' dir='ltr' id='par_1_1' title="bbox 349 348 469 427">
     <span class='ocr_line' id='line_1_1' title="bbox 349 348 469 427; baseline 0.008 -1"><span class='ocrx_word' id='word_1_1' title='bbox 349 348 469 427; x_wconf 77' lang='grc'><strong>545</strong></span> 
     </span>
    </p>
   </div>
   <div class='ocr_carea' id='block_1_2' title="bbox 837 344 3271 443">
    <p class='ocr_par' dir='ltr' id='par_1_2' title="bbox 837 344 3271 443">
     <span class='ocr_line' id='line_1_2' title="bbox 837 344 3271 443; baseline -0.001 -17"><span class='ocrx_word' id='word_1_2' title='bbox 837 350 933 427; x_wconf 81' lang='lat' dir='ltr'><strong>DE</strong></span> <span class='ocrx_word' id='word_1_3' title='bbox 976 359 1274 428; x_wconf 84' lang='lat' dir='ltr'><strong>EGGLES.</strong></span> <span class='ocrx_word' id='word_1_4' title='bbox 1323 344 1777 443; x_wconf 81' lang='lat' dir='ltr'><strong>HIERARCH.,</strong></span> <span class='ocrx_word' id='word_1_5' title='bbox 1818 350 1984 427; x_wconf 67' lang='lat' dir='ltr'><strong>cae.</strong></span> <span class='ocrx_word' id='word_1_6' title='bbox 2031 356 2139 429; x_wconf 82' lang='lat' dir='ltr'><strong>v1.</strong></span> <span class='ocrx_word' id='word_1_7' title='bbox 2184 389 2266 408; x_wconf 85' lang='lat'><strong>--</strong></span> <span class='ocrx_word' id='word_1_8' title='bbox 2313 350 2698 426; x_wconf 82' lang='lat' dir='ltr'><strong>PARAPHR.</strong></span> <span class='ocrx_word' id='word_1_9' title='bbox 2752 348 3271 427; x_wconf 64' lang='lat' dir='ltr'><strong>PACHYMEM‘L.</strong></span> 
     </span>
    </p>
   </div>
   <div class='ocr_carea' id='block_1_3' title="bbox 3621 355 3739 426">
    <p class='ocr_par' dir='ltr' id='par_1_3' title="bbox 3621 355 3739 426">
     <span class='ocr_line' id='line_1_3' title="bbox 3621 355 3739 426; baseline 0.008 -1"><span class='ocrx_word' id='word_1_10' title='bbox 3621 355 3739 426; x_wconf 81' lang='grc'><strong>546</strong></span> 
     </span>
    </p>
   </div>
   <div class='ocr_carea' id='block_1_4' title="bbox 352 494 2021 579">
    <p class='ocr_par' dir='ltr' id='par_1_4' title="bbox 352 498 2007 579">
     <span class='ocr_line' id='line_1_4' title="bbox 352 498 2007 579; baseline -0.002 -21"><span class='ocrx_word' id='word_1_11' title='bbox 352 498 477 558; x_wconf 82' lang='grc' dir='ltr'>τικά</span> <span class='ocrx_word' id='word_1_12' title='bbox 528 522 681 579; x_wconf 78' lang='grc' dir='ltr'>φασι,</span> <span class='ocrx_word' id='word_1_13' title='bbox 733 501 822 557; x_wconf 76' lang='grc' dir='ltr'><strong>καὶ</strong></span> <span class='ocrx_word' id='word_1_14' title='bbox 879 498 1166 575; x_wconf 78' lang='grc' dir='ltr'>σόμπτυξιν</span> <span class='ocrx_word' id='word_1_15' title='bbox 1226 501 1324 567; x_wconf 78' lang='grc' dir='ltr'><strong>τὴν</strong></span> <span class='ocrx_word' id='word_1_16' title='bbox 1380 501 1486 559; x_wconf 79' lang='grc' dir='ltr'>ἀπὸ</span> <span class='ocrx_word' id='word_1_17' title='bbox 1546 500 1747 558; x_wconf 76' lang='grc' dir='ltr'>τούτων</span> <span class='ocrx_word' id='word_1_18' title='bbox 1801 498 2007 556; x_wconf 67' lang='grc' dir='ltr'>τελείαν</span> 
     </span>
    </p>
   </div>
   <div class='ocr_carea' id='block_1_5' title="bbox 2108 494 3737 579">
    <p class='ocr_par' dir='ltr' id='par_1_5' title="bbox 2108 494 3737 576">
     <span class='ocr_line' id='line_1_5' title="bbox 2108 494 3737 576; baseline -0.001 -18"><span class='ocrx_word' id='word_1_19' title='bbox 2108 505 2215 559; x_wconf 81' lang='lat' dir='ltr'><strong>itra</strong></span> <span class='ocrx_word' id='word_1_20' title='bbox 2243 495 2445 573; x_wconf 84' lang='lat' dir='ltr'><strong>vestis;</strong></span> <span class='ocrx_word' id='word_1_21' title='bbox 2471 503 2529 558; x_wconf 89' lang='lat' dir='ltr'><strong>et</strong></span> <span class='ocrx_word' id='word_1_22' title='bbox 2547 496 3056 573; x_wconf 75' lang='lat' dir='ltr'><strong>similia,quorum</strong></span> <span class='ocrx_word' id='word_1_23' title='bbox 3079 494 3391 576; x_wconf 73' lang='lat' dir='ltr'><strong>quodlibet</strong></span> <span class='ocrx_word' id='word_1_24' title='bbox 3420 494 3737 559; x_wconf 84' lang='lat' dir='ltr'><strong>sublimem</strong></span> 
     </span>
    </p>
   </div>
   <div class='ocr_carea' id='block_1_6' title="bbox 351 588 2013 669">
    <p class='ocr_par' dir='ltr' id='par_1_6' title="bbox 351 588 2013 669">
     <span class='ocr_line' id='line_1_6' title="bbox 351 588 2013 669; baseline 0 -25"><span class='ocrx_word' id='word_1_25' title='bbox 351 590 441 645; x_wconf 82' lang='grc' dir='ltr'><strong>καὶ</strong></span> <span class='ocrx_word' id='word_1_26' title='bbox 489 588 787 667; x_wconf 77' lang='grc' dir='ltr'>ὁλόκληρον</span> <span class='ocrx_word' id='word_1_27' title='bbox 817 589 1186 669; x_wconf 78' lang='grc' dir='ltr'>ἀναχώρησιν.</span> <span class='ocrx_word' id='word_1_28' title='bbox 1239 592 1338 646; x_wconf 75' lang='grc' dir='ltr'><strong>Διὰ</strong></span> <span class='ocrx_word' id='word_1_29' title='bbox 1366 593 1465 657; x_wconf 83' lang='grc' dir='ltr'><strong>τὴν</strong></span> <span class='ocrx_word' id='word_1_30' title='bbox 1510 592 1758 657; x_wconf 76' lang='grc' dir='ltr'><strong>τοιαύτην</strong></span> <span class='ocrx_word' id='word_1_31' title='bbox 1789 589 2013 646; x_wconf 81' lang='grc' dir='ltr'>τελείω-</span> 
     </span>
    </p>
   </div>
   <div class='ocr_carea' id='block_1_7' title="bbox 353 677 2008 763">
    <p class='ocr_par' dir='ltr' id='par_1_7' title="bbox 353 677 2008 763">
     <span class='ocr_line' id='line_1_7' title="bbox 353 677 2008 763; baseline 0.001 -29"><span class='ocrx_word' id='word_1_32' title='bbox 353 700 437 734; x_wconf 91' lang='grc' dir='ltr'><strong>σιν</strong></span> <span class='ocrx_word' id='word_1_33' title='bbox 469 678 678 746; x_wconf 72' lang='grc' dir='ltr'>ἠξιώθη</span> <span class='ocrx_word' id='word_1_34' title='bbox 721 681 756 747; x_wconf 77' lang='grc' dir='ltr'>ἡ</span> <span class='ocrx_word' id='word_1_35' title='bbox 815 680 1035 745; x_wconf 77' lang='grc' dir='ltr'><strong>τοιαύτη</strong></span> <span class='ocrx_word' id='word_1_36' title='bbox 1091 677 1233 744; x_wconf 77' lang='grc' dir='ltr'>τάξις</span> <span class='ocrx_word' id='word_1_37' title='bbox 1281 682 1366 735; x_wconf 84' lang='grc' dir='ltr'>καὶ</span> <span class='ocrx_word' id='word_1_38' title='bbox 1423 682 1694 753; x_wconf 78' lang='grc' dir='ltr'><strong>ἱερατικῆς</strong></span> <span class='ocrx_word' id='word_1_39' title='bbox 1764 678 2008 763; x_wconf 76' lang='grc' dir='ltr'>τελετής,</span> 
     </span>
    </p>
   </div>
   <div class='ocr_carea' id='block_1_8' title="bbox 352 766 2014 848">
    <p class='ocr_par' dir='ltr' id='par_1_8' title="bbox 352 766 2014 848">
     <span class='ocr_line' id='line_1_8' title="bbox 352 766 2014 848; baseline 0.004 -25"><span class='ocrx_word' id='word_1_40' title='bbox 352 770 442 824; x_wconf 79' lang='grc' dir='ltr'><strong>καὶ</strong></span> <span class='ocrx_word' id='word_1_41' title='bbox 488 769 590 835; x_wconf 68' lang='grc' dir='ltr'>τῆς</span> <span class='ocrx_word' id='word_1_42' title='bbox 622 766 707 826; x_wconf 80' lang='grc' dir='ltr'>διὰ</span> <span class='ocrx_word' id='word_1_43' title='bbox 741 774 844 824; x_wconf 86' lang='grc' dir='ltr'><strong>τῶν</strong></span> <span class='ocrx_word' id='word_1_44' title='bbox 889 769 1067 848; x_wconf 73' lang='grc' dir='ltr'>εὒχῶν</span> <span class='ocrx_word' id='word_1_45' title='bbox 1128 767 1488 839; x_wconf 72' lang='grc' dir='ltr'>ἐπικλήσεως*</span> <span class='ocrx_word' id='word_1_46' title='bbox 1525 769 1664 827; x_wconf 78' lang='grc' dir='ltr'><strong>ὥστέ</strong></span> <span class='ocrx_word' id='word_1_47' title='bbox 1695 768 1773 844; x_wconf 77' lang='grc' dir='ltr'>μὴ</span> <span class='ocrx_word' id='word_1_48' title='bbox 1824 770 2014 845; x_wconf 76' lang='grc' dir='ltr'>μόνους</span> 
     </span>
    </p>
   </div>
   <div class='ocr_carea' id='block_1_9' title="bbox 355 853 2014 940">
    <p class='ocr_par' dir='ltr' id='par_1_9' title="bbox 355 853 2014 940">
     <span class='ocr_line' id='line_1_9' title="bbox 355 853 2014 940; baseline 0 -27"><span class='ocrx_word' id='word_1_49' title='bbox 355 853 447 936; x_wconf 70' lang='grc' dir='ltr'><strong>ἀφ’</strong></span> <span class='ocrx_word' id='word_1_50' title='bbox 494 856 696 916; x_wconf 77' lang='grc' dir='ltr'>ἑαυτῶν</span> <span class='ocrx_word' id='word_1_51' title='bbox 725 856 1103 936; x_wconf 64' lang='grc' dir='ltr'><strong>ἀμφιέννυσθαι</strong></span> <span class='ocrx_word' id='word_1_52' title='bbox 1129 880 1280 922; x_wconf 85' lang='grc' dir='ltr'>τινας</span> <span class='ocrx_word' id='word_1_53' title='bbox 1313 860 1373 914; x_wconf 81' lang='grc' dir='ltr'>τὸ</span> <span class='ocrx_word' id='word_1_54' title='bbox 1402 864 1615 940; x_wconf 67' lang='grc' dir='ltr'>σχῆμα,</span> <span class='ocrx_word' id='word_1_55' title='bbox 1650 857 1788 915; x_wconf 78' lang='grc' dir='ltr'>ἀλλὰ</span> <span class='ocrx_word' id='word_1_56' title='bbox 1830 859 2014 938; x_wconf 81' lang='grc' dir='ltr'>χερσὶν</span> 
     </span>
    </p>
   </div>
   <div class='ocr_carea' id='block_1_10' title="bbox 353 944 2016 1027">
    <p class='ocr_par' dir='ltr' id='par_1_10' title="bbox 353 944 2016 1027">
     <span class='ocr_line' id='line_1_10' title="bbox 353 944 2016 1027; baseline 0.001 -25"><span class='ocrx_word' id='word_1_57' title='bbox 353 949 648 1021; x_wconf 78' lang='grc' dir='ltr'>ἱερατικαϊς</span> <span class='ocrx_word' id='word_1_58' title='bbox 709 948 798 1004; x_wconf 81' lang='grc' dir='ltr'><strong>καὶ</strong></span> <span class='ocrx_word' id='word_1_59' title='bbox 850 947 961 1018; x_wconf 79' lang='grc' dir='ltr'>θείᾳ</span> <span class='ocrx_word' id='word_1_60' title='bbox 1009 944 1289 1018; x_wconf 73' lang='grc' dir='ltr'>ἐπικλήσει</span> <span class='ocrx_word' id='word_1_61' title='bbox 1337 949 1569 1027; x_wconf 79' lang='grc' dir='ltr'>γίνεσθαι</span> <span class='ocrx_word' id='word_1_62' title='bbox 1616 948 1712 1016; x_wconf 75' lang='grc' dir='ltr'>τήν</span> <span class='ocrx_word' id='word_1_63' title='bbox 1757 949 1828 1011; x_wconf 78' lang='grc' dir='ltr'>εἷς</span> <span class='ocrx_word' id='word_1_64' title='bbox 1859 955 2016 1005; x_wconf 80' lang='grc' dir='ltr'>τοῦτο</span> 
     </span>
    </p>
   </div>
   <div class='ocr_carea' id='block_1_11' title="bbox 353 1034 2014 1119">
    <p class='ocr_par' dir='ltr' id='par_1_11' title="bbox 353 1034 2014 1119">
     <span class='ocr_line' id='line_1_11' title="bbox 353 1034 2014 1119; baseline 0.002 -28"><span class='ocrx_word' id='word_1_65' title='bbox 353 1034 654 1093; x_wconf 58' lang='grc' dir='ltr'>τελείωσιν</span> <span class='ocrx_word' id='word_1_66' title='bbox 728 1036 869 1105; x_wconf 74' lang='grc' dir='ltr'>πλὴν</span> <span class='ocrx_word' id='word_1_67' title='bbox 932 1037 1117 1117; x_wconf 74' lang='grc' dir='ltr'>χερσὶν</span> <span class='ocrx_word' id='word_1_68' title='bbox 1174 1041 1270 1096; x_wconf 72' lang='grc' dir='ltr'><strong>οὒκ</strong></span> <span class='ocrx_word' id='word_1_69' title='bbox 1326 1037 1621 1118; x_wconf 78' lang='grc' dir='ltr'>ἀρχιερέων</span> <span class='ocrx_word' id='word_1_70' title='bbox 1687 1036 1863 1119; x_wconf 76' lang='grc' dir='ltr'>(τὸὖτο</span> <span class='ocrx_word' id='word_1_71' title='bbox 1915 1039 2014 1116; x_wconf 77' lang='grc' dir='ltr'><strong>γὰρ</strong></span> 
     </span>
    </p>
   </div>
   <div class='ocr_carea' id='block_1_12' title="bbox 355 1127 2015 1208">
    <p class='ocr_par' dir='ltr' id='par_1_12' title="bbox 355 1127 2015 1208">
     <span class='ocr_line' id='line_1_12' title="bbox 355 1127 2015 1208; baseline 0.001 -27"><span class='ocrx_word' id='word_1_72' title='bbox 355 1127 443 1205; x_wconf 60' lang='grc' dir='ltr'><strong>επὶ</strong></span> <span class='ocrx_word' id='word_1_73' title='bbox 492 1127 671 1201; x_wconf 87' lang='grc' dir='ltr'>μόνων</span> <span class='ocrx_word' id='word_1_74' title='bbox 700 1131 808 1182; x_wconf 86' lang='grc' dir='ltr'><strong>τῶν</strong></span> <span class='ocrx_word' id='word_1_75' title='bbox 865 1129 1143 1204; x_wconf 81' lang='grc' dir='ltr'>ίερατικῶν</span> <span class='ocrx_word' id='word_1_76' title='bbox 1187 1127 1387 1205; x_wconf 80' lang='grc' dir='ltr'>γίνεται</span> <span class='ocrx_word' id='word_1_77' title='bbox 1418 1128 1819 1208; x_wconf 67' lang='grc' dir='ltr'><strong>χειροτονιῶν),</strong></span> <span class='ocrx_word' id='word_1_78' title='bbox 1878 1127 2015 1183; x_wconf 78' lang='grc' dir='ltr'>ἀλλὰ</span> 
     </span>
    </p>
   </div>
   <div class='ocr_carea' id='block_1_13' title="bbox 355 1213 2013 1296">
    <p class='ocr_par' dir='ltr' id='par_1_13' title="bbox 355 1213 2013 1296">
     <span class='ocr_line' id='line_1_13' title="bbox 355 1213 2013 1296; baseline 0 -25"><span class='ocrx_word' id='word_1_79' title='bbox 355 1215 542 1296; x_wconf 79' lang='grc' dir='ltr'>χερσὶν</span> <span class='ocrx_word' id='word_1_80' title='bbox 572 1214 776 1295; x_wconf 80' lang='grc' dir='ltr'>ἱερέων,</span> <span class='ocrx_word' id='word_1_81' title='bbox 812 1220 900 1272; x_wconf 79' lang='grc' dir='ltr'><strong>καὶ</strong></span> <span class='ocrx_word' id='word_1_82' title='bbox 943 1213 1158 1295; x_wconf 79' lang='grc' dir='ltr'><strong>δευτέρᾳ</strong></span> <span class='ocrx_word' id='word_1_83' title='bbox 1202 1216 1341 1290; x_wconf 81' lang='grc' dir='ltr'>μετὰ</span> <span class='ocrx_word' id='word_1_84' title='bbox 1394 1218 1496 1284; x_wconf 77' lang='grc' dir='ltr'>τὴν</span> <span class='ocrx_word' id='word_1_85' title='bbox 1523 1217 1793 1296; x_wconf 77' lang='grc' dir='ltr'>ἱερατικὴν</span> <span class='ocrx_word' id='word_1_86' title='bbox 1854 1215 2013 1274; x_wconf 84' lang='grc' dir='ltr'>τελε-</span> 
     </span>
    </p>
   </div>
   <div class='ocr_carea' id='block_1_14' title="bbox 352 1302 2016 1385">
    <p class='ocr_par' dir='ltr' id='par_1_14' title="bbox 352 1302 2016 1385">
     <span class='ocr_line' id='line_1_14' title="bbox 352 1302 2016 1385; baseline 0.003 -27"><span class='ocrx_word' id='word_1_87' title='bbox 352 1304 477 1371; x_wconf 76' lang='grc' dir='ltr'>τὴν,</span> <span class='ocrx_word' id='word_1_88' title='bbox 539 1303 807 1362; x_wconf 81' lang='grc' dir='ltr'>Ἐντεῦθεν</span> <span class='ocrx_word' id='word_1_89' title='bbox 879 1302 934 1360; x_wconf 80' lang='grc' dir='ltr'>δὲ</span> <span class='ocrx_word' id='word_1_90' title='bbox 1007 1306 1392 1385; x_wconf 72' lang='grc' dir='ltr'>σηρειοόμεθα,</span> <span class='ocrx_word' id='word_1_91' title='bbox 1451 1308 1524 1370; x_wconf 80' lang='grc' dir='ltr'>ὡς</span> <span class='ocrx_word' id='word_1_92' title='bbox 1588 1307 1728 1364; x_wconf 79' lang='grc' dir='ltr'>κατὰ</span> <span class='ocrx_word' id='word_1_93' title='bbox 1778 1307 1868 1362; x_wconf 84' lang='grc' dir='ltr'><strong>τὸν</strong></span> <span class='ocrx_word' id='word_1_94' title='bbox 1922 1314 2016 1363; x_wconf 74' lang='grc' dir='ltr'>τοῦ</span> 
     </span>
    </p>
   </div>
   <div class='ocr_carea' id='block_1_15' title="bbox 355 1391 2011 1475">
    <p class='ocr_par' dir='ltr' id='par_1_15' title="bbox 355 1391 2011 1475">
     <span class='ocr_line' id='line_1_15' title="bbox 355 1391 2011 1475; baseline 0.001 -26"><span class='ocrx_word' id='word_1_95' title='bbox 355 1395 566 1472; x_wconf 80' lang='grc' dir='ltr'>Πατρὸς</span> <span class='ocrx_word' id='word_1_96' title='bbox 595 1394 756 1471; x_wconf 87' lang='grc' dir='ltr'>λόγον</span> <span class='ocrx_word' id='word_1_97' title='bbox 787 1395 846 1450; x_wconf 77' lang='grc' dir='ltr'>οί)</span> <span class='ocrx_word' id='word_1_98' title='bbox 877 1391 965 1451; x_wconf 76' lang='grc' dir='ltr'><strong>δεῖ</strong></span> <span class='ocrx_word' id='word_1_99' title='bbox 988 1399 1183 1474; x_wconf 76' lang='grc' dir='ltr'>σχῆμα</span> <span class='ocrx_word' id='word_1_100' title='bbox 1214 1402 1461 1475; x_wconf 78' lang='grc' dir='ltr'>μοναχοὺ</span> <span class='ocrx_word' id='word_1_101' title='bbox 1480 1395 1771 1454; x_wconf 77' lang='grc' dir='ltr'>ἐπισκοπον</span> <span class='ocrx_word' id='word_1_102' title='bbox 1790 1393 2011 1470; x_wconf 87' lang='grc' dir='ltr'>διδόναι,</span> 
     </span>
    </p>
   </div>
   <div class='ocr_carea' id='block_1_16' title="bbox 356 1481 1140 1562">
    <p class='ocr_par' dir='ltr' id='par_1_16' title="bbox 356 1481 1140 1562">
     <span class='ocr_line' id='line_1_16' title="bbox 356 1481 1140 1562; baseline -0.001 -23"><span class='ocrx_word' id='word_1_103' title='bbox 356 1482 479 1539; x_wconf 69' lang='grc' dir='ltr'>ἀλλ’</span> <span class='ocrx_word' id='word_1_104' title='bbox 509 1483 546 1552; x_wconf 74' lang='grc' dir='ltr'><strong>ἢ</strong></span> <span class='ocrx_word' id='word_1_105' title='bbox 577 1484 741 1558; x_wconf 73' lang='grc' dir='ltr'>μόνον</span> <span class='ocrx_word' id='word_1_106' title='bbox 771 1481 1140 1562; x_wconf 79' lang='grc' dir='ltr'>πρεσϐύτερον,</span> 
     </span>
    </p>
   </div>
   <div class='ocr_carea' id='block_1_17' title="bbox 2096 583 3742 667">
    <p class='ocr_par' dir='ltr' id='par_1_17' title="bbox 2096 583 3742 667">
     <span class='ocr_line' id='line_1_17' title="bbox 2096 583 3742 667; baseline -0.001 -20"><span class='ocrx_word' id='word_1_107' title='bbox 2096 586 2273 648; x_wconf 89' lang='lat' dir='ltr'><strong>habet</strong></span> <span class='ocrx_word' id='word_1_108' title='bbox 2294 594 2351 649; x_wconf 92' lang='lat' dir='ltr'><strong>et</strong></span> <span class='ocrx_word' id='word_1_109' title='bbox 2371 586 2734 665; x_wconf 82' lang='lat' dir='ltr'><strong>singularem</strong></span> <span class='ocrx_word' id='word_1_110' title='bbox 2757 585 3215 664; x_wconf 78' lang='lat' dir='ltr'><strong>intelligentiam</strong></span> <span class='ocrx_word' id='word_1_111' title='bbox 3247 606 3264 659; x_wconf 85' lang='lat'><strong>;</strong></span> <span class='ocrx_word' id='word_1_112' title='bbox 3294 593 3472 667; x_wconf 91' lang='lat' dir='ltr'><strong>atque</strong></span> <span class='ocrx_word' id='word_1_113' title='bbox 3492 585 3603 647; x_wconf 90' lang='lat' dir='ltr'><strong>hoc</strong></span> <span class='ocrx_word' id='word_1_114' title='bbox 3624 583 3742 647; x_wconf 87' lang='lat' dir='ltr'><strong>sibi</strong></span> 
     </span>
    </p>
   </div>
   <div class='ocr_carea' id='block_1_18' title="bbox 2095 674 3739 754">
    <p class='ocr_par' dir='ltr' id='par_1_18' title="bbox 2095 674 3739 754">
     <span class='ocr_line' id='line_1_18' title="bbox 2095 674 3739 754; baseline -0.002 -16"><span class='ocrx_word' id='word_1_115' title='bbox 2095 676 2219 738; x_wconf 82' lang='lat' dir='ltr'><strong>vult</strong></span> <span class='ocrx_word' id='word_1_116' title='bbox 2276 694 2380 737; x_wconf 86' lang='lat' dir='ltr'><strong>vox</strong></span> <span class='ocrx_word' id='word_1_117' title='bbox 2443 675 2546 736; x_wconf 90' lang='lat' dir='ltr'><strong>illa</strong></span> <span class='ocrx_word' id='word_1_118' title='bbox 2596 676 2864 754; x_wconf 65' lang='grc' dir='ltr'>σύμτδξις,</span> <span class='ocrx_word' id='word_1_119' title='bbox 2918 692 3025 735; x_wconf 91' lang='lat' dir='ltr'><strong>seu</strong></span> <span class='ocrx_word' id='word_1_120' title='bbox 3085 674 3373 737; x_wconf 77' lang='lat' dir='ltr'><strong>collectio.</strong></span> <span class='ocrx_word' id='word_1_121' title='bbox 3435 674 3551 735; x_wconf 87' lang='lat' dir='ltr'><strong>Alii</strong></span> <span class='ocrx_word' id='word_1_122' title='bbox 3602 692 3739 737; x_wconf 92' lang='lat' dir='ltr'><strong>vero</strong></span> 
     </span>
    </p>
   </div>
   <div class='ocr_carea' id='block_1_19' title="bbox 2097 764 3746 845">
    <p class='ocr_par' dir='ltr' id='par_1_19' title="bbox 2097 764 3746 845">
     <span class='ocr_line' id='line_1_19' title="bbox 2097 764 3746 845; baseline -0.001 -18"><span class='ocrx_word' id='word_1_123' title='bbox 2097 765 2286 827; x_wconf 91' lang='lat' dir='ltr'><strong>divisa</strong></span> <span class='ocrx_word' id='word_1_124' title='bbox 2315 772 2521 827; x_wconf 88' lang='lat' dir='ltr'><strong>vocant</strong></span> <span class='ocrx_word' id='word_1_125' title='bbox 2550 764 2651 827; x_wconf 91' lang='lat' dir='ltr'><strong>illa</strong></span> <span class='ocrx_word' id='word_1_126' title='bbox 2680 783 2811 845; x_wconf 73' lang='lat' dir='ltr'><strong>qum</strong></span> <span class='ocrx_word' id='word_1_127' title='bbox 2841 764 2915 825; x_wconf 87' lang='lat' dir='ltr'><strong>ad</strong></span> <span class='ocrx_word' id='word_1_128' title='bbox 2948 764 3102 825; x_wconf 90' lang='lat' dir='ltr'><strong>hanc</strong></span> <span class='ocrx_word' id='word_1_129' title='bbox 3132 769 3305 826; x_wconf 88' lang='lat' dir='ltr'><strong>vitam</strong></span> <span class='ocrx_word' id='word_1_130' title='bbox 3351 772 3648 844; x_wconf 82' lang='lat' dir='ltr'><strong>spectant,</strong></span> <span class='ocrx_word' id='word_1_131' title='bbox 3685 772 3746 827; x_wconf 92' lang='lat' dir='ltr'><strong>et</strong></span> 
     </span>
    </p>
   </div>
   <div class='ocr_carea' id='block_1_20' title="bbox 2095 853 3743 925">
    <p class='ocr_par' dir='ltr' id='par_1_20' title="bbox 2095 853 3743 925">
     <span class='ocr_line' id='line_1_20' title="bbox 2095 853 3743 925; baseline -0.002 -13"><span class='ocrx_word' id='word_1_132' title='bbox 2095 855 2517 921; x_wconf 77' lang='lat' dir='ltr'><strong>collectionem,</strong></span> <span class='ocrx_word' id='word_1_133' title='bbox 2549 855 2861 925; x_wconf 76' lang='lat' dir='ltr'><strong>perfectum</strong></span> <span class='ocrx_word' id='word_1_134' title='bbox 2911 862 2965 910; x_wconf 90' lang='lat' dir='ltr'><strong>et</strong></span> <span class='ocrx_word' id='word_1_135' title='bbox 2993 853 3390 911; x_wconf 88' lang='lat' dir='ltr'><strong>omnimodum</strong></span> <span class='ocrx_word' id='word_1_136' title='bbox 3432 854 3498 908; x_wconf 86' lang='lat' dir='ltr'><strong>ab</strong></span> <span class='ocrx_word' id='word_1_137' title='bbox 3530 853 3620 910; x_wconf 87' lang='lat' dir='ltr'><strong>his</strong></span> <span class='ocrx_word' id='word_1_138' title='bbox 3650 867 3743 910; x_wconf 74' lang='lat' dir='ltr'><strong>rr—</strong></span> 
     </span>
    </p>
   </div>
   <div class='ocr_carea' id='block_1_21' title="bbox 2098 940 3741 1026">
    <p class='ocr_par' dir='ltr' id='par_1_21' title="bbox 2098 940 3741 1026">
     <span class='ocr_line' id='line_1_21' title="bbox 2098 940 3741 1026; baseline -0.001 -18"><span class='ocrx_word' id='word_1_139' title='bbox 2098 947 2620 1026; x_wconf 87' lang='lat' dir='ltr'><strong>cessum.Propter</strong></span> <span class='ocrx_word' id='word_1_140' title='bbox 2640 942 2971 1007; x_wconf 86' lang='lat' dir='ltr'><strong>istiusmodi</strong></span> <span class='ocrx_word' id='word_1_141' title='bbox 3001 940 3434 1022; x_wconf 77' lang='lat' dir='ltr'><strong>perfectionem</strong></span> <span class='ocrx_word' id='word_1_142' title='bbox 3460 941 3607 1005; x_wconf 86' lang='lat' dir='ltr'><strong>ordo</strong></span> <span class='ocrx_word' id='word_1_143' title='bbox 3632 943 3741 1007; x_wconf 89' lang='lat' dir='ltr'><strong>iste</strong></span> 
     </span>
    </p>
   </div>
   <div class='ocr_carea' id='block_1_22' title="bbox 2097 1033 3743 1116">
    <p class='ocr_par' dir='ltr' id='par_1_22' title="bbox 2097 1033 3743 1116">
     <span class='ocr_line' id='line_1_22' title="bbox 2097 1033 3743 1116; baseline -0.002 -18"><span class='ocrx_word' id='word_1_144' title='bbox 2097 1035 2498 1098; x_wconf 88' lang='lat' dir='ltr'><strong>ecclesiastica</strong></span> <span class='ocrx_word' id='word_1_145' title='bbox 2522 1052 2756 1116; x_wconf 86' lang='lat' dir='ltr'><strong>quoque</strong></span> <span class='ocrx_word' id='word_1_146' title='bbox 2790 1033 3243 1095; x_wconf 90' lang='lat' dir='ltr'><strong>consecratione</strong></span> <span class='ocrx_word' id='word_1_147' title='bbox 3271 1033 3483 1112; x_wconf 76' lang='lat' dir='ltr'><strong>dignus</strong></span> <span class='ocrx_word' id='word_1_148' title='bbox 3508 1040 3597 1095; x_wconf 88' lang='lat' dir='ltr'><strong>est</strong></span> <span class='ocrx_word' id='word_1_149' title='bbox 3629 1033 3743 1094; x_wconf 84' lang='lat' dir='ltr'><strong>ha-</strong></span> 
     </span>
    </p>
   </div>
   <div class='ocr_carea' id='block_1_23' title="bbox 2096 1122 3747 1207">
    <p class='ocr_par' dir='ltr' id='par_1_23' title="bbox 2096 1122 3747 1207">
     <span class='ocr_line' id='line_1_23' title="bbox 2096 1122 3747 1207; baseline -0.001 -20"><span class='ocrx_word' id='word_1_150' title='bbox 2096 1125 2275 1202; x_wconf 89' lang='lat' dir='ltr'><strong>bitus,</strong></span> <span class='ocrx_word' id='word_1_151' title='bbox 2310 1136 2368 1189; x_wconf 89' lang='lat' dir='ltr'><strong>et</strong></span> <span class='ocrx_word' id='word_1_152' title='bbox 2398 1144 2639 1207; x_wconf 90' lang='lat' dir='ltr'><strong>precum</strong></span> <span class='ocrx_word' id='word_1_153' title='bbox 2674 1124 3070 1200; x_wconf 83' lang='lat' dir='ltr'><strong>invocatione,</strong></span> <span class='ocrx_word' id='word_1_154' title='bbox 3103 1124 3182 1185; x_wconf 90' lang='lat' dir='ltr'><strong>ita</strong></span> <span class='ocrx_word' id='word_1_155' title='bbox 3229 1131 3293 1185; x_wconf 89' lang='lat' dir='ltr'><strong>nt</strong></span> <span class='ocrx_word' id='word_1_156' title='bbox 3323 1143 3440 1186; x_wconf 90' lang='lat' dir='ltr'><strong>non</strong></span> <span class='ocrx_word' id='word_1_157' title='bbox 3470 1122 3585 1204; x_wconf 88' lang='lat' dir='ltr'><strong>ipsi</strong></span> <span class='ocrx_word' id='word_1_158' title='bbox 3618 1130 3747 1185; x_wconf 85' lang='lat' dir='ltr'><strong>tan-</strong></span> 
     </span>
    </p>
   </div>
   <div class='ocr_carea' id='block_1_24' title="bbox 2102 1212 3747 1294">
    <p class='ocr_par' dir='ltr' id='par_1_24' title="bbox 2102 1212 3747 1294">
     <span class='ocr_line' id='line_1_24' title="bbox 2102 1212 3747 1294; baseline -0.003 -17"><span class='ocrx_word' id='word_1_159' title='bbox 2102 1225 2226 1278; x_wconf 90' lang='lat' dir='ltr'><strong>tum</strong></span> <span class='ocrx_word' id='word_1_160' title='bbox 2259 1235 2325 1278; x_wconf 92' lang='lat' dir='ltr'><strong>se</strong></span> <span class='ocrx_word' id='word_1_161' title='bbox 2360 1214 2557 1277; x_wconf 88' lang='lat' dir='ltr'><strong>habitu</strong></span> <span class='ocrx_word' id='word_1_162' title='bbox 2591 1214 2706 1277; x_wconf 91' lang='lat' dir='ltr'><strong>isto</strong></span> <span class='ocrx_word' id='word_1_163' title='bbox 2732 1213 3002 1294; x_wconf 86' lang='lat' dir='ltr'><strong>induant,</strong></span> <span class='ocrx_word' id='word_1_164' title='bbox 3031 1213 3135 1274; x_wconf 89' lang='lat' dir='ltr'><strong>sed</strong></span> <span class='ocrx_word' id='word_1_165' title='bbox 3169 1213 3441 1274; x_wconf 88' lang='lat' dir='ltr'><strong>manibus</strong></span> <span class='ocrx_word' id='word_1_166' title='bbox 3470 1212 3747 1275; x_wconf 88' lang='lat' dir='ltr'><strong>sacerdo-</strong></span> 
     </span>
    </p>
   </div>
   <div class='ocr_carea' id='block_1_25' title="bbox 2101 1303 3746 1368">
    <p class='ocr_par' dir='ltr' id='par_1_25' title="bbox 2101 1303 3746 1368">
     <span class='ocr_line' id='line_1_25' title="bbox 2101 1303 3746 1368; baseline -0.004 -1"><span class='ocrx_word' id='word_1_167' title='bbox 2101 1313 2222 1368; x_wconf 90' lang='lat' dir='ltr'><strong>tum</strong></span> <span class='ocrx_word' id='word_1_168' title='bbox 2258 1314 2316 1367; x_wconf 89' lang='lat' dir='ltr'><strong>et</strong></span> <span class='ocrx_word' id='word_1_169' title='bbox 2357 1306 2733 1368; x_wconf 89' lang='lat' dir='ltr'><strong>invocatione</strong></span> <span class='ocrx_word' id='word_1_170' title='bbox 2776 1303 2977 1365; x_wconf 88' lang='lat' dir='ltr'><strong>divina</strong></span> <span class='ocrx_word' id='word_1_171' title='bbox 3036 1303 3346 1366; x_wconf 86' lang='lat' dir='ltr'><strong>itiusmodi</strong></span> <span class='ocrx_word' id='word_1_172' title='bbox 3376 1307 3746 1365; x_wconf 78' lang='lat' dir='ltr'><strong>consecratio</strong></span> 
     </span>
    </p>
   </div>
   <div class='ocr_carea' id='block_1_26' title="bbox 2098 1392 3745 1474">
    <p class='ocr_par' dir='ltr' id='par_1_26' title="bbox 2098 1392 3745 1474">
     <span class='ocr_line' id='line_1_26' title="bbox 2098 1392 3745 1474; baseline -0.004 -16"><span class='ocrx_word' id='word_1_173' title='bbox 2098 1395 2585 1471; x_wconf 89' lang='lat' dir='ltr'><strong>celebretur;non</strong></span> <span class='ocrx_word' id='word_1_174' title='bbox 2616 1402 2814 1457; x_wconf 91' lang='lat' dir='ltr'><strong>tamen</strong></span> <span class='ocrx_word' id='word_1_175' title='bbox 2836 1392 3115 1455; x_wconf 90' lang='lat' dir='ltr'><strong>manibus</strong></span> <span class='ocrx_word' id='word_1_176' title='bbox 3138 1392 3553 1474; x_wconf 88' lang='lat' dir='ltr'><strong>episcoporum</strong></span> <span class='ocrx_word' id='word_1_177' title='bbox 3586 1400 3745 1469; x_wconf 89' lang='lat' dir='ltr'><strong>(nam</strong></span> 
     </span>
    </p>
   </div>
   <div class='ocr_carea' id='block_1_27' title="bbox 2097 1479 3748 1558">
    <p class='ocr_par' dir='ltr' id='par_1_27' title="bbox 2097 1479 3748 1558">
     <span class='ocr_line' id='line_1_27' title="bbox 2097 1479 3748 1558; baseline -0.003 -12"><span class='ocrx_word' id='word_1_178' title='bbox 2097 1484 2288 1547; x_wconf 89' lang='lat' dir='ltr'><strong>hocin</strong></span> <span class='ocrx_word' id='word_1_179' title='bbox 2311 1484 2455 1546; x_wconf 88' lang='lat' dir='ltr'><strong>solis</strong></span> <span class='ocrx_word' id='word_1_180' title='bbox 2479 1483 2667 1546; x_wconf 88' lang='lat' dir='ltr'><strong>sacris</strong></span> <span class='ocrx_word' id='word_1_181' title='bbox 2696 1480 3186 1546; x_wconf 83' lang='lat' dir='ltr'><strong>ordinationibus</strong></span> <span class='ocrx_word' id='word_1_182' title='bbox 3200 1482 3309 1558; x_wconf 81' lang='lat' dir='ltr'><strong>fit),</strong></span> <span class='ocrx_word' id='word_1_183' title='bbox 3335 1481 3439 1543; x_wconf 85' lang='lat' dir='ltr'><strong>sed</strong></span> <span class='ocrx_word' id='word_1_184' title='bbox 3470 1479 3748 1544; x_wconf 82' lang='lat' dir='ltr'><strong>manibus</strong></span> 
     </span>
    </p>
   </div>
   <div class='ocr_carea' id='block_1_28' title="bbox 361 1568 3747 1656">
    <p class='ocr_par' dir='ltr' id='par_1_28' title="bbox 361 1568 3747 1656">
     <span class='ocr_line' id='line_1_28' title="bbox 361 1568 3747 1656; baseline -0 -23"><span class='ocrx_word' id='word_1_185' title='bbox 361 1570 767 1647; x_wconf 84' lang='lat' dir='ltr'><strong>sacerdotum,</strong></span> <span class='ocrx_word' id='word_1_186' title='bbox 800 1579 859 1634; x_wconf 92' lang='lat' dir='ltr'><strong>et</strong></span> <span class='ocrx_word' id='word_1_187' title='bbox 888 1571 1155 1635; x_wconf 89' lang='lat' dir='ltr'><strong>secunda</strong></span> <span class='ocrx_word' id='word_1_188' title='bbox 1182 1581 1313 1654; x_wconf 91' lang='lat' dir='ltr'><strong>post</strong></span> <span class='ocrx_word' id='word_1_189' title='bbox 1344 1574 1781 1638; x_wconf 88' lang='lat' dir='ltr'><strong>ecclesiasticos</strong></span> <span class='ocrx_word' id='word_1_190' title='bbox 1798 1573 2043 1638; x_wconf 87' lang='lat' dir='ltr'><strong>ordines</strong></span> <span class='ocrx_word' id='word_1_191' title='bbox 2072 1579 2545 1638; x_wconf 88' lang='lat' dir='ltr'><strong>consecratione.</strong></span> <span class='ocrx_word' id='word_1_192' title='bbox 2578 1572 2802 1656; x_wconf 86' lang='lat' dir='ltr'><strong>Itaque,</strong></span> <span class='ocrx_word' id='word_1_193' title='bbox 2839 1571 3173 1635; x_wconf 88' lang='lat' dir='ltr'><strong>secundum</strong></span> <span class='ocrx_word' id='word_1_194' title='bbox 3210 1571 3388 1653; x_wconf 83' lang='lat' dir='ltr'><strong>hujus</strong></span> <span class='ocrx_word' id='word_1_195' title='bbox 3411 1571 3605 1635; x_wconf 83' lang='lat' dir='ltr'><strong>sancti</strong></span> <span class='ocrx_word' id='word_1_196' title='bbox 3631 1568 3747 1635; x_wconf 88' lang='lat' dir='ltr'><strong>Pa-</strong></span> 
     </span>
    </p>
   </div>
   <div class='ocr_carea' id='block_1_29' title="bbox 364 1660 3028 1745">
    <p class='ocr_par' dir='ltr' id='par_1_29' title="bbox 364 1660 3028 1745">
     <span class='ocr_line' id='line_1_29' title="bbox 364 1660 3028 1745; baseline 0 -22"><span class='ocrx_word' id='word_1_197' title='bbox 364 1661 475 1724; x_wconf 88' lang='lat' dir='ltr'><strong>tris</strong></span> <span class='ocrx_word' id='word_1_198' title='bbox 504 1660 706 1737; x_wconf 83' lang='lat' dir='ltr'><strong>verba,</strong></span> <span class='ocrx_word' id='word_1_199' title='bbox 740 1679 861 1725; x_wconf 90' lang='lat' dir='ltr'><strong>non</strong></span> <span class='ocrx_word' id='word_1_200' title='bbox 887 1660 1073 1724; x_wconf 86' lang='lat' dir='ltr'><strong>debet</strong></span> <span class='ocrx_word' id='word_1_201' title='bbox 1101 1671 1427 1745; x_wconf 81' lang='lat' dir='ltr'><strong>episcOpus</strong></span> <span class='ocrx_word' id='word_1_202' title='bbox 1465 1664 1608 1728; x_wconf 89' lang='lat' dir='ltr'><strong>dare</strong></span> <span class='ocrx_word' id='word_1_203' title='bbox 1635 1663 1903 1727; x_wconf 90' lang='lat' dir='ltr'><strong>habitum</strong></span> <span class='ocrx_word' id='word_1_204' title='bbox 1939 1663 2354 1727; x_wconf 88' lang='lat' dir='ltr'><strong>monasticum.</strong></span> <span class='ocrx_word' id='word_1_205' title='bbox 2386 1664 2497 1727; x_wconf 88' lang='lat' dir='ltr'><strong>sed</strong></span> <span class='ocrx_word' id='word_1_206' title='bbox 2529 1663 2693 1727; x_wconf 90' lang='lat' dir='ltr'><strong>solus</strong></span> <span class='ocrx_word' id='word_1_207' title='bbox 2724 1661 3028 1725; x_wconf 88' lang='lat' dir='ltr'><strong>sacerdos.</strong></span> 
     </span>
    </p>
   </div>
   <div class='ocr_carea' id='block_1_30' title="bbox 961 1783 1416 1861">
    <p class='ocr_par' dir='ltr' id='par_1_30' title="bbox 961 1783 1416 1861">
     <span class='ocr_line' id='line_1_30' title="bbox 961 1783 1416 1861; baseline 0 -24"><span class='ocrx_word' id='word_1_208' title='bbox 961 1789 1029 1843; x_wconf 86' lang='lat' dir='ltr'><strong>II.</strong></span> <span class='ocrx_word' id='word_1_209' title='bbox 1083 1783 1416 1861; x_wconf 70' lang='grc' dir='ltr'>Μυστήριον,</span> 
     </span>
    </p>
   </div>
   <div class='ocr_carea' id='block_1_31' title="bbox 438 1877 2015 1961">
    <p class='ocr_par' dir='ltr' id='par_1_31' title="bbox 438 1877 2015 1961">
     <span class='ocr_line' id='line_1_31' title="bbox 438 1877 2015 1961; baseline 0.003 -26"><span class='ocrx_word' id='word_1_210' title='bbox 438 1877 676 1946; x_wconf 77' lang='grc' dir='ltr'>Ἐστηκε</span> <span class='ocrx_word' id='word_1_211' title='bbox 735 1878 832 1954; x_wconf 75' lang='grc' dir='ltr'>μὲν</span> <span class='ocrx_word' id='word_1_212' title='bbox 862 1881 889 1936; x_wconf 80' lang='grc' dir='ltr'><strong>ὁ</strong></span> <span class='ocrx_word' id='word_1_213' title='bbox 947 1880 1114 1959; x_wconf 74' lang='grc' dir='ltr'>ἱερεὺς</span> <span class='ocrx_word' id='word_1_214' title='bbox 1177 1882 1282 1960; x_wconf 71' lang='grc' dir='ltr'>οὐχ</span> <span class='ocrx_word' id='word_1_215' title='bbox 1341 1882 1368 1938; x_wconf 85' lang='grc' dir='ltr'>ὁ</span> <span class='ocrx_word' id='word_1_216' title='bbox 1398 1880 1706 1961; x_wconf 74' lang='grc' dir='ltr'>ἀρχιερεὺς,</span> <span class='ocrx_word' id='word_1_217' title='bbox 1735 1889 1829 1940; x_wconf 83' lang='grc' dir='ltr'>τοῦ</span> <span class='ocrx_word' id='word_1_218' title='bbox 1879 1881 2015 1940; x_wconf 86' lang='grc' dir='ltr'>θείου</span> 
     </span>
    </p>
   </div>
   <div class='ocr_carea' id='block_1_32' title="bbox 354 1966 2016 2051">
    <p class='ocr_par' dir='ltr' id='par_1_32' title="bbox 354 1966 2016 2051">
     <span class='ocr_line' id='line_1_32' title="bbox 354 1966 2016 2051; baseline 0.002 -27"><span class='ocrx_word' id='word_1_219' title='bbox 354 1969 733 2046; x_wconf 70' lang='grc' dir='ltr'>θυσιαστηρίου</span> <span class='ocrx_word' id='word_1_220' title='bbox 778 1966 1094 2050; x_wconf 81' lang='grc' dir='ltr'>ἔμπροσθεν,</span> <span class='ocrx_word' id='word_1_221' title='bbox 1125 1968 1418 2048; x_wconf 83' lang='grc' dir='ltr'>ἱερολογῶν</span> <span class='ocrx_word' id='word_1_222' title='bbox 1448 1970 1547 2040; x_wconf 67' lang='grc' dir='ltr'><strong>τήν</strong></span> <span class='ocrx_word' id='word_1_223' title='bbox 1596 1972 1789 2051; x_wconf 60' lang='grc' dir='ltr'>εὐχήν</span> <span class='ocrx_word' id='word_1_224' title='bbox 1823 1970 2016 2040; x_wconf 78' lang='grc' dir='ltr'>ἕστηκε</span> 
     </span>
    </p>
   </div>
   <div class='ocr_carea' id='block_1_33' title="bbox 359 2053 2017 2135">
    <p class='ocr_par' dir='ltr' id='par_1_33' title="bbox 359 2053 2017 2135">
     <span class='ocr_line' id='line_1_33' title="bbox 359 2053 2017 2135; baseline 0.002 -24"><span class='ocrx_word' id='word_1_225' title='bbox 359 2053 418 2112; x_wconf 72' lang='grc' dir='ltr'>δὲ</span> <span class='ocrx_word' id='word_1_226' title='bbox 475 2058 504 2112; x_wconf 82' lang='grc' dir='ltr'>ὁ</span> <span class='ocrx_word' id='word_1_227' title='bbox 559 2054 877 2132; x_wconf 68' lang='grc' dir='ltr'>τελούμενος</span> <span class='ocrx_word' id='word_1_228' title='bbox 936 2057 1106 2114; x_wconf 82' lang='grc' dir='ltr'>ὀπίσω</span> <span class='ocrx_word' id='word_1_229' title='bbox 1162 2059 1255 2114; x_wconf 77' lang='grc' dir='ltr'><strong>τοῦ</strong></span> <span class='ocrx_word' id='word_1_230' title='bbox 1309 2057 1515 2135; x_wconf 75' lang='grc' dir='ltr'>ἱερέως,</span> <span class='ocrx_word' id='word_1_231' title='bbox 1550 2060 1688 2133; x_wconf 80' lang='grc' dir='ltr'>μήτε</span> <span class='ocrx_word' id='word_1_232' title='bbox 1730 2060 1867 2116; x_wconf 82' lang='grc' dir='ltr'>κατὰ</span> <span class='ocrx_word' id='word_1_233' title='bbox 1924 2061 2017 2116; x_wconf 76' lang='grc' dir='ltr'><strong>τὸν</strong></span> 
     </span>
    </p>
   </div>
   <div class='ocr_carea' id='block_1_34' title="bbox 363 2143 2018 2227">
    <p class='ocr_par' dir='ltr' id='par_1_34' title="bbox 363 2143 2018 2227">
     <span class='ocr_line' id='line_1_34' title="bbox 363 2143 2018 2227; baseline 0.002 -28"><span class='ocrx_word' id='word_1_234' title='bbox 363 2143 506 2222; x_wconf 79' lang='grc' dir='ltr'>ἱερέα</span> <span class='ocrx_word' id='word_1_235' title='bbox 560 2143 719 2225; x_wconf 68' lang='grc' dir='ltr'>ἄμφω</span> <span class='ocrx_word' id='word_1_236' title='bbox 747 2145 824 2201; x_wconf 88' lang='grc' dir='ltr'>τὼ</span> <span class='ocrx_word' id='word_1_237' title='bbox 856 2143 981 2201; x_wconf 86' lang='grc' dir='ltr'>πόδε</span> <span class='ocrx_word' id='word_1_238' title='bbox 1024 2144 1239 2227; x_wconf 84' lang='grc' dir='ltr'>κλίνων,</span> <span class='ocrx_word' id='word_1_239' title='bbox 1283 2147 1423 2223; x_wconf 71' lang='grc' dir='ltr'>μήτε</span> <span class='ocrx_word' id='word_1_240' title='bbox 1468 2148 1607 2204; x_wconf 85' lang='grc' dir='ltr'>κατὰ</span> <span class='ocrx_word' id='word_1_241' title='bbox 1652 2148 1743 2204; x_wconf 79' lang='grc' dir='ltr'>τὸν</span> <span class='ocrx_word' id='word_1_242' title='bbox 1775 2146 2018 2205; x_wconf 83' lang='grc' dir='ltr'>διάκονον</span> 
     </span>
    </p>
   </div>
   <div class='ocr_carea' id='block_1_35' title="bbox 358 2232 2022 2318">
    <p class='ocr_par' dir='ltr' id='par_1_35' title="bbox 358 2232 2022 2318">
     <span class='ocr_line' id='line_1_35' title="bbox 358 2232 2022 2318; baseline 0.004 -28"><span class='ocrx_word' id='word_1_243' title='bbox 358 2234 580 2313; x_wconf 84' lang='grc' dir='ltr'>θάτερον</span> <span class='ocrx_word' id='word_1_244' title='bbox 640 2239 747 2289; x_wconf 85' lang='grc' dir='ltr'><strong>τῶν</strong></span> <span class='ocrx_word' id='word_1_245' title='bbox 805 2232 1004 2314; x_wconf 86' lang='grc' dir='ltr'>ποδῶν,</span> <span class='ocrx_word' id='word_1_246' title='bbox 1062 2236 1199 2309; x_wconf 74' lang='grc' dir='ltr'>μήτε</span> <span class='ocrx_word' id='word_1_247' title='bbox 1261 2235 1370 2311; x_wconf 79' lang='grc' dir='ltr'><strong>μὴν</strong></span> <span class='ocrx_word' id='word_1_248' title='bbox 1427 2258 1563 2294; x_wconf 87' lang='grc' dir='ltr'>κατα</span> <span class='ocrx_word' id='word_1_249' title='bbox 1618 2238 1709 2293; x_wconf 79' lang='grc' dir='ltr'>τὸν</span> <span class='ocrx_word' id='word_1_250' title='bbox 1767 2237 2022 2318; x_wconf 76' lang='grc' dir='ltr'>ἀρχιερέα</span> 
     </span>
    </p>
   </div>
   <div class='ocr_carea' id='block_1_36' title="bbox 362 2322 2014 2406">
    <p class='ocr_par' dir='ltr' id='par_1_36' title="bbox 362 2322 2014 2406">
     <span class='ocr_line' id='line_1_36' title="bbox 362 2322 2014 2406; baseline 0.002 -27"><span class='ocrx_word' id='word_1_251' title='bbox 362 2322 451 2380; x_wconf 68' lang='grc' dir='ltr'>ἰπὶ</span> <span class='ocrx_word' id='word_1_252' title='bbox 509 2322 747 2404; x_wconf 74' lang='grc' dir='ltr'>κεφαλῆς</span> <span class='ocrx_word' id='word_1_253' title='bbox 806 2324 952 2404; x_wconf 68' lang='grc' dir='ltr'>ἔχων</span> <span class='ocrx_word' id='word_1_254' title='bbox 1009 2325 1071 2382; x_wconf 86' lang='grc' dir='ltr'>τὸ</span> <span class='ocrx_word' id='word_1_255' title='bbox 1112 2328 1261 2382; x_wconf 74' lang='grc' dir='ltr'>θεῖυν</span> <span class='ocrx_word' id='word_1_256' title='bbox 1323 2327 1411 2382; x_wconf 82' lang='grc' dir='ltr'><strong>καὶ</strong></span> <span class='ocrx_word' id='word_1_257' title='bbox 1467 2328 1605 2406; x_wconf 80' lang='grc' dir='ltr'>ἱερὸν</span> <span class='ocrx_word' id='word_1_258' title='bbox 1671 2327 2014 2406; x_wconf 76' lang='grc' dir='ltr'>Εὖαγγέλιον⁹</span> 
     </span>
    </p>
   </div>
   <div class='ocr_carea' id='block_1_37' title="bbox 359 2411 2015 2497">
    <p class='ocr_par' dir='ltr' id='par_1_37' title="bbox 359 2411 2015 2497">
     <span class='ocr_line' id='line_1_37' title="bbox 359 2411 2015 2497; baseline 0.004 -27"><span class='ocrx_word' id='word_1_259' title='bbox 359 2414 526 2490; x_wconf 79' lang='grc' dir='ltr'>μόνον</span> <span class='ocrx_word' id='word_1_260' title='bbox 569 2411 624 2469; x_wconf 78' lang='grc' dir='ltr'>δὲ</span> <span class='ocrx_word' id='word_1_261' title='bbox 682 2412 909 2480; x_wconf 85' lang='grc' dir='ltr'>πλησίον</span> <span class='ocrx_word' id='word_1_262' title='bbox 973 2420 1069 2471; x_wconf 81' lang='grc' dir='ltr'>τοῦ</span> <span class='ocrx_word' id='word_1_263' title='bbox 1122 2412 1305 2494; x_wconf 74' lang='grc' dir='ltr'>ἱερέως</span> <span class='ocrx_word' id='word_1_264' title='bbox 1355 2414 1573 2472; x_wconf 74' lang='grc' dir='ltr'>’ίσταται</span> <span class='ocrx_word' id='word_1_265' title='bbox 1623 2415 2015 2497; x_wconf 80' lang='grc' dir='ltr'>ἱερολογοῦντος</span> 
     </span>
    </p>
   </div>
   <div class='ocr_carea' id='block_1_38' title="bbox 358 2494 2017 2587">
    <p class='ocr_par' dir='ltr' id='par_1_38' title="bbox 358 2494 2017 2587">
     <span class='ocr_line' id='line_1_38' title="bbox 358 2494 2017 2587; baseline 0.002 -30"><span class='ocrx_word' id='word_1_266' title='bbox 358 2503 460 2571; x_wconf 77' lang='grc' dir='ltr'>τὴν</span> <span class='ocrx_word' id='word_1_267' title='bbox 504 2501 591 2558; x_wconf 62' lang='lat' dir='ltr'><strong>in’</strong></span> <span class='ocrx_word' id='word_1_268' title='bbox 623 2503 766 2575; x_wconf 72' lang='grc' dir='ltr'>αὐτῷ</span> <span class='ocrx_word' id='word_1_269' title='bbox 816 2502 1010 2582; x_wconf 47' lang='lat' dir='ltr'><strong>eia-(15v.</strong></span> <span class='ocrx_word' id='word_1_270' title='bbox 1050 2494 1106 2561; x_wconf 60' lang='grc' dir='ltr'><strong>Ὀ</strong></span> <span class='ocrx_word' id='word_1_271' title='bbox 1164 2503 1345 2579; x_wconf 77' lang='grc' dir='ltr'>μέντοι</span> <span class='ocrx_word' id='word_1_272' title='bbox 1378 2525 1438 2583; x_wconf 87' lang='grc' dir='ltr'><strong>γε</strong></span> <span class='ocrx_word' id='word_1_273' title='bbox 1480 2506 1646 2584; x_wconf 68' lang='grc' dir='ltr'>ἷερεῦς</span> <span class='ocrx_word' id='word_1_274' title='bbox 1674 2494 1786 2573; x_wconf 68' lang='grc' dir='ltr'>τὴν</span> <span class='ocrx_word' id='word_1_275' title='bbox 1813 2494 1820 2496; x_wconf 17' lang='grc' dir='ltr'><strong><em>ὴ</em></strong></span> <span class='ocrx_word' id='word_1_276' title='bbox 1847 2507 2017 2587; x_wconf 70' lang='grc' dir='ltr'>εὖχήν</span> 
     </span>
    </p>
   </div>
   <div class='ocr_carea' id='block_1_39' title="bbox 363 2590 2019 2675">
    <p class='ocr_par' dir='ltr' id='par_1_39' title="bbox 363 2590 2019 2675">
     <span class='ocr_line' id='line_1_39' title="bbox 363 2590 2019 2675; baseline 0.002 -26"><span class='ocrx_word' id='word_1_277' title='bbox 363 2591 610 2668; x_wconf 77' lang='grc' dir='ltr'>τελέσας,</span> <span class='ocrx_word' id='word_1_278' title='bbox 644 2590 731 2648; x_wconf 77' lang='grc' dir='ltr'><strong>ἐπὶ</strong></span> <span class='ocrx_word' id='word_1_279' title='bbox 772 2599 960 2649; x_wconf 79' lang='grc' dir='ltr'>τοῦτον</span> <span class='ocrx_word' id='word_1_280' title='bbox 1017 2591 1205 2673; x_wconf 78' lang='grc' dir='ltr'>ἐλθὼν,</span> <span class='ocrx_word' id='word_1_281' title='bbox 1253 2600 1463 2674; x_wconf 86' lang='grc' dir='ltr'>πρῶτον</span> <span class='ocrx_word' id='word_1_282' title='bbox 1520 2602 1618 2671; x_wconf 82' lang='grc' dir='ltr'>μὲν</span> <span class='ocrx_word' id='word_1_283' title='bbox 1676 2595 1916 2675; x_wconf 75' lang='grc' dir='ltr'>ἐπερωτᾷ</span> <span class='ocrx_word' id='word_1_284' title='bbox 1976 2598 2019 2653; x_wconf 79' lang='grc' dir='ltr'>εἱ</span> 
     </span>
    </p>
   </div>
   <div class='ocr_carea' id='block_1_40' title="bbox 363 2680 2022 2758">
    <p class='ocr_par' dir='ltr' id='par_1_40' title="bbox 363 2680 2022 2758">
     <span class='ocr_line' id='line_1_40' title="bbox 363 2680 2022 2758; baseline 0.002 -21"><span class='ocrx_word' id='word_1_285' title='bbox 363 2680 727 2738; x_wconf 72' lang='grc' dir='ltr'>ἀποτάσσεται</span> <span class='ocrx_word' id='word_1_286' title='bbox 818 2682 1014 2745; x_wconf 79' lang='grc' dir='ltr'>πάσαις</span> <span class='ocrx_word' id='word_1_287' title='bbox 1090 2682 1187 2757; x_wconf 79' lang='grc' dir='ltr'>μὲν</span> <span class='ocrx_word' id='word_1_288' title='bbox 1243 2681 1544 2758; x_wconf 73' lang='grc' dir='ltr'>διαιρεταῒς</span> <span class='ocrx_word' id='word_1_289' title='bbox 1613 2686 1702 2741; x_wconf 87' lang='grc' dir='ltr'>καὶ</span> <span class='ocrx_word' id='word_1_290' title='bbox 1754 2684 2022 2751; x_wconf 81' lang='grc' dir='ltr'>ποικίλαις</span> 
     </span>
    </p>
   </div>
   <div class='ocr_carea' id='block_1_41' title="bbox 366 2768 2018 2853">
    <p class='ocr_par' dir='ltr' id='par_1_41' title="bbox 366 2768 2018 2853">
     <span class='ocr_line' id='line_1_41' title="bbox 366 2768 2018 2853; baseline 0.002 -28"><span class='ocrx_word' id='word_1_291' title='bbox 366 2776 564 2843; x_wconf 84' lang='grc' dir='ltr'>ζωατς,</span> <span class='ocrx_word' id='word_1_292' title='bbox 610 2768 776 2847; x_wconf 72' lang='grc' dir='ltr'>ἤγουν</span> <span class='ocrx_word' id='word_1_293' title='bbox 808 2769 1112 2850; x_wconf 81' lang='grc' dir='ltr'>ἐμπορίαις,</span> <span class='ocrx_word' id='word_1_294' title='bbox 1144 2773 1556 2849; x_wconf 72' lang='grc' dir='ltr'>πραγματείαις,</span> <span class='ocrx_word' id='word_1_295' title='bbox 1588 2772 2018 2853; x_wconf 71' lang='grc' dir='ltr'>συναλλάγμασι,</span> 
     </span>
    </p>
   </div>
   <div class='ocr_carea' id='block_1_42' title="bbox 367 2856 2024 2942">
    <p class='ocr_par' dir='ltr' id='par_1_42' title="bbox 367 2856 2024 2942">
     <span class='ocr_line' id='line_1_42' title="bbox 367 2856 2024 2942; baseline 0.004 -26"><span class='ocrx_word' id='word_1_296' title='bbox 367 2860 457 2916; x_wconf 81' lang='grc' dir='ltr'><strong>καὶ</strong></span> <span class='ocrx_word' id='word_1_297' title='bbox 512 2870 635 2923; x_wconf 79' lang='grc' dir='ltr'>τοῖς</span> <span class='ocrx_word' id='word_1_298' title='bbox 697 2856 901 2925; x_wconf 58' lang='grc' dir='ltr'>ἄλλοις</span> <span class='ocrx_word' id='word_1_299' title='bbox 949 2860 1145 2925; x_wconf 75' lang='grc' dir='ltr'>πάσαις</span> <span class='ocrx_word' id='word_1_300' title='bbox 1202 2858 1255 2915; x_wconf 84' lang='grc' dir='ltr'>δὲ</span> <span class='ocrx_word' id='word_1_301' title='bbox 1312 2865 1647 2942; x_wconf 77' lang='grc' dir='ltr'>φαντασίαις,</span> <span class='ocrx_word' id='word_1_302' title='bbox 1694 2862 1831 2920; x_wconf 83' lang='grc' dir='ltr'>ὥστε</span> <span class='ocrx_word' id='word_1_303' title='bbox 1888 2862 2024 2939; x_wconf 78' lang='grc' dir='ltr'>μηδὲ</span> 
     </span>
    </p>
   </div>
   <div class='ocr_carea' id='block_1_43' title="bbox 366 2947 2026 3029">
    <p class='ocr_par' dir='ltr' id='par_1_43' title="bbox 366 2947 2026 3029">
     <span class='ocr_line' id='line_1_43' title="bbox 366 2947 2026 3029; baseline 0.003 -25"><span class='ocrx_word' id='word_1_304' title='bbox 366 2948 716 3027; x_wconf 75' lang='grc' dir='ltr'>φαντάζεσθαι</span> <span class='ocrx_word' id='word_1_305' title='bbox 776 2956 966 3024; x_wconf 81' lang='grc' dir='ltr'>ταῦτα,</span> <span class='ocrx_word' id='word_1_306' title='bbox 999 2947 1120 3006; x_wconf 80' lang='grc' dir='ltr'>ἀλλ’</span> <span class='ocrx_word' id='word_1_307' title='bbox 1179 2952 1253 3014; x_wconf 84' lang='grc' dir='ltr'>ὡς</span> <span class='ocrx_word' id='word_1_308' title='bbox 1286 2953 1470 3029; x_wconf 82' lang='grc' dir='ltr'>νεκρὸν</span> <span class='ocrx_word' id='word_1_309' title='bbox 1529 2952 1707 3027; x_wconf 84' lang='grc' dir='ltr'>μένειν</span> <span class='ocrx_word' id='word_1_310' title='bbox 1735 2955 1824 3010; x_wconf 86' lang='grc' dir='ltr'><strong>καὶ</strong></span> <span class='ocrx_word' id='word_1_311' title='bbox 1878 2954 2026 3009; x_wconf 81' lang='grc' dir='ltr'>ἀνεν-</span> 
     </span>
    </p>
   </div>
   <div class='ocr_carea' id='block_1_44' title="bbox 366 3040 2025 3119">
    <p class='ocr_par' dir='ltr' id='par_1_44' title="bbox 366 3040 2025 3119">
     <span class='ocr_line' id='line_1_44' title="bbox 366 3040 2025 3119; baseline 0.003 -20"><span class='ocrx_word' id='word_1_312' title='bbox 366 3040 594 3119; x_wconf 78' lang='grc' dir='ltr'>έργητον</span> <span class='ocrx_word' id='word_1_313' title='bbox 653 3040 737 3097; x_wconf 77' lang='grc' dir='ltr'><strong>ἐπὶ</strong></span> <span class='ocrx_word' id='word_1_314' title='bbox 780 3042 987 3105; x_wconf 83' lang='grc' dir='ltr'>τούτοις</span> <span class='ocrx_word' id='word_1_315' title='bbox 1064 3040 1263 3098; x_wconf 74' lang='grc' dir='ltr'>ἅπασιν</span> <span class='ocrx_word' id='word_1_316' title='bbox 1324 3042 1567 3101; x_wconf 80' lang='grc' dir='ltr'>’Ἔπειτα</span> <span class='ocrx_word' id='word_1_317' title='bbox 1640 3042 1872 3103; x_wconf 77' lang='grc' dir='ltr'>διδάσκει</span> <span class='ocrx_word' id='word_1_318' title='bbox 1924 3047 2025 3114; x_wconf 80' lang='grc' dir='ltr'><strong>τὴν</strong></span> 
     </span>
    </p>
   </div>
   <div class='ocr_carea' id='block_1_45' title="bbox 2665 1778 3177 1861">
    <p class='ocr_par' dir='ltr' id='par_1_45' title="bbox 2665 1778 3177 1861">
     <span class='ocr_line' id='line_1_45' title="bbox 2665 1778 3177 1861; baseline 0 -18"><span class='ocrx_word' id='word_1_319' title='bbox 2665 1782 2743 1843; x_wconf 90' lang='grc' dir='ltr'><strong>ΙΙ.</strong></span> <span class='ocrx_word' id='word_1_320' title='bbox 2790 1778 3177 1861; x_wconf 81' lang='lat' dir='ltr'><strong>Myster-ium.</strong></span> 
     </span>
    </p>
   </div>
   <div class='ocr_carea' id='block_1_46' title="bbox 2179 1875 3745 1960">
    <p class='ocr_par' dir='ltr' id='par_1_46' title="bbox 2179 1875 3745 1960">
     <span class='ocr_line' id='line_1_46' title="bbox 2179 1875 3745 1960; baseline -0.004 -16"><span class='ocrx_word' id='word_1_321' title='bbox 2179 1877 2495 1952; x_wconf 87' lang='lat' dir='ltr'><strong>Sacerdos,</strong></span> <span class='ocrx_word' id='word_1_322' title='bbox 2523 1897 2640 1941; x_wconf 93' lang='lat' dir='ltr'><strong>non</strong></span> <span class='ocrx_word' id='word_1_323' title='bbox 2677 1877 3013 1960; x_wconf 83' lang='lat' dir='ltr'><strong>episcopus,</strong></span> <span class='ocrx_word' id='word_1_324' title='bbox 3047 1887 3159 1939; x_wconf 87' lang='lat' dir='ltr'><strong>stat</strong></span> <span class='ocrx_word' id='word_1_325' title='bbox 3188 1885 3327 1940; x_wconf 90' lang='lat' dir='ltr'><strong>ante</strong></span> <span class='ocrx_word' id='word_1_326' title='bbox 3358 1876 3625 1940; x_wconf 81' lang='lat' dir='ltr'><strong>divinum</strong></span> <span class='ocrx_word' id='word_1_327' title='bbox 3655 1875 3745 1938; x_wconf 90' lang='lat' dir='ltr'><strong>al-</strong></span> 
     </span>
    </p>
   </div>
   <div class='ocr_carea' id='block_1_47' title="bbox 2102 1968 3748 2051">
    <p class='ocr_par' dir='ltr' id='par_1_47' title="bbox 2102 1968 3748 2051">
     <span class='ocr_line' id='line_1_47' title="bbox 2102 1968 3748 2051; baseline -0.001 -18"><span class='ocrx_word' id='word_1_328' title='bbox 2102 1978 2225 2033; x_wconf 90' lang='lat' dir='ltr'><strong>tare</strong></span> <span class='ocrx_word' id='word_1_329' title='bbox 2236 1970 2551 2033; x_wconf 87' lang='lat' dir='ltr'><strong>celebrans</strong></span> <span class='ocrx_word' id='word_1_330' title='bbox 2565 1970 2929 2046; x_wconf 89' lang='lat' dir='ltr'><strong>orationem;</strong></span> <span class='ocrx_word' id='word_1_331' title='bbox 2962 1968 3010 2031; x_wconf 91' lang='lat' dir='ltr'><strong>is</strong></span> <span class='ocrx_word' id='word_1_332' title='bbox 3028 1977 3224 2031; x_wconf 89' lang='lat' dir='ltr'><strong>autem</strong></span> <span class='ocrx_word' id='word_1_333' title='bbox 3238 1968 3338 2051; x_wconf 86' lang='lat' dir='ltr'><strong>qui</strong></span> <span class='ocrx_word' id='word_1_334' title='bbox 3366 1976 3748 2032; x_wconf 88' lang='lat' dir='ltr'><strong>consecratur</strong></span> 
     </span>
    </p>
   </div>
   <div class='ocr_carea' id='block_1_48' title="bbox 2100 2057 3743 2142">
    <p class='ocr_par' dir='ltr' id='par_1_48' title="bbox 2100 2057 3743 2142">
     <span class='ocr_line' id='line_1_48' title="bbox 2100 2057 3743 2142; baseline -0.002 -19"><span class='ocrx_word' id='word_1_335' title='bbox 2100 2068 2214 2123; x_wconf 86' lang='lat' dir='ltr'><strong>stat</strong></span> <span class='ocrx_word' id='word_1_336' title='bbox 2244 2068 2376 2142; x_wconf 89' lang='lat' dir='ltr'><strong>post</strong></span> <span class='ocrx_word' id='word_1_337' title='bbox 2404 2058 2798 2134; x_wconf 91' lang='lat' dir='ltr'><strong>sacerdotem,</strong></span> <span class='ocrx_word' id='word_1_338' title='bbox 2834 2078 2944 2121; x_wconf 90' lang='lat' dir='ltr'><strong>nec</strong></span> <span class='ocrx_word' id='word_1_339' title='bbox 2977 2066 3293 2141; x_wconf 88' lang='lat' dir='ltr'><strong>utrumque</strong></span> <span class='ocrx_word' id='word_1_340' title='bbox 3322 2067 3389 2121; x_wconf 86' lang='lat' dir='ltr'><strong>ut</strong></span> <span class='ocrx_word' id='word_1_341' title='bbox 3440 2057 3743 2139; x_wconf 85' lang='lat' dir='ltr'><strong>sacerdos,</strong></span> 
     </span>
    </p>
   </div>
   <div class='ocr_carea' id='block_1_49' title="bbox 2107 2148 3748 2232">
    <p class='ocr_par' dir='ltr' id='par_1_49' title="bbox 2107 2148 3748 2232">
     <span class='ocr_line' id='line_1_49' title="bbox 2107 2148 3748 2232; baseline -0.002 -20"><span class='ocrx_word' id='word_1_342' title='bbox 2107 2169 2303 2232; x_wconf 88' lang='lat' dir='ltr'><strong>neque</strong></span> <span class='ocrx_word' id='word_1_343' title='bbox 2331 2150 2611 2229; x_wconf 87' lang='lat' dir='ltr'><strong>alterum,</strong></span> <span class='ocrx_word' id='word_1_344' title='bbox 2647 2157 2709 2211; x_wconf 91' lang='lat' dir='ltr'><strong>ut</strong></span> <span class='ocrx_word' id='word_1_345' title='bbox 2730 2148 3017 2211; x_wconf 89' lang='lat' dir='ltr'><strong>diaconus</strong></span> <span class='ocrx_word' id='word_1_346' title='bbox 3044 2168 3201 2229; x_wconf 80' lang='lat' dir='ltr'><strong>genu</strong></span> <span class='ocrx_word' id='word_1_347' title='bbox 3231 2150 3433 2229; x_wconf 79' lang='lat' dir='ltr'><strong>flectit,</strong></span> <span class='ocrx_word' id='word_1_348' title='bbox 3463 2168 3652 2229; x_wconf 87' lang='lat' dir='ltr'><strong>neque</strong></span> <span class='ocrx_word' id='word_1_349' title='bbox 3684 2154 3748 2209; x_wconf 91' lang='lat' dir='ltr'><strong>ut</strong></span> 
     </span>
    </p>
   </div>
   <div class='ocr_carea' id='block_1_50' title="bbox 2104 2237 3750 2322">
    <p class='ocr_par' dir='ltr' id='par_1_50' title="bbox 2104 2237 3750 2322">
     <span class='ocr_line' id='line_1_50' title="bbox 2104 2237 3750 2322; baseline -0.002 -20"><span class='ocrx_word' id='word_1_350' title='bbox 2104 2241 2422 2322; x_wconf 87' lang='lat' dir='ltr'><strong>episcopus</strong></span> <span class='ocrx_word' id='word_1_351' title='bbox 2450 2239 2714 2302; x_wconf 89' lang='lat' dir='ltr'><strong>divinum</strong></span> <span class='ocrx_word' id='word_1_352' title='bbox 2747 2256 2815 2301; x_wconf 89' lang='lat' dir='ltr'><strong>ac</strong></span> <span class='ocrx_word' id='word_1_353' title='bbox 2863 2247 3136 2302; x_wconf 89' lang='lat' dir='ltr'><strong>sanctum</strong></span> <span class='ocrx_word' id='word_1_354' title='bbox 3171 2237 3539 2316; x_wconf 82' lang='lat' dir='ltr'><strong>evangelium</strong></span> <span class='ocrx_word' id='word_1_355' title='bbox 3568 2253 3750 2318; x_wconf 73' lang='lat' dir='ltr'><strong>supra</strong></span> 
     </span>
    </p>
   </div>
   <div class='ocr_carea' id='block_1_51' title="bbox 2100 2327 3750 2401">
    <p class='ocr_par' dir='ltr' id='par_1_51' title="bbox 2100 2327 3750 2401">
     <span class='ocr_line' id='line_1_51' title="bbox 2100 2327 3750 2401; baseline -0.002 -15"><span class='ocrx_word' id='word_1_356' title='bbox 2100 2338 2276 2401; x_wconf 87' lang='lat' dir='ltr'><strong>caput</strong></span> <span class='ocrx_word' id='word_1_357' title='bbox 2298 2328 2593 2395; x_wconf 84' lang='lat' dir='ltr'><strong>habet,sed</strong></span> <span class='ocrx_word' id='word_1_358' title='bbox 2623 2334 2844 2387; x_wconf 86' lang='lat' dir='ltr'><strong>tantum</strong></span> <span class='ocrx_word' id='word_1_359' title='bbox 2876 2337 3025 2386; x_wconf 85' lang='lat' dir='ltr'><strong>astat</strong></span> <span class='ocrx_word' id='word_1_360' title='bbox 3052 2328 3329 2386; x_wconf 87' lang='lat' dir='ltr'><strong>sacerdoti</strong></span> <span class='ocrx_word' id='word_1_361' title='bbox 3363 2343 3533 2398; x_wconf 83' lang='lat' dir='ltr'><strong>supra</strong></span> <span class='ocrx_word' id='word_1_362' title='bbox 3562 2327 3750 2397; x_wconf 87' lang='lat' dir='ltr'><strong>ipsum</strong></span> 
     </span>
    </p>
   </div>
   <div class='ocr_carea' id='block_1_52' title="bbox 2100 2415 3749 2501">
    <p class='ocr_par' dir='ltr' id='par_1_52' title="bbox 2100 2415 3749 2501">
     <span class='ocr_line' id='line_1_52' title="bbox 2100 2415 3749 2501; baseline -0.004 -19"><span class='ocrx_word' id='word_1_363' title='bbox 2100 2420 2405 2501; x_wconf 85' lang='lat' dir='ltr'><strong>mysticam</strong></span> <span class='ocrx_word' id='word_1_364' title='bbox 2431 2418 2861 2482; x_wconf 88' lang='lat' dir='ltr'><strong>invocationem</strong></span> <span class='ocrx_word' id='word_1_365' title='bbox 2883 2418 3182 2481; x_wconf 80' lang='lat' dir='ltr'><strong>recitanti.</strong></span> <span class='ocrx_word' id='word_1_366' title='bbox 3248 2420 3327 2479; x_wconf 88' lang='lat' dir='ltr'><strong>Ea</strong></span> <span class='ocrx_word' id='word_1_367' title='bbox 3371 2435 3510 2479; x_wconf 87' lang='lat' dir='ltr'><strong>vero</strong></span> <span class='ocrx_word' id='word_1_368' title='bbox 3562 2415 3749 2490; x_wconf 89' lang='lat' dir='ltr'><strong>ﬁnita,</strong></span> 
     </span>
    </p>
   </div>
   <div class='ocr_carea' id='block_1_53' title="bbox 2101 2508 3751 2582">
    <p class='ocr_par' dir='ltr' id='par_1_53' title="bbox 2101 2508 3751 2582">
     <span class='ocr_line' id='line_1_53' title="bbox 2101 2508 3751 2582; baseline -0.001 -17"><span class='ocrx_word' id='word_1_369' title='bbox 2101 2508 2365 2567; x_wconf 82' lang='lat' dir='ltr'><strong>sacerdos</strong></span> <span class='ocrx_word' id='word_1_370' title='bbox 2396 2508 2465 2566; x_wconf 85' lang='lat' dir='ltr'><strong>ad</strong></span> <span class='ocrx_word' id='word_1_371' title='bbox 2498 2523 2629 2566; x_wconf 86' lang='lat' dir='ltr'><strong>eum</strong></span> <span class='ocrx_word' id='word_1_372' title='bbox 2661 2508 2941 2567; x_wconf 88' lang='lat' dir='ltr'><strong>accedens</strong></span> <span class='ocrx_word' id='word_1_373' title='bbox 2958 2516 3122 2582; x_wconf 79' lang='lat' dir='ltr'><strong>rogat</strong></span> <span class='ocrx_word' id='word_1_374' title='bbox 3154 2509 3343 2579; x_wconf 44' lang='lat' dir='ltr'><strong>ipsum</strong></span> <span class='ocrx_word' id='word_1_375' title='bbox 3372 2508 3646 2578; x_wconf 87' lang='lat' dir='ltr'><strong>primum,</strong></span> <span class='ocrx_word' id='word_1_376' title='bbox 3678 2520 3751 2565; x_wconf 89' lang='lat' dir='ltr'><strong>an</strong></span> 
     </span>
    </p>
   </div>
   <div class='ocr_carea' id='block_1_54' title="bbox 2102 2594 3752 2669">
    <p class='ocr_par' dir='ltr' id='par_1_54' title="bbox 2102 2594 3752 2669">
     <span class='ocr_line' id='line_1_54' title="bbox 2102 2594 3752 2669; baseline -0.003 -8"><span class='ocrx_word' id='word_1_377' title='bbox 2102 2599 2378 2662; x_wconf 90' lang='lat' dir='ltr'><strong>omnibus</strong></span> <span class='ocrx_word' id='word_1_378' title='bbox 2407 2598 2589 2661; x_wconf 88' lang='lat' dir='ltr'><strong>rebus</strong></span> <span class='ocrx_word' id='word_1_379' title='bbox 2641 2598 2898 2662; x_wconf 90' lang='lat' dir='ltr'><strong>dividuis</strong></span> <span class='ocrx_word' id='word_1_380' title='bbox 2943 2606 3001 2660; x_wconf 89' lang='lat' dir='ltr'><strong>et</strong></span> <span class='ocrx_word' id='word_1_381' title='bbox 3030 2598 3184 2661; x_wconf 89' lang='lat' dir='ltr'><strong>vitiis</strong></span> <span class='ocrx_word' id='word_1_382' title='bbox 3217 2596 3393 2659; x_wconf 87' lang='lat' dir='ltr'><strong>variis</strong></span> <span class='ocrx_word' id='word_1_383' title='bbox 3424 2594 3752 2669; x_wconf 89' lang='lat' dir='ltr'><strong>renuntiet,</strong></span> 
     </span>
    </p>
   </div>
   <div class='ocr_carea' id='block_1_55' title="bbox 2103 2686 3752 2769">
    <p class='ocr_par' dir='ltr' id='par_1_55' title="bbox 2103 2686 3752 2769">
     <span class='ocr_line' id='line_1_55' title="bbox 2103 2686 3752 2769; baseline -0.002 -19"><span class='ocrx_word' id='word_1_384' title='bbox 2103 2689 2337 2752; x_wconf 88' lang='lat' dir='ltr'><strong>scilicet</strong></span> <span class='ocrx_word' id='word_1_385' title='bbox 2365 2689 2743 2764; x_wconf 88' lang='lat' dir='ltr'><strong>mercaturis,</strong></span> <span class='ocrx_word' id='word_1_386' title='bbox 2777 2689 3055 2769; x_wconf 86' lang='lat' dir='ltr'><strong>negotiis,</strong></span> <span class='ocrx_word' id='word_1_387' title='bbox 3089 2686 3518 2764; x_wconf 85' lang='lat' dir='ltr'><strong>contractibus,</strong></span> <span class='ocrx_word' id='word_1_388' title='bbox 3557 2695 3616 2748; x_wconf 90' lang='lat' dir='ltr'><strong>et</strong></span> <span class='ocrx_word' id='word_1_389' title='bbox 3665 2686 3752 2748; x_wconf 78' lang='lat' dir='ltr'><strong>si-</strong></span> 
     </span>
    </p>
   </div>
   <div class='ocr_carea' id='block_1_56' title="bbox 2108 2774 3756 2861">
    <p class='ocr_par' dir='ltr' id='par_1_56' title="bbox 2108 2774 3756 2861">
     <span class='ocr_line' id='line_1_56' title="bbox 2108 2774 3756 2861; baseline -0.003 -20"><span class='ocrx_word' id='word_1_390' title='bbox 2108 2779 2372 2861; x_wconf 86' lang='lat' dir='ltr'><strong>milibus;</strong></span> <span class='ocrx_word' id='word_1_391' title='bbox 2407 2780 2545 2841; x_wconf 89' lang='lat' dir='ltr'><strong>item</strong></span> <span class='ocrx_word' id='word_1_392' title='bbox 2579 2778 2861 2840; x_wconf 91' lang='lat' dir='ltr'><strong>omnibus</strong></span> <span class='ocrx_word' id='word_1_393' title='bbox 2893 2778 3215 2861; x_wconf 89' lang='lat' dir='ltr'><strong>phantasiis</strong></span> <span class='ocrx_word' id='word_1_394' title='bbox 3246 2796 3350 2841; x_wconf 89' lang='lat' dir='ltr'><strong>seu</strong></span> <span class='ocrx_word' id='word_1_395' title='bbox 3383 2774 3756 2855; x_wconf 81' lang='lat' dir='ltr'><strong>imaginatio-</strong></span> 
     </span>
    </p>
   </div>
   <div class='ocr_carea' id='block_1_57' title="bbox 2108 2866 3751 2950">
    <p class='ocr_par' dir='ltr' id='par_1_57' title="bbox 2108 2866 3751 2950">
     <span class='ocr_line' id='line_1_57' title="bbox 2108 2866 3751 2950; baseline -0.002 -19"><span class='ocrx_word' id='word_1_396' title='bbox 2108 2869 2284 2932; x_wconf 89' lang='lat' dir='ltr'><strong>nibus</strong></span> <span class='ocrx_word' id='word_1_397' title='bbox 2297 2888 2498 2931; x_wconf 91' lang='lat' dir='ltr'><strong>rerum</strong></span> <span class='ocrx_word' id='word_1_398' title='bbox 2511 2869 2822 2950; x_wconf 86' lang='lat' dir='ltr'><strong>similium,</strong></span> <span class='ocrx_word' id='word_1_399' title='bbox 2848 2879 2911 2930; x_wconf 90' lang='lat' dir='ltr'><strong>ut</strong></span> <span class='ocrx_word' id='word_1_400' title='bbox 2924 2887 2999 2930; x_wconf 90' lang='lat' dir='ltr'><strong>ne</strong></span> <span class='ocrx_word' id='word_1_401' title='bbox 3018 2869 3095 2931; x_wconf 89' lang='lat' dir='ltr'><strong>de</strong></span> <span class='ocrx_word' id='word_1_402' title='bbox 3112 2866 3188 2929; x_wconf 87' lang='lat' dir='ltr'><strong>iis</strong></span> <span class='ocrx_word' id='word_1_403' title='bbox 3204 2866 3444 2949; x_wconf 90' lang='lat' dir='ltr'><strong>quidem</strong></span> <span class='ocrx_word' id='word_1_404' title='bbox 3469 2866 3751 2945; x_wconf 82' lang='lat' dir='ltr'><strong>cogitare,</strong></span> 
     </span>
    </p>
   </div>
   <div class='ocr_carea' id='block_1_58' title="bbox 2107 2953 3751 3040">
    <p class='ocr_par' dir='ltr' id='par_1_58' title="bbox 2107 2953 3751 3040">
     <span class='ocr_line' id='line_1_58' title="bbox 2107 2953 3751 3040; baseline -0.004 -19"><span class='ocrx_word' id='word_1_405' title='bbox 2107 2957 2214 3021; x_wconf 88' lang='lat' dir='ltr'><strong>sed</strong></span> <span class='ocrx_word' id='word_1_406' title='bbox 2246 2966 2521 3040; x_wconf 89' lang='lat' dir='ltr'><strong>tanquam</strong></span> <span class='ocrx_word' id='word_1_407' title='bbox 2548 2953 2844 3034; x_wconf 88' lang='lat' dir='ltr'><strong>mortuus,</strong></span> <span class='ocrx_word' id='word_1_408' title='bbox 2870 2956 2943 3019; x_wconf 91' lang='lat' dir='ltr'><strong>ab</strong></span> <span class='ocrx_word' id='word_1_409' title='bbox 2970 2958 3040 3019; x_wconf 91' lang='lat' dir='ltr'><strong>iis</strong></span> <span class='ocrx_word' id='word_1_410' title='bbox 3062 2956 3342 3019; x_wconf 89' lang='lat' dir='ltr'><strong>omnibus</strong></span> <span class='ocrx_word' id='word_1_411' title='bbox 3364 2953 3751 3035; x_wconf 90' lang='lat' dir='ltr'><strong>penitusabs-</strong></span> 
     </span>
    </p>
   </div>
   <div class='ocr_carea' id='block_1_59' title="bbox 2110 3043 3754 3112">
    <p class='ocr_par' dir='ltr' id='par_1_59' title="bbox 2110 3043 3754 3112">
     <span class='ocr_line' id='line_1_59' title="bbox 2110 3043 3754 3112; baseline -0.002 -3"><span class='ocrx_word' id='word_1_412' title='bbox 2110 3047 2303 3110; x_wconf 89' lang='lat' dir='ltr'><strong>tinere</strong></span> <span class='ocrx_word' id='word_1_413' title='bbox 2333 3048 2492 3112; x_wconf 86' lang='lat' dir='ltr'><strong>velit.</strong></span> <span class='ocrx_word' id='word_1_414' title='bbox 2553 3047 2783 3110; x_wconf 90' lang='lat' dir='ltr'><strong>Deinde</strong></span> <span class='ocrx_word' id='word_1_415' title='bbox 2815 3048 2991 3109; x_wconf 91' lang='lat' dir='ltr'><strong>docet</strong></span> <span class='ocrx_word' id='word_1_416' title='bbox 3021 3047 3328 3109; x_wconf 85' lang='lat' dir='ltr'><strong>monastici</strong></span> <span class='ocrx_word' id='word_1_417' title='bbox 3362 3043 3619 3107; x_wconf 89' lang='lat' dir='ltr'><strong>instituti</strong></span> <span class='ocrx_word' id='word_1_418' title='bbox 3650 3062 3754 3106; x_wconf 88' lang='lat' dir='ltr'><strong>ac-</strong></span> 
     </span>
    </p>
   </div>
   <div class='ocr_carea' id='block_1_60' title="bbox 364 3129 2021 3219">
    <p class='ocr_par' dir='ltr' id='par_1_60' title="bbox 364 3129 2021 3219">
     <span class='ocr_line' id='line_1_60' title="bbox 364 3129 2021 3219; baseline 0.006 -36"><span class='ocrx_word' id='word_1_419' title='bbox 364 3134 464 3197; x_wconf 79' lang='grc' dir='ltr'>τῆς</span> <span class='ocrx_word' id='word_1_420' title='bbox 534 3134 842 3219; x_wconf 76' lang='grc' dir='ltr'>μοναχικῆς</span> <span class='ocrx_word' id='word_1_421' title='bbox 887 3129 1161 3194; x_wconf 82' lang='grc' dir='ltr'>πολιτείας</span> <span class='ocrx_word' id='word_1_422' title='bbox 1232 3129 1535 3214; x_wconf 84' lang='grc' dir='ltr'>ἀκρίϐειαν,</span> <span class='ocrx_word' id='word_1_423' title='bbox 1599 3137 2021 3216; x_wconf 76' lang='grc' dir='ltr'>μαρτυρόμενος,</span> 
     </span>
    </p>
   </div>
   <div class='ocr_carea' id='block_1_61' title="bbox 2108 3129 3755 3219">
    <p class='ocr_par' dir='ltr' id='par_1_61' title="bbox 2108 3133 3755 3219">
     <span class='ocr_line' id='line_1_61' title="bbox 2108 3133 3755 3219; baseline -0.002 -20"><span class='ocrx_word' id='word_1_424' title='bbox 2108 3139 2500 3219; x_wconf 86' lang='lat' dir='ltr'><strong>curationem,</strong></span> <span class='ocrx_word' id='word_1_425' title='bbox 2533 3145 2879 3201; x_wconf 86' lang='lat' dir='ltr'><strong>contestans</strong></span> <span class='ocrx_word' id='word_1_426' title='bbox 2908 3137 3077 3199; x_wconf 90' lang='lat' dir='ltr'><strong>illum</strong></span> <span class='ocrx_word' id='word_1_427' title='bbox 3123 3136 3346 3199; x_wconf 89' lang='lat' dir='ltr'><strong>debere</strong></span> <span class='ocrx_word' id='word_1_428' title='bbox 3379 3134 3634 3198; x_wconf 90' lang='lat' dir='ltr'><strong>mediam</strong></span> <span class='ocrx_word' id='word_1_429' title='bbox 3666 3133 3755 3195; x_wconf 87' lang='lat' dir='ltr'><strong>vi-</strong></span> 
     </span>
    </p>
   </div>
   <div class='ocr_carea' id='block_1_62' title="bbox 366 3218 2022 3299">
    <p class='ocr_par' dir='ltr' id='par_1_62' title="bbox 366 3218 2022 3299">
     <span class='ocr_line' id='line_1_62' title="bbox 366 3218 2022 3299; baseline 0.002 -23"><span class='ocrx_word' id='word_1_430' title='bbox 366 3220 447 3276; x_wconf 84' lang='grc' dir='ltr'>ὅτι</span> <span class='ocrx_word' id='word_1_431' title='bbox 480 3218 594 3299; x_wconf 72' lang='grc' dir='ltr'>χρή</span> <span class='ocrx_word' id='word_1_432' title='bbox 626 3226 810 3277; x_wconf 79' lang='grc' dir='ltr'>τοῦτον</span> <span class='ocrx_word' id='word_1_433' title='bbox 840 3220 1319 3298; x_wconf 76' lang='grc' dir='ltr'>ὓτ.ερανεστηκέναι</span> <span class='ocrx_word' id='word_1_434' title='bbox 1364 3222 1497 3279; x_wconf 76' lang='grc' dir='ltr'>κατὰ</span> <span class='ocrx_word' id='word_1_435' title='bbox 1530 3222 1662 3279; x_wconf 81' lang='grc' dir='ltr'>πολὺ</span> <span class='ocrx_word' id='word_1_436' title='bbox 1719 3228 1818 3290; x_wconf 70' lang='grc' dir='ltr'>τῆς</span> <span class='ocrx_word' id='word_1_437' title='bbox 1853 3224 2022 3299; x_wconf 77' lang='grc' dir='ltr'>μέσης</span> 
     </span>
    </p>
   </div>
   <div class='ocr_carea' id='block_1_63' title="bbox 365 3306 2022 3391">
    <p class='ocr_par' dir='ltr' id='par_1_63' title="bbox 365 3306 2022 3391">
     <span class='ocr_line' id='line_1_63' title="bbox 365 3306 2022 3391; baseline 0.002 -26"><span class='ocrx_word' id='word_1_438' title='bbox 365 3313 473 3365; x_wconf 84' lang='grc' dir='ltr'><strong>τῶν</strong></span> <span class='ocrx_word' id='word_1_439' title='bbox 530 3306 737 3365; x_wconf 81' lang='grc' dir='ltr'>λα’ίκῶν</span> <span class='ocrx_word' id='word_1_440' title='bbox 795 3307 1020 3374; x_wconf 79' lang='grc' dir='ltr'>τάξεως.</span> <span class='ocrx_word' id='word_1_441' title='bbox 1080 3319 1254 3369; x_wconf 79' lang='grc' dir='ltr'>Ταῦτα</span> <span class='ocrx_word' id='word_1_442' title='bbox 1310 3309 1363 3367; x_wconf 78' lang='grc' dir='ltr'>δὲ</span> <span class='ocrx_word' id='word_1_443' title='bbox 1392 3313 1591 3369; x_wconf 64' lang='grc' dir='ltr'>ἑκείνου</span> <span class='ocrx_word' id='word_1_444' title='bbox 1643 3311 2022 3391; x_wconf 60' lang='grc' dir='ltr'>ὁμολογήσαν-</span> 
     </span>
    </p>
   </div>
   <div class='ocr_carea' id='block_1_64' title="bbox 365 3399 2023 3479">
    <p class='ocr_par' dir='ltr' id='par_1_64' title="bbox 365 3399 2023 3479">
     <span class='ocr_line' id='line_1_64' title="bbox 365 3399 2023 3479; baseline 0.003 -25"><span class='ocrx_word' id='word_1_445' title='bbox 365 3420 458 3461; x_wconf 90' lang='grc' dir='ltr'><strong>τος</strong></span> <span class='ocrx_word' id='word_1_446' title='bbox 518 3404 830 3479; x_wconf 84' lang='grc' dir='ltr'>προσεχῶς,</span> <span class='ocrx_word' id='word_1_447' title='bbox 880 3400 1017 3455; x_wconf 79' lang='grc' dir='ltr'>κατὰ</span> <span class='ocrx_word' id='word_1_448' title='bbox 1073 3401 1134 3455; x_wconf 85' lang='grc' dir='ltr'>τὸ</span> <span class='ocrx_word' id='word_1_449' title='bbox 1177 3399 1732 3479; x_wconf 82' lang='grc' dir='ltr'>ἀπολυπραγμόνητον</span> <span class='ocrx_word' id='word_1_450' title='bbox 1791 3405 1899 3477; x_wconf 83' lang='grc' dir='ltr'>ναὶ,</span> <span class='ocrx_word' id='word_1_451' title='bbox 1946 3408 2023 3477; x_wconf 85' lang='grc' dir='ltr'>τῷ</span> 
     </span>
    </p>
   </div>
   <div class='ocr_carea' id='block_1_65' title="bbox 369 3485 2022 3569">
    <p class='ocr_par' dir='ltr' id='par_1_65' title="bbox 369 3485 2022 3569">
     <span class='ocr_line' id='line_1_65' title="bbox 369 3485 2022 3569; baseline 0.003 -26"><span class='ocrx_word' id='word_1_452' title='bbox 369 3485 704 3566; x_wconf 77' lang='grc' dir='ltr'>σταυροειδεϊ</span> <span class='ocrx_word' id='word_1_453' title='bbox 762 3490 910 3562; x_wconf 86' lang='grc' dir='ltr'>τύπῳ</span> <span class='ocrx_word' id='word_1_454' title='bbox 975 3490 1430 3569; x_wconf 70' lang='grc' dir='ltr'>σφραγισάμενος,</span> <span class='ocrx_word' id='word_1_455' title='bbox 1487 3491 1756 3569; x_wconf 78' lang='grc' dir='ltr'>ἀποκείρει</span> <span class='ocrx_word' id='word_1_456' title='bbox 1828 3493 1902 3557; x_wconf 85' lang='grc' dir='ltr'>εἷς</span> <span class='ocrx_word' id='word_1_457' title='bbox 1961 3494 2022 3548; x_wconf 84' lang='grc' dir='ltr'>τὸ</span> 
     </span>
    </p>
   </div>
   <div class='ocr_carea' id='block_1_66' title="bbox 368 3576 2020 3659">
    <p class='ocr_par' dir='ltr' id='par_1_66' title="bbox 368 3576 2020 3659">
     <span class='ocr_line' id='line_1_66' title="bbox 368 3576 2020 3659; baseline 0.003 -26"><span class='ocrx_word' id='word_1_458' title='bbox 368 3576 539 3654; x_wconf 77' lang='grc' dir='ltr'>ὄνομα</span> <span class='ocrx_word' id='word_1_459' title='bbox 571 3577 662 3633; x_wconf 73' lang='grc' dir='ltr'><strong>τοῦ</strong></span> <span class='ocrx_word' id='word_1_460' title='bbox 710 3580 915 3658; x_wconf 82' lang='grc' dir='ltr'>Πατρὸς</span> <span class='ocrx_word' id='word_1_461' title='bbox 946 3579 1035 3635; x_wconf 88' lang='grc' dir='ltr'><strong>καὶ</strong></span> <span class='ocrx_word' id='word_1_462' title='bbox 1090 3585 1182 3635; x_wconf 72' lang='grc' dir='ltr'>τοῦ</span> <span class='ocrx_word' id='word_1_463' title='bbox 1212 3581 1356 3654; x_wconf 79' lang='grc' dir='ltr'>Υίοῦ,</span> <span class='ocrx_word' id='word_1_464' title='bbox 1390 3582 1476 3637; x_wconf 84' lang='grc' dir='ltr'><strong>καὶ</strong></span> <span class='ocrx_word' id='word_1_465' title='bbox 1535 3589 1626 3639; x_wconf 81' lang='grc' dir='ltr'>τυῦ</span> <span class='ocrx_word' id='word_1_466' title='bbox 1669 3582 1818 3659; x_wconf 82' lang='grc' dir='ltr'>ἁγίου</span> <span class='ocrx_word' id='word_1_467' title='bbox 1849 3582 2020 3638; x_wconf 63' lang='lat' dir='ltr'><strong>Ilvati-</strong></span> 
     </span>
    </p>
   </div>
   <div class='ocr_carea' id='block_1_67' title="bbox 369 3667 2017 3748">
    <p class='ocr_par' dir='ltr' id='par_1_67' title="bbox 369 3667 2017 3748">
     <span class='ocr_line' id='line_1_67' title="bbox 369 3667 2017 3748; baseline 0.003 -26"><span class='ocrx_word' id='word_1_468' title='bbox 369 3682 563 3742; x_wconf 86' lang='grc' dir='ltr'>ματος·</span> <span class='ocrx_word' id='word_1_469' title='bbox 642 3668 732 3724; x_wconf 78' lang='grc' dir='ltr'><strong>καὶ</strong></span> <span class='ocrx_word' id='word_1_470' title='bbox 786 3667 1135 3745; x_wconf 69' lang='grc' dir='ltr'>ἀπαμφιάσας</span> <span class='ocrx_word' id='word_1_471' title='bbox 1193 3668 1293 3736; x_wconf 73' lang='grc' dir='ltr'><strong>τὴν</strong></span> <span class='ocrx_word' id='word_1_472' title='bbox 1349 3670 1549 3737; x_wconf 77' lang='grc' dir='ltr'>ἐσθῆτα</span> <span class='ocrx_word' id='word_1_473' title='bbox 1606 3670 1860 3747; x_wconf 76' lang='grc' dir='ltr'>μέλαιναν</span> <span class='ocrx_word' id='word_1_474' title='bbox 1908 3672 2017 3748; x_wconf 84' lang='grc' dir='ltr'><strong>ἆμ-</strong></span> 
     </span>
    </p>
   </div>
   <div class='ocr_carea' id='block_1_68' title="bbox 369 3755 2019 3840">
    <p class='ocr_par' dir='ltr' id='par_1_68' title="bbox 369 3755 2019 3840">
     <span class='ocr_line' id='line_1_68' title="bbox 369 3755 2019 3840; baseline 0.002 -27"><span class='ocrx_word' id='word_1_475' title='bbox 369 3755 629 3837; x_wconf 67' lang='grc' dir='ltr'>φιέννυσι,</span> <span class='ocrx_word' id='word_1_476' title='bbox 702 3757 789 3813; x_wconf 71' lang='grc' dir='ltr'><strong>καὶ</strong></span> <span class='ocrx_word' id='word_1_477' title='bbox 843 3757 980 3833; x_wconf 85' lang='grc' dir='ltr'>μετᾶ</span> <span class='ocrx_word' id='word_1_478' title='bbox 1036 3762 1141 3814; x_wconf 84' lang='grc' dir='ltr'><strong>τῶν</strong></span> <span class='ocrx_word' id='word_1_479' title='bbox 1197 3756 1375 3817; x_wconf 76' lang='grc' dir='ltr'>ἄλλων</span> <span class='ocrx_word' id='word_1_480' title='bbox 1427 3761 1582 3840; x_wconf 75' lang='grc' dir='ltr'>ἱερῶν</span> <span class='ocrx_word' id='word_1_481' title='bbox 1652 3757 1850 3839; x_wconf 81' lang='grc' dir='ltr'>ἀνδρῶν</span> <span class='ocrx_word' id='word_1_482' title='bbox 1904 3760 2019 3819; x_wconf 80' lang='grc' dir='ltr'>ὅσοι</span> 
     </span>
    </p>
   </div>
   <div class='ocr_carea' id='block_1_69' title="bbox 366 3845 2019 3925">
    <p class='ocr_par' dir='ltr' id='par_1_69' title="bbox 366 3845 2019 3925">
     <span class='ocr_line' id='line_1_69' title="bbox 366 3845 2019 3925; baseline 0.001 -22"><span class='ocrx_word' id='word_1_483' title='bbox 366 3845 609 3925; x_wconf 81' lang='grc' dir='ltr'>πάρεισιν</span> <span class='ocrx_word' id='word_1_484' title='bbox 661 3845 1069 3923; x_wconf 78' lang='grc' dir='ltr'>ἀσπασάμενος,</span> <span class='ocrx_word' id='word_1_485' title='bbox 1121 3851 1221 3916; x_wconf 75' lang='grc' dir='ltr'><strong>τῆς</strong></span> <span class='ocrx_word' id='word_1_486' title='bbox 1277 3850 1419 3913; x_wconf 88' lang='grc' dir='ltr'>θείας</span> <span class='ocrx_word' id='word_1_487' title='bbox 1468 3861 1707 3908; x_wconf 77' lang='grc' dir='ltr'>ποιεῖται</span> <span class='ocrx_word' id='word_1_488' title='bbox 1763 3852 2019 3908; x_wconf 81' lang='grc' dir='ltr'>κοινωνὸν</span> 
     </span>
    </p>
   </div>
   <div class='ocr_carea' id='block_1_70' title="bbox 362 3932 758 4011">
    <p class='ocr_par' dir='ltr' id='par_1_70' title="bbox 362 3932 758 4011">
     <span class='ocr_line' id='line_1_70' title="bbox 362 3932 758 4011; baseline 0.005 -21"><span class='ocrx_word' id='word_1_489' title='bbox 362 3932 758 4011; x_wconf 69' lang='grc' dir='ltr'>μεταλήψεως,</span> 
     </span>
    </p>
   </div>
   <div class='ocr_carea' id='block_1_71' title="bbox 1019 4028 1387 4108">
    <p class='ocr_par' dir='ltr' id='par_1_71' title="bbox 1019 4028 1387 4108">
     <span class='ocr_line' id='line_1_71' title="bbox 1019 4028 1387 4108; baseline -0.008 -22"><span class='ocrx_word' id='word_1_490' title='bbox 1019 4037 1111 4091; x_wconf 85' lang='grc' dir='ltr'>ΙΙΙ.</span> <span class='ocrx_word' id='word_1_491' title='bbox 1160 4028 1387 4108; x_wconf 88' lang='grc' dir='ltr'>Θεωρία,</span> 
     </span>
    </p>
   </div>
   <div class='ocr_carea' id='block_1_72' title="bbox 452 4122 2023 4207">
    <p class='ocr_par' dir='ltr' id='par_1_72' title="bbox 452 4122 2023 4207">
     <span class='ocr_line' id='line_1_72' title="bbox 452 4122 2023 4207; baseline -0.006 -19"><span class='ocrx_word' id='word_1_492' title='bbox 452 4122 482 4204; x_wconf 82' lang='lat'>§</span> <span class='ocrx_word' id='word_1_493' title='bbox 529 4122 575 4190; x_wconf 89' lang='grc' dir='ltr'><strong>Ῑ.</strong></span> <span class='ocrx_word' id='word_1_494' title='bbox 613 4122 933 4207; x_wconf 73' lang='grc' dir='ltr'>Ἐπειδήπερ</span> <span class='ocrx_word' id='word_1_495' title='bbox 998 4126 1028 4194; x_wconf 69' lang='grc' dir='ltr'><em>ἣ</em></span> <span class='ocrx_word' id='word_1_496' title='bbox 1072 4134 1176 4185; x_wconf 85' lang='grc' dir='ltr'><strong>τῶν</strong></span> <span class='ocrx_word' id='word_1_497' title='bbox 1236 4125 1413 4204; x_wconf 83' lang='grc' dir='ltr'>ποδῷν</span> <span class='ocrx_word' id='word_1_498' title='bbox 1454 4126 1627 4194; x_wconf 84' lang='grc' dir='ltr'>κλίσις</span> <span class='ocrx_word' id='word_1_499' title='bbox 1654 4130 1751 4200; x_wconf 81' lang='grc' dir='ltr'>τὴν</span> <span class='ocrx_word' id='word_1_500' title='bbox 1800 4131 2023 4190; x_wconf 73' lang='grc' dir='ltr'>δποκει-</span> 
     </span>
    </p>
   </div>
   <div class='ocr_carea' id='block_1_73' title="bbox 2107 3224 3757 3308">
    <p class='ocr_par' dir='ltr' id='par_1_73' title="bbox 2107 3224 3757 3308">
     <span class='ocr_line' id='line_1_73' title="bbox 2107 3224 3757 3308; baseline -0.001 -21"><span class='ocrx_word' id='word_1_501' title='bbox 2107 3227 2284 3291; x_wconf 87' lang='lat' dir='ltr'><strong>vendi</strong></span> <span class='ocrx_word' id='word_1_502' title='bbox 2316 3228 2606 3290; x_wconf 89' lang='lat' dir='ltr'><strong>rationem</strong></span> <span class='ocrx_word' id='word_1_503' title='bbox 2637 3245 2947 3308; x_wconf 90' lang='lat' dir='ltr'><strong>superare.</strong></span> <span class='ocrx_word' id='word_1_504' title='bbox 3011 3227 3155 3300; x_wconf 69' lang='lat' dir='ltr'><strong>Quae</strong></span> <span class='ocrx_word' id='word_1_505' title='bbox 3185 3225 3289 3288; x_wconf 91' lang='lat' dir='ltr'><strong>ubi</strong></span> <span class='ocrx_word' id='word_1_506' title='bbox 3318 3224 3517 3287; x_wconf 89' lang='lat' dir='ltr'><strong>omnia</strong></span> <span class='ocrx_word' id='word_1_507' title='bbox 3560 3225 3610 3286; x_wconf 89' lang='lat' dir='ltr'><strong>is</strong></span> <span class='ocrx_word' id='word_1_508' title='bbox 3651 3224 3757 3305; x_wconf 90' lang='lat' dir='ltr'><strong>qui</strong></span> 
     </span>
    </p>
   </div>
   <div class='ocr_carea' id='block_1_74' title="bbox 2106 3316 3753 3398">
    <p class='ocr_par' dir='ltr' id='par_1_74' title="bbox 2106 3316 3753 3398">
     <span class='ocr_line' id='line_1_74' title="bbox 2106 3316 3753 3398; baseline -0.002 -21"><span class='ocrx_word' id='word_1_509' title='bbox 2106 3316 2374 3379; x_wconf 90' lang='lat' dir='ltr'><strong>initiatur</strong></span> <span class='ocrx_word' id='word_1_510' title='bbox 2394 3317 2779 3380; x_wconf 85' lang='lat' dir='ltr'><strong>continenter</strong></span> <span class='ocrx_word' id='word_1_511' title='bbox 2810 3318 3111 3398; x_wconf 78' lang='lat' dir='ltr'><strong>professus</strong></span> <span class='ocrx_word' id='word_1_512' title='bbox 3134 3322 3249 3397; x_wconf 86' lang='lat' dir='ltr'><strong>est,</strong></span> <span class='ocrx_word' id='word_1_513' title='bbox 3282 3316 3561 3378; x_wconf 89' lang='lat' dir='ltr'><strong>sacerdos</strong></span> <span class='ocrx_word' id='word_1_514' title='bbox 3588 3332 3753 3388; x_wconf 87' lang='lat' dir='ltr'><strong>eum,</strong></span> 
     </span>
    </p>
   </div>
   <div class='ocr_carea' id='block_1_75' title="bbox 2106 3403 3753 3479">
    <p class='ocr_par' dir='ltr' id='par_1_75' title="bbox 2106 3403 3753 3479">
     <span class='ocr_line' id='line_1_75' title="bbox 2106 3403 3753 3479; baseline -0.002 -17"><span class='ocrx_word' id='word_1_515' title='bbox 2106 3406 2275 3464; x_wconf 89' lang='lat' dir='ltr'><strong>veluti</strong></span> <span class='ocrx_word' id='word_1_516' title='bbox 2294 3407 2413 3479; x_wconf 86' lang='lat' dir='ltr'><strong>jam</strong></span> <span class='ocrx_word' id='word_1_517' title='bbox 2445 3422 2474 3464; x_wconf 89' lang='lat' dir='ltr'><strong>a</strong></span> <span class='ocrx_word' id='word_1_518' title='bbox 2506 3407 2873 3479; x_wconf 81' lang='lat' dir='ltr'><strong>negotiorum</strong></span> <span class='ocrx_word' id='word_1_519' title='bbox 2908 3405 3279 3465; x_wconf 81' lang='lat' dir='ltr'><strong>multitudine</strong></span> <span class='ocrx_word' id='word_1_520' title='bbox 3298 3403 3565 3469; x_wconf 86' lang='lat' dir='ltr'><strong>liberum,</strong></span> <span class='ocrx_word' id='word_1_521' title='bbox 3589 3405 3753 3475; x_wconf 75' lang='lat' dir='ltr'><strong>signo</strong></span> 
     </span>
    </p>
   </div>
   <div class='ocr_carea' id='block_1_76' title="bbox 2103 3493 3750 3577">
    <p class='ocr_par' dir='ltr' id='par_1_76' title="bbox 2103 3493 3750 3577">
     <span class='ocr_line' id='line_1_76' title="bbox 2103 3493 3750 3577; baseline -0.004 -19"><span class='ocrx_word' id='word_1_522' title='bbox 2103 3498 2299 3559; x_wconf 89' lang='lat' dir='ltr'><strong>crucis</strong></span> <span class='ocrx_word' id='word_1_523' title='bbox 2318 3498 2676 3577; x_wconf 77' lang='lat' dir='ltr'><strong>consignans</strong></span> <span class='ocrx_word' id='word_1_524' title='bbox 2702 3497 2908 3559; x_wconf 88' lang='lat' dir='ltr'><strong>tondet</strong></span> <span class='ocrx_word' id='word_1_525' title='bbox 2923 3497 2984 3559; x_wconf 92' lang='lat' dir='ltr'><strong>in</strong></span> <span class='ocrx_word' id='word_1_526' title='bbox 3014 3495 3258 3558; x_wconf 91' lang='lat' dir='ltr'><strong>nomine</strong></span> <span class='ocrx_word' id='word_1_527' title='bbox 3273 3494 3484 3573; x_wconf 88' lang='lat' dir='ltr'><strong>Patris,</strong></span> <span class='ocrx_word' id='word_1_528' title='bbox 3509 3502 3567 3554; x_wconf 92' lang='lat' dir='ltr'><strong>et</strong></span> <span class='ocrx_word' id='word_1_529' title='bbox 3595 3493 3750 3567; x_wconf 89' lang='lat' dir='ltr'><strong>Filii,</strong></span> 
     </span>
    </p>
   </div>
   <div class='ocr_carea' id='block_1_77' title="bbox 2103 3580 3753 3667">
    <p class='ocr_par' dir='ltr' id='par_1_77' title="bbox 2103 3580 3753 3667">
     <span class='ocr_line' id='line_1_77' title="bbox 2103 3580 3753 3667; baseline -0.005 -20"><span class='ocrx_word' id='word_1_530' title='bbox 2103 3586 2245 3647; x_wconf 72' lang='lat'><strong>259</strong></span> <span class='ocrx_word' id='word_1_531' title='bbox 2292 3597 2352 3649; x_wconf 92' lang='lat' dir='ltr'><strong>et</strong></span> <span class='ocrx_word' id='word_1_532' title='bbox 2384 3585 2639 3667; x_wconf 89' lang='lat' dir='ltr'><strong>Spiritus</strong></span> <span class='ocrx_word' id='word_1_533' title='bbox 2675 3588 2865 3647; x_wconf 82' lang='lat' dir='ltr'><strong>sancti</strong></span> <span class='ocrx_word' id='word_1_534' title='bbox 2894 3606 2910 3666; x_wconf 89' lang='lat'><strong>;</strong></span> <span class='ocrx_word' id='word_1_535' title='bbox 2946 3592 3005 3647; x_wconf 90' lang='lat' dir='ltr'><strong>et</strong></span> <span class='ocrx_word' id='word_1_536' title='bbox 3036 3583 3317 3647; x_wconf 84' lang='lat' dir='ltr'><strong>detractis</strong></span> <span class='ocrx_word' id='word_1_537' title='bbox 3363 3580 3753 3659; x_wconf 82' lang='lat' dir='ltr'><strong>vestimentis,</strong></span> 
     </span>
    </p>
   </div>
   <div class='ocr_carea' id='block_1_78' title="bbox 2103 3667 3755 3758">
    <p class='ocr_par' dir='ltr' id='par_1_78' title="bbox 2103 3667 3755 3758">
     <span class='ocr_line' id='line_1_78' title="bbox 2103 3667 3755 3758; baseline -0.007 -19"><span class='ocrx_word' id='word_1_538' title='bbox 2103 3680 2271 3758; x_wconf 78' lang='lat' dir='ltr'><strong>nigra</strong></span> <span class='ocrx_word' id='word_1_539' title='bbox 2349 3694 2482 3738; x_wconf 87' lang='lat' dir='ltr'><strong>eum</strong></span> <span class='ocrx_word' id='word_1_540' title='bbox 2551 3681 2713 3737; x_wconf 89' lang='lat' dir='ltr'><strong>veste</strong></span> <span class='ocrx_word' id='word_1_541' title='bbox 2789 3673 3003 3753; x_wconf 89' lang='lat' dir='ltr'><strong>induit,</strong></span> <span class='ocrx_word' id='word_1_542' title='bbox 3066 3681 3125 3735; x_wconf 85' lang='lat' dir='ltr'><strong>et</strong></span> <span class='ocrx_word' id='word_1_543' title='bbox 3207 3689 3342 3734; x_wconf 90' lang='lat' dir='ltr'><strong>cum</strong></span> <span class='ocrx_word' id='word_1_544' title='bbox 3399 3670 3545 3758; x_wconf 17' lang='lat' dir='ltr'><strong>aliis,</strong></span> <span class='ocrx_word' id='word_1_545' title='bbox 3597 3667 3755 3758; x_wconf 80' lang='lat' dir='ltr'><strong>viris</strong></span> 
     </span>
    </p>
   </div>
   <div class='ocr_carea' id='block_1_79' title="bbox 2102 3756 3753 3844">
    <p class='ocr_par' dir='ltr' id='par_1_79' title="bbox 2102 3756 3753 3844">
     <span class='ocr_line' id='line_1_79' title="bbox 2102 3756 3753 3844; baseline -0.006 -15"><span class='ocrx_word' id='word_1_546' title='bbox 2102 3756 2323 3830; x_wconf 83' lang='lat' dir='ltr'><strong>sanctis</strong></span> <span class='ocrx_word' id='word_1_547' title='bbox 2380 3762 2713 3827; x_wconf 88' lang='lat' dir='ltr'><strong>astantibus</strong></span> <span class='ocrx_word' id='word_1_548' title='bbox 2786 3763 2982 3844; x_wconf 89' lang='lat' dir='ltr'><strong>ipsum</strong></span> <span class='ocrx_word' id='word_1_549' title='bbox 3051 3761 3338 3836; x_wconf 88' lang='lat' dir='ltr'><strong>salutans,</strong></span> <span class='ocrx_word' id='word_1_550' title='bbox 3401 3756 3753 3841; x_wconf 84' lang='lat' dir='ltr'><strong>participem</strong></span> 
     </span>
    </p>
   </div>
   <div class='ocr_carea' id='block_1_80' title="bbox 2103 3853 2979 3922">
    <p class='ocr_par' dir='ltr' id='par_1_80' title="bbox 2103 3853 2979 3922">
     <span class='ocr_line' id='line_1_80' title="bbox 2103 3853 2979 3922; baseline -0.008 0"><span class='ocrx_word' id='word_1_551' title='bbox 2103 3856 2245 3922; x_wconf 84' lang='lat' dir='ltr'><strong>facit</strong></span> <span class='ocrx_word' id='word_1_552' title='bbox 2274 3855 2487 3919; x_wconf 85' lang='lat' dir='ltr'><strong>divinae</strong></span> <span class='ocrx_word' id='word_1_553' title='bbox 2511 3853 2979 3918; x_wconf 90' lang='lat' dir='ltr'><strong>communionis.</strong></span> 
     </span>
    </p>
   </div>
   <div class='ocr_carea' id='block_1_81' title="bbox 2614 4022 3236 4106">
    <p class='ocr_par' dir='ltr' id='par_1_81' title="bbox 2614 4022 3236 4106">
     <span class='ocr_line' id='line_1_81' title="bbox 2614 4022 3236 4106; baseline -0.005 -17"><span class='ocrx_word' id='word_1_554' title='bbox 2614 4024 2716 4089; x_wconf 87' lang='grc' dir='ltr'><strong>ΙΙΙ.</strong></span> <span class='ocrx_word' id='word_1_555' title='bbox 2767 4022 3236 4106; x_wconf 80' lang='lat' dir='ltr'><strong>Contemplatio.</strong></span> 
     </span>
    </p>
   </div>
   <div class='ocr_carea' id='block_1_82' title="bbox 2185 4115 3758 4208">
    <p class='ocr_par' dir='ltr' id='par_1_82' title="bbox 2185 4115 3758 4208">
     <span class='ocr_line' id='line_1_82' title="bbox 2185 4115 3758 4208; baseline -0.006 -18"><span class='ocrx_word' id='word_1_556' title='bbox 2185 4127 2215 4208; x_wconf 83' lang='lat'><strong>§</strong></span> <span class='ocrx_word' id='word_1_557' title='bbox 2242 4126 2287 4189; x_wconf 92' lang='grc' dir='ltr'><strong>Ι.</strong></span> <span class='ocrx_word' id='word_1_558' title='bbox 2323 4123 2816 4207; x_wconf 82' lang='lat' dir='ltr'><strong>Quandoquidem</strong></span> <span class='ocrx_word' id='word_1_559' title='bbox 2848 4123 3069 4205; x_wconf 88' lang='lat' dir='ltr'><strong>pedum</strong></span> <span class='ocrx_word' id='word_1_560' title='bbox 3117 4119 3425 4185; x_wconf 87' lang='lat' dir='ltr'><strong>inclinatio</strong></span> <span class='ocrx_word' id='word_1_561' title='bbox 3458 4115 3758 4184; x_wconf 86' lang='lat' dir='ltr'><strong>subditam</strong></span> 
     </span>
    </p>
   </div>
   <div class='ocr_carea' id='block_1_83' title="bbox 363 4209 2021 4300">
    <p class='ocr_par' dir='ltr' id='par_1_83' title="bbox 363 4213 2021 4300">
     <span class='ocr_line' id='line_1_83' title="bbox 363 4213 2021 4300; baseline 0.005 -30"><span class='ocrx_word' id='word_1_562' title='bbox 363 4214 537 4291; x_wconf 71' lang='grc' dir='ltr'>μένην</span> <span class='ocrx_word' id='word_1_563' title='bbox 592 4213 784 4283; x_wconf 70' lang='grc' dir='ltr'>ἑδήλου</span> <span class='ocrx_word' id='word_1_564' title='bbox 814 4218 1199 4296; x_wconf 72' lang='grc' dir='ltr'>προσαγωγὴν,</span> <span class='ocrx_word' id='word_1_565' title='bbox 1235 4216 1348 4275; x_wconf 71' lang='grc' dir='ltr'>εἴτε</span> <span class='ocrx_word' id='word_1_566' title='bbox 1392 4216 1475 4275; x_wconf 80' lang='grc' dir='ltr'>διὰ</span> <span class='ocrx_word' id='word_1_567' title='bbox 1505 4226 1637 4295; x_wconf 85' lang='grc' dir='ltr'>μιᾶς</span> <span class='ocrx_word' id='word_1_568' title='bbox 1669 4222 1768 4287; x_wconf 79' lang='grc' dir='ltr'>τῆς</span> <span class='ocrx_word' id='word_1_569' title='bbox 1825 4222 2021 4300; x_wconf 85' lang='grc' dir='ltr'>καθάρ-</span> 
     </span>
    </p>
   </div>
   <div class='ocr_carea' id='block_1_84' title="bbox 2108 4209 3757 4300">
    <p class='ocr_par' dir='ltr' id='par_1_84' title="bbox 2108 4209 3757 4300">
     <span class='ocr_line' id='line_1_84' title="bbox 2108 4209 3757 4300; baseline -0.005 -20"><span class='ocrx_word' id='word_1_570' title='bbox 2108 4217 2483 4299; x_wconf 77' lang='lat' dir='ltr'><strong>significabat</strong></span> <span class='ocrx_word' id='word_1_571' title='bbox 2512 4215 2961 4289; x_wconf 90' lang='lat' dir='ltr'><strong>adductionem,</strong></span> <span class='ocrx_word' id='word_1_572' title='bbox 2993 4212 3118 4277; x_wconf 88' lang='lat' dir='ltr'><strong>sive</strong></span> <span class='ocrx_word' id='word_1_573' title='bbox 3149 4230 3256 4295; x_wconf 91' lang='lat' dir='ltr'><strong>per</strong></span> <span class='ocrx_word' id='word_1_574' title='bbox 3287 4210 3522 4276; x_wconf 89' lang='lat' dir='ltr'><strong>unicam</strong></span> <span class='ocrx_word' id='word_1_575' title='bbox 3549 4209 3757 4300; x_wconf 74' lang='lat' dir='ltr'><strong>eXpia-</strong></span> 
     </span>
    </p>
   </div>
   <div class='ocr_carea' id='block_1_85' title="bbox 362 4299 2021 4389">
    <p class='ocr_par' dir='ltr' id='par_1_85' title="bbox 362 4299 2021 4389">
     <span class='ocr_line' id='line_1_85' title="bbox 362 4299 2021 4389; baseline 0.005 -29"><span class='ocrx_word' id='word_1_576' title='bbox 362 4324 532 4378; x_wconf 80' lang='grc' dir='ltr'>σεως,</span> <span class='ocrx_word' id='word_1_577' title='bbox 565 4304 682 4361; x_wconf 81' lang='grc' dir='ltr'>εἴτε</span> <span class='ocrx_word' id='word_1_578' title='bbox 741 4303 828 4361; x_wconf 79' lang='grc' dir='ltr'><strong>διὰ</strong></span> <span class='ocrx_word' id='word_1_579' title='bbox 884 4304 1031 4363; x_wconf 76' lang='grc' dir='ltr'>δυοῖν</span> <span class='ocrx_word' id='word_1_580' title='bbox 1093 4307 1258 4375; x_wconf 72' lang='grc' dir='ltr'>αὐτῆς</span> <span class='ocrx_word' id='word_1_581' title='bbox 1314 4329 1372 4365; x_wconf 91' lang='grc' dir='ltr'><strong>τε</strong></span> <span class='ocrx_word' id='word_1_582' title='bbox 1428 4310 1516 4366; x_wconf 82' lang='grc' dir='ltr'>καὶ</span> <span class='ocrx_word' id='word_1_583' title='bbox 1573 4317 1666 4367; x_wconf 81' lang='grc' dir='ltr'>τοῦ</span> <span class='ocrx_word' id='word_1_584' title='bbox 1725 4299 2021 4389; x_wconf 71' lang='grc' dir='ltr'>φωτισμοῠο</span> 
     </span>
    </p>
   </div>
   <div class='ocr_carea' id='block_1_86' title="bbox 2108 4299 3762 4389">
    <p class='ocr_par' dir='ltr' id='par_1_86' title="bbox 2110 4299 3762 4387">
     <span class='ocr_line' id='line_1_86' title="bbox 2110 4299 3762 4387; baseline -0.007 -17"><span class='ocrx_word' id='word_1_585' title='bbox 2110 4310 2356 4383; x_wconf 91' lang='lat' dir='ltr'><strong>tionem,</strong></span> <span class='ocrx_word' id='word_1_586' title='bbox 2392 4307 2521 4371; x_wconf 87' lang='lat' dir='ltr'><strong>sive</strong></span> <span class='ocrx_word' id='word_1_587' title='bbox 2553 4324 2660 4387; x_wconf 90' lang='lat' dir='ltr'><strong>per</strong></span> <span class='ocrx_word' id='word_1_588' title='bbox 2702 4305 2873 4379; x_wconf 89' lang='lat' dir='ltr'><strong>duas,</strong></span> <span class='ocrx_word' id='word_1_589' title='bbox 2908 4322 3038 4366; x_wconf 90' lang='lat' dir='ltr'><strong>eam</strong></span> <span class='ocrx_word' id='word_1_590' title='bbox 3072 4305 3255 4383; x_wconf 87' lang='lat' dir='ltr'><strong>ipsam</strong></span> <span class='ocrx_word' id='word_1_591' title='bbox 3291 4309 3351 4364; x_wconf 93' lang='lat' dir='ltr'><strong>et</strong></span> <span class='ocrx_word' id='word_1_592' title='bbox 3379 4299 3762 4364; x_wconf 84' lang='lat' dir='ltr'><strong>illuminatio-</strong></span> 
     </span>
    </p>
   </div>
   <div class='ocr_carea' id='block_1_87' title="bbox 364 4390 2021 4480">
    <p class='ocr_par' dir='ltr' id='par_1_87' title="bbox 364 4392 2021 4480">
     <span class='ocr_line' id='line_1_87' title="bbox 364 4392 2021 4480; baseline 0.007 -30"><span class='ocrx_word' id='word_1_593' title='bbox 364 4392 559 4463; x_wconf 72' lang='grc' dir='ltr'>ἐδήλου</span> <span class='ocrx_word' id='word_1_594' title='bbox 622 4392 700 4474; x_wconf 79' lang='grc' dir='ltr'>δὲ,</span> <span class='ocrx_word' id='word_1_595' title='bbox 735 4394 816 4451; x_wconf 81' lang='grc' dir='ltr'><strong>ὅτι</strong></span> <span class='ocrx_word' id='word_1_596' title='bbox 863 4403 979 4469; x_wconf 81' lang='grc' dir='ltr'><strong>Θεῷ</strong></span> <span class='ocrx_word' id='word_1_597' title='bbox 1034 4398 1374 4473; x_wconf 79' lang='grc' dir='ltr'>ὑποκείμενοι</span> <span class='ocrx_word' id='word_1_598' title='bbox 1429 4400 1475 4455; x_wconf 81' lang='grc' dir='ltr'>οἱ</span> <span class='ocrx_word' id='word_1_599' title='bbox 1531 4399 1830 4480; x_wconf 75' lang='grc' dir='ltr'>τελοῦντες,</span> <span class='ocrx_word' id='word_1_600' title='bbox 1886 4406 2021 4478; x_wconf 77' lang='grc' dir='ltr'><strong>αὐτῷ</strong></span> 
     </span>
    </p>
   </div>
   <div class='ocr_carea' id='block_1_88' title="bbox 2108 4390 3756 4480">
    <p class='ocr_par' dir='ltr' id='par_1_88' title="bbox 2111 4390 3756 4480">
     <span class='ocr_line' id='line_1_88' title="bbox 2111 4390 3756 4480; baseline -0.008 -19"><span class='ocrx_word' id='word_1_601' title='bbox 2111 4417 2275 4474; x_wconf 86' lang='lat' dir='ltr'><strong>nem,</strong></span> <span class='ocrx_word' id='word_1_602' title='bbox 2306 4397 2594 4460; x_wconf 86' lang='lat' dir='ltr'><strong>innuebat</strong></span> <span class='ocrx_word' id='word_1_603' title='bbox 2638 4414 2776 4457; x_wconf 92' lang='lat' dir='ltr'><strong>vero</strong></span> <span class='ocrx_word' id='word_1_604' title='bbox 2810 4394 2970 4472; x_wconf 91' lang='lat' dir='ltr'><strong>quod</strong></span> <span class='ocrx_word' id='word_1_605' title='bbox 3008 4396 3129 4456; x_wconf 90' lang='lat' dir='ltr'><strong>Deo</strong></span> <span class='ocrx_word' id='word_1_606' title='bbox 3173 4390 3397 4454; x_wconf 89' lang='lat' dir='ltr'><strong>subditi</strong></span> <span class='ocrx_word' id='word_1_607' title='bbox 3428 4390 3756 4480; x_wconf 82' lang='lat' dir='ltr'><strong>initiantes,</strong></span> 
     </span>
    </p>
   </div>
   <div class='ocr_carea' id='block_1_89' title="bbox 365 4460 2021 4569">
    <p class='ocr_par' dir='ltr' id='par_1_89' title="bbox 365 4460 2021 4566">
     <span class='ocr_line' id='line_1_89' title="bbox 365 4460 2021 4566; baseline 0.007 -27"><span class='ocrx_word' id='word_1_608' title='bbox 365 4460 461 4550; x_wconf 27' lang='grc' dir='ltr'><strong>δὴ-</strong></span> <span class='ocrx_word' id='word_1_609' title='bbox 498 4484 575 4556; x_wconf 82' lang='grc' dir='ltr'>τῷ</span> <span class='ocrx_word' id='word_1_610' title='bbox 626 4460 963 4564; x_wconf 71' lang='grc' dir='ltr'><strong>τελετςπίρχῇ¹</strong></span> <span class='ocrx_word' id='word_1_611' title='bbox 990 4492 1106 4561; x_wconf 86' lang='grc' dir='ltr'><strong>Θεῴ</strong></span> <span class='ocrx_word' id='word_1_612' title='bbox 1164 4460 1487 4566; x_wconf 77' lang='grc' dir='ltr'>προσάγουσι</span> <span class='ocrx_word' id='word_1_613' title='bbox 1532 4490 1621 4545; x_wconf 80' lang='grc' dir='ltr'><strong>τὸν</strong></span> <span class='ocrx_word' id='word_1_614' title='bbox 1687 4460 2021 4566; x_wconf 44' lang='grc' dir='ltr'>κλώμενοι..</span> 
     </span>
    </p>
   </div>
   <div class='ocr_carea' id='block_1_90' title="bbox 2108 4460 3762 4569">
    <p class='ocr_par' dir='ltr' id='par_1_90' title="bbox 2112 4460 3762 4569">
     <span class='ocr_line' id='line_1_90' title="bbox 2112 4460 3762 4569; baseline -0.007 -20"><span class='ocrx_word' id='word_1_615' title='bbox 2112 4460 2355 4569; x_wconf 65' lang='grc' dir='ltr'>ὶρεὶῐῖιοι</span> <span class='ocrx_word' id='word_1_616' title='bbox 2382 4484 2735 4547; x_wconf 90' lang='lat' dir='ltr'><strong>initiationis</strong></span> <span class='ocrx_word' id='word_1_617' title='bbox 2761 4460 3019 4564; x_wconf 82' lang='lat' dir='ltr'><strong>principi</strong></span> <span class='ocrx_word' id='word_1_618' title='bbox 3039 4481 3161 4544; x_wconf 89' lang='lat' dir='ltr'><strong>Deo</strong></span> <span class='ocrx_word' id='word_1_619' title='bbox 3192 4478 3546 4543; x_wconf 85' lang='lat' dir='ltr'><strong>initiandum</strong></span> <span class='ocrx_word' id='word_1_620' title='bbox 3579 4460 3762 4569; x_wconf 44' lang='lat' dir='ltr'><strong>addu}</strong></span> 
     </span>
    </p>
   </div>
   <div class='ocr_carea' id='block_1_91' title="bbox 374 4565 2021 4656">
    <p class='ocr_par' dir='ltr' id='par_1_91' title="bbox 374 4565 2021 4656">
     <span class='ocr_line' id='line_1_91' title="bbox 374 4565 2021 4656; baseline 0.005 -26"><span class='ocrx_word' id='word_1_621' title='bbox 374 4570 660 4652; x_wconf 75' lang='grc' dir='ltr'>Ἐνταῦθα,</span> <span class='ocrx_word' id='word_1_622' title='bbox 722 4572 836 4630; x_wconf 79' lang='grc' dir='ltr'>ἐπεὶ</span> <span class='ocrx_word' id='word_1_623' title='bbox 909 4574 988 4650; x_wconf 75' lang='grc' dir='ltr'>μὴ</span> <span class='ocrx_word' id='word_1_624' title='bbox 1060 4576 1202 4652; x_wconf 79' lang='grc' dir='ltr'>παρὰ</span> <span class='ocrx_word' id='word_1_625' title='bbox 1271 4599 1415 4641; x_wconf 89' lang='grc' dir='ltr'>τινος</span> <span class='ocrx_word' id='word_1_626' title='bbox 1492 4565 1853 4656; x_wconf 74' lang='grc' dir='ltr'>προσάγεται,</span> <span class='ocrx_word' id='word_1_627' title='bbox 1896 4579 2021 4641; x_wconf 83' lang='grc' dir='ltr'><strong>ἀλλᾶ</strong></span> 
     </span>
    </p>
   </div>
   <div class='ocr_carea' id='block_1_92' title="bbox 2108 4565 3760 4656">
    <p class='ocr_par' dir='ltr' id='par_1_92' title="bbox 2114 4565 3760 4654">
     <span class='ocr_line' id='line_1_92' title="bbox 2114 4565 3760 4654; baseline -0.007 -14"><span class='ocrx_word' id='word_1_628' title='bbox 2114 4565 2339 4640; x_wconf 71' lang='grc' dir='ltr'>εέτεηι.</span> <span class='ocrx_word' id='word_1_629' title='bbox 2378 4575 2484 4638; x_wconf 85' lang='lat' dir='ltr'><strong>Hic</strong></span> <span class='ocrx_word' id='word_1_630' title='bbox 2511 4582 2734 4654; x_wconf 87' lang='lat' dir='ltr'><strong>autem,</strong></span> <span class='ocrx_word' id='word_1_631' title='bbox 2760 4592 2899 4634; x_wconf 83' lang='lat' dir='ltr'><strong>cum</strong></span> <span class='ocrx_word' id='word_1_632' title='bbox 2931 4591 2964 4633; x_wconf 90' lang='lat' dir='ltr'><strong>a</strong></span> <span class='ocrx_word' id='word_1_633' title='bbox 2986 4577 3246 4633; x_wconf 88' lang='lat' dir='ltr'><strong>nemime</strong></span> <span class='ocrx_word' id='word_1_634' title='bbox 3275 4570 3628 4643; x_wconf 86' lang='lat' dir='ltr'><strong>adducatur,</strong></span> <span class='ocrx_word' id='word_1_635' title='bbox 3653 4565 3760 4630; x_wconf 90' lang='lat' dir='ltr'><strong>sed</strong></span> 
     </span>
    </p>
   </div>
   <div class='ocr_carea' id='block_1_93' title="bbox 368 4655 2021 4751">
    <p class='ocr_par' dir='ltr' id='par_1_93' title="bbox 368 4655 2021 4751">
     <span class='ocr_line' id='line_1_93' title="bbox 368 4655 2021 4751; baseline 0.005 -34"><span class='ocrx_word' id='word_1_636' title='bbox 368 4659 498 4741; x_wconf 83' lang='grc' dir='ltr'>παρ’</span> <span class='ocrx_word' id='word_1_637' title='bbox 552 4662 741 4721; x_wconf 82' lang='grc' dir='ltr'>ἑαυτοῦ</span> <span class='ocrx_word' id='word_1_638' title='bbox 807 4665 913 4720; x_wconf 80' lang='grc' dir='ltr'><strong>απὸ</strong></span> <span class='ocrx_word' id='word_1_639' title='bbox 962 4669 1061 4732; x_wconf 81' lang='grc' dir='ltr'><strong>τῆς</strong></span> <span class='ocrx_word' id='word_1_640' title='bbox 1119 4665 1292 4740; x_wconf 83' lang='grc' dir='ltr'>μέσης</span> <span class='ocrx_word' id='word_1_641' title='bbox 1349 4668 1490 4737; x_wconf 66' lang='grc' dir='ltr'>ζωῆς</span> <span class='ocrx_word' id='word_1_642' title='bbox 1533 4655 1639 4731; x_wconf 72' lang='grc' dir='ltr'><strong>εἰς</strong></span> <span class='ocrx_word' id='word_1_643' title='bbox 1704 4668 2021 4751; x_wconf 56' lang='grc' dir='ltr'>ὃψηλοτέρακ</span> 
     </span>
    </p>
   </div>
   <div class='ocr_carea' id='block_1_94' title="bbox 2108 4655 3758 4751">
    <p class='ocr_par' dir='ltr' id='par_1_94' title="bbox 2118 4655 3758 4748">
     <span class='ocr_line' id='line_1_94' title="bbox 2118 4655 3758 4748; baseline -0.006 -21"><span class='ocrx_word' id='word_1_644' title='bbox 2118 4668 2247 4748; x_wconf 89' lang='lat' dir='ltr'><strong>ipse</strong></span> <span class='ocrx_word' id='word_1_645' title='bbox 2279 4684 2384 4748; x_wconf 91' lang='lat' dir='ltr'><strong>per</strong></span> <span class='ocrx_word' id='word_1_646' title='bbox 2426 4683 2491 4728; x_wconf 89' lang='lat' dir='ltr'><strong>se</strong></span> <span class='ocrx_word' id='word_1_647' title='bbox 2520 4683 2553 4727; x_wconf 88' lang='lat' dir='ltr'><strong>a</strong></span> <span class='ocrx_word' id='word_1_648' title='bbox 2585 4664 2781 4726; x_wconf 91' lang='lat' dir='ltr'><strong>media</strong></span> <span class='ocrx_word' id='word_1_649' title='bbox 2807 4661 3043 4724; x_wconf 87' lang='lat' dir='ltr'><strong>vivendi</strong></span> <span class='ocrx_word' id='word_1_650' title='bbox 3071 4660 3305 4723; x_wconf 87' lang='lat' dir='ltr'><strong>ratione</strong></span> <span class='ocrx_word' id='word_1_651' title='bbox 3333 4658 3406 4722; x_wconf 89' lang='lat' dir='ltr'><strong>ad</strong></span> <span class='ocrx_word' id='word_1_652' title='bbox 3440 4655 3758 4720; x_wconf 90' lang='lat' dir='ltr'><strong>sublimio-</strong></span> 
     </span>
    </p>
   </div>
   <div class='ocr_carea' id='block_1_95' title="bbox 364 4747 2021 4837">
    <p class='ocr_par' dir='ltr' id='par_1_95' title="bbox 364 4747 2021 4836">
     <span class='ocr_line' id='line_1_95' title="bbox 364 4747 2021 4836; baseline 0.005 -31"><span class='ocrx_word' id='word_1_653' title='bbox 364 4751 519 4820; x_wconf 75' lang='grc' dir='ltr'>ζωὴν</span> <span class='ocrx_word' id='word_1_654' title='bbox 578 4752 665 4808; x_wconf 84' lang='grc' dir='ltr'>καὶ</span> <span class='ocrx_word' id='word_1_655' title='bbox 694 4754 969 4827; x_wconf 87' lang='grc' dir='ltr'>κρείττονα</span> <span class='ocrx_word' id='word_1_656' title='bbox 1023 4756 1112 4812; x_wconf 84' lang='grc' dir='ltr'><strong>καὶ</strong></span> <span class='ocrx_word' id='word_1_657' title='bbox 1141 4755 1249 4812; x_wconf 81' lang='grc' dir='ltr'><strong>ἀπὸ</strong></span> <span class='ocrx_word' id='word_1_658' title='bbox 1307 4758 1448 4835; x_wconf 81' lang='grc' dir='ltr'>ἱερᾶς</span> <span class='ocrx_word' id='word_1_659' title='bbox 1494 4758 1568 4821; x_wconf 80' lang='grc' dir='ltr'>εἷς</span> <span class='ocrx_word' id='word_1_660' title='bbox 1610 4758 1772 4836; x_wconf 78' lang='grc' dir='ltr'>ἱερὰν,</span> <span class='ocrx_word' id='word_1_661' title='bbox 1808 4747 2021 4827; x_wconf 79' lang='grc' dir='ltr'>κοιθῶςὲ</span> 
     </span>
    </p>
   </div>
   <div class='ocr_carea' id='block_1_96' title="bbox 2108 4747 3759 4837">
    <p class='ocr_par' dir='ltr' id='par_1_96' title="bbox 2122 4747 3759 4837">
     <span class='ocr_line' id='line_1_96' title="bbox 2122 4747 3759 4837; baseline -0.007 -18"><span class='ocrx_word' id='word_1_662' title='bbox 2122 4747 2249 4820; x_wconf 89' lang='lat' dir='ltr'><strong>rem</strong></span> <span class='ocrx_word' id='word_1_663' title='bbox 2279 4747 2348 4819; x_wconf 83' lang='lat' dir='ltr'><strong>ac</strong></span> <span class='ocrx_word' id='word_1_664' title='bbox 2380 4756 2877 4837; x_wconf 65' lang='lat' dir='ltr'><strong>praestantiorem,</strong></span> <span class='ocrx_word' id='word_1_665' title='bbox 2901 4760 2960 4816; x_wconf 88' lang='lat' dir='ltr'><strong>et</strong></span> <span class='ocrx_word' id='word_1_666' title='bbox 2987 4770 3021 4814; x_wconf 93' lang='lat' dir='ltr'><strong>a</strong></span> <span class='ocrx_word' id='word_1_667' title='bbox 3050 4770 3215 4813; x_wconf 88' lang='lat' dir='ltr'><strong>sacro</strong></span> <span class='ocrx_word' id='word_1_668' title='bbox 3242 4757 3393 4812; x_wconf 87' lang='lat' dir='ltr'><strong>statu</strong></span> <span class='ocrx_word' id='word_1_669' title='bbox 3419 4747 3491 4811; x_wconf 91' lang='lat' dir='ltr'><strong>ad</strong></span> <span class='ocrx_word' id='word_1_670' title='bbox 3522 4764 3759 4809; x_wconf 87' lang='lat' dir='ltr'><strong>sacrum</strong></span> 
     </span>
    </p>
   </div>
   <div class='ocr_carea' id='block_1_97' title="bbox 368 4840 2033 4923">
    <p class='ocr_par' dir='ltr' id='par_1_97' title="bbox 368 4840 2033 4923">
     <span class='ocr_line' id='line_1_97' title="bbox 368 4840 2033 4923; baseline 0.007 -26"><span class='ocrx_word' id='word_1_671' title='bbox 368 4840 558 4919; x_wconf 79' lang='grc' dir='ltr'>Πατὴρ</span> <span class='ocrx_word' id='word_1_672' title='bbox 616 4842 916 4920; x_wconf 77' lang='grc' dir='ltr'>σαφηνίξει,</span> <span class='ocrx_word' id='word_1_673' title='bbox 952 4841 1221 4923; x_wconf 71' lang='grc' dir='ltr'>οὐδέτερον</span> <span class='ocrx_word' id='word_1_674' title='bbox 1269 4844 1436 4902; x_wconf 90' lang='grc' dir='ltr'>κλίνει</span> <span class='ocrx_word' id='word_1_675' title='bbox 1490 4847 1607 4904; x_wconf 76' lang='grc' dir='ltr'>τοῖν</span> <span class='ocrx_word' id='word_1_676' title='bbox 1641 4846 1827 4906; x_wconf 78' lang='grc' dir='ltr'>ποδοῖν</span> <span class='ocrx_word' id='word_1_677' title='bbox 1861 4852 1890 4907; x_wconf 84' lang='grc' dir='ltr'>ὁ</span> <span class='ocrx_word' id='word_1_678' title='bbox 1936 4873 2033 4909; x_wconf 63' lang='grc' dir='ltr'>τε·-</span> 
     </span>
    </p>
   </div>
   <div class='ocr_carea' id='block_1_98' title="bbox 365 4926 2030 5015">
    <p class='ocr_par' dir='ltr' id='par_1_98' title="bbox 365 4926 2030 5015">
     <span class='ocr_line' id='line_1_98' title="bbox 365 4926 2030 5015; baseline 0.007 -30"><span class='ocrx_word' id='word_1_679' title='bbox 365 4926 658 5010; x_wconf 79' lang='grc' dir='ltr'>λούμενος,</span> <span class='ocrx_word' id='word_1_680' title='bbox 698 4929 919 4989; x_wconf 74' lang='grc' dir='ltr'>’ίσταται</span> <span class='ocrx_word' id='word_1_681' title='bbox 975 4934 1072 5013; x_wconf 83' lang='grc' dir='ltr'><strong>γὰρ</strong></span> <span class='ocrx_word' id='word_1_682' title='bbox 1133 4934 1188 4991; x_wconf 71' lang='grc' dir='ltr'>ἐν</span> <span class='ocrx_word' id='word_1_683' title='bbox 1232 4934 1344 5014; x_wconf 77' lang='grc' dir='ltr'>ἱερὰ</span> <span class='ocrx_word' id='word_1_684' title='bbox 1400 4935 1489 4992; x_wconf 79' lang='grc' dir='ltr'><strong>καὶ</strong></span> <span class='ocrx_word' id='word_1_685' title='bbox 1545 4934 1809 5015; x_wconf 80' lang='grc' dir='ltr'>μοναδικῇ</span> <span class='ocrx_word' id='word_1_686' title='bbox 1864 4938 2030 5005; x_wconf 81' lang='grc' dir='ltr'>τάξει.</span> 
     </span>
    </p>
   </div>
   <div class='ocr_carea' id='block_1_99' title="bbox 368 5017 2035 5104">
    <p class='ocr_par' dir='ltr' id='par_1_99' title="bbox 368 5017 2035 5104">
     <span class='ocr_line' id='line_1_99' title="bbox 368 5017 2035 5104; baseline 0.006 -28"><span class='ocrx_word' id='word_1_687' title='bbox 368 5018 470 5076; x_wconf 79' lang='grc' dir='ltr'>Καὶ</span> <span class='ocrx_word' id='word_1_688' title='bbox 520 5017 616 5099; x_wconf 82' lang='grc' dir='ltr'><strong>ὅρα</strong></span> <span class='ocrx_word' id='word_1_689' title='bbox 660 5021 748 5077; x_wconf 85' lang='grc' dir='ltr'><strong>καὶ</strong></span> <span class='ocrx_word' id='word_1_690' title='bbox 806 5018 984 5087; x_wconf 74' lang='grc' dir='ltr'>ἄλλως</span> <span class='ocrx_word' id='word_1_691' title='bbox 1044 5026 1265 5102; x_wconf 78' lang='grc' dir='ltr'>ὁρισμὸν</span> <span class='ocrx_word' id='word_1_692' title='bbox 1328 5022 1618 5101; x_wconf 80' lang='grc' dir='ltr'>μοναδικῆς</span> <span class='ocrx_word' id='word_1_693' title='bbox 1677 5027 1900 5104; x_wconf 82' lang='grc' dir='ltr'>τάξεως,</span> <span class='ocrx_word' id='word_1_694' title='bbox 1947 5022 2035 5086; x_wconf 76' lang='grc' dir='ltr'>κάῖ</span> 
     </span>
    </p>
   </div>
   <div class='ocr_carea' id='block_1_100' title="bbox 364 5106 2032 5200">
    <p class='ocr_par' dir='ltr' id='par_1_100' title="bbox 364 5106 2032 5200">
     <span class='ocr_line' id='line_1_100' title="bbox 364 5106 2032 5200; baseline 0.006 -36"><span class='ocrx_word' id='word_1_695' title='bbox 445 5107 561 5200; x_wconf 60' lang='grc' dir='ltr'>εστι</span> <span class='ocrx_word' id='word_1_696' title='bbox 612 5111 1000 5200; x_wconf 77' lang='grc' dir='ltr'>τομοναχικὸν</span> <span class='ocrx_word' id='word_1_697' title='bbox 1050 5115 1182 5194; x_wconf 83' lang='grc' dir='ltr'>πρὸς</span> <span class='ocrx_word' id='word_1_698' title='bbox 1212 5115 1273 5172; x_wconf 85' lang='grc' dir='ltr'>τὸ</span> <span class='ocrx_word' id='word_1_699' title='bbox 1332 5113 1649 5188; x_wconf 84' lang='grc' dir='ltr'>μοναδικόν.</span> <span class='ocrx_word' id='word_1_700' title='bbox 1682 5118 1875 5197; x_wconf 85' lang='grc' dir='ltr'>Πρώην</span> <span class='ocrx_word' id='word_1_701' title='bbox 1932 5120 2032 5200; x_wconf 79' lang='grc' dir='ltr'><strong>γὰρ</strong></span> 
     </span>
    </p>
   </div>
   <div class='ocr_carea' id='block_1_101' title="bbox 364 5195 2031 5287">
    <p class='ocr_par' dir='ltr' id='par_1_101' title="bbox 364 5195 2031 5287">
     <span class='ocr_line' id='line_1_101' title="bbox 364 5195 2031 5287; baseline 0.009 -34"><span class='ocrx_word' id='word_1_702' title='bbox 364 5195 652 5287; x_wconf 59' lang='grc' dir='ltr'>ξλέγομεν,</span> <span class='ocrx_word' id='word_1_703' title='bbox 684 5198 791 5274; x_wconf 79' lang='grc' dir='ltr'>ὅτι,</span> <span class='ocrx_word' id='word_1_704' title='bbox 824 5200 939 5258; x_wconf 75' lang='grc' dir='ltr'>ἐπεὶ</span> <span class='ocrx_word' id='word_1_705' title='bbox 982 5201 1089 5260; x_wconf 79' lang='grc' dir='ltr'><strong>ἀπὸ</strong></span> <span class='ocrx_word' id='word_1_706' title='bbox 1146 5206 1252 5261; x_wconf 77' lang='grc' dir='ltr'><strong>τῶν</strong></span> <span class='ocrx_word' id='word_1_707' title='bbox 1297 5201 1595 5287; x_wconf 80' lang='grc' dir='ltr'>διαιρετῶν,</span> <span class='ocrx_word' id='word_1_708' title='bbox 1628 5195 1879 5275; x_wconf 83' lang='grc' dir='ltr'>δηλονότι</span> <span class='ocrx_word' id='word_1_709' title='bbox 1924 5195 2031 5267; x_wconf 62' lang='grc' dir='ltr'><strong>τῶν</strong></span> 
     </span>
    </p>
   </div>
   <div class='ocr_carea' id='block_1_102' title="bbox 365 5286 2032 5372">
    <p class='ocr_par' dir='ltr' id='par_1_102' title="bbox 365 5286 2032 5372">
     <span class='ocr_line' id='line_1_102' title="bbox 365 5286 2032 5372; baseline 0.008 -30"><span class='ocrx_word' id='word_1_710' title='bbox 365 5286 636 5364; x_wconf 82' lang='grc' dir='ltr'>βιωτικῶν</span> <span class='ocrx_word' id='word_1_711' title='bbox 691 5288 967 5365; x_wconf 75' lang='grc' dir='ltr'>ἐμπαθῶν,</span> <span class='ocrx_word' id='word_1_712' title='bbox 1025 5292 1246 5364; x_wconf 79' lang='grc' dir='ltr'>ἐνίζεται</span> <span class='ocrx_word' id='word_1_713' title='bbox 1303 5293 1386 5355; x_wconf 76' lang='grc' dir='ltr'>εἴς</span> <span class='ocrx_word' id='word_1_714' title='bbox 1418 5317 1537 5353; x_wconf 85' lang='grc' dir='ltr'>τινα</span> <span class='ocrx_word' id='word_1_715' title='bbox 1582 5286 1887 5372; x_wconf 14' lang='grc' dir='ltr'>γσυμπτυξιν</span> <span class='ocrx_word' id='word_1_716' title='bbox 1943 5301 2032 5356; x_wconf 73' lang='grc' dir='ltr'><strong>καὶ</strong></span> 
     </span>
    </p>
   </div>
   <div class='ocr_carea' id='block_1_103' title="bbox 363 5375 2032 5465">
    <p class='ocr_par' dir='ltr' id='par_1_103' title="bbox 363 5375 2032 5465">
     <span class='ocr_line' id='line_1_103' title="bbox 363 5375 2032 5465; baseline 0.008 -33"><span class='ocrx_word' id='word_1_717' title='bbox 363 5375 577 5445; x_wconf 83' lang='grc' dir='ltr'>θεοειδῆ</span> <span class='ocrx_word' id='word_1_718' title='bbox 621 5378 848 5455; x_wconf 84' lang='grc' dir='ltr'>μονάδα,</span> <span class='ocrx_word' id='word_1_719' title='bbox 881 5379 967 5437; x_wconf 76' lang='grc' dir='ltr'>διὰ</span> <span class='ocrx_word' id='word_1_720' title='bbox 997 5390 1151 5441; x_wconf 76' lang='grc' dir='ltr'>τοῦτο</span> <span class='ocrx_word' id='word_1_721' title='bbox 1182 5384 1281 5451; x_wconf 77' lang='grc' dir='ltr'>τὴν</span> <span class='ocrx_word' id='word_1_722' title='bbox 1324 5390 1416 5441; x_wconf 83' lang='grc' dir='ltr'>τοῦ</span> <span class='ocrx_word' id='word_1_723' title='bbox 1448 5389 1696 5465; x_wconf 86' lang='grc' dir='ltr'>μοναχοῦ</span> <span class='ocrx_word' id='word_1_724' title='bbox 1744 5388 2032 5463; x_wconf 83' lang='grc' dir='ltr'>ὀνομασίαν</span> 
     </span>
    </p>
   </div>
   <div class='ocr_carea' id='block_1_104' title="bbox 369 5465 2029 5559">
    <p class='ocr_par' dir='ltr' id='par_1_104' title="bbox 369 5465 2029 5559">
     <span class='ocr_line' id='line_1_104' title="bbox 369 5465 2029 5559; baseline 0.008 -37"><span class='ocrx_word' id='word_1_725' title='bbox 369 5465 743 5559; x_wconf 53' lang='grc' dir='ltr'>ξκληρώσατό</span> <span class='ocrx_word' id='word_1_726' title='bbox 809 5476 897 5526; x_wconf 80' lang='grc' dir='ltr'>νῦν</span> <span class='ocrx_word' id='word_1_727' title='bbox 955 5469 1010 5527; x_wconf 75' lang='grc' dir='ltr'>δὲ</span> <span class='ocrx_word' id='word_1_728' title='bbox 1066 5474 1154 5530; x_wconf 86' lang='grc' dir='ltr'><strong>καὶ</strong></span> <span class='ocrx_word' id='word_1_729' title='bbox 1212 5472 1390 5537; x_wconf 76' lang='grc' dir='ltr'>ἄλλως</span> <span class='ocrx_word' id='word_1_730' title='bbox 1449 5472 1678 5553; x_wconf 84' lang='grc' dir='ltr'>λέγομεν</span> <span class='ocrx_word' id='word_1_731' title='bbox 1736 5485 1914 5559; x_wconf 75' lang='grc' dir='ltr'>τοῦτο,</span> <span class='ocrx_word' id='word_1_732' title='bbox 1950 5478 2029 5536; x_wconf 85' lang='grc' dir='ltr'><strong>ὅτι</strong></span> 
     </span>
    </p>
   </div>
   <div class='ocr_carea' id='block_1_105' title="bbox 358 5548 2030 5652">
    <p class='ocr_par' dir='ltr' id='par_1_105' title="bbox 358 5548 2030 5652">
     <span class='ocr_line' id='line_1_105' title="bbox 358 5548 2030 5652; baseline 0.01 -40"><span class='ocrx_word' id='word_1_733' title='bbox 358 5548 577 5626; x_wconf 70' lang='grc' dir='ltr'>δηλαδὴ</span> <span class='ocrx_word' id='word_1_734' title='bbox 634 5557 796 5652; x_wconf 75' lang='grc' dir='ltr'>μόνος</span> <span class='ocrx_word' id='word_1_735' title='bbox 851 5561 941 5618; x_wconf 82' lang='grc' dir='ltr'><strong>κιὶ</strong></span> <span class='ocrx_word' id='word_1_736' title='bbox 993 5562 1090 5652; x_wconf 14' lang='grc' dir='ltr'>,ἀφ’</span> <span class='ocrx_word' id='word_1_737' title='bbox 1144 5563 1333 5622; x_wconf 81' lang='grc' dir='ltr'>ἑαυτοῦ</span> <span class='ocrx_word' id='word_1_738' title='bbox 1389 5548 1738 5646; x_wconf 77' lang='grc' dir='ltr'>προσάγεται,</span> <span class='ocrx_word' id='word_1_739' title='bbox 1797 5548 2030 5652; x_wconf 58' lang='grc' dir='ltr'>καὶ’ἀφ’</span> 
     </span>
    </p>
   </div>
   <div class='ocr_carea' id='block_1_106' title="bbox 352 5646 2031 5737">
    <p class='ocr_par' dir='ltr' id='par_1_106' title="bbox 352 5646 2031 5737">
     <span class='ocr_line' id='line_1_106' title="bbox 352 5646 2031 5737; baseline 0.01 -34"><span class='ocrx_word' id='word_1_740' title='bbox 352 5652 559 5714; x_wconf 67' lang='grc' dir='ltr'>,ἑαυτοῦ</span> <span class='ocrx_word' id='word_1_741' title='bbox 629 5646 930 5727; x_wconf 77' lang='grc' dir='ltr'>μοναδικῶς</span> <span class='ocrx_word' id='word_1_742' title='bbox 990 5650 1206 5712; x_wconf 72' lang='grc' dir='ltr'>ἵσταται</span> <span class='ocrx_word' id='word_1_743' title='bbox 1284 5651 1557 5730; x_wconf 76' lang='grc' dir='ltr'>ἑπομένως</span> <span class='ocrx_word' id='word_1_744' title='bbox 1615 5661 1692 5731; x_wconf 86' lang='grc' dir='ltr'>τῷ</span> <span class='ocrx_word' id='word_1_745' title='bbox 1765 5659 1902 5737; x_wconf 67' lang='grc' dir='ltr'>τερετ</span> <span class='ocrx_word' id='word_1_746' title='bbox 1957 5646 2031 5728; x_wconf 75' lang='grc' dir='ltr'>ὧς</span> 
     </span>
    </p>
   </div>
   <div class='ocr_carea' id='block_1_107' title="bbox 2117 4838 3757 4921">
    <p class='ocr_par' dir='ltr' id='par_1_107' title="bbox 2117 4838 3757 4921">
     <span class='ocr_line' id='line_1_107' title="bbox 2117 4838 3757 4921; baseline -0.01 -7"><span class='ocrx_word' id='word_1_747' title='bbox 2117 4857 2334 4914; x_wconf 81' lang='lat' dir='ltr'><strong>statum</strong></span> <span class='ocrx_word' id='word_1_748' title='bbox 2370 4852 2651 4918; x_wconf 86' lang='lat' dir='ltr'><strong>transeat,</strong></span> <span class='ocrx_word' id='word_1_749' title='bbox 2680 4852 2746 4905; x_wconf 91' lang='lat' dir='ltr'><strong>ut</strong></span> <span class='ocrx_word' id='word_1_750' title='bbox 2776 4841 2873 4904; x_wconf 88' lang='lat' dir='ltr'><strong>hic</strong></span> <span class='ocrx_word' id='word_1_751' title='bbox 2907 4841 3080 4904; x_wconf 90' lang='lat' dir='ltr'><strong>Pater</strong></span> <span class='ocrx_word' id='word_1_752' title='bbox 3110 4840 3399 4921; x_wconf 86' lang='lat' dir='ltr'><strong>declarat,</strong></span> <span class='ocrx_word' id='word_1_753' title='bbox 3436 4838 3487 4901; x_wconf 92' lang='lat' dir='ltr'><strong>is</strong></span> <span class='ocrx_word' id='word_1_754' title='bbox 3517 4838 3615 4921; x_wconf 89' lang='lat' dir='ltr'><strong>qui</strong></span> <span class='ocrx_word' id='word_1_755' title='bbox 3646 4839 3757 4898; x_wconf 86' lang='lat' dir='ltr'><strong>ini-</strong></span> 
     </span>
    </p>
   </div>
   <div class='ocr_carea' id='block_1_108' title="bbox 2118 4928 3759 5012">
    <p class='ocr_par' dir='ltr' id='par_1_108' title="bbox 2118 4928 3759 5012">
     <span class='ocr_line' id='line_1_108' title="bbox 2118 4928 3759 5012; baseline -0.009 -12"><span class='ocrx_word' id='word_1_756' title='bbox 2118 4937 2297 5000; x_wconf 87' lang='lat' dir='ltr'><strong>tiatur</strong></span> <span class='ocrx_word' id='word_1_757' title='bbox 2320 4942 2597 4998; x_wconf 89' lang='lat' dir='ltr'><strong>neulrum</strong></span> <span class='ocrx_word' id='word_1_758' title='bbox 2625 4947 2782 5011; x_wconf 83' lang='lat' dir='ltr'><strong>genu</strong></span> <span class='ocrx_word' id='word_1_759' title='bbox 2813 4931 3022 5006; x_wconf 82' lang='lat' dir='ltr'><strong>ﬂectit,</strong></span> <span class='ocrx_word' id='word_1_760' title='bbox 3048 4928 3329 5012; x_wconf 87' lang='lat' dir='ltr'><strong>quoniam</strong></span> <span class='ocrx_word' id='word_1_761' title='bbox 3353 4928 3414 4989; x_wconf 91' lang='lat' dir='ltr'><strong>in</strong></span> <span class='ocrx_word' id='word_1_762' title='bbox 3444 4945 3612 4989; x_wconf 86' lang='lat' dir='ltr'><strong>sacro</strong></span> <span class='ocrx_word' id='word_1_763' title='bbox 3656 4943 3759 4986; x_wconf 83' lang='lat' dir='ltr'><strong>so-</strong></span> 
     </span>
    </p>
   </div>
   <div class='ocr_carea' id='block_1_109' title="bbox 2116 5014 3758 5108">
    <p class='ocr_par' dir='ltr' id='par_1_109' title="bbox 2116 5014 3758 5108">
     <span class='ocr_line' id='line_1_109' title="bbox 2116 5014 3758 5108; baseline -0.008 -21"><span class='ocrx_word' id='word_1_764' title='bbox 2116 5026 2432 5108; x_wconf 83' lang='lat' dir='ltr'><strong>litarioque</strong></span> <span class='ocrx_word' id='word_1_765' title='bbox 2474 5021 2687 5087; x_wconf 88' lang='lat' dir='ltr'><strong>ordine</strong></span> <span class='ocrx_word' id='word_1_766' title='bbox 2716 5021 3007 5085; x_wconf 90' lang='lat' dir='ltr'><strong>consistit.</strong></span> <span class='ocrx_word' id='word_1_767' title='bbox 3044 5017 3308 5086; x_wconf 88' lang='lat' dir='ltr'><strong>Observa</strong></span> <span class='ocrx_word' id='word_1_768' title='bbox 3359 5017 3536 5108; x_wconf 86' lang='lat' dir='ltr'><strong>etiam</strong></span> <span class='ocrx_word' id='word_1_769' title='bbox 3584 5014 3758 5077; x_wconf 86' lang='lat' dir='ltr'><strong>aliam</strong></span> 
     </span>
    </p>
   </div>
   <div class='ocr_carea' id='block_1_110' title="bbox 2116 5107 3764 5191">
    <p class='ocr_par' dir='ltr' id='par_1_110' title="bbox 2116 5107 3764 5191">
     <span class='ocr_line' id='line_1_110' title="bbox 2116 5107 3764 5191; baseline -0.013 -12"><span class='ocrx_word' id='word_1_770' title='bbox 2116 5107 2425 5179; x_wconf 85' lang='lat' dir='ltr'><strong>monastici</strong></span> <span class='ocrx_word' id='word_1_771' title='bbox 2456 5112 2688 5176; x_wconf 88' lang='lat' dir='ltr'><strong>ordinis</strong></span> <span class='ocrx_word' id='word_1_772' title='bbox 2721 5110 3157 5187; x_wconf 80' lang='lat' dir='ltr'><strong>deﬁnitionem,</strong></span> <span class='ocrx_word' id='word_1_773' title='bbox 3186 5117 3245 5172; x_wconf 90' lang='lat' dir='ltr'><strong>et</strong></span> <span class='ocrx_word' id='word_1_774' title='bbox 3264 5107 3403 5191; x_wconf 91' lang='lat' dir='ltr'><strong>quid</strong></span> <span class='ocrx_word' id='word_1_775' title='bbox 3432 5107 3506 5169; x_wconf 91' lang='lat' dir='ltr'><strong>sit</strong></span> <span class='ocrx_word' id='word_1_776' title='bbox 3531 5126 3764 5184; x_wconf 77' lang='grc' dir='ltr'>μοναχι-</span> 
     </span>
    </p>
   </div>
   <div class='ocr_carea' id='block_1_111' title="bbox 2115 5193 3759 5282">
    <p class='ocr_par' dir='ltr' id='par_1_111' title="bbox 2115 5193 3759 5282">
     <span class='ocr_line' id='line_1_111' title="bbox 2115 5193 3759 5282; baseline -0.009 -17"><span class='ocrx_word' id='word_1_777' title='bbox 2115 5231 2210 5265; x_wconf 58' lang='grc' dir='ltr'><strong>κον</strong></span> <span class='ocrx_word' id='word_1_778' title='bbox 2242 5206 2314 5267; x_wconf 90' lang='lat' dir='ltr'><strong>ad</strong></span> <span class='ocrx_word' id='word_1_779' title='bbox 2335 5203 2842 5282; x_wconf 73' lang='grc' dir='ltr'>μοναδικόν.Αηίθα</span> <span class='ocrx_word' id='word_1_780' title='bbox 2864 5201 3020 5263; x_wconf 88' lang='lat' dir='ltr'><strong>enim</strong></span> <span class='ocrx_word' id='word_1_781' title='bbox 3056 5199 3424 5274; x_wconf 74' lang='lat' dir='ltr'><strong>dicebamus,</strong></span> <span class='ocrx_word' id='word_1_782' title='bbox 3450 5193 3606 5277; x_wconf 91' lang='lat' dir='ltr'><strong>quod</strong></span> <span class='ocrx_word' id='word_1_783' title='bbox 3626 5210 3759 5254; x_wconf 91' lang='lat' dir='ltr'><strong>cum</strong></span> 
     </span>
    </p>
   </div>
   <div class='ocr_carea' id='block_1_112' title="bbox 2115 5282 3763 5378">
    <p class='ocr_par' dir='ltr' id='par_1_112' title="bbox 2115 5282 3763 5378">
     <span class='ocr_line' id='line_1_112' title="bbox 2115 5282 3763 5378; baseline -0.01 -20"><span class='ocrx_word' id='word_1_784' title='bbox 2115 5297 2248 5378; x_wconf 89' lang='lat' dir='ltr'><strong>quis</strong></span> <span class='ocrx_word' id='word_1_785' title='bbox 2279 5316 2311 5358; x_wconf 92' lang='lat' dir='ltr'><strong>a</strong></span> <span class='ocrx_word' id='word_1_786' title='bbox 2342 5293 2578 5368; x_wconf 90' lang='lat' dir='ltr'><strong>divinis,</strong></span> <span class='ocrx_word' id='word_1_787' title='bbox 2605 5293 2833 5355; x_wconf 88' lang='lat' dir='ltr'><strong>scilicet</strong></span> <span class='ocrx_word' id='word_1_788' title='bbox 2863 5289 3252 5353; x_wconf 65' lang='lat' dir='ltr'><strong>smcularibus</strong></span> <span class='ocrx_word' id='word_1_789' title='bbox 3304 5282 3763 5378; x_wconf 82' lang='lat' dir='ltr'><strong>perturbationi-</strong></span> 
     </span>
    </p>
   </div>
   <div class='ocr_carea' id='block_1_113' title="bbox 2117 5375 3758 5463">
    <p class='ocr_par' dir='ltr' id='par_1_113' title="bbox 2117 5375 3758 5463">
     <span class='ocr_line' id='line_1_113' title="bbox 2117 5375 3758 5463; baseline -0.01 -14"><span class='ocrx_word' id='word_1_790' title='bbox 2117 5375 2252 5463; x_wconf 76' lang='lat' dir='ltr'><strong>bus,</strong></span> <span class='ocrx_word' id='word_1_791' title='bbox 2282 5386 2356 5449; x_wconf 83' lang='lat' dir='ltr'><strong>ad</strong></span> <span class='ocrx_word' id='word_1_792' title='bbox 2384 5384 2803 5449; x_wconf 88' lang='lat' dir='ltr'><strong>collectionem</strong></span> <span class='ocrx_word' id='word_1_793' title='bbox 2827 5380 3145 5461; x_wconf 88' lang='lat' dir='ltr'><strong>quamdam</strong></span> <span class='ocrx_word' id='word_1_794' title='bbox 3177 5386 3237 5440; x_wconf 89' lang='lat' dir='ltr'><strong>et</strong></span> <span class='ocrx_word' id='word_1_795' title='bbox 3257 5376 3611 5448; x_wconf 80' lang='lat' dir='ltr'><strong>deiformem</strong></span> <span class='ocrx_word' id='word_1_796' title='bbox 3633 5375 3758 5463; x_wconf 85' lang='lat' dir='ltr'><strong>uni-</strong></span> 
     </span>
    </p>
   </div>
   <div class='ocr_carea' id='block_1_114' title="bbox 2118 5462 3761 5557">
    <p class='ocr_par' dir='ltr' id='par_1_114' title="bbox 2118 5462 3761 5557">
     <span class='ocr_line' id='line_1_114' title="bbox 2118 5462 3761 5557; baseline -0.012 -18"><span class='ocrx_word' id='word_1_797' title='bbox 2118 5462 2298 5541; x_wconf 88' lang='lat' dir='ltr'><strong>tatem</strong></span> <span class='ocrx_word' id='word_1_798' title='bbox 2319 5475 2721 5557; x_wconf 81' lang='lat' dir='ltr'><strong>redigeretur,</strong></span> <span class='ocrx_word' id='word_1_799' title='bbox 2746 5488 2852 5552; x_wconf 90' lang='lat' dir='ltr'><strong>per</strong></span> <span class='ocrx_word' id='word_1_800' title='bbox 2882 5471 2995 5533; x_wconf 91' lang='lat' dir='ltr'><strong>hoc</strong></span> <span class='ocrx_word' id='word_1_801' title='bbox 3027 5487 3246 5557; x_wconf 90' lang='lat' dir='ltr'><strong>nomen</strong></span> <span class='ocrx_word' id='word_1_802' title='bbox 3276 5463 3548 5557; x_wconf 79' lang='lat' dir='ltr'><strong>monachi</strong></span> <span class='ocrx_word' id='word_1_803' title='bbox 3579 5462 3761 5525; x_wconf 89' lang='lat' dir='ltr'><strong>sorti-</strong></span> 
     </span>
    </p>
   </div>
   <div class='ocr_carea' id='block_1_115' title="bbox 2113 5553 3756 5641">
    <p class='ocr_par' dir='ltr' id='par_1_115' title="bbox 2113 5553 3756 5641">
     <span class='ocr_line' id='line_1_115' title="bbox 2113 5553 3756 5641; baseline -0.012 -9"><span class='ocrx_word' id='word_1_804' title='bbox 2113 5576 2275 5632; x_wconf 89' lang='lat' dir='ltr'><strong>retur</strong></span> <span class='ocrx_word' id='word_1_805' title='bbox 2304 5584 2319 5627; x_wconf 89' lang='lat'><strong>:</strong></span> <span class='ocrx_word' id='word_1_806' title='bbox 2354 5553 2723 5629; x_wconf 81' lang='lat' dir='ltr'><strong>nuncautem</strong></span> <span class='ocrx_word' id='word_1_807' title='bbox 2744 5559 2919 5622; x_wconf 88' lang='lat' dir='ltr'><strong>aliam</strong></span> <span class='ocrx_word' id='word_1_808' title='bbox 2952 5553 3756 5641; x_wconf 82' lang='lat' dir='ltr'><strong>quoqueJamusrationem;</strong></span> 
     </span>
    </p>
   </div>
   <div class='ocr_carea' id='block_1_116' title="bbox 2098 5644 3762 5738">
    <p class='ocr_par' dir='ltr' id='par_1_116' title="bbox 2098 5644 3762 5738">
     <span class='ocr_line' id='line_1_116' title="bbox 2098 5644 3762 5738; baseline -0.011 -15"><span class='ocrx_word' id='word_1_809' title='bbox 2098 5677 2186 5723; x_wconf 80' lang='lat' dir='ltr'><strong>.ex</strong></span> <span class='ocrx_word' id='word_1_810' title='bbox 2211 5676 2280 5722; x_wconf 90' lang='lat' dir='ltr'><strong>eo</strong></span> <span class='ocrx_word' id='word_1_811' title='bbox 2305 5655 2468 5738; x_wconf 89' lang='lat' dir='ltr'><strong>quod</strong></span> <span class='ocrx_word' id='word_1_812' title='bbox 2492 5654 2655 5719; x_wconf 87' lang='lat' dir='ltr'><strong>solus</strong></span> <span class='ocrx_word' id='word_1_813' title='bbox 2676 5668 2783 5736; x_wconf 90' lang='lat' dir='ltr'><strong>per</strong></span> <span class='ocrx_word' id='word_1_814' title='bbox 2802 5649 3188 5732; x_wconf 90' lang='lat' dir='ltr'><strong>semetipsum</strong></span> <span class='ocrx_word' id='word_1_815' title='bbox 3211 5644 3640 5721; x_wconf 83' lang='lat' dir='ltr'><strong>adducatur,et</strong></span> <span class='ocrx_word' id='word_1_816' title='bbox 3654 5659 3762 5725; x_wconf 91' lang='lat' dir='ltr'><strong>per</strong></span> 
     </span>
    </p>
   </div>
  </div>
