4000 6214
372 309 486 378 547
1545 304 1602 376 S.
1652 306 1988 378 DlONYSII

2089 314 2399 380 .REOPAG
2410 316 2431 378 Ι
2444 304 2564 379 ΤΕ
3636 311 3742 383 548

364 468 431 512 se
459 448 759 526 μοναδιιῷς
794 464 897 508 seu
928 446 1208 509 solilarie
1241 444 1522 509 consistat
1553 455 1685 528 post
1730 444 1984 509 sacerdo

2098 448 2293 516 ὀπαδὸς
2342 450 2426 508 ἐπὶ
2455 453 2552 521 τὴν
2606 459 2712 508 τῶν
2740 455 2895 532 ἱερῶν
2947 453 3258 530 ἐπιστήμην
3313 457 3564 520 εὔπειθῶς
3606 456 3739 534 ἀγό-

364 549 491 600 tum
522 545 799 618 tanquam
850 536 1078 597 assecla
1109 538 1206 617 qui
1238 537 1309 597 ad
1361 555 1664 599 sacrorum
1700 536 1991 598 scientian

2097 560 2251 613 μενος
2297 540 2454 598 Ὅθεν
2483 544 2544 597 τὸ
2575 545 2870 623 μονλχικὸν
2923 544 3012 601 ἐπὶ
3039 549 3138 612 τῆς
3196 543 3391 611 τάξεως
3426 544 3638 621 λέγοιτο
3682 547 3739 603 ἃν

363 629 671 689 humiliter
698 626 941 706 aspirat.
978 625 1151 688 Unde
1180 630 1240 684 τὸ
1291 631 1589 708 μοναχικὸν
1624 628 1840 690 dicitur
1871 644 1991 706 pro-

2095 628 2314 707 κυρίως,
2345 633 2405 686 τὸ
2463 629 2516 686 δὲ
2549 630 2833 707 μοναδικὸν
2889 634 2974 689 ἐπὶ
3005 639 3102 700 τῆς
3148 634 3410 697 στάσεως,
3471 634 3738 702 Μοναδιιιὴ

362 719 489 798 prie
519 718 594 778 de
615 717 849 795 ordine,
880 716 1158 791 510szme
1184 735 1324 778 vero
1356 718 1432 779 de
1464 725 1637 779 statu.
1674 717 1991 779 Monadicu:

2097 721 2303 799 σταίσις,
2366 719 2444 777 ὅτι
2509 720 2671 797 μόνος
2726 722 2863 778 κατὰ
2911 722 3113 797 μονάδα
3160 724 3401 780 ἵσταται·
3466 727 3738 804 μοναχικὴ

365 806 642 868 nimirum
692 824 797 866 seu
829 804 1132 867 solitarius
1177 814 1359 867 status
1391 807 1632 887 dicitur,
1667 807 1810 882 quia
1852 805 1991 865 solu:

2098 805 2263 886 τάξις,
2299 807 2382 863 ὅτι
2413 817 2670 888 μοναχῶς
2702 810 2788 865 καὶ
2821 808 3086 891 ἐνοειδώς,
3116 812 3204 867 καὶ
3249 810 3309 866 οὗ
3336 808 3534 890 διχῶς,
3568 812 3603 878 ἢ
3635 833 3740 889 τρι-

356 894 686 957 secundum
706 913 879 956 mona
904 897 1019 956 lem
1035 895 1326 957 consistit.
1354 895 1731 958 Monachicus
1749 913 1855 957 seu
1879 912 2010 955 mo-

357 985 618 1047 nasticus
661 984 806 1045 ordo
839 985 976 1063 quia
1020 984 1377 1064 simpliciter
1404 994 1462 1046 et
1510 985 1914 1063 uniformiter,
1948 992 2008 1044 et

360 1095 474 1138 non
506 1073 845 1156 dupliciter,
870 1074 960 1135 vel
991 1074 1333 1155 tripliciter,
1353 1074 1441 1137 vel
1471 1075 1879 1155 multipliciter
1907 1072 2004 1134 in-

356 1165 619 1226 stituitur
635 1183 701 1225 ac
732 1163 1118 1241 gubernatur.
1142 1162 1267 1224 Hoc
1298 1164 1474 1225 etiam
1508 1164 1612 1226 illa
1646 1164 1830 1225 vestis
1881 1171 2009 1223 atra

356 1274 486 1337 qua:
517 1255 987 1335 circumponitur
1032 1254 1327 1331 signiﬁcat
1363 1275 1378 1323 ς
1437 1254 1731 1334 siquidem
1776 1252 2008 1315 colores

2097 901 2235 974 χῶς,
2267 896 2302 965 ἢ
2361 896 2655 978 πολλαχῶς
2685 898 3041 959 πολιτεύεται.
3108 903 3273 957 Τοῦτο
3315 900 3415 977 γὰρ
3444 898 3607 965 δηλοῖ
3662 911 3740 964 καὶ

2093 987 2153 1041 τὸ
2185 987 2601 1066 ἂμςριεννύμενον
2635 989 2825 1066 μέλαν·
2875 991 2939 1046 τὰ
2985 992 3081 1065 μὲν
3112 993 3211 1069 γὰρ
3264 990 3399 1047 ἄλλα
3441 998 3545 1048 τῶν
3604 1013 3741 1069 19⁸³³⁸

2090 1075 2273 1148 μάτων
2329 1079 2403 1142 εἰς
2458 1077 2609 1155 ἕτερα
2686 1087 3103 1153 μεταπεσοῦνται
3161 1078 3348 1157 ῥαδίως
3414 1082 3502 1137 καὶ
3574 1080 3740 1136 πάντα

2091 1166 2163 1227 εἷς
2223 1168 2283 1221 τὸ
2334 1166 2525 1247 μέλαν,
2558 1171 2620 1224 τὸ
2644 1166 2699 1224 δὲ
2731 1168 2896 1243 μέλαν
2928 1174 3021 1228 οὐκ
3043 1169 3149 1225 ἔστι
3206 1166 3612 1245 μεταϐληθῆναι
3671 1171 3739 1232 εἰς

2090 1252 2267 1330 ἕτερον
2300 1262 2497 1335 χρῷμα
2542 1257 2786 1319 πώποτε.

356 1346 456 1408 alii
500 1346 560 1406 in
609 1345 758 1408 alios
785 1343 961 1405 facile
1016 1352 1338 1418 mutantur,
1376 1352 1432 1405 et
1462 1362 1671 1406 omnes
1714 1345 1774 1404 in
1808 1345 2063 1422 nigrum,
2099 1341 2204 1404 sed
2262 1345 2428 1423 niger
2470 1346 2634 1410 color
2680 1346 2740 1408 in
2771 1345 2951 1409 alium
3016 1366 3314 1430 nunquam
3350 1348 3571 1411 mutari
3629 1367 3737 1431 po-

357 1443 493 1503 test.
1536 1482 1537 1485 η
1737 1482 1742 1487 ς

432 1526 461 1604 §
510 1522 581 1586 ΙΙ.
616 1522 944 1584 Divisarum
979 1531 1178 1586 antem
1233 1543 1301 1585 ac
1348 1525 1718 1586 saecularium
1751 1522 2000 1584 vitarum

348 1624 524 1695 atque
542 1614 790 1692 insuper
812 1612 1302 1692 imaginationum
1322 1614 1681 1675 renuntiatio
1702 1612 2003 1693 perfectis-

348 1704 560 1765 simam
586 1703 846 1765 declarat
867 1702 1298 1783 philosophiam
1330 1725 1343 1767 :
1379 1704 1661 1784 quoniam
1691 1723 1724 1764 a
1748 1702 2003 1764 dividuis

343 1792 873 1873 recedens,unicis
900 1792 1019 1854 illis
1046 1794 1260 1856 Christi
1289 1794 1525 1855 Domini
1552 1792 1841 1854 mandatis
1864 1792 1998 1853 uni-

349 1885 581 1945 ﬁcatur.
603 1881 804 1962 Neque
831 1883 986 1942 enim
1024 1892 1111 1943 est
1132 1881 1313 1943 medii
1345 1881 1575 1942 ordinis
1607 1882 1995 1961 initiatorum,

346 1972 557 2030 scilicet
582 1972 1031 2028 illuminatorum
1058 1979 1111 2028 et
1149 1985 1443 2027 sacrorum
1470 1970 1782 2028 laicorum:
1820 1970 1995 2028 multa

347 2063 500 2119 enim
533 2062 797 2118 monachi
832 2061 1012 2117 facere
1044 2061 1443 2131 prohibentur,
1482 2076 1727 2133 quorum
1759 2059 1997 2118 facultas

345 2161 403 2213 et
436 2160 690 2233 potestas
718 2150 887 2212 Ιίιίεἰε
932 2159 1037 2219 est.
1073 2160 1135 2212 ut
1163 2159 1320 2227 sunt,
1357 2151 1901 2231 nuptias,militiam
1937 2159 1996 2213 et

347 2242 704 2304 commercia
747 2241 1151 2322 frequentare,
1186 2250 1242 2302 et
1286 2240 1529 2313 similia,
1563 2260 1694 2322 quae
1739 2241 1798 2302 in
1844 2240 1994 2302 laico

344 2351 463 2393 non
515 2333 889 2393 damnantur.
923 2329 1036 2393 Ubi
1070 2340 1206 2392 nota
1252 2331 1476 2393 dictum
1519 2331 1822 2408 quoddam
1857 2331 1999 2391 260

345 2420 489 2483 utile
542 2428 746 2482 contra
807 2419 1245 2498 Lampetianos,
1293 2423 1418 2482 sive
1475 2420 1855 2495 Masolianos,
1897 2427 1999 2482 aut

344 2510 778 2592 Ad’elphianos,
813 2510 925 2582 vel,
962 2510 1123 2586 quod
1158 2510 1315 2571 idem
1354 2510 1527 2585 valet,
1564 2510 1997 2588 Marcianistas,

344 2600 445 2681 qui
481 2599 802 2661 triennium
836 2600 1024 2660 solum
1060 2598 1327 2660 tribuunt
1356 2600 1715 2680 competenti
1740 2600 1997 2661 sanctiﬁ-

345 2688 589 2763 cationi,
625 2708 695 2751 ac
723 2697 924 2768 postea
947 2689 1296 2769 permissam
1329 2689 1668 2750 existimant
1699 2706 1830 2750 esse
1861 2707 1995 2750 om-

344 2796 482 2841 nem
531 2777 855 2858 lasciviam,
889 2797 1024 2838 cum
1074 2796 1253 2839 sensu
1286 2778 1499 2857 spoliat
1521 2777 1857 2839 istiusmodi
1903 2779 1995 2840 la-

341 2867 555 2929 borent
588 2874 884 2948 passione.
911 2866 1130 2929 Verum
1163 2867 1433 2931 monachi
1463 2886 1585 2948 prae
1613 2869 1843 2928 caeteris
1878 2868 1989 2929 de-

340 2960 483 3022 bent
511 2962 578 3021 ad
607 2959 1035 3021 sacerdotalem
1070 2959 1298 3021 vivendi
1333 2961 1623 3020 rationem
1663 2959 1987 3048 efformari,

339 3049 559 3129 quippe
591 3050 689 3127 qui
726 3066 845 3128 prae
875 3048 1109 3109 caeteris
1161 3048 1409 3108 initiatis
1440 3066 1575 3110 cum
1627 3049 1737 3109 isto
1780 3048 1990 3111 ordine

343 3139 629 3218 majorem
664 3138 918 3199 habeant
962 3138 1327 3208 afﬁnitatem,
1362 3139 1446 3199 uti
1480 3156 1659 3218 supra
1703 3138 1986 3215 diximus,

2167 1526 2194 1598 §
2224 1532 2286 1582 ΙΙ.
2326 1516 2387 1582 Ἠ
2419 1523 2470 1581 δὲ
2503 1525 2749 1604 ἀποταγὴ
2780 1534 2885 1583 τῶν
2925 1535 3188 1606 μεριστῶν
3219 1531 3305 1586 καὶ
3340 1530 3481 1586 κατὰ
3537 1529 3738 1600 κόσμον

2086 1618 2258 1686 ζωῶν,
2295 1612 2371 1669 ἔτι
2404 1613 2458 1670 δὲ
2486 1616 2572 1671 καὶ
2603 1619 2929 1696 φαντασίῶν,
2964 1618 3059 1684 τὴν
3121 1616 3467 1685 τελειοτάτην
3500 1618 3739 1697 ἐμφαίνει

2086 1700 2418 1782 φιλοσοφίαν·
2483 1705 2808 1762 ἑνοποιεῖται
2871 1708 2972 1785 γὰρ
3029 1721 3151 1768 ταῖς
3211 1709 3429 1769 ἑνιαίαις
3493 1706 3739 1771 ἒντολαῒς

2086 1801 2176 1849 τοῦ
2239 1794 2508 1850 Δεσπότου
2589 1802 2813 1871 Χριστοῦ
2868 1803 2974 1852 τῶν
3043 1802 3304 1875 μεριστῶν
3359 1797 3740 1877 ἀφιστάμενος.

2085 1879 2214 1937 Οὐδὲ
2274 1884 2374 1961 γὰρ
2432 1890 2531 1950 τῆς
2589 1885 2758 1959 μέσης
2793 1893 2900 1959 τῷν
2960 1884 3296 1960 τελουμένων
3350 1885 3461 1943 ἒστὶ
3517 1886 3739 1959 τάξεως,

2082 1967 2328 2036 δηλονότι
2380 1979 2485 2047 τῷν
2516 1975 2893 2055 φωτιζομένων
2947 1976 3033 2032 καὶ
3075 1976 3228 2054 ἱερῷν
3272 1977 3503 2050 λα’ἰκῷν*
3565 1975 3741 2032 πολλὰ

2079 2061 2179 2137 γὰρ
2236 2060 2500 2118 κωλύεται
2557 2066 2584 2119 ὁ
2644 2067 2893 2142 μοναγὸς
2944 2079 3149 2145 ποιεῖν,
3183 2068 3256 2120 ὧν
3299 2068 3348 2121 οἱ
3406 2065 3590 2121 λαϊκοὶ
3644 2067 3739 2134 τὴν

2077 2151 2367 2227 ἐπιτροπὴν
2426 2155 2514 2209 καί
2569 2154 2665 2221 τὴν
2724 2150 2960 2218 ἐξουσίαν
3033 2153 3252 2234 ἔχουσι’
3313 2157 3375 2211 τὸ
3421 2153 3475 2210 δὲ
3519 2157 3654 2211 εἰσιν
3711 2157 3739 2212 ὀ

2079 2240 2275 2317 γάμος,
2309 2242 2396 2297 καὶ
2454 2243 2515 2298 τὸ
2560 2264 2858 2321 στρατειαις
2887 2245 2978 2300 καὶ
3033 2243 3309 2323 ἐμπορίαις
3360 2244 3597 2324 ὁμιλεῖν,
3648 2247 3739 2304 καὶ

2081 2329 2301 2405 ἑτέροις,
2336 2330 2389 2387 ἐν
2419 2336 2505 2395 οἷς
2536 2334 2564 2388 ὁ
2594 2330 2785 2394 λα’ίκὸς
2844 2333 2902 2389 οὗ
2931 2334 3325 2411 κατακρίνεται,
3365 2336 3462 2392 Καὶ
3490 2335 3735 2410 σημείω-

2081 2440 2167 2474 σαι
2198 2421 2259 2475 τὸ
2308 2420 2491 2496 ρητὸν,
2528 2421 2607 2477 ὅτι
2641 2424 2911 2500 χρήσιμον
2965 2424 3100 2479 κατὰ
3155 2429 3575 2499 Λαμπετιανῷν,
3612 2422 3736 2490 ἦτοι

2083 2510 2461 2585 Μασαλιανῷν,
2495 2511 2530 2576 ἣ
2578 2509 2960 2591 Ἀδελφιανῷν,
2992 2514 3183 2570 ταῦτὸν
3235 2513 3290 2569 δὲ
3348 2517 3519 2571 εἰπεῖν
3580 2520 3735 2591 Μαρ-

2080 2601 2388 2674 κιανιστῷν,
2451 2599 2651 2665 οἵτινες
2701 2603 2933 2678 τριετίαν
3005 2603 3176 2677 μόνην
3229 2606 3592 2682 νομοθετοῦσι,
3649 2608 3739 2660 καὶ

2078 2687 2207 2763 ὑπὲρ
2261 2691 2320 2746 τὸ
2374 2695 2646 2768 προσῆκον
2698 2691 3021 2770 ἁγνίζεσθαι,
3054 2694 3142 2748 καὶ
3195 2694 3331 2768 μετὰ
3360 2700 3525 2749 ταῦτα
3586 2694 3736 2772 ἐφει-

2081 2777 2245 2852 μένην
2302 2777 2487 2859 ἔχουσι
2513 2785 2686 2837 πᾶσαν
2730 2778 3033 2857 ἀσέλγειαν,
3076 2780 3407 2850 ἀναισθήτως
3456 2785 3735 2847 venustas;

2079 2868 2178 2933 τὴν
2234 2868 2545 2942 έμπάθειαν.
2596 2866 2744 2925 ’Λλλ’
2800 2870 2846 2925 οἱ
2904 2871 3136 2949 μοναχοὶ
3191 2872 3324 2948 πρὸς
3374 2885 3493 2935 τοῖς
3546 2870 3734 2937 ἄλλοις

2079 2956 2338 3035 ὀφείλουσι
2384 2960 2511 3035 πρὸς
2588 2959 2687 3026 τὴν
2746 2961 3016 3037 ἱερατικὴν
3066 2959 3497 3039 ἀπομορνροῦσται
3561 2962 3730 3031 ζωὴν,

2077 3047 2148 3109 ὡς
2208 3046 2411 3120 μᾶλλον
2448 3051 2575 3121 αὒτῇ
2632 3049 3016 3119 πλήσιάζονιες
3055 3049 3197 3125 παρὰ
3255 3050 3348 3111 τὰς
3379 3048 3572 3123 λοιμας
3626 3056 3734 3124 τῷν

2075 3133 2411 3210 τελουμένων
2467 3135 2663 3210 τάξεις,
2729 3137 2904 3200 καθὼς
2981 3136 3235 3215 ἐλέγομεν
3293 3137 3609 3216 ἔμπροσθεν,
3673 3141 3736 3196 οξ)

337 3246 715 3306 nequaquam
774 3228 927 3290 facta
956 3228 1398 3308 comparatione
1456 3247 1588 3289 cum
1624 3226 1869 3289 initiatis
1922 3229 1991 3291 iis

2089 3225 2209 3303 πρὸς
2252 3226 2347 3289 τὰς
2406 3223 2624 3291 τελετὰς
2676 3232 2783 3300 τῷν
2811 3296 2816 3301 θ
2844 3225 3015 3303 ἄκρως
3074 3225 3427 3306 τελουμένων,
3482 3225 3739 3295 δηλονότι

337 3317 440 3398 qui
463 3336 744 3397 suprema
760 3319 1209 3379 consecratione
1231 3317 1446 3379 initiati
1466 3326 1624 3392 sunt,
1654 3317 1713 3378 id
1740 3326 1832 3378 est
1855 3337 1991 3398 per-

2089 3315 2187 3388 τῷν
2244 3313 2632 3388 τελειουμένων
2662 3316 2759 3391 τῇς
2810 3316 3129 3394 συγκρίσεως
3178 3317 3483 3395 γινομένης⁶
3521 3317 3582 3373 οὗ
3631 3320 3739 3399 γὰρ

336 3405 509 3469 fectis
542 3408 805 3488 (perfecti
842 3408 1001 3469 enim
1035 3416 1176 3469 sunt
1203 3407 1299 3486 qui
1335 3426 1442 3487 per
1473 3407 1856 3488 baptismum,
1892 3407 1991 3488 qui

2089 3404 2205 3460 εἷπε
2263 3411 2370 3478 τῷν
2425 3404 2809 3480 τελειουμένων
2877 3403 3257 3482 (τελειούμενοι
3334 3407 3429 3484 γάρ
3487 3409 3619 3464 εἰσιν
3687 3412 3739 3466 οἱ

339 3516 450 3577 per
472 3497 944 3578 unctionem,qui
978 3515 1084 3577 per
1106 3498 1617 3575 communionem,
1643 3496 1745 3576 qui
1775 3515 1881 3576 per
1901 3515 1991 3559 or-

2089 3489 2164 3549 ita
2190 3502 2280 3551 τοῦ
2329 3495 2720 3570 βαπτίσματος,
2754 3497 2800 3550 οἱ
2856 3492 2942 3550 διὰ
2972 3495 3070 3563 τῆς
3130 3498 3382 3575 χρίσεως,
3418 3501 3463 3553 οἱ
3494 3498 3579 3553 διὰ
3631 3504 3739 3567 τῆς

340 3588 702 3649 dinationem
736 3587 1317 3664 suntconsummati)
1341 3586 1449 3647 sed
1483 3604 1615 3648 cum
1638 3585 1714 3647 iis
1742 3586 1844 3666 qui
1874 3586 1990 3648 ini-

2089 3582 2452 3659 αὲταλήψεως,
2492 3586 2538 3640 δι
2568 3581 2652 3640 διὰ
2709 3584 2808 3652 τῆς
2855 3587 3233 3664 χειροτονίας),
3263 3584 3399 3642 ἄλλα
3457 3586 3734 3664 τελουμέ-

339 3676 637 3743 tiantur,id
652 3676 855 3757 estqui
879 3675 1985 3756 eXpiantur,docentur,illuminantur.

336 3765 626 3838 Quoniam
680 3766 872 3827 omnis
902 3765 1141 3847 quidem
1199 3765 1300 3846 qui
1343 3766 1646 3847 perﬁcitur
1695 3764 1984 3844 initiatur,

334 3874 456 3918 non
487 3855 682 3918 omnis
703 3867 901 3917 autem
928 3854 1039 3935 qui
1066 3855 1338 3917 initiatur
1363 3856 1536 3917 etiam
1572 3855 1903 3935 perﬁcitur.

416 3945 572 4024 §lII.
611 3944 859 4024 Signum
911 3962 1052 4005 vero
1085 3945 1284 4023 ﬁgura:
1315 3946 1510 4006 crucis
1548 3944 1820 4023 designat
1850 3963 1984 4007 ces-

334 4036 626 4095 sationem
649 4033 971 4095 carnalium
998 4033 1433 4095 desideriorum
1465 4054 1480 4110 ;
1518 4041 1787 4115 tonsura,
1808 4034 1983 4096 vitam

336 4142 546 4205 puram
580 4131 638 4186 et
670 4122 917 4184 minime
948 4123 1199 4184 fucatam
1233 4143 1247 4185 :
1280 4142 1310 4181 a
1336 4124 1796 4203 supervacaneis
1822 4122 1983 4185 enim

335 4211 627 4294 eXpiatur,
658 4213 739 4275 ita
768 4220 831 4273 ut
861 4230 980 4273 non
1023 4211 1200 4273 liceat
1229 4211 1549 4273 ascititium
1583 4230 1770 4274 comta
1801 4230 1982 4274 orna-

332 4311 602 4365 mentum
646 4319 980 4382 assumere,
1013 4301 1120 4362 sed
1153 4309 1518 4363 venustatem
1566 4301 1820 4364 maxime
1852 4301 1984 4364 dei-

2073 3695 2198 3748 νων,
2254 3670 2457 3757 δηλαδὴ
2542 3674 2960 3753 καθαιρομένων,
3019 3673 3432 3750 διδασκομένων,
3500 3685 3733 3757 (portio-

2072 3762 2270 3838 μένων.
2329 3747 2490 3818 Ὥστε
2522 3769 2624 3826 πᾶς
2677 3762 3039 3838 τελειούμενος
3072 3766 3158 3821 καὶ
3211 3764 3471 3847 τελεῖται,
3502 3770 3563 3826 οὗ
3617 3768 3734 3844 μὴν

2071 3849 2126 3907 δὲ
2170 3857 2273 3914 πᾶς
2319 3849 2630 3926 τελούμῖενος
2666 3850 2975 3915 τελειοῦται.

2148 3939 2178 4019 §
2230 3940 2329 4003 ΠΙ,
2366 3932 2427 3996 Ἡ
2486 3939 2824 4019 σταυροειδὴς
2854 3939 2908 3998 δὲ
2961 3941 3123 4002 πάλιν
3165 3944 3410 4024 σφραγὶς,
3456 3943 3557 4011 τὴν
3588 3943 3732 4001 ἆνε-

2069 4031 2350 4108 νεργησίαν
2381 4026 2543 4096 δηλοῖ
2598 4037 2702 4105 τῷν
2735 4038 2999 4110 σαρκικῷν
3031 4031 3274 4111 ὀρέξεων·
3329 4038 3363 4101 ἡ
3394 4033 3730 4115 ἀπόκαρσις,

2068 4119 2297 4197 καθαρὰν
2375 4120 2460 4174 καὶ
2537 4117 2948 4198 ἀσχημάτιστον
3036 4122 3203 4192 ζωήν·
3265 4123 3562 4201 καθαίρεται
3622 4124 3735 4202 γὰρ

2066 4209 2169 4280 τῷν
2229 4206 2668 4286 περιττωμάτων,
2702 4208 2789 4265 καὶ
2821 4212 2915 4267 οὒκ
2946 4207 3056 4265 ’ἐστι
3111 4207 3196 4265 διὰ
3223 4215 3321 4277 τῆς
3354 4210 3531 4285 ιιόμης
3592 4210 3730 4268 ἑπι-

2062 4298 2271 4354 θετικὸν
2325 4296 2519 4360 κάλλος
2575 4295 2888 4374 λαμϐάνειν,
2923 4296 3059 4357 ἀλλᾶ
3087 4297 3287 4366 καλλος
3326 4298 3738 4359 θεοειδέστατιν

328 4392 609 4474 formem,
644 4392 963 4455 mentalem
993 4390 1226 4453 scilicet
1256 4399 1313 4452 et
1344 4390 1593 4454 unitam.

2089 4388 2201 4443 ιατὰ
2225 4392 2345 4444 νοῦν
2374 4387 2461 4443 καὶ
2492 4387 2724 4450 ἐνιαϊον,

412 4484 442 4564 §
473 4485 567 4548 IV.
595 4473 809 4545 Vestes
828 4482 1135 4544 insinuant
1157 4481 1388 4543 vivendi
1410 4483 1694 4546 rationes:
1721 4481 1820 4544 illa
1845 4483 1984 4564 qui-

2148 4475 2179 4555 §
2234 4473 2338 4564 Iv.
2377 4478 2437 4533 Αἱ
2486 4477 2705 4545 ἐσθῆτες
2736 4477 2831 4541 τὰς
2861 4479 3000 4549 ζωὰς
3058 4478 3499 4559 ὑπεμφαίνουσιν·
3529 4482 3565 4549 ἡ
3620 4482 3743 4557 μὲν

330 4562 460 4631 dem
492 4587 615 4646 quae
645 4572 971 4643 deponitur,
997 4573 1248 4643 priorem
1282 4570 1430 4629 illam
1463 4572 1690 4638 laicam,
1718 4571 1814 4628 illa
1848 4562 1982 4631 vero

2089 4566 2132 4637 ὶν
2185 4562 2572 4641 ἁποϐάλλεται,
2604 4567 2704 4633 τὴν
2761 4567 3017 4647 προτέραν
3061 4570 3150 4625 καὶ
3200 4568 3426 4639 λα’ἰκήν·
3486 4573 3522 4639 ἡ
3548 4568 3605 4625 δὲ
3651 4571 3747 4638 ἣν

330 4682 464 4745 quae
506 4662 848 4737 assumitur,
884 4661 1301 4743 perfectiorem
1334 4662 1487 4724 hanc
1531 4669 1589 4723 et
1617 4661 1927 4724 meliorem
1960 4680 1974 4725 ε

2089 4655 2429 4736 εμφιέννυται,
2458 4656 2557 4723 τὴν
2618 4655 2946 4735 τελειοτέραν
3003 4658 3203 4725 ταύτην
3274 4660 3364 4715 κὰὶ
3419 4662 3743 4740 κρείττοναο

329 4755 483 4815 sicut
512 4754 690 4816 etiam
714 4753 773 4813 in
809 4751 1103 4832 baptismo
1140 4752 1313 4813 vestis
1349 4752 1447 4814 illa
1477 4752 1834 4834 permutatio
1868 4751 1978 4814 de-

2089 4746 2295 4823 .αθάπερ
2352 4747 2440 4801 καὶ
2498 4746 2582 4802 ἐπὶ
2610 4753 2703 4804 τοῦ
2760 4748 3127 4823 βαπτίσματος
3167 4748 3268 4816 τὴν
3326 4748 3434 4806 ἀπὸ
3478 4754 3572 4816 τῆς
3630 4751 3752 4807 καὶ

330 4844 597 4914 signabat
628 4842 774 4914 ejus,
797 4842 892 4914 qui
922 4855 1021 4913 per
1045 4833 1974 4912 institutionem’expiatusfuerat,

2094 4834 2375 4914 αιρομένης
2433 4833 2517 4892 διὰ
2567 4840 2667 4903 τῆς
2725 4834 3064 4901 διδασκαλίας
3120 4842 3264 4909 ζωῆς
3315 4840 3390 4900 εἷς
3446 4842 3752 4917 θεωρητι-

329 4935 505 4996 vitam
537 4932 611 4994 ad
638 4930 1082 5013 contemplandi
1107 4939 1165 4993 et
1195 4929 1574 4993 illuminandi
1607 4938 1823 4992 statum
1850 4938 1975 4992 tra-

2089 4926 2159 4994 .ὴν
2217 4925 2305 4981 καὶ
2357 4926 2687 5004 φωτιστικὴν
2743 4924 2847 4991 ἕξιν
2906 4926 3193 5006 ἀναγωγὴν
3244 4929 3279 4996 ἡ
3338 4932 3441 4996 τῆς
3495 4926 3755 4996 ἐσθῆτος

326 5020 489 5086 duci.
528 5021 866 5086 Omittenda
899 5020 996 5083 hic
1031 5021 1224 5100 prima
1268 5020 1370 5083 ilia
1401 5020 1976 5084 catechumenorum

2089 5013 2251 5085 δήλου
2279 5014 2617 5090 ἀντάμειψις.
2666 5013 2885 5073 Ἐατέον
2916 5024 3002 5074 νῦν
3061 5017 3271 5084 ἃκεινην
3304 5020 3403 5086 τὴν
3448 5018 3757 5098 προτέραν

328 5111 680 5194 denudatio,
713 5110 1009 5193 siquidem
1043 5110 1143 5173 illa
1189 5110 1455 5173 sordium
1488 5117 1870 5173 externorum
1922 5118 1982 5175 et

2090 5109 2164 5178 ᾦν
2220 5102 2664 5194 ,κατηχουμὲνων
2746 5104 3105 5184 ἀπαμφίασινο
3194 5105 3373 5194 ἐκείνη
3425 5107 3522 5187 γὰρ
3608 5108 3763 5178 τὴν

328 5203 551 5266 erroris
575 5192 1016 5282 depositionem
1057 5199 1317 5281 exhibet,
1334 5198 1613 5282 quocirca
1629 5200 1691 5261 ﬁt
1714 5199 1974 5277 eminus,

2090 5200 2166 5269 ῷν
2219 5192 2404 5258 ἔξωθεν
2463 5192 2822 5282 ῥυπασμάτων
2891 5196 2979 5252 καὶ
3035 5199 3136 5262 τῆς
3192 5193 3402 5263 πλάνης
3460 5196 3764 5256 ἀπόθεσιν

328 5302 386 5356 et
436 5301 603 5357 extra
634 5280 867 5353 sacrum
906 5289 1217 5370 templum.
1253 5280 1546 5353 Caeterum
1596 5308 1848 5368 agnosco
1880 5289 1977 5352 hic

2089 5287 2311 5362 παριστᾷ,
2342 5282 2429 5339 καὶ
2472 5280 2556 5339 διὰ
2610 5289 2762 5340 τοῦτο
2807 5285 2894 5341 καὶ
2938 5282 3132 5363 ίπόῤῥω
3178 5307 3280 5345 που
3334 5288 3422 5343 καὶ
3458 5284 3554 5351 ἔξω
3628 5300 3772 5351 τοῦ

324 5386 669 5449 societatem
700 5382 863 5443 illam
886 5398 956 5442 ac
981 5380 1239 5441 divinam
1270 5380 1525 5441 laetitiam
1559 5398 1665 5461 per
1693 5379 1964 5443 osculum

2089 5382 2200 5451 ερου
2251 5383 2373 5432 ναοῦ
2405 5374 2627 5453 γίνεται.
2664 5374 2772 5441 Τὴν
2834 5374 3014 5450 μέντοι
3044 5396 3105 5455 γε
3157 5376 3436 5433 κοινωνίαν
3466 5376 3546 5431 καὶ
3619 5380 3770 5438 τὶν

323 5493 430 5538 seu
465 5472 801 5555 amplexum
837 5468 1234 5549 designatam.

2089 5464 2193 5520 είαν
2270 5462 2592 5543 εὐφροσύνην
2662 5462 2746 5522 διὰ
2825 5470 2918 5522 τοῦ
3001 5463 3285 5542 ἀσπασμοῦ
3371 5464 3781 5541 δηλουμένην

2089 5553 2305 5609 όνθανε.

2052 5556 2280 5629 μάνθανε
2291 5601 2305 5617 ,

403 5650 532 5737 §V.
564 5651 688 5716 Sub
720 5652 900 5716 ﬁnem
930 5649 1187 5729 denique
1216 5649 1620 5716 communicat
1646 5650 1700 5714 is
1731 5650 1833 5728 qui
1863 5664 1958 5714 re-

2188 5641 2266 5706 ν.
2313 5639 2433 5704 Ἐπὶ
2483 5639 2624 5701 τέλει
2654 5640 2711 5703 δε
2766 5644 2854 5703 καὶ
2882 5650 2988 5721 τῷν
3017 5643 3171 5726 ἱερῷν
3221 5644 3515 5727 μυστηρίων
3584 5645 3785 5709 κδα-
