4000 6214
242 338 363 410 549

731 338 830 411 DE
873 334 1172 413 ECCLES.
1238 337 1687 431 mosmos,
1728 338 1895 415 CAP.
1944 340 2051 416 Vt.
2083 380 2160 394 —
2204 338 2616 427 PARAPHR.,
2663 330 3173 412 PACHYMER/E‘

3494 342 3631 413 550‘

244 497 406 542 νωιετ
436 486 465 541 ὁ
494 484 757 549 τελεσθεὶς
786 483 916 565 ἤδη,
973 485 1053 542 ὅτι
1086 488 1174 543 καὶ
1214 487 1345 566 ὑπὲρ
1377 488 1472 555 τὴν
1502 486 1670 563 μέσην
1730 485 1873 553 τάξιν

1982 481 2793 564 :ensinitiatusest,quoniam
2823 482 3084 543 medium
3110 481 3279 545 illum
3304 482 3600 559 ordinem,

239 577 337 653 (ἦν
389 576 749 655 θεωρητικὴν,
805 578 880 641 ὡς
940 581 1163 652 θεωρεῖν
1220 584 1326 633 τῶν
1356 578 1533 657 θείων,
1598 579 1751 657 φησὶ,
1786 579 1884 643 τὴν

240 673 340 722 τοῦ
389 667 533 743 ἱεροῦ
587 665 716 721 λαοῦ
776 663 1003 737 δηλαδή)
1066 671 1092 723 ὸ
1152 667 1394 730 τοιοῦτός
1455 668 1588 723 ἐστι’
1666 668 1886 746 μετέχει

242 757 348 831 γὰρ
378 757 469 812 καὶ
496 754 743 833 γνώσεως
802 758 967 832 ἱερᾶς,
1023 757 1111 813 καὶ
1175 757 1291 813 καθ’
1324 756 1451 814 ὅσον
1493 756 1567 812 ἔνι
1613 759 1744 835 πρὸς
1790 757 1887 815 τὴν

246 846 525 922 ἱερατικὴν
583 845 895 919 ἐπιστήμην
955 847 1325 925 ἁφομοιοῦται,
1392 850 1483 903 Διὸ
1514 850 1600 904 καὶ
1630 848 1719 904 ἐπὶ
1773 852 1878 902 τῶν

242 936 532 1012 ἱερουργῶν
564 934 705 992 ἔστιν
762 933 920 1010 ἰδεῖν,
974 934 1054 992 ὅτι
1089 935 1205 1012 μεθ’
1249 937 1277 992 ὃ
1324 936 1661 1015 πληρώσουσι
1713 942 1885 993 πᾶσαν

238 1027 345 1092 τὴν
388 1024 697 1081 ἀκολουθίαν
744 1030 849 1092 τῆς
896 1026 1229 1105 ἁγιαστείας,
1265 1026 1317 1083 ἐν
1358 1027 1496 1083 τέλει
1526 1027 1631 1084 τῶν
1674 1048 1887 1102 μυστη-

239 1115 370 1192 ρίων
414 1122 743 1171 κοινωνοῦσι·
807 1116 884 1190 μὴ
935 1116 1121 1195 μόνον,
1175 1116 1256 1173 ὅτι
1296 1117 1475 1183 πάσης
1532 1120 1672 1196 ἱερᾶς
1728 1116 1889 1192 μεθέ-

241 1202 375 1269 ξεως
406 1206 441 1271 ἡ
500 1206 608 1260 τῶν
636 1205 788 1260 θείων
849 1204 1153 1283 μυστηρίων
1211 1205 1513 1281 μετάληψίς
1560 1203 1670 1261 ἔστι
1702 1206 1761 1260 τὸ
1791 1226 1887 1260 κε·-

242 1291 493 1373 φᾶλαιυιν,
555 1290 677 1349 ἀλλ’
734 1292 816 1349 ὅτι
869 1296 955 1349 καὶ
1030 1294 1196 1361 «om
1266 1300 1367 1361 τῆς
1421 1300 1743 1361 κοινωνικῆς
1800 1295 1890 1349 καὶ

238 1382 522 1448 θειοτάτης
575 1380 774 1461 δωρεᾶς
826 1386 878 1438 αἱ
948 1384 1081 1461 ἱεραὶ
1152 1384 1440 1463 μετέχουσι
1501 1383 1696 1455 τάξεις,
1754 1382 1889 1439 κατὰ

241 1471 345 1538 τῆν
377 1470 662 1550 ἀναλογίαν
714 1472 809 1539 τῆς
860 1472 1144 1550 ἀναγωγῆς
1178 1473 1373 1534 αὐτῶν,
1437 1472 1612 1553 ’Ἔχει
1644 1472 1697 1528 δὲ
1728 1483 1886 1532 τοῦτο

237 1559 496 1641 διαφορὰν
531 1562 659 1633 πρὸς
689 1561 748 1618 τὸ
802 1561 1080 1641 πρότερον,
1115 1561 1196 1619 ὅτι
1240 1563 1359 1619 ἐκεῖ
1388 1561 1557 1642 λέγει,
1592 1561 1677 1619 διὰ
1715 1565 1890 1618 τοὺτοὶ

236 1656 351 1706 τῶν
402 1652 703 1727 μυστηρίων
760 1649 1288 1733 μεταλαμϐάνουσιν,
1349 1650 1429 1709 ὅτι
1477 1651 1631 1709 τοῦτό
1676 1652 1785 1707 ἐστι
1828 1652 1889 1707 τὰ

245 1739 539 1820 κεφάλαιον
570 1746 669 1807 τῆς
729 1740 859 1807 ὅλης
906 1742 1076 1799 αὒτῶν
1107 1744 1247 1820 ἱερᾶς
1308 1742 1569 1819 πράξεως,
1616 1745 1689 1805 ὡς
1721 1742 1888 1820 χωρὶς

242 1835 350 1896 τῆς
386 1830 742 1905 μεταλήψεως
774 1833 961 1910 τυχὸν,
1002 1833 1079 1901 μὴ
1124 1834 1245 1889 οἷον
1277 1854 1333 1889 τε
1369 1833 1511 1889 εἶναι
1544 1830 1888 1897 τελειωθῆναι

242 1919 350 1985 τὴν
372 1920 516 1998 ἱερὰν
548 1920 718 1976 αὗτῶν
752 1921 959 1999 πρᾶξιν·
1025 1924 1244 1980 ἐνταῦθα
1273 1921 1326 1977 δὲ
1370 1920 1539 2001 λέγει,
1604 1920 1687 1977 διὰ
1738 1929 1892 1977 τοῦτο

242 2013 349 2075 τὴν
375 2009 652 2065 κοινωνίαν
681 2011 939 2089 γίνεσθαι,
974 2012 1049 2073 ὡς
1108 2009 1308 2089 δωρεὰν
1338 2010 1546 2078 δηλαδὴ
1603 2011 1694 2067 τοῦ
1752 2014 1893 2088 ἱεροῦ

242 2103 422 2157 αὐτῶν
475 2100 642 2155 κόπου
699 2102 787 2156 καὶ
835 2102 935 2166 τῆς
1000 2101 1139 2166 θείας
1195 2104 1507 2180 ὑπηρεσίας,
1560 2103 1703 2159 Κατὰ
1732 2109 1894 2158 ταῦτα

243 2194 383 2267 γοῦν
438 2202 686 2245 κοινωνεῖ
743 2190 887 2246 καὶὸ
919 2188 1185 2253 τελεσθεὶς
1242 2193 1487 2271 μοναχὸς
1520 2192 1626 2247 τῶν
1683 2212 1893 2266 μυστη-

245 2280 401 2355 ρίων,
437 2278 472 2343 ἦ
502 2279 964 2356 συγκεφαλαίωσιν
999 2279 1145 2359 ἔχων
1184 2282 1434 2337 ἁπάντων
1484 2282 1591 2337 τῶν
1646 2280 1761 2336 καθ’
1796 2283 1893 2336 αὒ-

244 2370 343 2424 τὸν
394 2368 491 2433 τὴν
550 2369 692 2445 ἱερὰν
747 2369 1075 2445 μετάληψιν,
1133 2371 1169 2437 ἣ
1201 2372 1312 2446 μην
1368 2371 1469 2438 τὴν
1525 2371 1664 2427 θείαν
1697 2369 1893 2447 δωρεὰν

246 2456 570 2537 δεχόμενος,
606 2456 716 2513 ἄνθ’
759 2462 834 2515 ὧν
865 2462 935 2522 εἱς
985 2460 1245 2527 τοιαύτην
1303 2460 1577 2517 πολιτείαν
1631 2460 1891 2525 κατέστη,

246 2548 473 2624 Συνάγει
528 2547 724 2621 τοίνυν,
787 2550 862 2612 ὡς
922 2552 973 2605 αἱ
1027 2550 1236 2606 τελεταὶ
1294 2551 1553 2629 κάθαρσίς
1608 2552 1731 2628 εἰσι,
1806 2551 1893 2605 καὶ

246 2636 545 2714 φωτισμὸς,
598 2638 687 2692 καὶ
739 2637 1037 2701 τελείωσις*
1102 2640 1189 2696 καὶ
1238 2642 1291 2695 αἱ
1340 2639 1517 2705 τάξεις
1576 2642 1609 2706 ἡ
1648 2638 1744 2712 μὲν
1787 2640 1891 2694 τῶν

245 2724 508 2780 διακὸνων
535 2728 848 2803 καθαρτικθμ
882 2729 917 2795 ἡ
949 2725 1002 2783 δὲ
1035 2734 1140 2785 τῶν
1172 2728 1355 2807 ἱερὲωι
1387 2728 1743 2808 φωτιστικὴν,
1780 2729 1808 2795 ἡ
1838 2724 1891 2781 δὲ

246 2820 355 2869 τῶν
398 2815 694 2894 ἀρχιερέων
750 2816 1054 2887 τελεστική’
1108 2820 1195 2872 καὶ
1249 2822 1295 2873 οἱ
1342 2819 1682 2894 τελουμενοι,
1718 2819 1764 2874 οἱ
1796 2839 1892 2871 κα-

246 2905 577 2981 θαιρόμενοι,
612 2903 725 2961 ἔστι
783 2908 1001 2973 καὶτῆς
1061 2908 1335 2973 κοινωνίας
1366 2910 1453 2964 καὶ
1500 2908 1595 2975 τῆς
1669 2906 1892 2982 ἓποψίας

1970 573 2365 635 sacriscilicet
2401 573 2601 655 pepuli
2635 574 2840 653 (quem
2864 571 3078 632 divinis
3101 573 3401 650 mysteriis
3458 574 3612 654 aspi-

1970 662 2200 724 ciendis
2223 670 2601 724 contuentem
2628 680 2735 723 seu
2767 661 3268 741 contemplantem
3302 663 3572 743 vocat)ex
3592 695 3612 710 -

1970 752 2297 814 cedit:nam
2336 761 2397 812 et
2426 770 2611 812 sacrm
2642 751 3006 830 cognitionis
3035 750 3328 829 particeps
3359 751 3608 831 exsistit,

1972 850 2031 903 et
2060 849 2351 923 quantum
2378 841 2462 903 fas
2496 853 2605 916 est,
2638 841 2712 902 ad
2737 839 3166 901 sacerdotalem
3186 840 3495 901 scientiam
3517 859 3616 901 ac-

1971 932 2151 995 cedit.
2177 931 2552 1010 Quapropter
2581 932 2848 992 videmus
2871 929 3050 991 etiam
3086 929 3145 989 in
3172 930 3357 990 sacris
3388 930 3614 990 ordini-

1973 1020 2106 1096 bus,
2141 1021 2250 1082 sub
2278 1022 2455 1082 iinem
2486 1019 2837 1081 earumdem
2871 1018 3267 1079 sanctissima:
3300 1036 3616 1080 consecra-

1977 1110 2156 1172 tionis
2181 1108 2665 1171 communionem
2699 1125 2935 1189 quoque
2959 1107 3261 1187 tradi,non
3282 1105 3505 1170 idcirco
3521 1124 3615 1167 so-

1976 1199 2097 1259 lum
2130 1199 2286 1279 quod
2318 1197 2656 1259 divinorum
2717 1196 3021 1277 perceptio
3082 1196 3494 1275 mysteriorum
3542 1197 3618 1257 sit

1971 1307 2205 1350 summa
2233 1287 2504 1367 quaedam
2536 1286 2854 1367 cujuslibet
2879 1284 3264 1348 hierarchicaa
3292 1284 3611 1365 participa-

1974 1378 2171 1453 tionis,
2206 1395 2415 1439 verum
2449 1384 2626 1438 etiam
2660 1384 2724 1436 ut
2779 1375 2910 1435 261
2955 1373 3108 1436 sacri
3138 1374 3381 1435 ordines
3430 1375 3615 1454 ipsius

1971 1467 2131 1545 quod
2153 1466 2628 1528 communicatur
2651 1464 3015 1527 divinissimi
3038 1463 3301 1524 muneris
3321 1481 3426 1542 pro
3439 1473 3613 1543 captu

1972 1576 2079 1618 suo
2113 1556 2435 1637 participes
2478 1558 2787 1635 exsistant,
2818 1554 2890 1615 ad
2928 1554 3021 1616 sui
3046 1554 3120 1614 ad
3166 1570 3382 1633 supera
3414 1557 3616 1614 tradu-

1972 1647 2255 1709 ctionem.
2305 1648 2367 1706 ln
2401 1646 2513 1707 hoc
2543 1654 2739 1707 autem
2774 1645 3041 1706 differta
3078 1643 3285 1722 priori,
3319 1641 3480 1723 quod
3518 1643 3612 1702 id-

1972 1738 2129 1799 circo
2161 1738 2316 1797 dicat
2345 1753 2449 1797 eos
2478 1741 2663 1796 sacris
2686 1736 2779 1795 his
2810 1734 3103 1814 mysteriis
3133 1733 3613 1811 communicare,

1975 1845 2046 1888 eo
2066 1826 2222 1906 quod
2255 1826 2379 1887 hate
2409 1842 2643 1886 summa
2663 1824 2789 1884 sint
2814 1824 3112 1886 universae
3143 1823 3408 1903 ipsorum
3434 1838 3617 1883 sacrae

1975 1915 2411 1995 functionis,ita
2453 1923 2518 1975 ut
2538 1914 2670 1976 sine
2691 1932 2859 1975 sacra
2884 1913 2995 1974 ista
3025 1912 3453 1974 communione
3476 1911 3616 1972 illo-

1975 2024 2107 2067 rum
2132 2005 2354 2066 functio
2380 2012 2641 2081 nequeat
2663 2002 3068 2065 consummari
3103 2019 3118 2077 ;
3185 2002 3282 2064 hic
3306 2009 3503 2064 autem
3533 1999 3619 2064 ait

1975 2094 2463 2158 communionem
2506 2094 2869 2174 frequentari
2904 2111 3012 2173 per
3045 2091 3284 2152 modum
3324 2090 3611 2169 muneris,

1980 2185 2259 2246 videlicet
2286 2183 2440 2245 sacri
2472 2182 2694 2244 laboris
2724 2200 2932 2243 eorum
2956 2200 3023 2242 ac
3052 2180 3261 2242 divinas
3283 2179 3611 2242 servitutis.

1981 2273 2319 2336 Secundum
2342 2272 2466 2333 haec
2497 2272 2701 2349 itaque
2725 2272 3053 2333 monachus
3073 2270 3172 2351 qui
3203 2277 3615 2343 consecratus,

1979 2371 2090 2438 est,
2125 2362 2481 2423 divinisillis
2516 2361 2811 2441 mysteriis
2842 2361 3265 2440 communicat,
3308 2360 3393 2422 vel
3427 2367 3490 2421 ut
3514 2378 3615 2421 sa-

1977 2470 2135 2514 cram
2169 2452 2655 2513 communionem
2670 2450 2886 2512 babeat
2908 2468 3013 2530 per
3039 2450 3281 2511 modum
3308 2449 3617 2511 summarii

1977 2542 2242 2603 omnium
2264 2541 2338 2601 ad
2369 2559 2433 2601 se
2454 2540 2876 2620 spectantium,
2901 2540 2990 2600 vel
3024 2556 3131 2619 per
3160 2538 3400 2599 modum
3432 2537 3618 2601 divini

1979 2631 2122 2692 doni
2156 2629 2463 2711 percipiat,
2497 2648 2568 2691 eo
2604 2633 2759 2710 quod
2791 2627 3129 2690 istiusmodi
3156 2627 3386 2689 vivendi
3419 2627 3607 2689 ratio-

1977 2739 2112 2781 nem
2149 2728 2225 2781 sit
2248 2720 2576 2800 amplexus.
2612 2718 2928 2780 Concludit
2954 2716 3483 2798 itaque,quomodo
3518 2734 3613 2777 sa-

1976 2828 2093 2871 crae
2124 2810 2499 2871 caeremonias
2556 2809 2674 2870 sint
2731 2809 2984 2890 expiato,
3024 2817 3084 2869 et
3137 2807 3517 2881 illuininatio,
3554 2815 3615 2868 et

1978 2900 2348 2981 perfectio,et
2378 2899 2642 2972 ordines;
2675 2917 2744 2961 ac
2775 2900 3162 2960 diaconorum
3186 2896 3429 2976 quidem
3461 2896 3614 2959 ordo

249 2993 541 3071 ἁμέτοχοι,
578 2996 625 3048 οἱ
652 2996 1084 3073 κατηχούμενοι,
1142 2998 1188 3051 οἱ
1234 3000 1572 3075 Θεωρητικοὶ,
1605 2999 1632 3052 ὁ
1663 2995 1790 3060 λαὸς
1845 3016 1891 3050 οι

1982 2991 2053 3051 sit
2075 2990 2447 3069 expiatorius
2477 3007 2493 3065 ;
2526 2988 2901 3056 sacerdotum
2936 3005 3072 3049 vero
3116 2985 3617 3061 illuminatorius,

250 3080 648 3155 τετελεσμένοι,
682 3085 729 3139 οἱ
760 3085 1018 3163 μοναχοί·
1076 3084 1214 3141 οὕτω
1244 3087 1344 3164 γὰρ
1375 3088 1408 3153 ἡ
1468 3087 1584 3142 καθ’
1635 3088 1778 3161 ἡμᾶς
1812 3087 1891 3139 ἶε-

1982 3078 2393 3160 episcoporum
2416 3086 2613 3139 autem
2635 3078 2989 3158 perfectivus
3020 3097 3035 3154 ;
3069 3086 3128 3138 et
3156 3076 3462 3151 τελούμενοι
3495 3077 3617 3137 sint

255 3171 452 3249 ραρχία
488 3178 556 3247 τῇ
594 3171 807 3249 οὐρανίᾳ
835 3172 1083 3248 ὁμοειδής
1130 3175 1265 3246 ἐστι,
1320 3176 1456 3231 κατὰ
1494 3177 1590 3239 τὰς
1642 3174 1890 3238 τοιαύτας

251 3260 496 3339 τριάδας,
550 3265 622 3326 ὡς
678 3262 733 3318 ἐν
785 3263 1075 3343 ἀνθρώποις
1135 3266 1487 3338 ἀποσώζουσα
1545 3266 1893 3347 χαρακτῆράς

246 3372 395 3413 τινας
426 3356 529 3417 τῆς
560 3352 737 3408 ἐκεῖσε
769 3352 1073 3420 θεοειδείας.

1979 3169 2066 3229 illi
2086 3170 2189 3248 qui
2218 3168 2550 3247 eXpiantut-z
2591 3176 2805 3248 praeter
2826 3186 2972 3249 quos
2995 3166 3176 3229 etiam
3199 3164 3387 3227 divini
3403 3184 3618 3247 aspec-

1983 3266 2071 3320 tus
2102 3267 2164 3320 et
2196 3257 2637 3319 communionis
2681 3267 2950 3321 exsortes
2979 3263 3115 3318 sunt
3146 3256 3565 3319 catechumeni
3602 3276 3618 3332 ;

1981 3348 2080 3429 qui
2114 3366 2251 3409 vero
2269 3365 2573 3408 sacrorum
2596 3354 2840 3428 aspectu
2868 3348 3309 3426 fruuntur,sunt
3331 3346 3610 3426 populus,

250 3439 503 3518 perfecti
553 3448 692 3501 sunt
723 3441 1037 3506 monachi:
1094 3444 1178 3504 sic
1210 3443 1368 3505 enim
1419 3444 1759 3507 hierarchia
1801 3449 2027 3512 nostra,
2059 3436 2391 3499 secundum
2428 3436 2765 3499 istiusmodi
2810 3436 3142 3513 terniones,
3179 3435 3417 3497 C(BieSli
3466 3454 3619 3498 con-

246 3523 466 3589 formis
499 3537 612 3605 est,
642 3538 935 3606 quantum
970 3532 1028 3592 in
1061 3532 1403 3595 hominibus
1436 3534 1562 3596 fieri
1597 3540 1807 3614 potest,
1846 3531 2167 3594 deiformes
2210 3525 2491 3605 quasdam
2523 3535 2692 3587 notas
2722 3544 3109 3589 conservans.

336 3617 366 3696 ᾗ
397 3618 502 3681 VI.
537 3617 685 3674 Ἀλλ’
715 3620 919 3695 εἴποις,
954 3620 1059 3697 ὅτι,
1122 3623 1234 3680 ἐπεὶ
1284 3626 1414 3702 πρὸς
1452 3625 1654 3691 ἐκείνην
1687 3625 1782 3692 τὴν
1812 3626 1895 3679 is-

246 3708 543 3787 ραρχίιανὴ
593 3708 828 3787 ⁴ἡμετέρα
878 3710 1246 3792 ἀπευθύνεται,
1304 3712 1531 3793 ὤφειλον
1591 3713 1742 3770 εἶναΐ
1792 3713 1896 3768 κὰ-

244 3809 407 3853 κεϊσε
439 3798 489 3852 αἱ
520 3800 897 3873 καθαιρόμεναι
934 3800 1123 3867 τάξεις
1187 3801 1306 3858 ἀλλ’
1342 3806 1437 3861 οὐκ
1497 3804 1646 3860 εἰσίν
1710 3801 1768 3859 οὔ
1798 3802 1897 3879 γὰρ

243 3886 471 3962 θεμιτὸν
498 3887 671 3943 εἰπεῖν
700 3889 800 3957 τὴν
843 3890 1087 3966 οὐρανίαν
1120 3889 1477 3968 διακόσμησιν
1517 3893 1705 3970 ἐναγῇ.
1757 3892 1899 3970 Ἐγώ

240 3974 311 4031 δὲ
344 3977 475 4052 πρὸς
507 3977 627 4040 τοὺς
651 3978 919 4044 τοιούτους
966 3978 1160 4058 λόγους
1195 3981 1469 4060 ὁμολογῶ,
1502 3983 1767 4061 πάναγνοι
1801 3982 1900 4061 γὰρ

244 4066 359 4120 εἶσι
416 4063 827 4134 καὶᾶλώϐητοι’
885 4071 974 4126 καὶ
1005 4068 1141 4133 εἴτις
1204 4069 1365 4143 ἔάλω,
1400 4070 1652 4139 δηλονότι
1697 4075 1725 4129 ὁ
1784 4078 1900 4127 Σα-

239 4160 425 4218 τανᾶς
478 4155 568 4211 καὶ
640 4157 687 4210 oi
739 4158 858 4235 περὶ
918 4158 1098 4239 αὒτὸν,
1157 4158 1588 4219 ἐκπεπτώκεισαν
1661 4163 1748 4218 καὶ
1801 4165 1901 4228 τῆς

241 4240 555 4321 ἀγγελικῆς
588 4243 733 4310 εὐθὺς
756 4324 765 4328 _
791 4244 1016 4323 τάξεως,
1053 4250 1139 4306 καὶ
1170 4249 1223 4305 ἐν
1256 4257 1324 4328 τῇ
1382 4249 1627 4326 ἀλαμπεῖ
1655 4251 1900 4327 μεμενή-

241 4354 444 4390 κεισαν
489 4333 714 4395 πτώσει.
754 4324 783 4363 ’¹
797 4344 979 4416 Ετεροι
1010 4337 1065 4393 δὲ
1098 4341 1219 4403 τοὺς
1252 4324 1498 4420 χρόνουςὴ
1524 4344 1616 4397 τοῦ
1646 4324 1703 4397 τε
1729 4324 1899 4419 bna?-

236 4420 566 4479 συντελικοῦ
594 4430 688 4480 τοῦ
745 4425 1078 4502 ἂπεπτώκει,
1113 4430 1203 4485 καὶ
1262 4436 1354 4486 τοῦ
1413 4438 1779 4510 παρατατικοῦ
1809 4436 1903 4486 τοῦ

2059 3617 2216 3695 §Vl.
2244 3615 2363 3677 Sed
2407 3614 2679 3694 objicies,
2716 3616 2873 3697 quod
2929 3634 3063 3676 cum
3104 3616 3230 3677 haec
3289 3623 3495 3677 nostra
3538 3613 3614 3676 ad

1981 3705 2378 3770 hierarchiam
2413 3706 2581 3766 istam
2613 3713 3031 3786 componatur,
3064 3702 3285 3765 debere
3315 3704 3493 3766 etiam
3528 3703 3612 3765 ibi

1981 3815 2114 3859 esse
2142 3794 2382 3857 ordines
2409 3795 2739 3875 expiantes,
2771 3794 2871 3875 qui
2896 3794 3096 3874 utique
3128 3812 3247 3854 non
3276 3802 3415 3855 sunt
3450 3813 3463 3856 :
3500 3811 3616 3855 ne-

1982 3906 2095 3968 que
2118 3885 2277 3947 enim
2309 3885 2394 3947 fas
2411 3884 2704 3947 sitdicere
2729 3884 3030 3947 cmlestem
3055 3882 3453 3945 hierarcbiam
3481 3900 3616 3946 esse

1982 3976 2199 4040 sceleri
2227 3974 2704 4054 obnoxiam.Ego
2734 3974 2979 4054 quidem
3013 3973 3348 4036 istiusmodi
3377 3990 3616 4035 sermo-

1984 4066 2161 4129 nibus
2193 4064 2799 4146 assentior,quoniam
2834 4063 3078 4127 omnino
3105 4064 3236 4143 puri
3259 4070 3400 4125 sunt
3430 4071 3488 4124 et
3519 4062 3620 4124 in-

1986 4157 2284 4233 temerati;
2308 4164 2362 4218 et
2383 4155 2434 4216 si
2456 4156 2579 4236 qui,
2616 4154 2898 4217 nimirum
2926 4157 3171 4219 Satanas
3198 4161 3259 4216 et
3286 4152 3436 4215 socii
3461 4153 3619 4233 ejus,

1987 4246 2269 4328 pravitate
2292 4244 2452 4325 capti
2475 4252 2635 4317 sunt,
2684 4244 2771 4308 illi
2799 4244 2873 4307 ab
2924 4245 3133 4307 ordine
3163 4243 3432 4323 angelico
3464 4249 3621 4305 exci-

1984 4336 2287 4416 derunt,et
2307 4334 2368 4396 in
2392 4341 2540 4396 tetro
2570 4334 2741 4415 lapsu
2764 4347 3243 4415 permanserunt.
3278 4333 3395 4397 Alii
3412 4342 3607 4395 autem

1986 4435 2253 4507 tempora
2270 4424 2556 4506 praeteriti
2577 4425 2894 4506 plusquam
2921 4426 3167 4506 perfecti
3188 4423 3620 4505 verbi,excide-

236 4511 499 4589 ἰφέρετο.
538 4519 946 4591 κυριολεκτικῶς
994 4516 1365 4595 ἐκλαϐὁμενοι,
1411 4526 1497 4577 καὶ
1539 4523 1601 4576 τὸ
1655 4518 1717 4575 ἄν
1765 4518 1891 4585 ἕξω-

1984 4531 2156 4590 rat,et
2177 4523 2516 4594 imperfecti,
2532 4524 2832 4605 ferebatur,
2864 4525 2922 4581 in
2943 4524 3173 4596 propria
3194 4522 3621 4605 signiﬁcatione

238 4605 349 4656 θεν
379 4602 817 4682 νοοῦντες,οὸτως
857 4605 1168 4685 ἐξηγοῦνται
1200 4610 1297 4676 τὴν
1328 4616 1420 4666 τοῦ
1447 4609 1610 4687 ρητοῦ
1656 4609 1891 4689 ἄγνοιαν,

1987 4603 2714 4686 accipientes,atqueillud
2729 4605 2790 4661 ἅν
2821 4605 3005 4670 ἔξωθεν
3037 4605 3498 4685 expendentes‘,
3534 4602 3620 4662 sic

236 4691 351 4748 καὶ
381 4692 518 4766 μετὰ
547 4699 732 4769 ταῦτα,
766 4696 897 4774 πρὸς
957 4700 1111 4754 τοῦτο
1167 4699 1266 4766 τὴν
1316 4698 1446 4755 ἰδίαν
1495 4698 1749 4778 ἐξήγησιν
1778 4700 1904 4757 ἐπι-

232 4780 525 4859 φέρωσιν.
565 4783 621 4837 Εἰ
650 4783 750 4862 γὰρ
774 4805 881 4857 τις,
934 4788 1116 4866 φησὶν,
1180 4787 1347 4863 ἑάλω,
1411 4790 1792 4845 ἁποπεπτώκει
1839 4787 1904 4843 ἄν

231 4871 351 4958 καί
398 4869 622 4958 ἐφέρετο
680 4873 752 4936 εἰς
819 4875 919 4941 τὴν
970 4876 1197 4953 ἀλαμπῆ
1228 4883 1454 4952 πτῶσιν,
1501 4879 1715 4953 ὡσανεὶ,
1752 4880 1903 4958 φασὶ,

235 4957 462 5036 λέγων*
501 4949 635 5018 "Ott
660 4962 712 5016 εἴ
762 4983 840 5028 τις
873 4962 1053 5041 ἁλοίη,
1087 4970 1147 5024 οὒ
1178 4967 1429 5047 κάθαρσιν
1474 4966 1705 5048 δέξεται,
1762 4949 1904 5024 ἆλλὰ

233 5049 400 5127 πρὸς
429 5050 528 5116 τὴν
584 5056 788 5107 πτῶσιν
835 5052 1285 5137 ἀπενεχθήσεται,
1346 5058 1519 5121 καθὼς
1565 5058 1654 5114 καὶ
1685 5057 1770 5114 ἐπὶ
1817 5063 1911 5113 τοῦ

230 5143 445 5194 Σπτᾶν
474 5136 716 5219 γέγονεν,
776 5142 848 5207 ὡς
899 5147 1195 5224 πεφυκότος
1227 5136 1394 5226 τυχὸν
1427 5145 1669 5224 γενέσθαι
1729 5146 1907 5205 τοιού-

228 5249 359 5285 του
391 5233 556 5293 τινος.
590 5228 741 5286 Οὕτω
766 5230 865 5298 τὴν
896 5231 1104 5289 ἔννοιαν
1161 5232 1536 5310 ἑκλαϐόμενοι,
1595 5235 1907 5314 ἐξηγοῦνται

229 5320 541 5394 λέγοντες·
615 5315 766 5375 Ἀλλ’
825 5319 989 5386 οὐδεὶς
1039 5324 1205 5379 οὔτῶν
1257 5325 1393 5399 μετὰ
1433 5325 1533 5392 τὴν
1562 5331 1668 5382 τῶν
1712 5324 1909 5400 δαιμό-

230 5429 375 5464 νων
429 5404 741 5464 ἀπόπτωσιν
797 5408 940 5468 ἑάλω
992 5410 1149 5469 ποτέο
1232 5420 1388 5472 τοῦτο
1437 5416 1537 5493 γὰρ
1594 5414 1709 5471 οῦδὲ
1768 5414 1911 5493 παρὰ

228 5502 375 5565 τῆς
403 5496 590 5586 ,θείας
648 5498 859 5580 Γρκφῆς
887 5500 1156 5583 ἔγνωμεν,
1189 5501 1308 5562 οὐδέ
1336 5527 1418 5570 τις
1477 5506 1584 5562 τῶν
1641 5505 1911 5586 θεοσόφων

226 5582 522 5662 Πατέρων
551 5584 792 5665 εἴρηκεν,
854 5588 1008 5649 Οὸτω
1068 5589 1123 5647 δὲ
1143 5582 1182 5649 γὸ
1215 5592 1390 5676 ἅγιος,
1420 5595 1570 5676 φασὶ,
1603 5594 1740 5652 κατὰ
1776 5582 1910 5673 συγ-

1986 4694 2452 4775 interpretantur
2476 4694 2618 4756 dicti
2650 4694 2827 4773 hujus
2855 4699 3271 4772 ignorantiam,
3305 4702 3364 4755 et
3391 4692 3465 4754 ad
3496 4691 3624 4752 haec

1990 4784 2207 4848 deinde
2229 4784 2532 4865 propriam
2558 4802 2725 4845 suam
2757 4783 3020 4847 inferunt
3052 4783 3534 4863 explicationem.
3565 4780 3629 4842 Si

1991 4873 2122 4955 quis
2146 4872 2847 4954 enim,inquit,pravitate
2879 4882 3087 4955 captus
3109 4874 3441 4952 exciderat,
3465 4880 3524 4933 et
3554 4871 3630 4932 ad

1992 4964 2304 5025 obscuram
2338 4964 2572 5026 ruinam
2596 4962 2996 5045 ferebatur;ac
3029 4963 3577 5046 si,inquiunt,dicat
3612 4983 3628 5026 :

1993 5052 2054 5116 Si
2079 5054 2214 5131 quis
2234 5052 2376 5114 vitio
2404 5063 2613 5134 captus
2636 5053 2733 5130 sit,
2769 5073 2890 5116 non
2908 5054 3178 5117 admittet
3203 5052 3630 5136 expiationem,

1992 5143 2099 5205 sed
2118 5142 2195 5204 ad
2209 5142 2446 5205 ruinam
2468 5143 2987 5222 adducetur,sicut
3010 5144 3072 5206 in
3103 5146 3318 5207 Satans
3342 5140 3587 5219 contigit
3613 5156 3630 5215 ;

1995 5233 2159 5314 quasi
2178 5250 2316 5294 vero
2344 5233 2475 5293 talis
2496 5233 2709 5315 aliquis
2724 5235 2848 5314 jam
2875 5234 3006 5296 dari
3033 5233 3243 5315 possit.
3273 5232 3397 5295 Hoc
3430 5232 3631 5305 itaque

1992 5340 2174 5384 sensu
2205 5321 2265 5383 id
2296 5322 2657 5403 accipientes
2677 5323 3470 5405 interpretantur,dicentes:
3509 5317 3631 5381 Ve-

1994 5430 2122 5473 rum
2159 5411 2357 5472 nullus
2391 5430 2596 5474 eorum
2631 5418 2770 5494 post
2818 5415 3155 5475 daemonum
3200 5411 3338 5471 262
3372 5410 3626 5490 lapsum,

1996 5500 2136 5563 vitio
2159 5510 2364 5581 captus
2396 5509 2487 5567 est
2506 5521 2768 5584 unquam
2804 5521 2820 5566 :
2879 5504 2991 5566 hoc
3024 5502 3183 5566 enim
3205 5517 3400 5581 neque
3430 5516 3499 5562 ex
3532 5495 3631 5558 di-

1999 5597 2136 5654 vtna
2153 5592 2463 5673 Scriptura
2485 5592 3096 5673 cognovimus,neque
3117 5590 3429 5672 quisquam
3462 5606 3495 5651 e
3520 5585 3637 5652 Pe-

342 5695 373 5713 ⁸
404 5690 654 5756 Vertere
684 5695 921 5760 mallem
959 5718 975 5765 :
1022 5706 1202 5782 atque
1228 5703 1291 5759 τὸ
1322 5700 1385 5763 ἄν
1414 5700 1486 5766 de
1512 5718 1621 5767 suo
1649 5703 1891 5785 iinagm

1982 5704 2056 5765 te:
2085 5698 2245 5764 Eutr.
2274 5699 2523 5767 ΡΑΤιιοι..
