4088 6208
237 318 372 395 553

1279 322 1377 393 DE
1421 325 1716 394 ECCLES.
1761 323 2210 404 HIERARCH.,
2256 329 2427 392 CAP.
2451 325 2589 392 VII.

3506 331 3620 398 554

233 466 392 542 ἱεράν
423 464 723 544 ἐσχηκότες
777 464 942 537 ζωὴν,
1005 465 1076 526 εἷς
1135 465 1228 528 τὰς
1285 462 1505 529 ἀληθεῖς
1561 459 1880 540 ἱπαγγελίας

1984 459 2141 522 vitam
2174 462 2580 537 traduxerunt,
2615 460 2688 524 ad
2726 479 2889 524 veras
2920 460 3024 524 Dei
3058 461 3482 544 promissiones
3522 465 3622 526 in-

239 564 344 621 τῆς
397 555 652 633 θεαρχίας
701 553 1156 627 ἀποσκοποῦντες,
1211 553 1283 616 ὡς
1315 553 1413 620 τὴν
1444 550 1694 622 ἀλήθειαν
1725 551 1896 611 αὐτῶν

232 645 300 700 ἐν
359 650 430 720 τῇ
477 643 594 700 καθ’
644 643 804 709 αὐτὴν
836 642 1114 700 ἀναστάσει
1154 641 1482 717 τεθεαμένοι,
1516 641 1651 716 μετά
1681 639 1894 716 βεϐαίας

231 736 333 790 καὶ
363 733 595 800 ἀληθοῦς
625 731 724 799 τῆς
775 730 981 794 ἐλπίδος
1012 729 1065 773 ⁸⁸
1092 731 1147 786 ἐν
1197 732 1486 811 εὐφροσύνη
1513 732 1623 802 θείᾳ
1676 732 1805 808 πρὸς
1835 731 1895 786 τὸ

230 827 336 880 τοῦ
368 825 592 881 θανάτου
622 821 784 899 πέρας
817 820 986 895 ἴασιν,
1044 823 1118 884 ὡς
1181 821 1264 877 ἐπὶ
1323 821 1472 886 τέλος
1527 821 1681 897 ἱερῶν
1741 819 1892 898 ἀγώο

230 937 375 989 νων,
413 913 467 969 ἐν
497 910 752 969 παντελεῖ
801 912 884 967 καὶ
935 909 1267 982 ἀτελευτήτῳ
1323 915 1436 985 ζωῇ
1487 911 1574 966 καὶ
1633 908 1888 988 σωτηρίᾳ,

231 1007 306 1061 τΞι
337 1003 458 1060 κατ’
493 1002 680 1065 αὖτοὺς
711 1000 919 1056 ἔσεσθαι
949 1001 1158 1066 πάντως
1215 997 1408 1063 εἰδότες
1467 996 1551 1054 διὰ
1605 1003 1704 1067 τῆς
1762 998 1892 1054 ἐσο-

234 1097 416 1170 μένης
449 1095 619 1150 αὐτῶν
668 1090 853 1155 ὂλικῆς
905 1090 1266 1153 ἀναστάσεως,
1329 1090 1388 1144 Αἱ
1451 1089 1547 1155 μὲν
1606 1089 1704 1166 γὰρ
1761 1089 1891 1167 ἱεραὶ

234 1186 421 1265 ιζιυχυαὶ
450 1185 582 1260 πρὸς
610 1182 708 1248 τὴν
737 1180 822 1236 ἐπὶ
852 1181 917 1236 τὰ
947 1181 1114 1258 χείρω
1142 1180 1278 1265 κατά
1326 1181 1416 1234 τὸν
1445 1176 1568 1254 τῇδε
1625 1179 1740 1254 βιον
1793 1175 1890 1234 δυ-

239 1264 472 1350 νάμεναι
529 1269 877 1328 καταπίπτειν
926 1271 1129 1346 τροπὴν
1157 1264 1228 1342 1⁸,
1285 1267 1338 1324 ὲν
1393 1273 1460 1344 τῇ
1519 1266 1897 1346 παλιγγενεσία

239 1367 348 1428 τὴν
409 1363 494 1419 ἐπὶ
551 1363 613 1417 τὸ
661 1359 918 1436 ἄτρεπτον
961 1357 1130 1423 ἕξουσι
1162 1355 1555 1424 θεοειδεστάτην
1587 1356 1890 1432 μετάταξιν.

242 1457 324 1513 Τά
356 1453 411 1508 δὲ
444 1451 643 1530 καθαρά
674 1449 780 1508 τῶν
809 1450 964 1523 ἱερῶν
995 1453 1210 1527 ψυχῶν,
1260 1447 1493 1526 ὁμόζυγα
1540 1446 1634 1503 χαί
1687 1447 1896 1522 ὁμόπό..

243 1565 408 1622 ρευτα
482 1541 704 1615 σώματα
783 1537 1253 1616 συναπογραυρέντα
1321 1541 1409 1592 καὶ
1492 1535 1898 1602 συναθλήσαντα

240 1635 390 1691 κατά
439 1632 560 1693 τοὺς
619 1631 784 1691 θείους
843 1631 1014 1685 αὐτῶν
1067 1625 1306 1705 ἱδρῶτας,
1369 1626 1422 1682 ἐν
1455 1632 1522 1702 τῇ
1569 1629 1673 1682 τῶν
1705 1631 1897 1706 ψυχῶν

1981 557 2236 627 tuentes,
2269 570 2516 632 quarum
2539 552 2851 613 veritatem
2877 552 3314 634 quodammodo
3337 553 3398 615 in
3423 573 3624 618 resur-

1978 641 2245 702 rectioue
2265 641 2382 720 jam
2405 649 2864 723 conspexerunt,
2892 660 3026 704 cum
3052 643 3223 703 firma
3250 653 3308 704 et
3329 661 3468 706 vera
3490 663 3619 725 spe,

1977 730 2310 812 gaudioque
2328 730 2528 792 divino
2551 729 2626 790 ad
2650 731 2856 792 mortis
2883 730 3520 813 terminum,tanquam
3547 733 3624 796 ad

1977 820 2156 882 tinem
2211 821 2611 885 certaminum
2669 821 3166 902 proﬁciscuntur;
3232 821 3391 902 quod
3459 832 3620 885 certo

1973 909 2166 972 sciant
2193 927 2300 971 sua
2329 909 2550 989 omnia,
2586 919 2822 988 propter
2873 910 3130 972 futuram
3184 929 3351 974 suam
3411 930 3621 974 resur-

1975 999 2400 1072 rectionem,in
2427 1007 2553 1062 tuto
2581 998 2707 1060 fore
2740 998 2800 1060 in
2852 1000 2952 1062 illa
2985 1000 3245 1079 perfecta
3278 1007 3630 1083 aeternaque

1975 1088 2088 1149 vita
2103 1097 2158 1150 et
2173 1088 2560 1151 beatitudine.
2589 1090 2736 1151 Nam
2760 1096 2980 1150 sanctae
2997 1089 3238 1170 quidem
3255 1092 3468 1152 animae
3491 1110 3628 1152 cum

1978 1178 2039 1238 in
2093 1179 2202 1239 hac
2249 1177 2364 1239 vita
2414 1177 2699 1256 degentes
2751 1178 2945 1240 adhuc
2979 1180 3236 1260 perverti
3267 1181 3524 1262 possint,
3558 1182 3623 1242 in

1977 1268 2434 1344 regeneratione
2459 1267 2560 1328 illa
2580 1267 2652 1330 ad
2677 1275 2889 1329 statum
2921 1268 3352 1331 immutabilem
3380 1271 3625 1352 Deoque

1981 1355 2235 1418 maxime
2265 1357 2634 1420 conformem
2667 1357 3118 1422 transferentur.
3161 1361 3313 1422 Pura
3354 1379 3490 1422 vero
3524 1360 3628 1422 illa

1983 1464 2254 1526 corpora,
2279 1465 2410 1528 qua;
2439 1447 2661 1508 sanctis
2688 1447 3001 1510 animabus
3029 1449 3301 1528 copulata
3334 1467 3470 1512 cum
3511 1449 3623 1510 iis-

1982 1536 2116 1598 dem
2143 1537 2318 1598 simul
2345 1545 2404 1598 et
2422 1536 2822 1612 ambularunt,
2867 1548 2927 1599 et
2950 1537 3249 1618 descripta
3276 1547 3629 1619 sunt,atque

1982 1645 2097 1687 una
2119 1633 2440 1706 certarunt,
2468 1644 2574 1707 pro
2598 1626 2817 1688 divinis
2856 1626 3266 1708 sudoribus,in
3293 1628 3626 1692 animarum

242 1724 495 1803 ἀτρέπτῳ
553 1720 684 1776 κατά
741 1719 840 1784 τὴν
895 1717 1036 1773 θείαν
1091 1717 1231 1786 ζωὴν
1263 1714 1476 1794 ἱδρύσει,
1513 1715 1893 1790 συναπολήψε-

1984 1715 2308 1777 secundum
2367 1715 2625 1776 divinam
2683 1717 2863 1778 vitam
2900 1715 3208 1790 ﬁrmitate,
3243 1717 3357 1779 sibi
3387 1717 3630 1799 quoque

242 1835 334 1868 ται
395 1810 494 1876 τὴν
554 1807 747 1864 οἷκεῖαν
776 1805 1082 1861 ἀνάστασιν·
1137 1803 1394 1861 ένωθέντα
1440 1805 1538 1880 γὰρ
1569 1807 1658 1866 αῖς
1694 1803 1898 1871 ἧνωδτο

1984 1806 2280 1886 propriam
2307 1807 2805 1868 resurrectionem
2832 1807 3153 1868 sortientur
3181 1827 3194 1867 :
3230 1806 3450 1870 sanctis
3471 1811 3628 1870 enim

243 1900 389 1958 κατά
415 1901 506 1953 τὸν
537 1893 660 1972 τῇδε
689 1895 800 1970 βίον
850 1895 1017 1973 ἱεραῖς
1076 1898 1309 1973 ψυχαῖς,
1373 1896 1446 1956 ὡς
1497 1893 1634 1969 μέλη
1669 1899 1900 1972 Χριστοῦ

1984 1895 2291 1958 animabus
2345 1896 2636 1976 copulata,
2685 1896 2902 1976 quibus
2931 1897 2994 1958 in
3022 1897 3133 1959 hac
3161 1896 3284 1960 vita
3315 1901 3635 1975 conjuncta

244 1988 535 2068 γεγονότα,
569 1989 666 2052 τὴν
693 1981 899 2050 θεοειδῆ
931 1985 1016 2039 καὶ
1065 1981 1321 2062 ἀφθαρτόν
1383 1982 1638 2039 ἀθάλατὸν
1697 2003 1753 2037 τε
1809 1984 1896 2039 καὶ

1984 1985 2240 2077 fuerant,
2272 1995 2334 2048 ut
2361 2005 2493 2068 quae
2519 1988 2641 2067 jam
2674 1985 2894 2049 Christi
2942 1987 3212 2049 membra
3268 1988 3419 2050 facta
3481 1989 3635 2077 sint,

227 2079 515 2155 μακαρίαν
571 2073 910 2148 ἀπολήψεται
967 2071 1139 2140 λῆξιν.
1197 2071 1288 2128 Ἐν
1348 2073 1554 2135 τούτοις
1613 2072 1709 2147 μὲν
1741 2075 1828 2128 οὗν
1859 2074 1892 2139 ἡ

1984 2075 2337 2138 deiformem
2365 2077 2875 2158 etincorruptam,
2923 2077 3064 2137 264
3093 2086 3270 2160 atque
3317 2071 3632 2141 immortaJ

243 2193 357 2226 των
384 2173 538 2246 ἱερῶν
579 2164 688 2221 ἐστι
749 2164 995 2238 κοίμησις
1059 2162 1112 2218 ἐν
1171 2163 1460 2242 εὐφροσύνῃ
1517 2165 1604 2218 καί
1668 2160 1895 2218 ἀσαλεύ-

1984 2166 2097 2226 lem
2133 2166 2487 2244 beatamque
2511 2166 2778 2246 requiem
2807 2177 3274 2248 consequentur.
3304 2167 3455 2230 Hinc
3483 2170 3547 2230 fit
3567 2176 3632 2232 ut

244 2282 364 2322 τοις
396 2257 621 2330 ἐλπίσιν,
657 2257 730 2318 εἷς
772 2256 832 2309 τὸ
891 2255 993 2308 τῶν
1051 2252 1202 2308 θείων
1260 2253 1481 2330 ἀγώνων
1541 2251 1900 2332 ἀφικνουμένη

1987 2264 2326 2318 sanctorum
2402 2255 2764 2318 obdormitio
2810 2258 2889 2319 sit
2963 2260 3022 2318 in
3066 2257 3264 2318 laetitia
3330 2257 3633 2337 certisque

245 2350 441 2426 πέρας.
1990 2345 2236 2426 spebus,
2309 2346 2448 2407 dum
2493 2346 2565 2408 ad
2612 2347 3003 2408 certaminum
3063 2347 3399 2409 divinorum
3447 2347 3629 2409 finem

1997 2445 2180 2499 venit.

1886 2594 1915 2674 §
1946 2595 2018 2660 II.

337 2765 452 2817 Τῶν
509 2756 564 2812 δὲ
638 2755 858 2833 ἀνιέρων
916 2757 962 2813 oi
1024 2756 1120 2832 μὲν
1179 2756 1252 2818 εἰς
1311 2755 1623 2834 ἀνυπαρξίαν
1691 2755 1900 2833 ἀλόγως

2068 2759 2456 2822 Profanorum
2504 2769 2702 2823 autem
2724 2759 2822 2824 alii
2849 2761 3089 2842 quidem
3113 2759 3243 2824 sine
3263 2763 3490 2826 ratione
3533 2782 3637 2846 pu-

259 2861 466 2905 οτονται
515 2859 745 2926 χωρεῖν,
777 2850 822 2902 οἱ
855 2845 907 2902 δὲ
943 2846 1042 2914 τὴν
1075 2847 1385 2922 σωματικὴν
1414 2845 1632 2911 εἰσάπαξ
1663 2845 1900 2924 ἀποῤῥή-

1991 2856 2111 2911 tant
2133 2868 2382 2931 corpora
2404 2860 2602 2914 nostra
2627 2854 2862 2932 penitus
2900 2851 3162 2934 aboleri;
3189 2852 3288 2914 alii
3319 2871 3454 2915 vero
3486 2845 3633 2916 cetr-

257 2941 472 3013 γνυσθαι
498 2943 604 2993 τῶν
634 2936 837 2992 οἰκείων
869 2940 1062 3014 ψυχῶν
1120 2936 1387 3013 συζυγίαν,
1445 2935 1516 2998 ὠς
1572 2935 1900 3011 ἀνάρμοστον

1989 2948 2120 3001 sent
2150 2956 2502 3021 corporeum
2538 2942 2650 3003 hoc
2681 2961 2813 3004 cum
2850 2942 3105 3023 propriis
3154 2942 3282 3003 suis
3329 2943 3641 3006 animabus
3695 2969 3702 2971 λλ

255 3026 473 3096 αὗταῖς,
531 3023 584 3080 ἐν
633 3023 854 3082 θευειδεϊ
911 3023 973 3074 90
1027 3031 1140 3100 ζὐᾗ
1200 3026 1287 3080 καὶ
1339 3025 1618 3102 μακαρίαις
1668 3023 1900 3102 λήξεσιν,

1990 3029 2331 3108 conjugium
2365 3031 2614 3112 repudio
2648 3031 2836 3092 semel
2867 3031 3303 3108 dirimendum,
3359 3041 3648 3113 tanquam

257 3119 354 3174 οὐκ
385 3115 752 3189 ἐννοήσαντες,
790 3113 904 3170 οὒδὲ
935 3115 1128 3178 ἱκανῶς
1160 3114 1212 3169 ἐν
1259 3113 1532 3190 ἐπιστήμη
1591 3115 1699 3186 θείᾳ
1757 3137 1900 3188 μυηο

1990 3093 2493 3181 illis'iiideiforihi
2523 3122 2644 3182 vita
2675 3121 2966 3201 beataque
2998 3121 3206 3202 requie
3240 3139 3448 3202 parum
3479 3093 3638 3184 ‘con-

254 3206 456 3284 θέντες,
514 3205 807 3283 ἀρχθεϊσαν
866 3203 968 3271 ἤδη
1028 3204 1127 3270 τὴν
1185 3207 1301 3280 καθ,
1362 3205 1504 3280 ἡμᾶς
1581 3202 1636 3259 ἐν
1698 3209 1905 3284 Χριστῷ

254 3293 648 3360 θεοειδεστάτην
681 3297 824 3364 ζωην
853 3291 928 3353 2⁸.
961 3284 1164 3350 ’Ἄλλοι
1187 3291 1241 3349 δὲ
1267 3294 1530 3367 σωμάτων
1563 3292 1736 3350 ἄλλων
1768 3295 1904 3350 ἀπο-

257 3384 472 3458 νέμουσι
530 3396 652 3447 ταϊς
723 3387 930 3462 ψυχαῖς
999 3383 1265 3458 συζυγίας,
1339 3381 1646 3447 ἀδοκοῦντες
1721 3380 1777 3432 29
1846 3384 1906 3438 τὸ

255 3470 578 3550 ἰπάὒτοϊς,
611 3472 680 3536 ὡς
729 3471 910 3547 οῖμαι,
971 3471 1037 3528 τά
1091 3473 1506 3547 συμπονήσαντα
1564 3485 1685 3536 ταῖς
1745 3473 1906 3536 θείαις

259 3567 496 3641 ψυχαῖς,
529 3563 615 3618 καὶ
641 3568 746 3618 τῶν
803 3563 956 3640 ἱερῶν
1017 3561 1332 3618 ἀντιδὸσεων
1389 3565 1482 3620 οὒκ
1532 3563 1733 3639 εὖαγῶς
1765 3564 1906 3618 ἀπο-

257 3659 562 3727 στεροῦντες
623 3653 687 3708 τὰ
736 3652 867 3729 πρὸς
915 3653 975 3707 τὸ
1007 3651 1168 3730 πέρας
1219 3650 1438 3707 ἐλθόντα
1490 3654 1596 3706 τῶν
1622 3651 1906 3706 θειοτάτων

257 3740 492 3817 δρόμων.
528 3731 730 3798 ’Άλλοι
783 3741 860 3815 δὲ,
917 3743 1010 3798 οὒκ
1055 3740 1159 3798 οἶδ’
1195 3740 1342 3804 ὅπως
1375 3741 1459 3797 ἐπὶ
1504 3739 1795 3818 προσύλους
1825 3740 1908 3796 ἐν-

258 3832 407 3895 νοίας
465 3829 860 3903 ἀποκλιθέντες,
922 3832 1194 3910 εἰρήκασιν
1253 3828 1472 3906 ὁμοειδῆ
1526 3829 1584 3879 95
1641 3837 1732 3888 τοῦ
1785 3829 1907 3907 τῇδε

255 3920 378 3997 βίου
408 3920 504 3987 τὴν
533 3933 649 3984 τοῖς
682 3923 844 3985 ὁσίοις
875 3920 1286 3999 ἐπηγγελμένην
1322 3920 1624 3998 ἁγιωτάτην
1669 3921 1755 3977 καὶ
1796 3944 1907 3995 μα-

255 4011 597 4088 καριωτάτην
652 4009 712 4060 94
769 4009 938 4084 λῆξιν,
998 4013 1085 4067 καὶ
1143 4012 1332 4092 τροφὰς
1384 4011 1576 4074 οἰκείας
1631 4009 1909 4086 ἀλλοιωτῷ

256 4101 364 4176 βίῳ
393 4115 509 4164 τοῖς
567 4101 870 4178 ἰσαγγέλοις
903 4101 1162 4176 ἀθεμίτως
1220 4098 1536 4177 ἀπέρριψαν,
1600 4097 1752 4156 Ἀλλ’
1813 4100 1907 4156 οὒκ

255 4187 701 4246 ἆποπεσεϊταίῖὕ
747 4191 823 4255 τίς
873 4212 1002 4246 ποτε
1057 4195 1162 4246 τῶν
1221 4189 1520 4268 ἱερωτάτων
1577 4187 1774 4262 ἀνδρῶν
1835 4191 1907 4254 εἰς

253 4281 359 4342 τάς
413 4277 618 4336 τοιάσδε
673 4279 986 4350 πλανήσεις⁶
1053 4279 1172 4336 ἀλλ’
1232 4279 1385 4344 ὅλους
1445 4280 1632 4342 αὐτοὺς
1692 4278 1911 4348 ἀπολή-

1988 3217 2362 3284 sentaneum;
2391 3227 2762 3290 nequaquam
2782 3211 3212 3290 intelligentes,
3240 3212 3646 3292 nequescien-

1991 3298 2072 3358 tia
2097 3295 2294 3359 divina
2325 3297 2566 3379 eruditi,
2602 3317 2708 3360 nos
2731 3300 2855 3378 jam
2888 3299 3238 3361 deiformem
3271 3298 3332 3360 in
3398 3300 3638 3362 Christo

1991 3389 2168 3450 vitam
2189 3387 2655 3451 inchoasse.Alii
2677 3397 2872 3450 autem
2893 3389 3208 3451 animabus
3227 3388 3478 3450 aliorum
3517 3408 3647 3452 cor-

1993 3497 2202 3558 porum
2235 3479 2509 3558 conjugia
2540 3477 2888 3554 attribuunt,
2925 3479 2985 3539 in
3027 3497 3168 3559 quo,
3205 3497 3336 3539 mea
3391 3478 3638 3558 quidem

1991 3568 2309 3648 sententia,
2330 3577 2615 3648 quantum
2647 3569 2710 3630 in
2733 3568 2883 3646 ipsis
2915 3576 3026 3642 est,
3057 3568 3338 3645 injuriam
3383 3573 3645 3646 irrogant

1991 3657 2362 3737 corporibus,
2388 3676 2519 3737 quae
2544 3677 2676 3719 cum
2702 3657 2919 3718 divinis
2949 3656 3264 3717 animabus
3295 3655 3636 3716 collabora-

1991 3755 2150 3822 runt,
2193 3745 2523 3827 eademque
2567 3747 2751 3808 sacris
2795 3746 2918 3806 suis
2963 3745 3226 3826 praemiis
3257 3743 3642 3826 (lefraudant,

1991 3855 2124 3898 cum
2157 3835 2418 3898 divinum
2453 3855 2692 3898 cursum
2735 3835 3232 3899 consummarint.
3271 3834 3396 3897 Alii
3435 3852 3643 3910 porro,

1990 3925 2192 3988 nescio
2215 3946 2330 4007 quo
2351 3935 2540 4007 pacto,
2577 3927 2650 3989 ad
2679 3935 2946 3988 terrenas
2976 3925 3369 4005 cogitationes
3397 3924 3641 4004 dilapsi,

1993 4017 2288 4098 dixerunt,
2321 4019 2595 4098 praesenti
2629 4017 2756 4078 vitm
2787 4016 3047 4078 similem
3070 4015 3257 4077 beatis
3282 4014 3643 4094 promissam

1992 4124 2122 4166 esse
2155 4107 2588 4169 sanctissimam
2625 4105 3150 4186 beatissimamque
3180 4112 3424 4177 sortem,
3451 4103 3649 4165 cibos-

1991 4214 2109 4276 que
2140 4197 2267 4257 vitze
2297 4197 2560 4258 variabili
2597 4197 2866 4278 proprios
2900 4196 2968 4255 iis
3000 4193 3344 4276 quiangelis
3375 4192 3640 4272 aequales

1993 4294 2152 4361 sunt,
2188 4285 2411 4348 nefarie
2441 4287 2879 4368 applicuerunt.
2911 4285 3030 4346 Sed
3060 4282 3236 4362 absit,
3264 4291 3328 4343 ut
3384 4298 3650 4362 unquam

253 4375 452 4444 ψεσται
517 4371 614 4436 τὴν
675 4368 984 4447 Χριστοειδῆ
1043 4367 1190 4437 λῆξιν
1252 4367 1470 4440 εἰδότες,
1528 4367 1652 4426 ὅταν
1707 4369 1793 4426 ἐπὶ
1849 4372 1900 4425 τὸ

1996 4383 2235 4436 sanctus
2262 4374 2349 4436 vir
2371 4367 2667 4456 quispiam
2693 4375 2750 4437 in
2777 4372 3109 4436 istiusmodi
3139 4370 3614 4434 erroresincidat
3637 4377 3650 4432 ι

249 4460 423 4536 πέρας
478 4458 669 4517 ἔλθωσι
729 4467 820 4517 τοῦ
879 4458 1001 4536 τῇδε
1059 4461 1195 4536 βίου,
1245 4459 1342 4526 τὴν
1375 4461 1446 4522 εἰς
1497 4458 1785 4539 ἀφθαρσίαν
1813 4461 1900 4516 αὐ-

2004 4482 2207 4525 verum
2236 4463 2325 4525 illi
2348 4455 2563 4542 sancti,
2599 4467 2699 4547 qui
2731 4483 2797 4527 se
2831 4471 2983 4525 totos
3013 4461 3493 4525 Christiformem
3517 4478 3651 4522 sor-

247 4551 364 4606 τῶν
396 4547 538 4625 ὁδὸν,
589 4553 662 4616 ὼς
719 4551 1002 4630 ἐγγυτέραν
1059 4549 1163 4617 ἤδη
1223 4547 1615 4628 γεγενημένην,
1675 4547 1900 4627 ἐμφανέ-

1994 4561 2117 4615 tem
2146 4564 2534 4636 percepturos
2558 4561 2984 4635 cognoverunt,
3004 4552 3105 4613 ubi
3129 4551 3203 4614 ad
3227 4552 3410 4632 hujus
3442 4551 3580 4613 vita
3593 4550 3657 4612 ﬁ-

247 4660 442 4717 στερον
502 4643 688 4721 δρῶσι,
748 4643 838 4698 καὶ
893 4642 984 4705 τὰς
1018 4639 1216 4717 δωρεὰς
1245 4644 1344 4705 τῆς
1377 4641 1632 4718 θεαρχίας
1671 4639 1900 4719 ὑμνοῦσι,

1998 4661 2138 4705 nem
2161 4647 2528 4708 accesserint
2563 4664 2578 4720 ;
2609 4645 2778 4706 vitam
2807 4661 2975 4704 suam
3017 4641 3088 4702 ad
3114 4641 3650 4721 incorruptionem,

245 4730 346 4786 καὶ
400 4730 539 4792 θείας
601 4729 795 4799 ἡδονῆς
854 4730 1315 4808 ἀποπληροῦνται,
1377 4729 1475 4796 τὴν
1533 4728 1716 4785 ἐπὶτά
1747 4729 1900 4809 χείριι

1998 4732 2166 4814 quasi
2172 4734 2298 4814 jam
2319 4734 2809 4816 propinquiorem
2833 4733 3074 4807 factam,
3092 4737 3413 4806 intuentes,
3438 4727 3659 4791 summi

246 4819 464 4898 τροπὴν
494 4819 666 4877 οὐκέτι
697 4817 1014 4894 δεδοικότες,
1047 4818 1167 4876 ἀλλ’
1209 4818 1266 4875 εὗ
1295 4817 1514 4898 είδοτες,
1549 4817 1628 4874 ὅτι
1678 4819 1744 4875 τὰ
1775 4841 1900 4886 κτη-

1997 4821 2104 4884 Dei
2143 4842 2394 4887 munera
2423 4825 2798 4899 collaudant,
2831 4821 3147 4902 divinaque
3195 4820 3493 4900 voluptate
3545 4817 3655 4881 ad-

250 4909 413 4966 θέντα
443 4908 586 4966 καλὰ
614 4909 825 4987 βεϐαίος
881 4911 975 4968 καί
1034 4909 1258 4974 αἱωνίως
1315 4907 1538 4974 ἕξουσιν.
1601 4909 1660 4964 Οἱ
1718 4906 1772 4963 δὲ
1805 4932 1900 4983 μο-

1998 4911 2343 4994 implentur,
2380 4933 2496 4976 non
2518 4915 2640 4995 jam
2675 4911 2936 4994 amplius
2987 4909 3245 4992 perverti
3293 4916 3655 4989 metuentes,

253 4998 479 5074 λυσμῶν
540 5000 796 5058 ἀνάπλεοι
855 5001 942 5058 καὶ
999 4999 1218 5076 ἀνιέρων
1270 4996 1526 5074 κηλίδων,
1587 4997 1742 5076 εἴπερ
1773 5001 1900 5078 ἱερᾶς

2000 5001 2104 5064 sed
2133 5003 2318 5083 probe
2346 5013 2870 5086 cognoscentes,se
2887 5001 3042 5063 bona
3057 5009 3225 5083 parta
3240 4999 3493 5062 firmiter
3514 5016 3656 5080 per-

254 5110 404 5155 τινος
459 5090 790 5171 τετυχήκασι
851 5091 1122 5168 μυήσεως,
1185 5089 1329 5147 αὐτοὶ
1383 5086 1439 5144 δὲ
1489 5089 1684 5155 ταύτην
1740 5088 1800 5146 ἐκ
1827 5100 1900 5149 τοί

2002 5098 2298 5175 petuoque
2318 5112 2712 5176 possessuros.
2736 5094 2956 5154 Verum
2983 5091 3086 5174 qui
3117 5088 3531 5171 iniquitatibus
3553 5104 3630 5149 ne
3649 5116 3660 5130 ο

1596 5247 1852 5314 VARI/EI
1874 5250 2314 5318 LECTIONES.

347 5358 421 5444 l8,
439 5358 730 5444 articulus
759 5366 859 5444 τῆς
891 5366 1132 5444 nonest
1160 5358 1223 5444 in
1252 5360 1316 5423 S.
1354 5359 1425 5422 P.
1457 5355 1528 5444 D.
1597 5357 1653 5408 *9
1679 5357 2051 5444 subjungunt
2079 5359 2165 5444 P._
2190 5361 2258 5424 D.
2297 5362 2404 5426 Ch.
2441 5365 2516 5440 μὴ
2547 5361 3298 5444 ἒλθοῦσαι.8οοι.εθᾳ11ἱῐυῐ“.
3330 5355 3662 5444 2{tantiqua

265 5442 334 5504 in
356 5440 630 5523 Maliblfo
663 5441 840 5503 lectio
873 5443 1068 5523 estid);
1101 5440 1430 5523 ἀνάρμοστον
1477 5442 1661 5523 αὐταῖς
1699 5436 1856 5496 οὔτᾶν
1893 5436 1984 5523 ἣν
2003 5442 2210 5511 θεοειδῆ
2244 5447 2384 5516 ζωὴν
2415 5436 2503 5502 καὶ
2544 5447 2805 5523 μακαρίαν
2838 5443 3018 5517 λῆξιν,
3058 5436 3252 5523 quam
3273 5436 3470 5500 reddit
3494 5436 3654 5497 Sc’ot.

265 5523 318 5604 '1
351 5521 634 5604 inAdandi
659 5539 799 5604 casu
844 5521 1176 5604 corrigitur
1203 5523 1262 5582 in
1299 5519 1508 5604 codice
1539 5519 1667 5604 sal.
1695 5527 1762 5596 τῇ
1778 5521 2158 5604 emetat-53:22:13
2192 5531 2327 5595 ζωῆ,
2396 5525 2454 5574 23
2487 5519 2618 5604 [ego
2651 5519 2979 5602 ἀδικοῦντες,
3036 5519 3352 5604 codicibus
3398 5535 3660 5604 consen-

268 5600 581 5749 tientibus.
614 5602 729 5747 Ist:r
727 5603 902 5664 etiam
936 5602 1123 5666 editio
1155 5599 1438 5666 Lansellii
1469 5599 1704 5662 Parisiis
1733 5601 1906 5666 1615.
1958 5601 2021 5652 τ’»
2049 5604 2350 5682 ὁμοιοειδῆ,
2387 5606 2448 5670 Ρ.
2486 5598 2613 5669 Sa},
2650 5607 2706 5655 ει
2739 5598 3104 5683 μακαριστήν,
3143 5601 3206 5664 S.
3242 5599 3389 5664 P.D.
3423 5598 3488 5650 ‘25
3515 5599 3657 5655 ἀπο·-

268 5705 478 5749 πισειε.
572 5733 587 5749 .
734 5731 749 5744 .

261 5705 478 5760 macie,
514 5705 587 5750 υ.
620 5705 749 5747 oar.

587 5794 853 5857 ΡΑτιιοι..
887 5789 1001 5858 Gn.
1036 5789 1139 5861 III.
3344 5788 3419 5852 18
