4088 6208
493 350 613 420 555

1670 350 1731 415 S.
1807 348 2151 414 DIONYSII
2178 346 2705 416 AREOPAGIT/E.
3731 348 3835 417 556

490 495 775 576 fariisque
806 489 1130 555 sceleribus
1156 493 1295 549 sunt
1324 487 1613 576 conperti,
1669 485 1962 569 siquidem
2015 485 2128 547 ali-

2233 488 2404 544 ιῖκείου
2464 488 2582 549 νοὸς
2643 485 2888 564 ὀλεθρίως
2947 482 3430 565 ὰπορῤαπισαντές,
3479 487 3563 544 ἐπὶ
3604 488 3691 553 τὰς
3718 494 3833 568 φθο-

491 575 930 667 ᾳυεῐηίεειοηηι
968 576 1277 641 hauserint
1306 575 1788 655 instructionem,
1840 594 2026 657 eaque
2056 595 2129 635 ex

489 665 690 737 animo
707 670 1044 752 perniciose
1056 667 1289 748 abjecta
1302 665 1373 726 ad
1390 669 1790 746 corruptrices
1802 665 2134 744 voluptates

483 773 820 845 spontesua
835 756 1098 822 devoluti
1130 756 1379 831 fuerint,
1407 774 1539 818 cum
1558 757 1681 836 jam
1700 755 1767 816 ad
1794 754 1928 845 vitae
1953 755 2131 816 ﬁnem

482 844 888 934 pervenerint,
916 866 1032 910 non
1049 847 1170 925 jam
1196 846 1282 908 eis
1304 845 1399 908 lex
1436 845 1632 908 divina
1658 863 1823 925 aeque
1849 844 2126 924 despica-

476 941 616 1007 bilis
635 937 1075 1022 apparebit,sed
1102 935 1468 1016 perniciosas
1504 936 1839 1013 passionum
1885 953 2125 996 suarum

474 1033 809 1112 voluptates
820 1026 951 1089 aliis
967 1027 1137 1104 longe
1154 1024 1343 1088 oculis
1355 1024 2129 1104 aspicientes,sanctamque

476 1114 1955 1200 vitam,quamimprudenterneglexerunt,beatam
1984 1131 2128 1192 pra:-

478 1212 769 1286 dicantes,
802 1204 1005 1268 miseri
1021 1211 1079 1266 et
1095 1204 1349 1265 invitiex
1364 1204 1472 1264 hac
1504 1203 1621 1264 vita
1641 1201 1960 1282 decedunt,
1998 1220 2128 1281 pro-

481 1312 615 1386 pter
647 1301 827 1363 vitam
859 1312 1028 1358 suam
1063 1293 1380 1373 pessimam
1414 1292 1576 1355 nulla
1605 1299 1807 1354 sancta
1833 1310 1939 1371 spe
1974 1290 2125 1353 fulti.

2215 578 2461 656 ροποιοὺς
2488 575 2869 651 ηὐτομόλησαν
2913 575 3215 652 ἐπιθυμίας,
3277 576 3403 633 ὅταν
3461 577 3543 634 ἐπὶ
3593 592 3651 634 τὸ
3702 578 3836 642 τέλος

2216 665 2479 746 ’ἐρχωνται
2539 671 2634 733 τῆς
2683 664 2858 723 ἐνθάδε
2908 671 3074 741 ζωῆς,
3134 666 3230 723 οὒκ
3285 666 3362 723 ἔτι
3421 669 3615 743 ὁμοίως
3676 669 3836 733 αὒτοῖς

2220 756 2678 835 εὖκαταφρόνητος
2710 769 2958 836 φανεῖται
2988 754 3048 805 26
3082 762 3187 813 τῶν
3217 756 3411 835 λογίων
3451 758 3486 826 ἦ
3515 758 3623 814 θεία
3666 762 3840 834 θεσμο-

2218 847 2387 926 θεσία,
2421 848 2513 911 τὰς
2547 845 2844 921 ἑλλυμένας
2904 844 2958 902 δὲ
3015 853 3122 903 τῶν
3175 849 3383 904 οἰκείων
3441 850 3622 903 παθῶν
3670 845 3840 916 ἡδονὰ)

2212 935 2410 1014 ἑτέροις
2488 934 2785 1016 ὀφθαλμοθς
2866 934 3352 1016 ἐπισκοπήσαντες,
3428 937 3517 993 καὶ
3569 940 3667 1003 τὴν
3716 939 3844 1013 ἱερὰν

2216 1026 2377 1099 ζωὴν,
2470 1027 2532 1092 ἧς

2213 1113 2458 1177 ὲλεεινῶς
2492 1116 2577 1170 καὶ
2608 1113 2916 1185 ἀϐουλήτως
2965 1115 3348 1195 ἀποσχίζονται
3400 1123 3494 1174 τοῦ
3554 1113 3673 1192 τῇδε
3724 1118 3845 1193 βῖου,

2213 1206 2343 1282 πρὸς
2380 1201 2641 1279 μηδεμίαν
2673 1206 2814 1283 ἱερὰν
2847 1203 3032 1261 ἐλπίδα
3078 1206 3573 1284 χειραγωγούμεννι
3634 1204 3711 1263 διὰ
3766 1210 3847 1275 τὴν

2215 1293 2498 1372 χειρίστην
2530 1294 2697 1363 ζωὴν,

2627 1026 2868 1096 ἀνοήτως
2961 1025 3363 1101 ἐκπεπτώκασι,
3462 1028 3823 1104 μακαρίσαντες

3830 1076 3844 1109 θ

2078 1428 2107 1508 §
2149 1426 2247 1491 ιιι.

564 1571 857 1646 Quoniam
879 1578 1073 1649 autem
1103 1568 1165 1632 in
1191 1577 1531 1631 sanctorum
1590 1564 2136 1628 obdormitionibus

2303 1569 2512 1624 Τούτων
2546 1566 2601 1624 δὲ
2631 1566 2837 1632 οὐδενὸς
2869 1568 3188 1648 γιγνομένου
3246 1570 3381 1627 κατᾶ
3436 1572 3530 1635 τας
3592 1573 3850 1646 κοιμήσεις

483 1660 637 1725 nihil
668 1662 881 1724 horum
912 1659 1204 1740 accidit,is
1233 1658 1334 1739 qui
1368 1666 1647 1739 properat
1674 1657 1746 1718 ad
1781 1657 1960 1718 finem
1997 1672 2135 1718 cer-

2233 1664 2326 1715 τῶν
2379 1661 2530 1729 ἱερῶν
2590 1658 2789 1738 ἀνδρῶν
2842 1662 2997 1724 αύτὸς
3029 1661 3126 1736 μὲν
3159 1663 3186 1717 6
3230 1662 3359 1741 πρὸς
3413 1664 3476 1720 τὸ
3509 1662 3673 1737 πέρας
3703 1662 3853 1741 k916-

488 1751 776 1813 taminum
800 1768 1040 1812 suorum
1065 1756 1266 1809 sancta
1289 1745 2133 1827 quadamlaatitiacompletur,

486 1857 818 1920 magnaque
849 1856 980 1901 cum
1025 1836 1401 1919 jucunditate
1448 1854 1632 1897 sacrae
1672 1834 2140 1914 regenerationis

489 1929 609 1994 iter
626 1926 1313 2008 ingreditur.Propinqui
1334 1935 1531 1987 autem
1552 1926 1682 2005 ejus
1702 1924 1803 2005 qui
1827 1924 2141 1986 defunctus

487 2019 630 2082 265
658 2027 768 2092 est,
802 2036 909 2100 pro
935 2020 1071 2097 jure
1119 2016 1333 2078 divinae
1391 2014 1850 2096 propinquitatis
1878 2032 1947 2075 ac
2006 2032 2140 2074 mo-

488 2126 625 2171 rum
647 2104 1303 2181 similitudine,beatum
1338 2103 1557 2184 ipsum,
1598 2101 1682 2165 uti
1714 2122 1851 2164 vere
1872 2110 1958 2164 est
1984 2118 2139 2183 prae-

491 2197 718 2272 dicant,
753 2196 909 2278 quod
938 2194 1010 2257 ad
1038 2201 1297 2275 optatum
1333 2192 1587 2254 victoriae
1629 2191 1897 2253 bravium
1925 2210 2138 2271 perveu

489 2294 672 2363 nerit,
708 2287 1055 2365 auctorique
1076 2282 1338 2345 victoria:
1372 2282 1599 2343 cantica
1652 2281 1978 2360 gratiarum
2015 2282 2138 2341 sol-

498 2384 661 2457 vunt,
696 2385 872 2457 atque
904 2374 1021 2436 sibi
1047 2372 1304 2435 similem
1339 2379 1559 2434 sortem
1593 2379 1800 2451 optant
1833 2392 1848 2448 ;
1883 2371 2139 2451 denique

490 2470 1076 2546 assumentesipsum
1097 2463 1169 2525 ad
1201 2462 1517 2524 antistitem
1556 2469 1806 2541 portant,
1842 2462 2008 2542 quasi
2043 2480 2139 2521 sa-

496 2556 617 2618 cris
638 2557 877 2619 coronis
901 2552 1363 2633 muneranduin;
1390 2550 1493 2633 qui
1518 2551 1772 2612 libenter
1797 2569 1932 2612 eum
1951 2550 2143 2611 susci-

494 2646 603 2728 pit,
639 2663 824 2725 eaque
834 2646 994 2724 justa
1015 2642 1264 2725 peragit,
1292 2660 1424 2718 quae
1446 2640 1645 2701 divino
1672 2639 1946 2702 instituto
1972 2640 2143 2702 exhio

494 2736 804 2798 benturiis
833 2734 935 2815 qui
965 2739 1167 2795 sancte
1199 2730 1673 2792 obdormierunt.

566 2839 631 2897 II.
661 2838 984 2911 Mysterium
1011 2852 1169 2909 super
1198 2835 1284 2892 his
1313 2834 1405 2905 qui
1442 2839 1624 2891 sancte
1651 2831 2070 2890 obdormierunt.

578 2928 793 2988 Coacto
823 2929 978 2985 coetu
1008 2939 1198 2997 sacro,
1234 2919 1463 2982 divinus
1496 2918 1766 2999 antistes,
1800 2920 1850 2980 si
1907 2920 2144 3000 quidem

2223 1770 2381 1823 μενος
2441 1754 2547 1805 τῶν
2602 1751 2808 1806 οἰκείων
2864 1750 3086 1828 ἀγώνων
3148 1750 3469 1831 εὐφροσύνης
3529 1754 3674 1828 ἱερᾶς
3728 1752 3851 1807 ἀπο-

2222 1837 2542 1918 πληροῦται,
2595 1841 2683 1896 καὶ
2743 1841 2834 1894 σὺν
2890 1837 3055 1916 ἡδονῇ
3090 1839 3261 1918 πολλῇ
3312 1843 3441 1918 πρὸς
3470 1842 3573 1910 τὴν
3603 1839 3719 1898 ὁδὸν
3748 1841 3853 1896 ἐπι-

2224 1926 2386 1984 ϐαίνει
2420 1934 2517 1996 τῆς
2548 1934 2687 2008 ἱερᾶς
2734 1928 3165 2008 παλιγγενεσίας,
3232 1933 3291 1989 Οἱ
3323 1929 3377 1986 δὲ
3437 1939 3525 1988 τοῦ
3589 1930 3851 2006 κοιμηθέν-

2226 2040 2314 2081 τος
2369 2020 2583 2098 οἰκεῖοι,
2642 2020 2777 2075 κατὰ
2827 2022 2925 2085 την
2981 2019 3123 2075 θείαν
3182 2021 3486 2088 οἰκειότητα
3539 2023 3632 2078 καὶ
3661 2023 3858 2098 ὁμοτρο-

2224 2110 2372 2181 πίαν,
2435 2110 2587 2164 αὐτὸν
2644 2130 2730 2183 τε,
2793 2107 2937 2173 ὅστις
2994 2107 3211 2188 ﬁeri”,
3246 2112 3618 2190 μακαρίζουσι,
3661 2113 3780 2186 πρὸς
3809 2113 3858 2165 τὸ

2225 2197 2510 2276 νικηφόρον
2542 2199 2794 2260 εύκταίως
2826 2196 3167 2277 ἀφικόμενον,
3226 2199 3378 2265 τέλος
3406 2199 3486 2275 28,
3523 2202 3616 2257 καὶ
3664 2207 3734 2255 τῶ
3778 2200 3859 2267 τῆς

2224 2288 2373 2353 νίκης
2432 2289 2583 2359 αἰτίῳ
2640 2289 3019 2367 χαριστηρίους
3079 2285 3216 2362 ᾠδὰς
3275 2289 3678 2367 ἀναπέμπουσι,
3712 2311 3860 2365 προσ-

2225 2375 2301 2431 έτι
2359 2376 2443 2431 καὶ
2505 2379 2690 2439 αὐτοὺς
2744 2376 3017 2454 ἀφικέσθαι
3080 2378 3212 2456 πρὸς
3243 2379 3341 2445 τὴν
3372 2380 3564 2451 ὁμοίαν
3596 2380 3859 2458 εὐχόμενοι

2226 2462 2399 2532 λῆξιν·
2461 2463 2715 2530 λαϐόντες
2774 2465 2826 2520 δὲ
2882 2467 3059 2545 αὐτὸν,
3095 2467 3177 2521 sui
3221 2469 3311 2522 τὸν
3352 2469 3614 2548 ἱεράρχην
3644 2468 3859 2550 ἄγουσιν,

2228 2558 2300 2619 ὡς
2361 2553 2445 2610 ἐπὶ
2503 2556 2773 2633 στεφάνων
2830 2559 2982 2633 ἱερῶν
3036 2555 3201 2613 δόσινο
3266 2560 3292 2613 6
3325 2556 3378 2613 δὲ
3408 2559 3656 2633 ἀσμένως
3686 2555 3860 2614 ὓποδέ-

2231 2666 2414 2724 χεται,
2498 2648 2585 2700 καὶ
2643 2644 2792 2701 τελεῖ
2845 2647 2909 2701 τὰ
2961 2647 3099 2701 κατὰ
3157 2649 3351 2723 θεσμὸν
3409 2649 3565 2727 ἱερῶν
3625 2648 3708 2705 ἐπὶ
3757 2660 3860 2712 τοῖς

2231 2733 2385 2797 ὁσίως
2416 2731 2479 2782 29
2509 2734 2922 2810 κεκο.μημένοις
2954 2733 3270 2809 τελούμενα,

2405 2839 2470 2888 ll.
2508 2830 2808 2906 Μυστήριον
2840 2828 2926 2885 ἐπὶ
2952 2830 3057 2885 τῶν
3087 2831 3238 2907 ἱερῶς
3272 2832 3703 2907 κεκοιμημένων,

2314 2922 2639 2999 Συναγαγὼν
2688 2923 2715 2977 6
2763 2924 2907 2984 θεῖος
2944 2921 3201 3001 ἱεράρχης
3241 2924 3333 2978 τὸν
3362 2925 3497 3002 ἱερὸν
3529 2927 3695 3005 χορὸν
3719 2921 3798 3002 50,
3826 2926 3863 2978 εἰ

498 3014 564 3077 in
592 3012 778 3076 sacris
806 3012 998 3074 fuerat
1023 3012 1124 3092 qui
1170 3008 1550 3079 obdormivit,
1587 3015 1724 3070 ante
1755 3008 2020 3070 divinum
2056 3010 2140 3071 al-

2234 3010 2343 3084 μὴν
2372 3006 2420 3050 ³¹
2456 3013 2726 3089 ἱερατικῆς
2803 3010 3041 3088 ἐγεγόνει
3122 3010 3318 3076 τάξεως
3375 3015 3402 3068 6
3459 3013 3861 3089 κεκοιμημένος,

503 3112 629 3167 tare
659 3103 827 3165 illum
854 3100 1175 3180 inclinans,
1212 3099 1340 3159 infit
1369 3099 1703 3162 orationem
1737 3098 1807 3159 ad
1865 3101 2053 3161 Deum
2092 3107 2150 3161 et

502 3193 828 3274 gratiarum
850 3190 1145 3253 actionem
1175 3209 1192 3267 ;
1217 3188 1309 3250 sin
1333 3196 1531 3249 autem
1573 3189 1798 3250 sanctis
1845 3189 2150 3251 monachis

501 3290 782 3346 sanctove
816 3280 1032 3363 populo
1061 3284 1488 3340 annumeratus
1520 3277 1734 3348 fuerat,
1770 3277 1841 3338 ad
1872 3296 2151 3340 veneran-

501 3372 644 3434 dum
663 3371 986 3433 sacrarium
1001 3376 1134 3431 ante
1148 3366 1521 3430 sacerdotum
1550 3366 1852 3429 introitum
1878 3367 2147 3431 collocat.

499 3460 729 3526 Prassul
763 3459 980 3524 deinde
1011 3456 1329 3539 peragitad
1361 3456 1546 3520 Deum
1588 3474 1824 3536 precem
1846 3465 1904 3518 et
1929 3457 2152 3536 gratia-

499 3570 633 3614 rum
667 3549 1003 3617 actionem;
1036 3548 1322 3627 deinceps
1357 3564 1497 3609 vero
1529 3545 1788 3619 diaconi,
1826 3546 2152 3607 verissimis

500 3641 576 3704 de
605 3638 1047 3704 resurrectione
1076 3636 1410 3718 promissis,
1430 3654 1561 3718 qute
1584 3633 1797 3698 divinis
1826 3634 2152 3716 Scriptuv-is

500 3731 728 3817 inserta
747 3737 910 3804 sunt,
935 3727 1221 3808 recitatis,
1243 3727 1455 3789 iisdem
1481 3744 1743 3787 consona
1765 3732 1944 3806 atque
1968 3726 2151 3803 aequi-

500 3815 764 3883 Valentia
790 3817 1159 3880 Psalmorum
1187 3817 1417 3877 cantica
1448 3815 1770 3877 concinunt
1797 3832 1811 3876 ;
1875 3821 1994 3875 tum
2044 3833 2144 3876 ar-

502 3908 889 3972 chidiaconus
908 3907 1372 3969 catechumenos
1385 3903 2009 3984 dimittit,sanctosque
2020 3904 2144 3984 jam

503 3997 816 4061 defunctos
833 4014 961 4058 com
972 3993 1508 4074 memorat,quibus
1519 4011 1734 4055 recens
1748 3992 1860 4055 vita
1878 3992 2142 4057 functum

501 4085 802 4149 consimili
831 4083 1401 4148 commemoratione
1454 4090 1658 4142 censet
1681 4083 2142 4162 aggregandum,

503 4177 889 4256 hortaturque
915 4172 1239 4253 omnes,illi
1263 4179 1323 4232 ut
1345 4170 1583 4232 beatum
1620 4170 1681 4231 in
1714 4173 1942 4234 Christo
1966 4174 2144 4237 finem

503 4273 730 4347 petant;
766 4272 891 4325 tum
914 4261 1209 4325 accedens
1231 4260 1463 4323 divinus
1485 4262 1726 4323 antistes
1752 4280 1990 4342 precem
2038 4283 2146 4327 su-

502 4373 614 4437 per
647 4373 716 4417 eo
742 4353 1203 4416 sacratissimam
1238 4350 1485 4432 peragit,
1511 4369 1625 4432 qua
1658 4351 1843 4428 ﬁnita,
1896 4353 2149 4433 ipsemet

2231 3099 2541 3178 ἐπίπροσθεν
2571 3106 2663 3156 τοῦ
2695 3101 2831 3155 θείου
2887 3103 3263 3178 θυσιαστηρίου
3318 3102 3643 3168 κατακλίνας
3702 3104 3861 3175 αὐτὸν,

2232 3189 2533 3268 ἀπάρχετ²ι
2563 3194 2661 3257 τῆς
2691 3191 2822 3269 πρὸς
2856 3191 2984 3249 θεὸν
3040 3191 3207 3270 εὐχῆς
3256 3193 3344 3249 καὶ
3411 3192 3774 3272 εὖχαριστίας·
3828 3194 3865 3247 εἰ

2232 3276 2285 3333 δὲ
2342 3280 2464 3341 τοῖς
2512 3279 2720 3357 εύαγὲσι
2779 3292 3050 3360 μοναχοϊς
3115 3278 3144 3346 ii
3206 3286 3282 3354 τῷ
3334 3283 3456 3360 ἱερῴ
3489 3281 3606 3355 λαῷ
3660 3281 3866 3339 κατετέ-

2234 3389 2397 3424 τακτο
2450 3366 2534 3444 52,
2597 3369 2739 3448 παρὰ
2786 3370 2846 3425 τὸ
2889 3369 3061 3444 τίμιον
3090 3371 3358 3449 ἱερατεῖον
3389 3373 3544 3428 αὐτὸν
3578 3371 3866 3433 κατακλίνει

2234 3458 2334 3535 πρὸ
2365 3457 2461 3525 τῆς
2492 3459 2761 3533 ἱερατικῆς
2792 3457 3154 3523 εἷσελεύσεως,
3210 3460 3349 3516 Εἶτα
3393 3459 3543 3518 τελεῖ
3600 3463 3696 3532 τὴν
3749 3463 3867 3539 πρὸς

2237 3548 2366 3602 Θεὸν
2397 3547 2801 3626 εὗγαριστήριον
2835 3547 3003 3628 εὖχήν
3035 3551 3062 3604 6
3093 3550 3378 3629 ἱεραρχηςο
3431 3551 3551 3619 ἐξῆς
3583 3549 3640 3607 δὲ
3670 3554 3714 3608 οἱ
3762 3550 3867 3606 λει-

2233 3640 2442 3715 τουργοὶ
2476 3640 2567 3700 τὰς
2601 3638 2655 3694 ἐν
2687 3652 2807 3702 τοϊς
2836 3641 2993 3703 θείοις
3045 3638 3244 3717 λογίοις
3298 3640 3658 3721 ἐμφερομένας
3711 3643 3865 3718 ἀψευ-

2237 3724 2347 3788 δεῖς
2404 3725 2726 3806 ἒπαγγελίας
2780 3729 2900 3802 περὶ
2955 3732 3055 3795 τῆς
3109 3731 3250 3807 ἱερᾶς
3318 3731 3473 3806 ἡμῶν
3543 3732 3867 3796 ἀναστάσεως

2236 3815 2573 3896 ἀναγνόντες,
2628 3816 2779 3896 ἱρεῶς
2838 3814 3016 3889 ᾅδουσι
3072 3818 3166 3881 τὰς
3228 3818 3525 3899 ὁμολόγους
3577 3824 3664 3879 καὶ
3694 3822 3867 3878 ταύτο-

2232 3901 2488 3981 δυνάμους
2520 3911 2626 3962 τῶν
2653 3904 2938 3982 ψαλμικῶν
2995 3905 3190 3985 λογίων
3248 3906 3409 3982 ᾠδὰς⁶
3466 3912 3590 3967 εἶτα
3622 3917 3723 3967 τῶν
3763 3910 3862 3966 λει-

2228 4003 2461 4074 τουργῶν
2498 3998 2525 4051 6
2555 4001 2761 4075 πρῶτος
2812 3994 3031 4052 ἀπόλύει
3080 3997 3201 4061 τοὺς
3266 4001 3734 4079 κατηχουμένους,
3790 3997 3865 4056 καὶ

2230 4084 2579 4163 ἀνακηρύττει
2608 4087 2730 4150 τοὺς
2771 4084 2874 4153 ἤδη
2903 4085 3327 4162 κεκοιμημένους
3374 4090 3579 4168 ἁγίους,
3634 4090 3748 4165 μεθ’
3800 4091 3863 4145 ὧν

2230 4172 2369 4239 ἀξιοῖ
2424 4177 2512 4232 τὸν
2572 4173 2686 4255 ἄρτι
2744 4173 3089 4233 τελειωθέντα
3146 4182 3245 4245 τῆς
3301 4180 3597 4259 ὁμοταγοῦς
3646 4177 3862 4257 ἀναῤῥη-

2230 4285 2390 4344 σεως,
2420 4266 2509 4323 καί
2556 4263 2904 4344 προτρέπεται
2959 4266 3163 4330 πάντας
3219 4268 3435 4334 αἰτῆσαι
3496 4269 3591 4337 τὴν
3648 4268 3701 4325 ἐν
3753 4275 3861 4345 Χρι-

2231 4361 2339 4410 στῶ
2398 4355 2659 4431 μακαρίαν
2715 4353 3009 4412 τελείωσιν·
3061 4356 3186 4413 εἶτα
3234 4355 3536 4436 προσελθὼν
3566 4361 3595 4415 6
3624 4362 3767 4423 θεῖος
3794 4359 3864 4413 ἱε-

501 4446 749 4508 antistes
785 4443 1133 4506 defunctum
1170 4443 1403 4518 salutat,
1440 4451 1500 4503 et
1529 4459 1662 4503 cum
1698 4440 1799 4504 illo
1828 4452 2140 4523 praesentes

2233 4442 2463 4525 ράρχης,
2524 4446 2694 4524 εὐχὴν
2752 4444 3046 4524 ἱερωτάτην
3103 4446 3189 4502 ἐπ’
3248 4448 3390 4522 αὐτῷ
3459 4461 3719 4523 ποιεῖται,
3787 4450 3864 4503 καὶ

502 4553 735 4600 omnes.
753 4532 878 4607 Quo
904 4538 1170 4615 peracto,
1202 4531 1447 4593 antistes
1470 4530 1815 4595 defunctum
1842 4532 1973 4595 oleo
2007 4553 2146 4614 per-

500 4624 717 4701 fundit,
751 4632 809 4688 et
830 4640 940 4702 pro
972 4622 1249 4684 omnibus
1280 4639 1456 4703 prece
1486 4620 1662 4699 facta,
1696 4622 1983 4684 honorato
2014 4624 2145 4685 loco

500 4734 719 4796 corpus
738 4714 989 4779 collocat
1008 4731 1123 4776 una
1139 4731 1273 4775 cum
1300 4710 1624 4793 aequalibus
1644 4710 1774 4774 aliis
1797 4712 2149 4794 corporibus
2228 4712 2482 4778 ἅπαντες.

502 4796 746 4860 sanctis.

1022 5073 1119 5139 III.
1169 5071 1631 5155 Contemplatio.

2232 4535 2370 4607 μετὰ
2419 4535 2517 4601 τὴν
2580 4535 2751 4613 εύχὴν
2809 4536 2965 4598 αὐτὸς
3036 4555 3093 4591 τε
3165 4538 3192 4593 6
3261 4538 3519 4618 ἱεράρχης
3590 4538 3861 4609 ἀσπάζεται

2229 4625 2319 4680 τὸν
2380 4624 2793 4704 κεκοιμημένον,
2868 4625 2955 4680 καὶ
3024 4621 3143 4700 μετ’
3208 4626 3365 4683 αὐτὸν
3424 4630 3470 4683 οἱ
3542 4621 3864 4707 παρόντεςυ

2587 4712 3006 4789 Ἀσπασαμένων
3090 4712 3145 4771 δὲ
3215 4717 3454 4792 πάντων,
3526 4716 3734 4799 ἐπιχέει
3797 4718 3863 4787 τῷ

2236 4805 2613 4881 κεκοιμημὲνῳ
2667 4805 2727 4860 τὸ
2782 4802 2961 4861 ἔλαιον
3020 4805 3049 4860 6
3106 4804 3386 4886 ἱεράρχης,
3447 4808 3535 4864 καὶ
3591 4810 3689 4876 τὴν

2234 4894 2447 4952 πάντων
2499 4894 2666 4974 εὐχὴν
2725 4892 2869 4971 ἱερὰν
2898 4894 3285 4973 ποιησάμενος,
3318 4896 3632 4963 ἆποτίθησιν
3661 4895 3714 4953 ἐν
3743 4893 3863 4967 οῗκῳ

2234 4983 2394 5060 τιμίῳ
2421 4985 2482 5041 τὸ
2512 4983 2667 5059 σῶμα
2721 4980 2834 5060 μεθ’
2868 4981 3059 5063 ἐτέρων
3090 4986 3374 5065 ὁμοταγῶν
3410 4989 3563 5065 ἱερῶν
3592 4986 3858 5064 σωμάτων,

2888 5089 2980 5146 Ill.
3015 5084 3240 5164 Θεωρία.

2126 5169 2255 5251 §I.

582 5262 724 5331 Haec
746 5265 987 5348 quidem
1022 5263 1073 5327 si
1103 5260 1442 5343 aspexerint
1472 5260 1726 5342 profani,
1760 5260 1851 5323 vel
1895 5280 1929 5325 a
1977 5263 2147 5331 nobis

2310 5269 2493 5333 Ταῦτα
2546 5272 2643 5348 μὲν
2673 5268 2883 5352 “ai-mp
2942 5269 3109 5332 ἴδοιεν
3167 5271 3202 5343 ἢ
3262 5272 3544 5333 ἀκούσαιεν
3591 5277 3637 5335 οἱ
3684 5274 3861 5354 ἆνίεροι

505 5359 635 5426 fieri
665 5354 1098 5437 inaudiverint,
1130 5352 1390 5435 profuse,
1421 5358 1482 5413 ut
1511 5351 1809 5428 existimo,
1844 5352 2140 5440 ridebant,

2233 5364 2358 5443 πρὸς
2389 5364 2542 5438 ἡμῶν
2591 5360 2883 5439 τελούμενα
2909 5361 2987 5444 ⁸⁵,
3048 5363 3593 5445 πλατὺσγελάσουσιν,
3650 5367 3721 5430 ὡς
3775 5351 3860 5421 ὀισ-

1848 5485 2110 5551 νΑῐιΙΑζ
2163 5486 2597 5554 LECTIONES.

585 5588 642 5637 ³ο
670 5594 932 5733 (ἰαίνεται.
970 5590 1035 5655 S.
1068 5587 1228 5653 Scot.
1264 5587 1392 5651 Sar.
1450 5580 1649 5650 ηοῖός
1683 5584 1815 5661 ἐστι,
1860 5583 1932 5647 Π.
1988 5584 2043 5632 ³⁸
2067 5591 2399 5674 sumam-fl“.
2446 5590 2632 5671 πέρας,
2666 5588 2737 5655 D.
2798 5588 2860 5637 29
2885 5594 3076 5675 ὁσίοις,
3098 5596 3177 5658 Μ,
3213 5595 3310 5660 Sc.
3371 5595 3425 5642 30
3452 5593 3759 5661 articulum
3790 5594 3872 5650 τόν

508 5687 630 5733 non
731 5672 915 5733 abent
963 5670 1025 5733 S.
1054 5673 1119 5733 Ρ.
1176 5671 1248 5733 1).
1303 5666 1355 5712 3‘
1386 5666 1486 5733 μέν
1537 5662 2012 5733 πκιτατὲταιιτο.
2058 5668 2119 5731 Ρ.
2170 5671 2241 5733 D.
2302 5670 2741 5733 33τιοιρεστῶειες.
2793 5674 2863 5733 Ρ.
2923 5672 3139 5733 uana
3173 5688 3357 5733 ταῦτα.
3388 5676 3465 5733 Η.
3498 5678 3598 5733 Sc-
3648 5674 3867 5733 πῐεοως

731 5672 915 5736 abent
963 5670 1025 5737 S.
1054 5673 1119 5733 Ρ.
1176 5671 1226 5735 1)

517 5751 903 5835 τελούμενα,1).

1232 5711 1248 5729 ,
1303 5666 1355 5712 31
1386 5666 1486 5744 μέν
1537 5662 1593 5712 ³2
1615 5667 2012 5749 κατατέτακτο,
2058 5668 2119 5731 Ρ.
2170 5671 2241 5736 D.
2274 5662 2354 5714 ’³³
2381 5662 2741 5752 παρεστῶλες,
2793 5674 2863 5739 Ρ,
2923 5672 2978 5719 ³4
3005 5662 3139 5737 ἀλλὰ
3173 5688 3357 5751 ταῦτα,
3388 5676 3465 5741 Μ.
3498 5678 3598 5743 Sc.
3648 5674 3701 5720 ³⁸
3724 5681 3867 5758 ἱερως

4031 72 4033 193 ί

4032 198 4033 279 ι
