4088 6208
283 295 403 364 561

1328 296 1428 360 DE
1469 292 1769 362 ECGLES.
1803 288 2246 366 HIERABGH.,
2279 293 2454 358 CAP.
2477 289 2616 358 VII.

3543 287 3666 360 562

284 437 541 512 σώματος
601 437 728 516 πρὸς
781 432 814 491 ἃ
870 431 1108 514 ἔπραξεν,
1147 432 1260 490 εἴτε
1314 433 1508 512 ἀγαθὸν
1568 432 1680 490 εἴτε
1740 433 1925 494 κακόν,

2024 427 2259 504 bonum,
2313 428 2443 491 sive
2500 425 2731 490 malum
2758 433 2800 516 '_.
2861 425 3163 488 Justorum
3217 430 3415 490 autem
3450 445 3666 509 preces

285 516 428 586 "Ott
458 525 513 582 δὲ
543 526 632 583 καὶ
661 524 768 583 τῶν
812 523 1027 582 δικαίων
1055 526 1109 580 αἰ
1138 523 1432 603 προσευχαὶ
1487 523 1625 581 κατὰ
1678 523 1768 580 τὸν
1807 519 1935 590 τῆδε

281 617 407 691 βίον
430 615 516 696 57,
553 616 686 691 μήτι
718 637 780 693 γε
831 615 966 691 μετὰ
991 613 1236 692 θάνατον,
1268 615 1342 678 εἰς
1397 613 1516 676 τοὺς
1562 611 1732 678 ἀξίους
1781 615 1936 691 ἱερῶν

286 706 472 787 εόχῶν
521 707 787 785 ἐνεργοῦσι
834 705 1019 799 μόνον,
1054 706 1106 760 αἱ
1158 709 1265 799 τῄῶν
1305 703 1500 781 λογίων
1527 704 1668 778 ἡμᾶς
1725 699 1934 799 ἐκδιδᾳάτ

286 817 508 854 σκευσιν
540 795 761 862 ἀληθεῖς
793 791 1137 872 ωαραδόσεις.
1177 791 1250 850 Ἠ
1281 794 1330 850 τί
1355 794 1488 872 πρὸς
1509 802 1603 851 τοῦ
1632 791 1888 868 Σαμουὴλ
1906 791 1936 849 ὁ

287 884 469 943 Σαοὺλ
487 884 767 964 ἀπώνατος
792 883 840 939 τί
871 881 922 939 δὲ
942 885 1035 939 τὸν
1062 883 1170 940 τῶν
1203 880 1458 962 Ἐϐραίων
1481 881 1546 934 58
1573 881 1699 939 λαόν
1729 880 1936 948 ὤνησεν

289 977 331 1044 ἦ
362 975 666 1055 προφητικὴ
696 975 970 1053 προσευχή
1001 970 1099 1049 δθς
1132 973 1231 1031 Καὶ
1261 972 1447 1050 γάρὼς
1479 972 1532 1028 εἴ
1563 992 1668 1045 τις,
1700 970 1851 1039 ἡλίου
1871 970 1936 1027 τὰ

288 1066 470 1121 οἰκεῖα
523 1062 853 1142 δωρουμένου
908 1069 1059 1142 φῶτα
1100 1075 1218 1128 τοῖς
1270 1057 1552 1120 ἀϐλαϐέσιν
1609 1060 1932 1142 ὀφθαλμοῖς,

290 1154 353 1212 ἐν
403 1156 650 1229 μετουσίᾳ
707 1159 800 1210 τοῦ
833 1151 1060 1220 ἡλιακοῦ
1117 1152 1293 1230 φωτὸς
1354 1153 1495 1208 αἰτεῖ
1547 1149 1809 1230 γενέσθαι,
1840 1151 1936 1212 τὰς

290 1244 489 1308 οἰκείας
519 1241 671 1318 ὄψεις
729 1241 1068 1322 ἐξαφαιίςωψ
1103 1241 1243 1299 οὕτω
1287 1243 1418 1318 πρὸς
1453 1239 1733 1306 ἀδυνάτους
1761 1239 1938 1318 ἤρτη-

287 1355 381 1390 ται
412 1335 500 1390 καί
543 1333 822 1411 περριττὰς
854 1331 1091 1404 ἐλπίδας,
1123 1334 1150 1388 ὁ
1208 1333 1302 1396 τὰς
1335 1337 1442 1388 τῶν
1500 1332 1664 1410 ἁγίων
1721 1329 1938 1396 ἐξαιτῶν

292 1423 628 1502 προσευχὰς,
658 1423 746 1478 καὶ
773 1423 867 1485 τὰς
927 1422 1062 1478 κατά
1092 1421 1244 1501 φύσιν
1288 1425 1460 1480 αὐτῶν
1493 1421 1634 1499 ἰεράς
1678 1419 1940 1498 ἐνεργείας

289 1513 554 1592 ἐλαύνων,
588 1509 871 1589 ἀπροσεξιᾳ
921 1517 1027 1568 τῶν
1055 1513 1206 1568 θείων
1263 1509 1466 1589 δώρων,
1503 1513 1588 1566 καὶ
1621 1516 1724 1566 τῶν
1775 1531 1943 1590 φανο-

291 1604 471 1660 τάτων
519 1603 606 1658 καί
655 1599 1037 1680 ἀγαθοδοτίδων
1089 1598 1315 1657 ἐντολῶν
1363 1601 1735 1680 ἀποφοιτήσει,
1795 1600 1944 1674 Φημί

293 1691 378 1772 δὲ,
409 1705 525 1755 τοῖς
555 1691 754 1768 λογίοις
801 1691 1081 1764 ἑπόμενος,
1113 1692 1186 1754 ὡς
1237 1689 1500 1769 ὠφέλιμοι
1529 1689 1756 1765 πάμπαν
1814 1690 1943 1745 εἰσὶν

2019 518 2199 582 etiam
2251 517 2313 579 in
2344 517 2454 580 hac
2494 517 2632 597 vita,
2668 513 2890 578 nedum
2933 521 3066 595 post
3106 524 3384 594 mortem,
3419 517 3493 581 iis
3521 519 3668 586 solis

2019 607 2307 690 prodesse
2335 607 2438 688 qui
2466 606 2687 670 sanctis
2734 603 3019 687 precibus
3077 604 3242 684 digni
3300 614 3462 683 sunt,
3515 624 3672 674 verm

2019 716 2127 761 nos
2155 697 2530 780 eloquiorum
2560 695 2701 759 968
2733 694 3083 758 traditiones
3111 693 3349 759 docent.
3380 694 3669 780 Nunquid

2017 787 2157 851 Saul
2187 805 2222 849 a
2248 785 2525 850 Samuele
2550 786 2786 865 adjutus
2817 781 2973 847 fuit?
3003 790 3106 847 aut
3132 783 3520 850 Hebreorum
3554 806 3664 868 po.

2017 877 2158 960 pulo
2188 876 2538 958 prophetica
2569 874 2834 957 precatio
2865 874 3186 957 quidquam
3237 874 3508 956 profuit?
3557 877 3669 941 Et-

2019 967 2176 1031 enim
2199 984 2270 1030 ac
2289 967 2341 1029 si
2369 965 2528 1046 quis,
2561 965 2687 1028 sole
2716 963 2878 1028 sanis
2908 964 3098 1028 oculis
3122 963 3317 1026 lucem
3343 981 3516 1028 suam
3546 967 3666 1030 lar-

2016 1054 2621 1138 giente,solarislucis
2635 1054 2934 1137 particeps
2965 1053 3096 1117 ﬁeri
3115 1060 3300 1135 petat,
3328 1055 3517 1118 erutis
3547 1055 3670 1123 sibi

2018 1145 2238 1210 oculis:
2263 1147 2350 1208 sic
2369 1163 2438 1208 ex
2460 1143 2816 1227 impossibili
2837 1151 2898 1206 et
2921 1143 3086 1207 inani
3114 1161 3221 1224 spe
3245 1143 3670 1227 pendet,quis-

2019 1237 2157 1315 quis
2177 1245 2514 1300 sanctorum
2539 1251 2748 1316 preces
2771 1233 3170 1314 flagitat,dum
3195 1233 3342 1314 ipsis
3371 1244 3671 1300 connatu-

2021 1328 2178 1390 rales
2189 1325 2541 1389 exterminat
2551 1323 3044 1400 actiones,divina
3060 1340 3307 1386 munera
3327 1324 3670 1405 negligens,

2025 1415 2486 1479 etaclarissimis
2501 1413 2906 1494 beneﬁcisque
2919 1411 3669 1480 Deimandatisrecedens.

2027 1504 2153 1568 Hoc
2181 1515 2376 1567 autem
2408 1502 2732 1582 Scripturis
2762 1520 3030 1565 consone
3074 1501 3329 1576 afﬁrmo,
3381 1505 3672 1584 perutiles

2027 1612 2158 1658 esse
2191 1594 2254 1656 in
2285 1595 2396 1656 hac
2417 1593 2531 1656 vita
2560 1601 2900 1655 sanctorum
2935 1609 3169 1674 preces,
3197 1593 3373 1658 modo
3395 1594 3530 1671 quis
3567 1613 3666 1659 sa-

2026 1702 2262 1748 crorum
2293 1701 2606 1746 munerum
2631 1683 3248 1757 desiderioinceusus,
3270 1693 3328 1745 et
3348 1685 3421 1746 ad
3441 1704 3513 1748 ea
3532 1703 3671 1750 sus-

290 1783 352 1838 ὶν
389 1779 522 1854 τῴδε
552 1784 630 1854 τῷ
687 1780 784 1856 βίῳ
812 1783 917 1836 τῶν
969 1781 1134 1856 ἀγιων
1162 1781 1214 1835 αἰ
1262 1781 1577 1860 προσευχαὶ,
1611 1780 1746 1836 κατά
1793 1777 1941 1834 τόνδε

2026 1773 2303 1855 cipienda
2322 1774 2414 1854 pie
2431 1773 3008 1854 aﬂ‘ectus,tenuitatis
3024 1790 3148 1835 sua)
3168 1773 3670 1850 conscius,virum

292 1875 386 1927 τὸν
417 1870 632 1949 τρόπον,
668 1870 721 1925 εἰ¹
776 1891 888 1949 τις,
919 1872 1071 1946 ἱερῶν
1129 1869 1403 1949 ἐφιέμενος
1454 1867 1659 1944 δώρων,
1692 1869 1780 1924 καὶ
1809 1869 1939 1947 πρὸς

291 1961 535 2039 μετοχὴν
587 1959 756 2016 αὔτῶν
789 1959 889 2024 ἔξίν
941 1959 1082 2032 ἱερὰν
1118 1957 1285 2038 ἔχων,
1321 1961 1396 2022 ὡς
1442 1963 1542 2025 τῆς
1575 1959 1768 2022 οἰκείας
1823 1955 1942 2014 ἐπι-ο

293 2051 524 2127 γνώμων
577 2047 942 2128 βλάχύτητος,
981 2047 1144 2104 ἐλθὼν
1174 2047 1260 2104 ἐπί
1313 2069 1430 2104 τινα
1485 2053 1592 2104 τῶν
1623 2048 1782 2104 ὁσίων
1841 2046 1942 2102 ἀν-

294 2137 434 2216 δρῶν
463 2137 736 2203 ἀξιώσειεν
781 2139 937 2194 αὐτὸν
965 2134 1050 2211 60,
1087 2139 1135 2193 οἰ
1190 2135 1244 2180 σι
1288 2135 1530 2215 γενέσθαι
1575 2135 1942 2216 συλλήπτορα,

293 2230 382 2284 καί
434 2227 739 2306 συνικέτην,
768 2225 1171 2306 ὠφεληθήσεται
1226 2226 1440 2291 πάντως
1497 2226 1558 2282 ἐκ
1612 2226 1798 2282 τούτου
1843 2227 1943 2292 τὴν

292 2319 473 2384 πάσης
529 2315 594 2366 οἳ
620 2317 1004 2395 ὑπερκειμένην
1049 2315 1335 2396 ὠφέλειαν
1371 2314 1697 2381 ἐπιτεύξεται
1739 2316 1840 2394 γὰρ
1869 2317 1944 2371 ὧν

291 2409 435 2464 αἰτεῖ
464 2407 748 2463 θειοτάτων
777 2404 984 2486 δώρων,
1015 2403 1427 2486 ἀποδεχομένης
1457 2406 1616 2462 αὑτὸν
1656 2406 1752 2472 τῆς
1781 2407 1942 2482 θεαρ-

294 2501 463 2577 χικῆς
516 2496 712 2574 ἀγαθότ
724 2517 870 2571 ητος,
900 2499 997 2564 τῆς
1029 2517 1084 2552 τε
1129 2496 1322 2558 οἰκείας
1353 2491 1601 2559 εὖλαόοὖς
1632 2493 1943 2572 ἐπιγνωμο-

293 2587 486 2658 σύνης,
519 2586 606 2640 καὶ
664 2590 762 2652 τῆς
793 2585 878 2641 ἐπὶ
909 2597 1026 2646 τοῖς
1086 2585 1250 2648 ὁσίοις
1277 2581 1344 2633 83
1370 2581 1567 2658 αἰδοῦς,
1598 2585 1686 2640 καὶ
1714 2588 1809 2650 τῆς
1837 2590 1942 2640 τῶν

295 2677 614 2741 αἰτηθεισῶν
671 2676 826 2754 ἱερῷν
888 2675 1151 2744 αἰτήσεων
1211 2673 1492 2739 ἐπαινετῆς
1550 2673 1799 2752 ἐφέσεως,
1858 2673 1948 2730 καὶ

290 2762 636 2834 καταλλήλου
694 2765 782 2820 καὶ
812 2762 1068 2826 θεοειδοῦς
1125 2761 1304 2828 ἕξεως.
1353 2761 1508 2821 ’Ἐστι
1549 2763 1648 2841 γὰρ
1679 2763 1952 2819 καὶτοῦτο

292 2867 416 2917 τοῖς
467 2856 780 2934 θεαρχικοῐς
813 2853 1029 2930 κρίμασι
1087 2851 1594 2932 νενομοθετημένον,
1622 2853 1684 2908 τὸ
1713 2852 1778 2908 τὰ
1822 2843 1958 2908 θεῖα

293 2943 439 3020 δῴρα
473 2955 591 3006 τοῖς
623 2942 784 3008 ἀξίοις
814 2949 906 2999 τοῦ
937 2955 1239 3022 μετασχεῖν
1271 2942 1327 2998 ἐν
1355 2940 1496 3006 τάξει
1549 2941 1944 3019 θεοπρεπεστά-

292 3055 368 3110 τῃ
400 3031 676 3109 δωρεῖσθαι
707 3031 794 3088 διὰ
822 3039 928 3088 τῶν
959 3031 1113 3096 ἀξίων
1154 3038 1244 3089 τοῦ
1276 3029 1590 3105 μεταδοῦναι
1620 3028 1696 3094 οδ,
1735 3030 1944 3098 Ταύτην

2024 1864 2280 1946 aliquem
2313 1871 2580 1926 sanctum
2615 1862 2815 1936 adeat,
2843 1880 2912 1924 ac
2941 1868 3101 1944 petat
3129 1873 3192 1924 ut
3225 1881 3290 1926 se
3315 1863 3578 1945 adjuvet,
3603 1885 3674 1930 ac

2022 1953 2212 2018 Deum
2239 1971 2348 2034 pro
2374 1971 2440 2014 se
2464 1961 2658 2030 roget,
2687 1970 2800 2033 qua
2822 1952 3052 2014 ratione
3080 1970 3227 2015 sane
3251 1953 3572 2016 maximum
3599 1973 3672 2019 es

2024 2061 2096 2105 eo
2115 2043 2299 2105 refert
2316 2041 2810 2120 emolumentum,
2828 2040 3092 2123 potietur
3109 2042 3268 2105 enim
3289 2043 3675 2124 petitisdonis

2025 2132 2439 2202 divinissimis.
2474 2131 2752 2210 religiosa
2781 2149 2886 2193 sua
2917 2131 3669 2212 conscientia,sanctorum

2026 2225 2359 2285 reverentia
2386 2235 2446 2282 et
2474 2220 2756 2283 laudabili
2781 2239 2988 2282 eorum
3013 2239 3147 2302 quae
3169 2221 3314 2302 petit
3339 2221 3672 2299 desiderio,

2027 2321 2085 2376 et
2101 2319 2502 2375 consentanea
2515 2329 2584 2373 ac
2596 2310 2870 2374 deiformi
2889 2310 3205 2373 affectione
3221 2311 3333 2390 ipsi
3347 2312 3678 2385 suffragan-

2027 2402 2212 2467 tibus.
2237 2400 2476 2464 Etenim
2501 2399 2716 2464 divinis
2731 2401 2795 2464 id
2820 2399 3080 2462 decretis
3099 2399 3424 2462 stabilitum
3458 2409 3572 2482 est,
3602 2409 3668 2464 ut

2029 2491 2228 2554 divina
2243 2508 2494 2553 munera
2514 2490 2617 2564 iis,
2631 2489 2732 2570 qui
2745 2489 3094 2552 earumdem
3112 2489 3566 2571 participatione
3581 2490 3672 2553 di-

2029 2583 2130 2663 gni
2155 2591 2313 2655 sunt,
2345 2599 2417 2642 eo
2449 2599 2565 2662 quo
2590 2581 2778 2642 Deum
2805 2578 2979 2640 decet
3001 2579 3212 2641 ordine
3233 2578 3674 2643 distribuantur

2035 2670 2108 2733 ab
2125 2669 2244 2732 illis
2261 2670 2363 2747 qui
2377 2668 2588 2731 iisdem
2603 2667 3031 2731 distribuendis
3045 2676 3183 2730 sunt
3203 2668 3672 2750 prmfectiﬂunc

2033 2761 2232 2841 itaque
2248 2777 2481 2822 sacrum
2499 2759 2770 2822 ordinem
2793 2757 2844 2819 si
2862 2757 2994 2840 quis
3013 2757 3342 2836 violaverit,
3363 2766 3422 2822 et
3443 2758 3673 2823 infelici

2024 2850 2282 2913 elatione
2303 2849 2606 2928 seductus,
2637 2848 2881 2929 dignum
2912 2865 2978 2910 se
3010 2847 3304 2928 putaverit
3344 2847 3541 2911 divina
3570 2851 3668 2911 la-

2024 2939 2386 3013 miliaritate,
2419 2946 2776 3018 sanctosque
2797 2935 3159 3018 despexerit,
3188 2937 3240 3000 is
3269 2948 3458 3018 certe,
3484 2939 3668 3020 siqui-

2026 3031 2162 3093 dem
2195 3029 2471 3110 indignas
2499 3030 2624 3092 Deo
2655 3046 2728 3091 ac
2751 3027 3026 3110 profanas
3045 3045 3145 3090 res
3172 3027 3673 3108 postulaverit,in-

294 3122 389 3179 οὖν
433 3122 485 3178 εἰ
535 3142 614 3186 τις
671 3121 946 3195 ἀτιμάσειε
1003 3121 1103 3186 τὴν
1139 3122 1281 3200 ἱερὰν
1341 3120 1646 3196 εὐκοσμίαν,
1679 3121 1768 3176 καί
1811 3121 1941 3199 πρὸς

2027 3127 2310 3200 tentoque
2337 3116 2597 3180 caruerit
2627 3135 2828 3219 rerum
2860 3116 3192 3218 divinarum
3223 3115 3522 3218 desiderio
3552 3116 3669 3198 ipsi

296 3209 480 3267 ἀθλίαν
509 3208 687 3278 οἴησιν
718 3209 1012 3282 ἀληλυθὼς,
1047 3211 1224 3266 ἰκανὸν
1253 3210 1438 3267 ἐαυτὸν
1458 3209 1660 3277 οἰηθείη
1693 3212 1823 3288 πρὸς
1845 3210 1941 3277 τὴν

2029 3215 2432 3272 consentanea
2458 3215 2700 3288 propter
2718 3205 3059 3286 imperitam
3087 3223 3254 3268 suam
3289 3205 3670 3287 petitionem,

297 3301 596 3381 θεαρχιιιὴν
659 3300 902 3375 ὁμιλιαν⁹
933 3301 1020 3356 καὶ
1072 3307 1176 3374 τῷν
1209 3301 1367 3357 ὁσίων
1418 3298 1824 3379 ὅπερφρονήσοι’
1858 3300 1941 3356 καί

2032 3315 2142 3379 per
2155 3316 2220 3360 se
2248 3297 2399 3359 nihil
2429 3315 2633 3358 eorum
2657 3313 2790 3376 qua
2811 3295 2956 3376 petit
2991 3293 3355 3373 impetrabit.
3408 3293 3493 3357 De
3515 3294 3675 3360 dicta

296 3392 430 3465 μὴν,
465 3392 509 3447 εἰ
539 3391 630 3454 τὰς
679 3391 912 3460 αἰτήσεις
941 3388 1148 3456 ἀναξίας
1177 3411 1234 3446 τε
1266 3397 1416 3464 Θεοῦ,
1451 3391 1538 3446 καὶ
1581 3388 1658 3465 μή
1689 3390 1830 3468 ἱερὰς
1861 3391 1941 3446 αἰ-

2034 3404 2209 3470 porro
2227 3387 2593 3469 precatione,
2622 3403 2798 3466 quam
2819 3386 3067 3448 antistes
3084 3401 3266 3463 super
3284 3384 3562 3448 defuncto
3583 3385 3674 3447 fa-

298 3479 480 3553 τήσοι,
517 3481 602 3536 καί
622 3480 720 3547 τὴν
749 3479 928 3558 ἔφεσιν
947 3479 1054 3536 τῶν
1080 3481 1234 3536 θείων
1263 3482 1307 3536 εἰ
1337 3481 1416 3554 μὴ
1449 3481 1696 3536 σύντονον
1716 3477 1838 3559 ἔχοι
1863 3479 1941 3536 καί

2037 3477 2138 3559 cit,
2162 3476 2500 3540 divinorum
2520 3483 2859 3539 nostrorum
2883 3482 3321 3556 praeceptorum
3342 3473 3670 3537 traductam

300 3570 475 3644 ἑαυτῴ
504 3567 870 3648 κατάλληλον,
900 3567 1239 3635 ἀποτεύξεται
1289 3567 1355 3625 δι’
1384 3569 1570 3626 ἑαυτὸν
1611 3567 1708 3635 τῆς
1758 3568 1941 3626 ἀνεπι-

2034 3567 2106 3631 ad
2141 3585 2251 3629 nos
2281 3563 2660 3629 traditionem
2695 3581 2997 3646 exponere
3027 3581 3277 3627 necesse
3309 3571 3420 3626 est.

299 3660 568 3734 στήμονος
593 3659 886 3728 αἰτήσεως.
923 3661 1045 3738 Περὶ
1073 3656 1128 3714 δὲ
1156 3664 1255 3726 τῆς
1287 3657 1573 3738 εἰρημένης
1599 3657 1793 3737 εὗχῆς,
1829 3658 1895 3724 ἣν
1952 3659 1981 3714 ὁ
2038 3658 2296 3739 ἰεράρχης
2348 3656 2633 3736 ἐπεύχεται
2686 3658 2765 3730 τῷ
2793 3653 3200 3734 κεκοιμημένῳ,
3249 3653 3350 3721 τὴν
3406 3655 3481 3719 εἰς
3529 3655 3675 3730 ἡμᾶς

299 3747 553 3807 ἐλθοῦσαν
585 3746 643 3804 ἐκ
672 3755 778 3806 τῶν
811 3747 1000 3807 ἐνθέων
1029 3751 1186 3826 ἡμῶν
1214 3748 1600 3829 καθηγεμόνων
1631 3746 1918 3829 παράδοσιν
1949 3749 2120 3806 εἰπεῖν
2143 3750 2462 3828 ἀναγκαῖον,

1910 3909 1945 3991 §
1969 3907 2100 3974 vn.

389 4064 447 4133 Ὀ
489 4075 631 4136 θεῖος
662 4075 920 4152 ἰεράρχης
969 4071 1344 4152 ἔκφαντορικός
1377 4071 1543 4152 ἐστιν,
1576 4073 1648 4136 ὡς
1693 4073 1758 4128 τὰ
1788 4070 1941 4150 λόγιά

2108 4069 2356 4134 Divinus
2378 4071 2576 4150 itaque
2593 4069 2866 4140 antistes,
2891 4075 2956 4132 ut
2976 4068 3214 4150 eloquia
3237 4073 3546 4142 testantur,
3572 4067 3676 4129 in-

298 4183 459 4246 φησι,
488 4167 596 4220 τῶν
635 4166 937 4243 θεαρχικῷν
986 4159 1361 4237 δικαιωμάτων
1397 4160 1646 4241 ἄγγελος⁶
1705 4162 1806 4240 γὰρ
1839 4171 1941 4220 Κυ-

2028 4169 2258 4243 terpres
2291 4170 2380 4222 est
2409 4159 2742 4222 divinorum
2777 4158 3153 4239 judiciorum
3185 4178 3202 4235 ;
3233 4157 3482 4236 angelus
3511 4156 3674 4218 enim

301 4245 416 4334 ρίου
460 4254 886 4332 παντοκράτορος
936 4252 1070 4311 Θεοῦ
1125 4249 1192 4304 65
1222 4251 1355 4310 ἐστι·
1410 4254 1716 4330 μεμάθηκεν
1769 4250 1857 4309 οὖν
1887 4253 1941 4308 ἐκ

2027 4249 2262 4314 Domini
2293 4249 2715 4330 omnipotentis
2737 4257 2828 4312 est
2856 4247 2963 4310 Dei
2994 4268 3008 4311 :
3029 4256 3392 4330 quapropter
3411 4264 3483 4310 ex
3505 4245 3676 4308 Scri-

298 4345 412 4420 τῷν
455 4342 856 4422 θεοπαραδότων
887 4342 1107 4421 λογίων,
1139 4343 1219 4399 ὅτι
1271 4354 1389 4409 τοῖς
1433 4342 1590 4406 ὁσίως
1622 4342 1881 4420 βιώσασιν
1908 4342 1941 4410 ἡ

2033 4341 2221 4422 pturis
2245 4338 2529 4401 divinitus
2559 4337 2792 4402 traditis
2821 4335 3079 4418 accepit,
3116 4335 3415 4417 quomodo
3445 4334 3543 4416 iis,
3575 4335 3677 4416 qui

301 4433 575 4513 φανοτάτη
629 4433 714 4489 καὶ
743 4433 856 4488 θεία
899 4432 1011 4504 ζωὴ
1043 4430 1159 4488 κατ’
1205 4430 1352 4497 ἀξίαν
1399 4433 1500 4488 ὑπὸ
1531 4439 1636 4506 τῷν
1676 4429 1941 4488 δικαιοτά-

2036 4437 2241 4493 sancte
2261 4437 2482 4502 vivunt,
2509 4445 2614 4508 pro
2635 4427 2922 4510 cujusque
2945 4425 3173 4488 meritis
3190 4425 3390 4488 divina
3410 4423 3677 4487 clarissi-

303 4545 415 4579 των
475 4528 648 4599 ζυγῶν
705 4519 1045 4601 ἀντιδίδοται,
1105 4523 1424 4600 παρορώσης
1494 4519 1784 4600 ἀγαθότητι
1856 4526 1941 4588 τῆς

2038 4538 2252 4601 maque
2275 4519 2388 4580 vita
2408 4517 2480 4580 ab
2515 4517 2869 4598 aequissimis
2901 4517 3026 4580 istis
3071 4515 3341 4578 lancibus
3371 4513 3676 4578 retribua-

303 4616 600 4690 θεαρχικῆς
632 4609 1025 4690 φιλαντρωπίας
1077 4611 1174 4675 τὰς
1201 4609 1554 4688 ἐγγινομένας
1580 4605 1646 4658 66
1685 4610 1872 4674 αὐτοῖς
1903 4608 1941 4670 ιε

2039 4617 2154 4680 tur.
2189 4608 2388 4670 divina
2420 4607 2700 4670 nimirum
2727 4606 3061 4680 clementia,
3093 4620 3202 4686 pro
3249 4603 3512 4667 bonitate
3543 4621 3677 4678 sua,

304 4700 634 4779 ἀνθρωπίνης
701 4699 967 4762 ἀσθενείας
1003 4697 1250 4766 κηλῖδας·
1285 4698 1500 4777 ἐπείπερ
1555 4697 1742 4772 υῦδεὶς,
1775 4701 1848 4763 ὡς
1890 4699 1941 4755 τε

2041 4697 2300 4762 maculas
2326 4717 2396 4760 ex
2426 4699 2686 4760 humana
2709 4694 3025 4774 fragilitate
3045 4701 3375 4758 contractas
3399 4693 3678 4755 dissimu-

305 4790 466 4868 λόγιά
497 4810 651 4869 φησι,
685 4790 912 4851 καθααὸς
961 4787 1067 4844 ἀπὸ
1095 4787 1281 4853 ῥύπου,
1341 4796 1515 4846 Ταῦτα
1547 4788 1643 4863 μὲν
1677 4788 1764 4844 οὗν
1805 4791 1834 4846 ὁ
1866 4791 1941 4844 ἰε-

2032 4789 2214 4868 lante,
2239 4788 2398 4868 quod
2424 4804 2622 4861 nemo,
2649 4793 2712 4846 ut
2733 4784 2972 4861 eloquia
2990 4780 3518 4864 tradunt,mundus
3541 4780 3680 4844 sita

305 4881 515 4960 ράρχης
548 4876 690 4934 οἶδεν
720 4877 1097 4956 ἐπηγγελμένα
1128 4879 1257 4956 πρὸς
1281 4883 1387 4934 τῶν
1406 4877 1618 4946 ἀληθῶν
1639 4876 1701 4926 67
1732 4878 1943 4957 λογίωνο

306 4971 451 5026 αἰτεῖ
507 4965 561 5024 δὲ
597 4968 726 5026 σὸτά
750 4965 815 5016 68
870 4969 1132 5046 γενέσθαι,
1164 4967 1252 5023 καὶ
1283 4965 1587 5046 δωρηθῆναι
1616 4989 1676 5026 το
1689 4979 1734 5032 ις
1791 4967 1948 5027 ὁσίως

304 5057 534 5136 βιώσασι
563 5057 657 5122 τὰς
706 5057 848 5136 ἱερὰς
879 5053 1195 5138 ἀντιδόσεις,
1239 5055 1352 5133 ἅμα
1406 5057 1506 5134 μὲν
1535 5057 1618 5116 ἐπὶ
1675 5059 1736 5114 τὸ
1764 5056 1949 5132 θεσμί-

391 5235 418 5267 ο
449 5216 499 5281 ll
522 5216 656 5281 Cor.
689 5233 751 5294 ν,
793 5216 894 5282 10.

2031 4876 2377 4941 sorde.Hasc
2400 4880 2596 4956 itaque
2618 4873 2909 4955 promissa
2930 4871 3092 4934 novit
3117 4871 3367 4934 antistes
3398 4889 3469 4934 ex
3493 4870 3680 4932 veris-

2031 4966 2200 5028 simis
2213 4964 2540 5048 Scripturis
2559 4985 2576 5041 ;
2593 4980 2775 5044 quare
2797 4961 2943 5044 petit
2963 4961 3066 5024 illa
3086 4978 3215 5026 com
3227 4959 3683 5048 pleri,indulge-

2033 5056 2208 5137 rique
2234 5046 2374 5117 269
2405 5053 2478 5116 iis
2506 5053 2608 5137 qui
2640 5053 2734 5135 pie
2765 5049 3022 5115 vixerint
3051 5067 3222 5115 sacra
3260 5051 3526 5133 prtemia,
3587 5046 3678 5111 si-

1624 5313 1884 5382 VARUE
1930 5312 2371 5380 LECTIONES.

388 5475 452 5530 57
484 5479 572 5533 τὸν
603 5477 740 5553 βὶοδ,
772 5477 852 5541 Μ.
923 5476 988 5530 58
1017 5479 1107 5534 τὸν
1129 5476 1402 5612 Ἐὖραϊον,
1459 5477 1524 5529 59
1553 5479 1607 5536 εὖ
1657 5479 1718 5559 ή,

394 5605 406 5612 .
441 5557 509 5608 63
553 5558 735 5612 θείοις.
771 5559 835 5612 S.
867 5557 933 5612 Ρ.
991 5556 1056 5608 66
1077 5579 1212 5612 μετα
1246 5557 1437 5612 ιδόναι-
1478 5562 1545 5612 Ρ-
1611 5503 1690 5612 ﬁli

308 5560 406 5622 Sc,
441 5557 509 5608 63
553 5558 736 5630 θείοις,
771 5559 835 5621 S.
867 5557 933 5619 P.
991 5556 1056 5608 66
1077 5556 1438 5636 μεταδιδόναι,
1478 5562 1545 5621 Ρ.

305 5641 378 5707 D.
448 5638 514 5693 68
557 5638 765 5717 αὒτίκα,
801 5641 877 5704 Μ,
914 5641 1017 5703 Sc.

1751 5479 1830 5541 M.
1863 5476 1928 5528 θο
1957 5477 2093 5541 ἴσως
2127 5479 2243 5537 τοῦ.
2291 5475 2352 5526 σί
2416 5477 2464 5533 οἱ
2503 5492 2623 5537 non
2655 5475 2837 5538 estin
2863 5477 2934 5539 D.
2964 5471 3034 5536 P.
3079 5468 3136 5517 ⁸³
3161 5471 3361 5541 πάσας,
3392 5469 3476 5534 Μ.
3509 5468 3583 5533 D.
3617 5467 3686 5534 S.

1743 5519 2278 5622 ἕξιᾱῑιεςῖῖξςῖνίι
2296 5519 2390 5626 1t.
2418 5519 2486 5621 ξι
2503 5519 2623 5620 st?
2639 5519 3106 5640 εεξέῑινῖιιεες,
3127 5519 3687 5620 dtis-rasas;
