4064 6206
273 304 397 375 565
1308 312 1407 374 DE
1450 309 1746 374 ECCLES.
1805 308 2250 392 ammon,
2311 313 2480 376 CAP.
2525 268 2656 379 vn.
3553 315 3676 387 566

279 445 578 517 ἀσπάζεται
610 446 703 502 τὸν
760 466 1173 528 κεκοιμημεθον,
1236 448 1321 503 ναὶ
1380 446 1502 513 ὲξῆς
1572 450 1618 503 οἱ
1676 450 1918 527 παρόντες

2016 445 2489 537 metdefunctum
2507 448 2825 524 salutat,ad
2844 448 3062 512 deinde
3078 464 3292 515 omnes
3304 450 3407 531 qui
3419 452 3664 537 adsunt;

282 535 547 597 ἅπαντες·
578 533 701 602 ἡδὺς
736 536 838 613 γάρ
890 535 1000 591 ἐστι
1032 537 1119 592 καὶ
1173 536 1347 611 τίμιος
1391 534 1558 591 ἅπασι
1599 548 1717 600 τοῖς
1760 540 1918 592 θεοει-

2019 535 2299 596 omnibus
2317 538 2476 597 enim
2501 537 2645 599 viris
2690 538 3084 601 deiformibus
3112 541 3431 606 admodum
3460 533 3662 624 gratus

279 624 426 681 δὲσιν
456 627 484 681 ὁ
518 626 653 682 κατὰ
684 627 825 684 θείαν
845 624 899 674 81
931 626 1072 697 ζωὴν
1099 625 1534 700 τετελειωμένος.
1587 624 1735 686 Μετὰ
1758 624 1812 681 δὲ
1841 627 1918 681 τδι

2016 631 2194 699 est,et
2216 625 2444 687 honore
2465 626 2985 710 dignus,quisquis
3004 628 3263 691 divinam
3276 631 3451 693 vitam
3469 641 3662 697 trans-

277 715 569 790 ἀσπασμὸν
603 714 817 794 ἐπιχὲει
870 723 944 790 τῷ
978 716 1356 792 κεκοιμημὲνῳ
1393 719 1451 772 τὸ
1482 715 1657 772 ἔλαιον
1678 718 1706 772 ὓ
1750 716 1927 795 ἱεράρ-

279 826 419 883 χης.
482 803 739 879 Μέμνησο
771 802 935 877 δέ,8τι
996 827 1131 861 κατα
1159 805 1257 872 τὴν
1287 807 1427 885 ἱερὰν
1458 803 1795 883 θεογενεσίαν
1826 805 1925 882 πρὸ

273 901 372 950 τοῦ
419 893 692 950 θειοτάτου
735 891 793 942 33
839 894 1202 969 βαπτίσματος
1261 895 1447 973 πρώτη
1537 894 1736 969 μέθεξις
1785 895 1925 972 ἱεροῦ

276 979 548 1056 συμϐόλου
596 980 846 1061 δωρεῖται
904 989 980 1057 τῷ
1038 982 1361 1063 τελοομὲνῳ,
1410 985 1545 1060 μετὰ
1588 985 1686 1050 τὴν
1736 982 1923 1049 ὁλικὴν

272 1081 376 1141 τῆς
412 1075 670 1151 προτέρας
702 1074 920 1140 ἐσθῆτος
953 1075 1284 1155 ἀπαμφίασιν
1314 1075 1399 1154 83,
1434 1077 1495 1131 τὸ
1538 1074 1635 1141 τῆς
1689 1075 1921 1154 χρίσεως

274 1163 482 1224 ἔλαιον.
518 1164 571 1219 ἐν
603 1163 743 1220 τέλει
775 1161 827 1219 δὲ
861 1172 947 1221 νῦν
1007 1164 1254 1223 ἁπάντων
1311 1165 1395 1221 ἐπὶ
1425 1172 1501 1238 τῷ
1544 1163 1924 1238 κεκοιμημένῳ

274 1258 306 1311 ὁ
339 1253 519 1311 ἔλαιον
551 1253 827 1334 ἐπιχὲεται
860 1254 942 1311 δι.
980 1255 1076 1313 Καὶ
1118 1254 1238 1310 τότε
1264 1255 1362 1328 μὲν
1394 1256 1427 1322 ἡ
1461 1256 1551 1310 τοῦ
1582 1253 1758 1312 ἐλαίου
1797 1255 1921 1333 χρί-

275 1360 385 1408 σις·
437 1344 524 1401 ἐπὶ
554 1345 677 1407 τοὺς
735 1345 902 1421 ἱερούς
955 1344 1163 1422 ἀγῶνας
1221 1343 1403 1400 ἐκάλει
1437 1344 1527 1400 τόν
1580 1342 1920 1418 τελούμενον*

278 1457 370 1490 νυν
400 1433 455 1489 δὲ
491 1436 551 1490 τὸ
584 1434 941 1513 ἐπιχεόμενον
1000 1433 1174 1490 ἔλαιον
1236 1434 1474 1513 ἐμφαίνει
1519 1435 1652 1489 κατὰ
1681 1434 1803 1496 τοὺς
1834 1434 1926 1489 αύ-

275 1526 403 1588 τοὺς
434 1526 604 1603 ἱεροὺς
663 1527 872 1602 ἀγῶνας
932 1523 1234 1595 ἀθλήσαντα
1303 1526 1391 1580 καὶ
1447 1522 1790 1579 τελειωθέντα
1833 1524 1926 1579 τὸν

273 1615 696 1690 κεκοιμημένον.

2012 712 2152 790 egit.
2222 715 2364 775 Post
2414 714 2832 777 salutationem
2885 733 3026 779 vero
3071 719 3329 796 pontifex
3375 721 3656 787 defuncto

2011 802 2206 864 oleum
2227 801 2853 867 atfundit.Memineris
2866 807 3056 882 hic,ut
3076 807 3134 867 in
3159 808 3350 888 prima
3369 809 3471 872 illa
3489 830 3660 889 rege-

2010 892 2317 954 neratione
2334 909 2505 954 sacra
2528 901 2664 954 ante
2691 902 2960 957 sanctum
2986 896 3511 978 baptismum,post
3540 921 3655 965 an-

2008 980 2302 1072 tiquarum
2325 983 2579 1072 vestium
2594 982 3025 1063 depositionem
3039 986 3161 1066 ,ille
3180 990 3279 1068 qui
3297 989 3654 1072 initiatur,in

2009 1070 2198 1149 prima
2220 1070 2405 1131 sancti
2430 1070 2680 1151 symboli
2708 1074 3343 1152 participatione,sacri
3366 1070 3654 1144 chrisma-

2006 1166 2086 1223 tis
2110 1160 2241 1221 oleo
2267 1161 2585 1238 inungatur
2619 1181 2637 1237 ;
2672 1170 2730 1222 et
2758 1163 2856 1225 hic
2879 1162 3097 1224 denum
3148 1171 3205 1225 in
3238 1167 3354 1227 ﬁne
3375 1169 3644 1233 omnium

2008 1248 2288 1311 defuncto
2312 1248 2515 1311 itidem
2540 1250 2738 1311 oleum
2770 1252 3111 1314 affunditur.
3139 1252 3207 1315 Et
3238 1260 3375 1318 tunc
3408 1259 3647 1337 quidem

2008 1339 2123 1401 olei
2148 1340 2411 1401 inunctio
2427 1338 2849 1420 baptizandum
2876 1341 2948 1402 ad
2983 1361 3151 1404 sacra
3169 1346 3491 1408 certamina
3511 1366 3651 1410 evo-

2012 1429 2183 1490 cabat
2218 1449 2233 1503 ;
2277 1448 2433 1490 nunc
2455 1438 2653 1490 autem
2678 1430 2927 1492 effusum
2961 1432 3156 1493 oleum
3189 1433 3473 1509 declarat,
3506 1456 3642 1499 cum

2010 1519 2110 1600 qui
2143 1519 2458 1580 defunctus
2486 1527 2575 1581 est
2598 1518 2812 1581 iisdem
2836 1521 3021 1583 sacris
3045 1522 3469 1588 certaminibus
3500 1543 3646 1589 exa-

2008 1610 2115 1671 ctis
2144 1609 2410 1671 functum
2443 1626 2596 1673 esse.

1894 1771 1924 1851 §
1968 1774 2075 1833 1x.

360 1946 535 1995 Ταῦτα
566 1935 784 1999 τελέσας
813 1938 841 1993 ὃ
881 1938 1161 2017 ἱερᾶρχης,
1199 1935 1509 2002 ἀποτίθησιν
1560 1936 1612 1991 ἐν
1662 1934 1800 2009 οἴκῳ
1827 1955 1911 1990 τι-

2079 1932 2183 1995 His
2214 1932 2491 2013 peractis,
2526 1932 2787 2013 pontifex
2841 1933 3105 1998 defuncti
3136 1955 3351 2019 corpus
3383 1941 3636 2006 honesto

269 2028 383 2101 μίῳ
415 2028 473 2081 τὸ
498 2031 652 2100 σῶμα
684 2026 800 2101 μεθ’
852 2025 1040 2104 ἐτέρων
1097 2029 1377 2103 ὁμοταγῶν
1420 2026 1572 2103 ἱερῶν
1629 2025 1914 2099 σωμάτων,

272 2116 333 2172 Εἰ
365 2114 466 2192 γὰρ
498 2113 551 2170 ἐν
578 2118 729 2193 ψυχῇ
759 2117 846 2171 καὶ
897 2116 1104 2190 σώματι
1160 2114 1258 2181 τὴν
1313 2112 1533 2190 θεοφιλῆ
1566 2114 1708 2184 ζωὴν
1758 2115 1785 2169 δ
1820 2134 1917 2168 κε·-

264 2203 605 2278 κοιμημένος
637 2203 779 2271 ἐϐίω,
817 2206 989 2278 τίμιον
1032 2203 1177 2260 ἔσται
1222 2204 1357 2278 μετὰ
1398 2209 1495 2269 τῆς
1556 2202 1698 2266 ὁσίας
1733 2202 1916 2281 ψυχῆς

264 2295 359 2350 καὶ
395 2295 454 2349 τὸ
485 2291 815 2361 συναθλῆσαν
850 2293 982 2361 αὖτῆ
1034 2299 1191 2368 σῶμα
1233 2293 1367 2348 κατὰ
1408 2293 1529 2355 τοὺς
1559 2293 1724 2370 ἱεροὺς
1754 2291 1914 2369 ἱδρῶ-

267 2402 389 2447 τας.
428 2381 680 2449 ’Ἔνθενὴ
711 2383 820 2440 θεία
853 2380 1158 2450 δικαιοσύνη
1205 2382 1338 2457 μετὰ
1371 2384 1459 2438 τοῦ
1490 2381 1741 2462 σφετέρου
1797 2382 1914 2437 σώ-

269 2489 444 2547 ματος
475 2471 611 2547 αὐτῇ
639 2470 886 2551 δωρεῖται
931 2473 1020 2535 τὰς
1056 2470 1337 2548 ἀμοιϐαίας
1369 2469 1577 2543 λήξεις,
1639 2473 1711 2531 ὡς
1772 2474 1911 2541 ὅμο-

271 2562 515 2640 πορεύτῳ
542 2563 629 2618 καὶ
650 2562 981 2640 συμμετόχῳ
1010 2567 1106 2628 τῆς
1167 2562 1313 2623 ὁσίας
1344 2561 1380 2629 ἢ
1443 2565 1532 2627 τῆς
1584 2559 1822 2623 ἐναντίας
1850 2560 1915 2611 85

269 2652 438 2722 ζωῆς.
476 2653 572 2707 Διὸ
628 2654 716 2708 καὶ
773 2658 879 2708 τῶν
936 2653 1087 2729 ἱερῶν
1136 2653 1171 2719 ἡ
1227 2651 1540 2726 θεσμοθεσία
1614 2651 1706 2714 τὰς
1751 2654 1912 2729 θεαρ-

270 2741 439 2821 χικὰς
467 2742 747 2807 κοινωνίας
778 2741 983 2821 ἀμφοῖν
1027 2739 1294 2819 δωρεῖται.
1358 2747 1426 2818 τῇ
1493 2745 1647 2820 ψυχῇ
1699 2740 1797 2815 μὲν
1860 2741 1914 2797 ἐν

269 2833 475 2907 καθαρᾷ
503 2831 693 2909 θεωρίᾳ
723 2832 808 2887 καὶ
852 2830 906 2885 ἐν
967 2828 1031 2880 86
1087 2830 1360 2907 ἐπιστήμῃ
1413 2828 1516 2886 τῶν
1560 2828 1911 2905 τελουμένων·

269 2928 353 2994 τῷ
384 2920 594 2995 σώματι
623 2918 677 2975 δὲ
708 2921 846 2977 κατὰ
876 2922 937 2977 τὸ
986 2920 1255 2977 θειότατον
1286 2922 1358 2983 ὡς
1402 2919 1458 2975 ἐν
1516 2919 1674 2976 εἰκόνι
1724 2920 1910 3000 μύρον,

264 3010 354 3067 καὶ
388 3011 456 3065 τὰ
505 3012 604 3077 τῆς
661 3014 957 3090 θεαρχικῆς
1001 3010 1278 3073 κοινωνίας
1334 3009 1591 3088 ἱερώταται
1651 3006 1910 3085 σύμϐολα,

2005 2023 2139 2085 loco
2152 2023 2424 2084 recondit
2444 2041 2563 2085 una
2582 2042 2718 2085 cum
2738 2025 2969 2085 caeteris
2982 2027 3249 2105 ejusdem
3270 2029 3493 2093 ordinis
3513 2052 3641 2095 cor-

2003 2113 2250 2193 poribus
2290 2113 2497 2174 sacris.
2531 2112 2593 2175 Si
2615 2112 2772 2174 enim
2800 2111 2848 2172 is
2866 2115 2967 2193 qui
2990 2115 3299 2181 defunctus
3321 2120 3518 2183 anima
3547 2123 3638 2186 si—

2003 2202 2123 2264 mul
2157 2209 2214 2262 et
2246 2218 2499 2279 corpore
2532 2211 2798 2265 sanctam
2823 2205 3003 2268 vitam
3031 2211 3168 2284 egit,
3207 2226 3423 2287 corpus
3447 2211 3630 2275 etiam

2000 2310 2118 2353 una
2131 2309 2264 2353 cum
2283 2291 2482 2352 anima
2503 2300 2709 2354 sancta
2730 2294 2908 2357 simul
2934 2295 2994 2355 in
3018 2294 3243 2357 honore
3267 2299 3380 2358 erit
3400 2317 3468 2361 ac
3492 2318 3635 2379 pre-
3731 2366 3734 2374 λ

1993 2380 2270 2461 tio,quod
2298 2382 2482 2442 sacris
2507 2379 2826 2444 sudoribus
2855 2401 2973 2446 una
2994 2387 3443 2450 concertaverit.
3473 2388 3636 2450 Divi-

1998 2488 2073 2531 na
2103 2470 2551 2550 itaquejustitia
2576 2473 2790 2533 anima;
2809 2480 2869 2534 et
2891 2473 3129 2554 corpori
3146 2474 3441 2554 condigna
3472 2495 3631 2558 prae-

1998 2558 2113 2621 mia
2130 2559 2688 2640 largitur,tanquam
2713 2561 2913 2622 comiti
2941 2569 2999 2623 et
3025 2563 3289 2624 consorti
3309 2563 3434 2626 sive
3466 2567 3626 2629 divi-

1998 2649 2240 2724 nae,sive
2264 2648 2577 2710 contraria:
2593 2648 2977 2714 vitandcirco
2995 2652 3172 2715 etiam
3192 2661 3532 2716 sanctorum
3546 2675 3637 2720 sa-

1997 2756 2095 2809 cra
2136 2738 2360 2801 functio
2388 2737 2620 2800 divinas
2650 2742 2887 2821 utrique
2909 2741 3393 2822 participationes
3414 2743 3633 2825 elargi-

1999 2827 2686 2908 tur;animaequidem,in
2712 2829 3031 2909 purissima
3047 2831 3545 2911 contemplatione
3577 2842 3637 2897 et

1997 2936 2197 2980 rerum
2228 2916 2623 2999 perfectarum
2651 2918 3172 3003 scientia;corpori
3196 2939 3337 2983 vero
3353 2923 3639 2986 sacratis-

1997 3007 2211 3070 simum
2241 3014 2604 3086 unguentum
2629 3008 2796 3088 quasi
2815 3008 2876 3071 in
2903 3010 3156 3090 imagine
3182 3030 3291 3091 per
3308 3013 3642 3075 sacratissi-

265 3101 361 3156 τὸν
400 3097 527 3155 ὅλον
557 3098 827 3177 ἄνθρωπον
856 3101 1167 3179 ἀγιάζουσα,
1214 3101 1302 3156 καὶ
1353 3104 1452 3165 τὴν
1509 3098 1699 3166 ὁλικὴν
1758 3102 1916 3159 αὒτοῦ

2003 3115 2094 3159 ma
2122 3096 2334 3158 divinae
2359 3097 2916 3160 communicationis
2939 3100 3205 3180 symbola
3227 3110 3408 3166 totum
3442 3104 3644 3167 homi-

266 3188 541 3267 σωτηρίαν
597 3191 959 3269 ἱερουργοῦσα,
1028 3191 1115 3246 καὶ
1171 3189 1513 3256 τελειοτάτην
1600 3190 1756 3245 αὐτοῦ
1815 3190 1915 3256 τὴν

2003 3205 2136 3249 nem
2151 3187 2623 3264 sanctiﬁcans,et
2640 3188 2931 3267 integram
2949 3190 3196 3252 salutem
3221 3193 3348 3269 ejus
3360 3210 3641 3276 operans,

264 3279 561 3336 ἀνάστασιν
594 3278 797 3338 ἔσεσθαι
848 3278 1229 3360 διαγγέλλουσα
1265 3292 1389 3343 ταῖς
1448 3278 1759 3342 καθολικαῖς
1790 3280 1915 3357 ἁγι-

2003 3295 2111 3340 nec
2134 3296 2253 3338 non
2276 3276 2635 3338 denuntians
2687 3295 2793 3356 per
2842 3277 3210 3341 universales
3259 3281 3639 3347 lustrationes

262 3369 468 3436 στείαις
498 3368 564 3419 8⁷
578 3418 591 3433 ,

2003 3366 2490 3449 perfectissimam
2516 3368 2573 3429 ei
2598 3366 2724 3429 fore
2748 3367 3276 3433 resurrectionem.

1891 3528 2026 3610 §x.

348 3672 455 3733 Τὰς
487 3668 541 3726 δὲ
570 3668 876 3737 τελεστικὰς
920 3670 1228 3742 ἐπικλήσεις
1286 3672 1343 3729 οὒ
1390 3672 1605 3747 θεμιτὸν
1664 3671 1721 3727 ἐν
1780 3693 1909 3749 γρα-

2074 3668 2487 3731 Invocationes
2510 3688 2687 3751 porro
2706 3672 3177 3735 consecratorias
3196 3672 3365 3736 nefas
3378 3682 3469 3738 est
3499 3672 3645 3735 scri-

261 3775 398 3841 φαῖς
430 3759 501 3810 88
526 3760 929 3841 ἀφερμηνεύειν,
964 3759 1080 3817 οὗδέ
1114 3762 1173 3817 τὸ
1204 3764 1458 3837 μυστικὸν
1490 3763 1686 3830 αὒτῶν,
1738 3761 1773 3827 ἢ
1817 3761 1910 3826 τὰς

2003 3766 2096 3839 ptn
2118 3759 2596 3838 interpretari,et
2619 3777 2899 3823 arcanum
2934 3779 3138 3824 earum
3174 3762 3641 3844 sensum,virtu-

257 3850 353 3908 ἐπ’
398 3851 590 3914 αὐταῖς
653 3850 1032 3929 ἐνεργουμένας
1087 3852 1147 3909 ἐκ
1205 3857 1337 3909 Θεοῦ
1393 3849 1643 3927 δυνάμεις
1704 3849 1765 3907 ἐκ
1820 3857 1911 3907 τοῦ

2003 3854 2203 3929 tesque
2226 3867 2369 3929 quas
2392 3849 2452 3910 in
2476 3850 2547 3912 iis
2571 3849 2729 3912 Deus
2761 3858 3063 3930 operatur,
3094 3870 3127 3914 e
3171 3857 3406 3916 secreto
3432 3854 3490 3914 in
3524 3872 3638 3934 pu-

258 3939 482 4018 κρυιρίου
512 3940 639 4017 πρὸς
682 3941 743 3995 τὸ
772 3941 949 3995 κοινὸν
983 3939 1215 4017 ἐξάγειν·
1250 3940 1370 3997 ἀλλ’
1402 3943 1472 4006 ὡς
1530 3942 1564 4008 ἡ
1620 3939 1735 3996 καθ’
1768 3942 1909 4009 ἡμᾶς

2003 3937 2214 3997 blicum
2240 3937 2455 3999 efferre
2482 3956 2497 4013 ;
2523 3940 2727 4019 sed,ut
2758 3948 2958 4002 nostra
2980 3949 3362 4004 sacrosancta
3388 3941 3634 4003 traditio

258 4033 379 4109 ἱερὰ
415 4029 724 4109 παράδοσις,
760 4028 904 4107 ἔχει,
960 4028 1081 4091 ταῖς
1128 4030 1588 4103 ἂνεκπομπεύτοις
1648 4028 1905 4105 μυιίσεσιν

2003 4026 2306 4101 docet,nbi
2330 4046 2430 4088 eas
2458 4028 2887 4091 secretioribus
2912 4030 3407 4093 instructionibus
3426 4031 3649 4092 hause-

257 4121 431 4183 αὖτᾶς
461 4117 728 4194 ἐκμαθὼν,
762 4120 853 4173 καὶ
900 4119 1030 4194 πρὸς
1083 4119 1349 4197 θειοτέραν
1385 4118 1485 4185 ἕξιν
1546 4122 1634 4175 καὶ
1688 4121 1907 4199 ἀναγωο

2003 4120 2096 4199 ris,
2132 4127 2309 4199 atque
2340 4119 2413 4181 ad
2440 4119 2701 4181 habitum
2741 4122 3123 4183 sacratiorem
3156 4129 3333 4202 atque
3363 4122 3641 4203 capacio—

258 4211 369 4288 γὴν
418 4207 570 4285 ἔρωτι
616 4208 737 4283 θείῳ
796 4208 883 4264 καὶ
943 4207 1225 4286 ἐνεργείαις
1283 4210 1453 4289 ἱεραῖς
1513 4208 1903 4290 ἀποτελεσθεὶς,

2003 4226 2119 4271 rem
2147 4208 2626 4288 intelligentiam,
2658 4209 2857 4272 divino
2887 4228 3089 4272 amore
3120 4211 3430 4291 sacrisque
3458 4212 3641 4274 actio-

255 4302 367 4357 ὑπὸ
397 4303 495 4364 τῆς
526 4297 918 4378 τελεταρχικῖλς
951 4295 1268 4375 ἐλλάμψεως
1302 4299 1587 4380 ἀναχθήσῃ
1646 4300 1777 4378 πρὸς
1809 4302 1907 4366 τὴν

2003 4297 2170 4359 nibus
2199 4309 2649 4363 consummatus
2672 4300 3160 4381 evaseris,divina
3181 4301 3312 4363 luce
3330 4301 3635 4363 collustra-

254 4387 570 4464 ὑπερτάτην
602 4388 775 4445 αὐτῶν
807 4387 1136 4462 ἐπιστήμην.

2003 4396 2088 4450 tus
2116 4390 2185 4451 ad
2216 4407 2555 4470 supremam
2590 4409 2796 4453 earum
2831 4391 3141 4454 scientiam
3176 4391 3552 4454 subveneris.

1848 4552 1877 4631 §
1938 4550 2040 4615 x1.

393 4690 409 4705 ἱ
508 4688 530 4720 \~
659 4688 673 4706 \
835 4684 857 4704 ‘
1030 4687 1053 4704 ’I
1233 4685 1245 4703 \
1590 4684 1600 4699 θ

345 4699 421 4747 To
476 4685 532 4743 δε
589 4708 677 4743 και
726 4699 944 4762 παϊοας,
1000 4707 1146 4742 ουπω
1193 4707 1259 4741 τα
1301 4688 1420 4742 θεῖα
1461 4706 1689 4742 συνιεναι
1752 4686 1909 4744 δυνα-

2078 4683 2245 4758 Quod
2280 4691 2482 4746 autem
2545 4684 2804 4748 infantes
2833 4705 3090 4768 quoque,
3126 4687 3226 4768 qui
3260 4703 3368 4768 per
3392 4692 3628 4749 aetatem

257 4778 482 4855 μένους,
535 4798 633 4842 της
697 4778 839 4853 ἱερᾶς
900 4776 1164 4856 μετόχους
1221 4774 1493 4852 γίγνεσθαι
1554 4775 1907 4855 θεογενεσίας,

2003 4783 2303 4853 nequeunt
2335 4774 2689 4853 intelligere,
2725 4774 2938 4837 divinae
2986 4778 3120 4839 271
3157 4775 3630 4856 regenerationis

258 4870 353 4925 καὶ
414 4872 519 4922 τῶν
577 4865 876 4942 ἱερωτάτων
926 4870 1024 4931 τῆς
1092 4868 1383 4943 θεαρχιοιῆς
1433 4866 1707 4928 κοινωνίας
1768 4888 1908 4939 συμ-

2003 4864 2630 4946 sanctissimorumque
2716 4864 2934 4927 divinae
2990 4865 3436 4928 communionis
3501 4884 3631 4946 my-

257 4955 466 5035 ϐόλων,
520 4953 667 5012 δοκεῖ
701 4956 824 5030 μὲν,
872 4956 947 5017 ὡς
978 4955 1081 5034 φὴς
1114 4952 1199 5028 89,
1262 4966 1377 5017 τοῖς
1423 4953 1646 5031 ὰνιὲροις
1691 4953 1910 5032 εὐλόγου

2003 4943 2310 5015 steriorum
2345 4943 2663 5034 participes
2694 4953 2855 5029 fiant,
2884 4955 3144 5027 videtur,
3178 4964 3244 5019 ut
3278 4943 3628 5036 inquis,ho-

258 5046 509 5123 γέλωτος
539 5043 709 5119 ἄξιον,
764 5045 806 5100 εὶ
864 5045 985 5107 τοὺς
1015 5044 1235 5101 ἀκοῦσαι
1269 5044 1345 5119 μὴ
1388 5040 1706 5117 δυναμένους
1765 5043 1911 5099 ἐκδι-

2003 5041 2257 5104 minibus
2288 5043 2548 5124 profanis
2573 5062 2690 5104 non
2722 5044 3022 5108 immerito
3048 5046 3173 5108 risu
3188 5045 3629 5127 dignum,quod

254 5135 545 5192 ὁάσκουσιν
589 5138 637 5190 οἱ
687 5134 936 5214 ἱεράρχαι
998 5135 1062 5190 τὰ
1107 5137 1250 5207 θεῖα,
1304 5137 1538 5196 καὶτοῖς
1588 5132 1666 5208 μὴ
1698 5142 1905 5192 νοοῦσιν

2003 5132 2300 5211 pontiﬁces
2321 5150 2424 5194 eos
2446 5132 2723 5194 erudiant
2754 5140 2855 5214 qui
2887 5154 2963 5197 ne
2992 5150 3215 5216 queunt
3247 5136 3627 5216 audire,san-

256 5228 384 5292 εἰκῆ
417 5222 760 5303 παραδιδόασι
806 5226 898 5287 τὰς
958 5224 1099 5303 ἱερὰς
1156 5221 1494 5302 παραδόσεις·
1557 5223 1645 5279 καὶ
1703 5223 1763 5277 τὸ
1829 5222 1907 5280 ἔτι

2003 5229 2233 5303 ctasque
2250 5223 2730 5286 traditionesuon
2751 5224 3222 5303 intelligentibus
3244 5225 3467 5288 frustra
3498 5231 3623 5286 tra-

1590 5380 1849 5446 VARlIE
1891 5382 2209 5448 LECTlON
2216 5385 2330 5448 ES.

335 5488 390 5574 ei
425 5494 453 5547 ε,
480 5491 936 5574 “ﬁgamus,
968 5489 1039 5553 Ι),
1099 5490 1153 5534 8%
1172 5493 1339 5574 θείου,
1369 5490 1437 5574 D.
1490 5485 1545 5531 ⁸³
1572 5489 1758 5574 variat
1785 5492 1912 5574 eth

2003 5510 2053 5553 is
2075 5492 2582 5574 vocis_scriptura,
2620 5493 2770 5555 alias
2800 5494 2858 5555 in
2889 5490 3217 5574 peuultima
3264 5490 3494 5574 galia;
3533 5511 3617 5574 Δοι.-

248 5573 316 5623 84
344 5570 590 5655 ἐπιχέει,
624 5572 721 5655 P,_
751 5571 817 5622 85
961 5575 1125 5655 θείαις,
1163 5573 1223 5638 8,
1280 5570 1344 5622 86
1370 5570 1424 5628 ἐν
1454 5587 1572 5633 non
1608 5578 1696 5632 est
1727 5571 1789 5633 in
1817 5570 1891 5636 Μ.

2037 5574 2105 5638 Ι),
2157 5574 2221 5624 87
2245 5572 2330 5632 διὰ
2360 5570 2457 5645 vi;
2486 5570 2775 5647 καθολικῆς
2808 5570 3137 5655 ἁγίαστείας.
3174 5572 3249 5637 Μ.
3304 5572 3401 5633 SC.
3436 5572 3499 5624 35
3529 5571 3616 5655 ἔγ.

250 5649 503 5737 ﬁnirat-:6,
536 5650 617 5717 M.
665 5651 729 5704 89
755 5656 828 5719 ὡς
860 5652 1017 5736 ἔφης,
1044 5649 1107 5716 S.
2859 5649 2868 5655 ⁷
3248 5688 3253 5693 ~
