4000 6214
453 341 570 417 567

1637 344 1697 413 S.
1746 348 2090 413 DIONYSII
2141 346 2674 413 AREOPAGITAS.

3717 341 3816 409 568

452 481 640 561 dant;
673 497 868 562 neque
891 477 1084 542 minus
1105 479 1423 543 ridiculum
1457 486 1550 542 est
1571 479 1732 560 quod
1755 479 1861 542 alii
1895 496 1998 559 pro
2027 479 2100 542 iis

2201 480 2538 560 γελοιότερον,
2599 483 2672 544 ὡς
2751 481 2878 560 ὑπὲρ
2939 483 3110 539 αὐτῶν
3168 479 3336 560 ἕτερον.
3403 481 3496 538 τὰς
3554 480 3812 558 ἆποταγάς

459 570 998 632 abrenuntiationes
1013 583 1318 641 sacrasque
1337 569 1726 642 professiones
1739 569 2116 640 pronuntient

464 662 692 728 Verum
736 679 855 722 non
905 667 1138 742 oportet
1179 669 1334 722 tuam
1399 667 1661 722 sanctam
1727 660 2110 741 prudentiam

461 753 766 816 erantibus
793 749 1113 831 indignari,
1153 751 1260 812 sed
1291 750 1571 828 religiose
1592 749 1664 811 ad
1697 768 1902 812 eorum
1937 750 2111 812 insti-

464 843 761 905 tutionem
817 859 954 905 cum
1009 840 1302 903 charitate
1357 840 1648 901 rationem
1708 839 1990 916 reddere,
2052 848 2109 902 et

459 931 832 1011 objectiones
865 948 1074 994 eorum
1109 931 1344 991 solvere
1381 949 1396 1007 ;
1463 937 1642 1005 atque
1671 928 1821 991 illud
1865 929 2112 1010 insuper

460 1025 796 1090 secundum
823 1043 1052 1088 sacram
1095 1024 1465 1087 sanctionem
1529 1021 1778 1097 addere,
1813 1023 2110 1104 quomodo

460 1115 662 1179 divina
683 1116 884 1178 omnia
913 1132 1287 1196 nequaquam
1311 1119 1512 1174 nostra
1529 1111 1927 1192 intelligentia
1951 1131 2114 1174 com-

463 1203 870 1268 mensuranda
893 1203 1168 1278 sunt,sed
1195 1201 1448 1283 plurima
1480 1220 1611 1283 quae
1629 1219 1737 1262 nos
1769 1201 1956 1264 latent
1978 1219 2113 1265 cau-

464 1312 559 1357 sas
586 1293 809 1357 habere
839 1294 963 1356 Deo
996 1291 1228 1372 dignas,
1265 1309 1418 1372 quas
1450 1309 1558 1352 nos
1589 1289 1829 1371 quidem
1863 1291 2108 1370 ignore-

465 1402 830 1451 mus,verum
847 1384 919 1446 ab
941 1381 1254 1444 ordinibus
1271 1381 1442 1443 nobis
1462 1378 1969 1460 prwstantioribus
1983 1399 2112 1462 per-

465 1476 674 1553 Spicue
693 1471 1424 1554 cognoscantur.Plnrima
1442 1471 1583 1534 item
1604 1471 2115 1552 latentsupremas

465 1564 598 1625 illas
611 1562 1186 1642 sublimissimasque
1205 1561 1728 1639 substantias,quae
1749 1559 1858 1622 soli
1879 1559 2115 1640 sapien-

469 1652 1225 1733 tissimazsapientiﬁczeque
1250 1649 1542 1711 divinitati
1569 1657 1702 1711 nota
1718 1651 2111 1712 sunt.Verum

470 1752 670 1804 tamen
691 1743 800 1805 hac
814 1743 887 1803 de
905 1759 970 1802 re
989 1741 1044 1802 id
1060 1758 1296 1820 quoque
1310 1739 1588 1809 dicimus,
1608 1739 1766 1816 quod
1792 1738 2115 1802 deiformes

2196 571 2440 650 φασι,καὶ
2467 571 2560 634 τὰς
2591 571 2729 649 ἱερὰς
2776 571 3087 650 ὁμολογίας.
3151 578 3247 627 Δεῖ
3277 567 3331 625 δὲ
3365 569 3464 638 την
3498 570 3596 638 σὴν
3653 571 3817 649 ἱεραρ-

2196 661 2365 739 χικὴν
2407 660 2612 717 σύνεσιν
2646 661 2723 736 μὴ
2752 659 3099 740 χαλεπαίνειν
3117 660 3202 717 ἐπὶ
3234 673 3348 721 τοῖς
3381 659 3818 736 πεπλανημένοις,

2196 749 2317 806 ἀλλ’
2379 747 2621 814 εὗλαϐὦς
2674 771 2731 806 τε
2789 751 2901 826 ἅμα
2960 751 3047 807 καὶ
3103 754 3202 816 τῆς
3266 751 3436 807 αὐτῶν
3487 749 3821 830 φωταγωγίας

2197 840 2359 919 χάριν
2394 839 2744 917 ἆγαπητικῶς
2775 838 3159 918 ἀπολογεῖσθαι
3218 840 3349 918 πρὸς
3405 840 3500 905 τὰς
3527 838 3619 896 ὑπ’
3667 840 3822 896 αὐτῶν

2197 928 2600 1009 προφερομὲνας
2683 929 2949 995 ἐνστάσεις
3037 928 3347 1010 προτιθέντα
3397 928 3462 980 90
3526 930 3613 986 χαὶ
3685 950 3821 986 τουτο

2195 1020 2331 1076 κατὰ
2389 1020 2584 1095 θεσμὸν
2642 1022 2803 1100 ἱερὸν,
2855 1022 2927 1084 ὡς
2984 1023 3080 1079 οὐκ
3141 1018 3196 1076 ἒν
3223 1026 3293 1097 τῇ
3323 1019 3444 1077 καθ’
3467 1022 3611 1097 ἡμᾶς
3643 1019 3820 1097 γνώσει

2193 1109 2366 1166 πάντα
2423 1110 2488 1165 τὰ
2545 1113 2664 1167 θεῖα
2724 1111 3122 1190 περιγράφεται,
3197 1108 3372 1166 πολλὰ
3441 1108 3495 1166 δὲ
3569 1116 3682 1166 τῶν
3748 1108 3823 1188 ἐρ’

2195 1201 2350 1275 ἡμῶν
2380 1198 2774 1277 ἆγνοοόμένωνε
2809 1201 2977 1264 αἰτίας
3038 1199 3156 1280 ἔχει
3198 1203 3537 1279 θεοπρεπεϊς,
3572 1200 3710 1275 ἡμῖν
3738 1198 3822 1263 μὲν

2195 1288 2535 1366 ἠγνοημὲνας
2567 1286 2644 1361 91,
2720 1289 3018 1358 ἐπιστηταί
3069 1287 3124 1346 δὲ
3188 1302 3311 1354 ταῖς
3366 1291 3520 1364 ἡμῶν
3567 1289 3818 1366 κρείττοσι

2196 1378 2396 1444 τάξεσι.
2434 1378 2614 1437 Πολλὰ
2643 1376 2696 1435 δὲ
2729 1381 2816 1436 καὶ
2869 1381 2963 1443 τὰς
3021 1378 3313 1458 ὑπερτάτας
3373 1379 3548 1444 οὒσίας
3607 1377 3814 1457 λέληθε,

2195 1469 2283 1524 καὶ
2312 1469 2444 1546 πρὸς
2475 1466 2641 1544 μόνης
2705 1467 2933 1547 ἀκριϐῶς
2984 1468 3242 1546 ’ἔγνωσται
3292 1474 3389 1536 τῆς
3422 1468 3698 1547 πανσόφοο
3753 1471 3828 1524 καὶ

2196 1561 2485 1638 σοφοποιοῦ
2511 1557 2864 1639 ωθεαρχίας,
2901 1558 3048 1628 Πλήν
3104 1581 3187 1639 γε,
3226 1559 3306 1614 ὅτι
3355 1561 3442 1615 καὶ
3491 1561 3612 1637 περὶ
3642 1561 3820 1616 τούτου

2194 1649 2357 1705 ταῦτά
2415 1664 2609 1729 φαμεν,
2657 1649 2791 1728 ἅπερ
2843 1652 2889 1706 οἱ
2945 1647 3196 1711 θεοειδεῖς
3257 1651 3411 1722 ἡμῶν
3463 1649 3825 1726 ἱεροτελεσταῖ,

2198 1739 2330 1816 πρὸς
2375 1738 2470 1806 τῆς
2513 1737 2740 1817 ἄρχαίοις
2801 1737 3090 1814 μσηθέντες
3135 1736 3500 1817 παραδόσεως,
3565 1740 3638 1804 εἷς
3697 1740 3826 1813 ἡμᾶς

469 1840 868 1912 praeceptores
884 1831 1070 1891 nostri
1101 1839 1172 1891 ab
1195 1831 1436 1910 antiqua
1461 1830 1783 1890 traditione
1802 1839 2112 1909 acceptum

2201 1830 2508 1906 προήγαγον
2533 1827 2618 1886 93.
2680 1830 2816 1884 Φασὶ
2847 1830 2967 1905 γὰρ,
3004 1827 3133 1905 ὅπερ
3189 1828 3298 1885 ἐστὶ
3350 1830 3435 1885 καὶ
3467 1827 3686 1902 ἀληθὲς,
3726 1827 3826 1901 ὅτι,

469 1922 642 1983 nobis
667 1921 1191 2000 transcripserunt.
1221 1919 1398 1979 Aiunt
1429 1922 1616 1992 enim,
1644 1919 1800 1998 quod
1825 1927 1884 1981 et
1905 1939 2110 1982 verum

473 2018 581 2083 est,
616 2009 896 2082 infantes,
922 2014 970 2067 si
1003 2009 1062 2068 in
1096 2009 1222 2086 lege
1245 2025 1411 2068 sacra
1446 2008 1855 2083 instituantur,
1877 2009 1948 2071 ad
1970 2027 2113 2070 san-

474 2107 632 2160 ctum
665 2098 848 2160 animi
879 2105 1091 2159 statum
1123 2105 1510 2177 parventuros
1538 2114 1672 2159 esse
1694 2098 1855 2159 omni
1908 2116 2114 2161 errore

473 2189 718 2262 liberos,
755 2197 814 2249 et
843 2188 971 2249 sine
1017 2187 1140 2248 ullo
1171 2187 1424 2267 impurae
1459 2186 1590 2248 vitae
1631 2186 1923 2266 periculo.
1987 2187 2114 2252 Hoc

477 2279 636 2341 enim
657 2296 790 2339 cum
817 2279 877 2339 in
899 2283 1160 2339 mentem
1186 2278 1442 2338 venisset
1465 2275 1680 2337 divinis
1708 2277 1926 2339 nostris
1950 2279 2114 2341 insti-

475 2367 1026 2449 tutoribus,placuit
1044 2366 1276 2428 admitti
1303 2384 1516 2446 pueros
1544 2366 1655 2426 hoc
1679 2376 1883 2429 sancto
1910 2370 2109 2451 modo,

475 2467 539 2520 ut
571 2458 749 2520 oblati
783 2458 1006 2540 parvuli
1041 2464 1315 2538 parentes
1364 2456 1666 2518 naturales
1700 2457 1885 2518 lilium
1918 2461 2019 2522 nni
2045 2478 2115 2523 ex

475 2547 755 2610 ﬁdelibus
785 2548 1047 2629 tradant,
1079 2553 1178 2628 qui
1234 2547 1522 2627 praeclare
1555 2546 1615 2606 in
1670 2546 1886 2610 divinis
1936 2549 2116 2612 rebus

475 2655 724 2718 puerum
757 2637 1127 2717 erudiat,sub
1159 2638 1329 2716 cujus
1362 2636 1645 2714 deinceps
1676 2655 1819 2699 cura
1850 2642 1953 2714 sit,
1981 2647 2114 2700 tan-

479 2745 657 2806 quam
693 2728 802 2788 sub
827 2726 998 2790 Patre
1048 2726 1270 2802 divino,
1299 2734 1634 2807 sanctasque
1665 2726 1874 2790 salutis
1903 2747 2114 2791 susce-

475 2825 668 2898 ptore.
702 2816 871 2878 Hunc
900 2815 1100 2898 itaque
1131 2816 1398 2890 antistes,
1422 2824 1626 2880 sancte
1658 2819 2112 2896 promittentem

478 2925 542 2967 se
559 2923 806 2986 puerum
836 2906 909 2967 ad
933 2913 1192 2968 sanctam
1216 2905 1392 2967 vitam
1424 2905 1916 2985 [informaturum,
1945 2907 2120 2988 jubet

482 2995 751 3076 proﬁteri
773 2994 1324 3056 abrenuntiationes
1345 3012 1661 3076 sacrasque
1691 2997 2117 3076 professiones;

480 3102 599 3145 non
619 3085 970 3165 enim,utilli
991 3083 1454 3146 subsannatores
1467 3085 1842 3159 aiunt,aiium
1869 3106 1973 3167 pro
1999 3087 2118 3149 alio

481 3173 667 3235 rebus
691 3173 907 3234 divinis
937 3172 1149 3236 imbuit
1179 3195 1194 3250 ;
1229 3191 1424 3255 neque
1448 3175 1604 3237 enim
1638 3193 1892 3256 sponsor
1923 3177 2068 3239 dicit
2099 3197 2114 3239 :

2199 1919 2334 1974 κατὰ
2376 1920 2572 1993 θεσμὸν
2631 1919 2770 1996 ἱερὸν
2841 1919 3145 1995 ἀναγόμενα
3191 1919 3255 1974 τὰ
3308 1919 3500 1996 βρέφη,
3563 1921 3697 1997 πρὸς
3739 1917 3830 1984 ἕξιν

2197 2009 2338 2083 ἱερὰν
2395 2007 2604 2080 ἥξουσι,
2663 2009 2844 2074 πάσης
2902 2007 3300 2083 ἀποτελούμεναι
3353 2008 3562 2075 πλάνης
3607 2012 3695 2065 καὶ
3744 2009 3828 2064 ἇν-

2202 2097 2341 2174 ιὲρου
2369 2101 2514 2168 ζωῆς
2575 2097 2851 2175 ἂπείρατα.
2905 2105 3074 2155 Τοῦτο
3132 2111 3249 2161 τοῖς
3298 2098 3455 2160 θείοις
3486 2100 3645 2172 ἡμῶν
3704 2102 3828 2153 καθ-

2198 2187 2462 2264 ηγεμόσιθ
2519 2188 2592 2249 εἰς
2649 2194 2766 2243 νοῦν
2817 2185 3096 2261 ἐληλυθὸς,
3157 2186 3328 2252 ἔδοξε)
3392 2185 3721 2266 εἰσδέχεσθαι
3779 2187 3834 2242 τὰ

2198 2276 2365 2356 βρέφη
2395 2276 2530 2332 κατὰ
2588 2273 2735 2332 τόνδε
2784 2279 2874 2334 τὸν
2925 2278 3064 2354 ἱερὸν
3120 2275 3341 2356 τρόπον,
3374 2276 3511 2333 ὥστε
3542 2278 3668 2340 τοὺς
3699 2298 3838 2355 φυσι-

2197 2368 2321 2430 κοὺς
2381 2372 2472 2422 τοῦ
2535 2365 2936 2444 προσαγομὲνου
2991 2366 3177 2429 παιδὸς
3252 2366 3440 2444 γονέας
3498 2365 3832 2443 παραδιδόναι

2197 2458 2290 2512 τὸν
2328 2453 2488 2511 παῖδά
2520 2476 2618 2513 τινι
2650 2457 2753 2511 τῶν
2785 2456 3144 2532 μεμυημένων
3203 2455 3382 2534 ἄγαθῴ
3441 2457 3506 2512 τὰ
3528 2460 3653 2512 θεῖα
3709 2479 3835 2512 παι-

2199 2545 2261 2603 δα
2278 2552 2452 2623 γωγῶ,
2486 2546 2573 2601 καὶ
2629 2547 2689 2601 τὸ
2738 2545 2926 2603 λοιπὸν
2981 2545 3070 2603 ὑπ’
3126 2550 3268 2619 αὗτῷ
3299 2548 3392 2602 τὸν
3436 2544 3604 2603 παῖδα
3642 2543 3832 2618 τελεῖν,

2198 2639 2269 2700 ὡς
2322 2636 2424 2691 ὑπὸ
2471 2634 2594 2708 θείῳ
2651 2637 2808 2712 πατρὶ
2888 2637 2974 2692 καὶ
3033 2638 3297 2713 σωτηρίας
3364 2638 3505 2714 ἱερᾶς
3564 2633 3833 2715 ὰναδόχφ.

2203 2734 2390 2784 Τοῦτον
2429 2727 2518 2780 οὖν
2571 2725 2598 2780 ό
2653 2726 2911 2805 ἱεράρχης
2971 2725 3336 2804 ὁμολογοῦντα
3393 2725 3527 2784 κατα
3556 2725 3657 2792 τὴν
3705 2725 3836 2803 ἱερὰν

2197 2815 2414 2893 ἀνάγειν
2471 2813 2536 2864 94
2575 2815 2668 2871 τὸν
2717 2813 2884 2872 παῖδα
2928 2816 3094 2885 ζωὴν,
3156 2815 3380 2872 ἀπαιτεῖ
3412 2815 3504 2880 τὰς
3562 2815 3831 2892 άποταγὰς

2203 2903 2558 2982 ὁμολογῆσαι,
2632 2906 2719 2961 καὶ
2775 2904 2870 2969 τὰς
2936 2906 3076 2984 ἱερὰς
3135 2904 3452 2983 ὁμολογίας,
3515 2907 3643 2985 οὐχ,
3681 2907 3754 2967 ὡς
3781 2905 3839 2958 ἂν

2203 2993 2400 3050 ἐκεῖνοι
2431 2993 2698 3072 γελῶντες
2767 3008 2950 3075 φαῖεν,
2986 2994 3148 3055 ἄλλον
3208 2993 3322 3051 ἀντ’
3389 2993 3558 3052 ἄλλου
3607 2995 3675 3050 τὰ
3733 2998 3843 3049 θεῖα

2203 3091 2373 3157 μυῶν,
2423 3081 2537 3141 οὐδὲ
2594 3086 2694 3164 γὰρ
2748 3085 2903 3142 τοῦτό
2960 3106 3144 3165 φησιν,
3200 3085 3273 3149 ὡς
3329 3085 3460 3162 ὑπὲρ
3518 3093 3614 3143 τοῦ
3659 3081 3840 3145 παιδος

2205 3175 2312 3254 ἐγὼ
2338 3176 2432 3237 τὰς
2468 3175 2762 3254 ἆποταγὰς,
2797 3174 2831 3242 ἢ
2863 3174 2954 3240 τὰς
3010 3175 3153 3254 ἱερὰς
3213 3173 3502 3254 ὁμολογίας
3559 3183 3831 3248 ποιοῦμαι*

478 3262 600 3342 Ego
633 3281 736 3343 pro
765 3281 947 3342 puero
1005 3261 1559 3325 abrenuntiationes
1610 3264 1787 3339 facio,
1851 3283 2117 3329 sacrasve

2209 3264 2324 3322 ἀλλ’
2357 3264 2496 3322 ὅτιὸ
2549 3277 2682 3328 παῖς
2741 3265 3098 3322 ἀποτάσσεται
3159 3266 3245 3321 ιιαὶ
3300 3264 3674 3323 συντάσσεταιο
3707 3261 3842 3320 τοῦτ’

483 3353 908 3432 professiones,
945 3353 1046 3413 sed
1080 3352 1188 3413 boc
1222 3356 1399 3414 modo
1431 3371 1678 3432 puerum
1707 3354 1920 3417 asserit
1941 3355 2120 3418 abre-

482 3443 763 3505 nuntiare
787 3461 855 3503 ac
887 3442 1251 3524 proﬁteri;ac
1279 3445 1326 3503 si
1351 3441 1837 3504 dicatzProfiteor
1860 3463 1954 3506 me
1986 3445 2122 3508 huic

491 3549 706 3612 puero,
740 3549 874 3593 cum
901 3549 1006 3612 per
1034 3538 1262 3594 aetatem
1298 3529 1632 3609 intelligere
1663 3549 1828 3594 sacra
1881 3534 2118 3613 poterit,

487 3620 707 3683 divinis
732 3622 880 3684 meis
900 3618 1371 3683 institutionibus
1389 3623 2128 3701 persuasurum,utadver-

488 3711 662 3774 sariis
689 3713 959 3773 nuntium
980 3711 1224 3773 omnino
1241 3710 1593 3785 remittat,et
1613 3711 1812 3774 divina
1833 3714 2128 3795 promissa

484 3801 857 3882 proﬁteatur,
891 3808 950 3863 et
1002 3801 1284 3865 exsolvat.
1339 3800 1502 3863 Nihil
1563 3819 1725 3881 ergo,
1763 3811 1827 3866 ut
1885 3804 2123 3886 opinor,

483 3888 811 3954 absurdum
834 3894 1004 3965 est,si
1028 3890 1102 3952 ad
1133 3889 1396 3952 divinum
1419 3889 1752 3953 institutum
1778 3911 1925 3974 puer
1945 3894 2129 3957 addu-

485 3979 660 4060 citur,
695 3998 826 4040 cum
860 3980 1072 4041 ducem
1115 3998 1183 4041 ac
1214 3997 1566 4059 sponsorem
1615 3980 1830 4043 habeat
1853 3984 1954 4064 qui
1988 4003 2124 4048 eum

485 4077 544 4131 et
569 4068 899 4130 divinarum
929 4087 1125 4130 rerum
1150 4069 1400 4131 scientia
1438 4069 1684 4145 imbuat,
1710 4081 1767 4133 et
1796 4073 1869 4134 ab
1909 4074 2125 4137 adver-

487 4156 661 4220 sariis
689 4163 877 4218 tutum
909 4157 1227 4220 custodiat.
1291 4159 1476 4219 Porro
1503 4161 1638 4218 272
1688 4162 1947 4240 pontifex
1973 4183 2126 4245 pue-

487 4265 619 4310 rum
646 4253 979 4308 consortem
1009 4247 1147 4309 facit
1180 4265 1484 4309 sacrorum
1512 4251 1950 4334 mysteriorum,
1973 4262 2036 4315 ut
2065 4255 2127 4317 in

490 4337 578 4400 eis
608 4335 918 4417 educetur,
953 4354 1150 4417 neque
1177 4344 1319 4416 agat
1347 4335 1522 4398 vitam
1553 4336 1752 4421 aliam,
1789 4359 1968 4422 quam
1993 4361 2127 4406 eam

488 4443 620 4509 qum
640 4425 838 4487 divina
867 4443 1106 4506 semper
1135 4433 1384 4506 spectet,
1416 4434 1474 4487 et
1537 4427 1882 4507 hujusmodi
1927 4443 2128 4497 sancta

2205 3355 2371 3412 ἔστιν·
2396 3345 2677 3434 Ὀμολογῶ
2706 3355 2796 3411 τὸν
2819 3352 2986 3410 παῖδα
3017 3355 3214 3410 πείσειν
3246 3356 3318 3418 εἷς
3363 3361 3482 3412 νοῦν
3513 3356 3652 3431 ἱερὸν
3677 3353 3845 3429 ἰόντα,

2204 3460 2328 3510 ταῖς
2383 3444 2543 3520 ἐμαῖς
2599 3443 2793 3506 ἐνθέοις
2846 3445 3185 3524 ἀναγωγαῖς,
3247 3443 3606 3509 ἀποτάξασθαι
3658 3442 3721 3493 95
3750 3444 3846 3518 μὲν

2205 3536 2399 3598 ὁλικῶς
2451 3548 2566 3598 τοῖς
2627 3533 2907 3612 ἐναντίοις,
2970 3532 3300 3612 ὁμολογῆσαι
3333 3531 3387 3588 δὲ
3439 3534 3527 3590 καὶ
3570 3536 3848 3612 ἱνεργῆσαι
3897 3549 3904 3556 ’

2209 3628 2302 3690 τὰς
2344 3626 2482 3689 θείας
2528 3623 2835 3703 ὁμολογίας.
2873 3621 3029 3682 Οὖδὲν
3060 3626 3170 3698 οὖν,
3217 3626 3290 3688 ὡς
3348 3624 3535 3701 οἶμαι,
3569 3624 3627 3681 τὸ
3650 3623 3847 3680 ἄτοπον

2210 3717 2253 3772 εἷ
2283 3714 2419 3772 κατᾶ
2443 3715 2584 3772 θείαν
2617 3716 2644 3771 ὁ
2697 3727 2830 3780 παῖς
2888 3713 3172 3792 ἀναγωγὴν
3201 3713 3478 3793 ἀνάγεται,
3514 3715 3852 3792 καθηγεμόνα

2279 3807 2294 3828 \
2447 3803 2469 3822 εκ
2632 3805 2646 3826 ο
2715 3805 2729 3824 \
2822 3803 2846 3823 ν
3027 3800 3076 3823 nr
3230 3807 3244 3828 ,
3295 3810 3322 3820 ..
3424 3806 3449 3816 υ

2210 3827 2297 3862 και
2341 3805 2604 3885 ἀνάοοχον
2635 3826 2772 3881 ιερον
2823 3825 2991 3884 εχων,
3027 3823 3130 3868 εςιν
3190 3825 3332 3878 αυτῳ
3377 3825 3484 3860 των
3537 3805 3684 3860 θείων
3746 3803 3847 3878 ἒμ-

2211 3902 2484 3969 ποιοῦντα,
2544 3895 2636 3950 καί
2693 3892 3018 3974 φυλάττοντα
3061 3897 3170 3949 τῶν
3227 3893 3476 3951 ἐναντίων
3546 3893 3843 3972 ἀπείρατον.

2211 3982 2534 4042 Μεταδίδωσι
2564 3983 2619 4039 δὲ
2661 3991 2737 4059 τῷ
2760 3981 2903 4040 παιδὶ
2933 3985 3038 4040 τῶν
3093 3985 3247 4062 ἱερῶν
3305 3983 3636 4058 συμϐόλωνὸ
3665 3983 3847 4060 ίεράρ-

2211 4099 2345 4157 χης,
2380 4073 2524 4140 ὅπως
2573 4077 2628 4131 εν
2687 4077 2867 4138 αὐτοῖς
2927 4073 3275 4154 ἀνατραφείη,
3333 4076 3421 4130 καὶ
3479 4071 3615 4149 μηδὲ
3677 4076 3844 4150 σχοίη

2211 4167 2351 4238 ζωὴν
2390 4164 2595 4244 ἑτέραν,
2630 4165 2674 4220 εἰ
2720 4163 2798 4239 μὴ
2850 4163 2948 4230 τὴν
3005 4163 3069 4219 τὰ
3098 4167 3218 4220 θεῖα
3273 4167 3571 4242 θεωροῦσαν
3601 4163 3696 4237 ἀεὶ,
3766 4163 3855 4216 καὶ

2211 4257 2464 4312 κοινωνὸν
2492 4256 2662 4311 αὐτῶν
2693 4254 2744 4311 ἐν
2805 4267 3107 4333 προκοπαϊς
3156 4255 3326 4331 ἱεραῖς
3357 4252 3696 4332 γιγνομένην,
3743 4251 3851 4314 ἕξιν

2209 4367 2266 4403 τε
2286 4345 2428 4423 ἱερὰν
2463 4344 2516 4400 ἐν
2545 4346 2751 4409 τούτοις
2789 4344 3080 4424 ἴσχουσαν,
3125 4343 3466 4422 ἀναγομένην
3525 4365 3581 4399 τε
3609 4346 3856 4420 ίερόπρε-

2211 4443 2325 4499 πῶς
2347 4437 2448 4491 ὑπὸ
2473 4441 2566 4491 τοῦ
2585 4433 2842 4497 θεοειδοῦς
2877 4431 3168 4514 ἆνὰδόχου.

487 4515 911 4578 communione
944 4515 1419 4597 proficiat,atque
1445 4516 1505 4576 in
1528 4517 1620 4578 his
1652 4536 1885 4582 sacrum
1916 4522 2182 4591 habitum
2219 4522 2543 4609 possideat,
2578 4532 2637 4585 et
2666 4540 2701 4586 a
2733 4530 3081 4604 susceptore
3113 4521 3389 4590 deiformi
3422 4521 3676 4585 studiose
3705 4537 3859 4600 pro-

490 4613 815 4668 moveatur.

554 4695 672 4754 Ista
698 4694 936 4764 sunt,mi
955 4693 1219 4760 ﬁli,tanta
1243 4704 1475 4769 tamque
1500 4697 1767 4767 prmclara
1794 4700 2117 4764 blerarchia

2297 4713 2558 4786 Τοσαῦτα,
2619 4705 2664 4762 ὦ
2720 4717 2846 4781 παῖ,
2907 4705 2995 4761 καὶ
3054 4703 3192 4760 οὕτω
3233 4700 3371 4759 καλὰ
3423 4702 3522 4769 τῆς
3565 4699 3673 4758 καθ’
3703 4702 3856 4773 ἡμᾶς

489 4798 710 4849 nostrae
730 4785 1069 4867 spectacula
1086 4785 1406 4848 uniformis
1432 4787 1573 4849 mihi
1602 4789 1990 4871 manifestata,
2016 4796 2121 4858 sed

490 4876 622 4938 aliis
639 4877 886 4938 fortasse
907 4876 1206 4938 mentibus
1233 4877 1778 4958 perspicatioribus,
1802 4900 1918 4943 non
1934 4887 2125 4948 solum

487 4965 632 5031 haec,
647 4978 846 5023 verum
860 4966 1030 5022 etiam
1053 4965 1161 5024 alia
1182 4966 1364 5024 multo
1383 4966 1694 5024 illustriora
1712 4977 1886 5041 atque
1919 4971 2132 5033 deifor-

493 5057 682 5118 miora
703 5064 1012 5137 perspecta
1043 5057 1368 5129 sunt.Quin
1397 5064 1456 5118 et
1487 5056 1594 5118 tibi
1621 5076 1882 5140 quoque,
1916 5069 1981 5123 ut
2001 5064 2126 5144 opi-

2203 4798 2476 4877 ἱεραρχίας
2509 4796 2682 4852 ὦπταί
2716 4818 2806 4871 μοι
2840 4795 2907 4850 τὰ
2957 4791 3161 4859 ἐνοειδῆ
3219 4791 3481 4870 θεάματα,
3517 4793 3648 4870 πρὸς
3677 4789 3860 4845 ἄλλων

2211 4887 2263 4944 δὲ
2298 4887 2434 4950 ἴσως
2475 4885 2844 4962 όπτικωτέρων
2873 4881 2938 4934 96
2965 4889 3098 4941 νοῶν
3143 4883 3204 4938 οὒ
3263 4887 3430 4938 ταῦτα
3479 4881 3636 4954 μόνον
3679 4880 3861 4935 ἒθεω-

2213 4979 2373 5057 ρήθη,
2434 4977 2692 5056 φανότερα
2750 4973 2804 5030 δὲ
2849 4974 3033 5046 πολλῷ
3061 4971 3124 5023 97
3188 4973 3276 5029 καὶ
3318 4968 3692 5049 θεοειδέστερα,
3743 4968 3866 5026 Καί

2217 5069 2298 5124 σοὶ
2347 5065 2426 5141 δὲ,
2484 5067 2558 5129 ὡς
2617 5065 2803 5145 οἶμαι,
2861 5065 3073 5130 πάντως
3131 5060 3395 5137 ἐλλάμψει
3460 5059 3866 5137 τηλαυγὲστερα

492 5163 628 5221 nor,
661 5145 949 5207 clariores
971 5145 1414 5228 divinioresque
1438 5146 1912 5227 pulchritudines
1943 5152 2117 5216 collu-

2217 5154 2394 5223 κάλλη
2426 5156 2513 5212 καὶ
2543 5155 2799 5233 θειότερα,
2830 5168 2948 5218 τοῖς
3010 5153 3308 5232 εἰρημένοις
3338 5149 3406 5200 98
3462 5147 3867 5219 ἑπαναϐαθμοῐς

496 5234 739 5318 cebunt,
768 5235 820 5296 si
851 5233 924 5296 iis
945 5233 1253 5316 gradibus,
1270 5253 1422 5315 quos
1447 5235 1592 5313 dixi,
1623 5236 1697 5300 ad
1721 5237 2117 5304 sublimioren

2219 5245 2487 5326 χρωμένῳ
2530 5246 2660 5324 πρὸς
2719 5245 3006 5324 ὑπερτέραν
3067 5242 3284 5306 ἀκτῖνα,
3351 5238 3583 5306 Μεταδος
3641 5238 3749 5311 οὖν,
3821 5238 3876 5291 ὦ

1807 5399 2071 5466 νΑΒΙιλΕ
2113 5403 2558 5470 LECTIONES.

483 5605 549 5622 am
573 5528 1017 5622 {Pnposfteé‘vfatj
1061 5533 1265 5622 M._S.A
1305 5531 1378 5598 D.
1625 5530 2113 5622 θίΔιὶγνοουμιὲνας,
2149 5541 2210 5604 S.
2283 5539 2338 5586 93
2369 5545 2454 5601 καὶ
2489 5554 2906 5622 πανσοφοποιοῦ,
2968 5545 3032 5606 S.
3109 5542 3165 5587 93
3194 5545 3566 5622 προσήγαγον,

489 5613 557 5706 θιξ
583 5612 956 5706 ἄγειν,.8.“93
981 5612 1354 5696 ἇποταξεσθαι,
1391 5615 1463 5678 D.
1502 5612 1629 5680 Sar.
1690 5613 1756 5666 96
1779 5612 2164 5701 όπτικώτερόν,
2195 5624 2276 5688 Μ,
2317 5627 2409 5687 Sc.
2501 5624 2564 5676 97
2620 5612 2955 5706 φανερώτερα
2991 5622 3043 5682 δὲ
3077 5612 3275 5702 πολλά,
3307 5612 3386 5690 Μ.

498 5695 702 5770 τάτοις,
731 5695 816 5759 Μ.
843 5696 945 5760 Sc.

3491 5566 3566 5624 ον,
3631 5540 3695 5598 Μ.
3758 5534 3885 5594 Sc.

3491 5641 3546 5690 ο,
3600 5619 3657 5671 98
3699 5619 3892 5674 Θειο-
