4088 6208
397 287 504 357 571

1569 300 1631 363 S.
1686 298 2022 366 DIONYSII
2068 301 2602 369 ABEOPAGITA‘].

3643 307 3758 377 572

327 478 333 486 .
395 429 615 512 quibus
672 432 734 496 in
793 435 900 497 hac
932 435 1046 497 vita
1099 435 1416 515 conjuncta
1457 435 1711 512 fuerant,
1747 444 2019 511 reunita;

2115 436 2366 496 ἐνωθεντα
2396 452 2518 504 ταῖς
2562 446 2797 520 ψυχαῖς,
2855 441 2948 506 αἷς
3005 440 3238 510 ἤνωνται
3296 445 3432 502 κατὰ
3489 447 3579 504 τὸν
3631 448 3758 523 τῇδε

393 532 789 602 assequentur
814 531 1008 587 autem
1045 523 1397 588 deiformem
1429 525 1679 606 gloriam
1747 534 2028 610 tanquam

394 610 662 675 membra
692 613 819 676 Dei.

475 703 505 783 ἕ
537 701 1008 768 lI.Profanorum
1027 723 1164 769 vero
1183 706 1362 786 aliqui
1388 707 1630 788 quidem
1647 707 1778 771 sine
1800 708 2032 771 ratione

395 802 622 874 putant,
661 814 778 857 non
809 797 998 858 solum
1031 816 1348 877 corporum
1381 817 1498 859 non
1530 797 1783 861 futuram
1817 816 2027 862 resur-

391 883 740 964 rectionem,
776 903 976 946 verum
1014 887 1190 948 etiam
1219 887 1504 967 ipsasmet
1534 893 1759 949 animas
1792 888 2029 969 penitus

391 969 748 1044 aboleri,seu
778 975 836 1034 in
874 975 1124 1036 nihilum
1174 975 1467 1052 abire;alii
1501 995 1666 1058 vero,
1699 978 1792 1040 his
1826 977 2029 1056 utique

391 1061 829 1140 prudentiores,
856 1074 920 1126 ut
955 1065 1142 1139 Plato,
1168 1067 1354 1140 aiunt,
1392 1085 1606 1146 corpus
1630 1066 1871 1147 quidem
1897 1074 2028 1146 post

391 1158 641 1212 mortem
677 1172 1047 1236 nequaquam
1079 1153 1737 1229 substiturum,sednec
1768 1157 1824 1218 in
1860 1165 2029 1218 teter-

389 1255 530 1300 num
556 1242 628 1302 ad
655 1244 1095 1305 subsistentinm
1123 1263 1283 1305 suam
1307 1244 1844 1319 reversuruiuﬂoc
1866 1245 2024 1307 enim

394 1339 486 1390 est
509 1331 662 1409 quod
691 1332 832 1394 dicit
889 1335 1102 1400 ἰσάπαξ.
1140 1334 1450 1412 Indignum
1485 1335 1647 1398 enim
1682 1335 2026 1410 esse,aiunt,

393 1423 459 1478 ut
476 1421 780 1483 materiale
803 1442 1018 1503 corpus
1033 1425 1639 1486 animzeimmateriali
1657 1427 2020 1496 sitcozevum.

391 1509 648 1572 animam
670 1531 808 1574 vero
834 1514 1018 1576 solam
1048 1533 1177 1576 esse
1201 1515 1620 1577 immortalem.
1658 1515 1820 1578 ldem
1847 1517 2024 1577 etiam

387 1596 645 1662 Simonis
669 1603 947 1685 discipuli
969 1605 1468 1679 asserebant,non
1503 1606 1850 1685 cogitantes,
1887 1625 2023 1668 nec-

388 1687 528 1750 dum
554 1692 746 1754 edocti
770 1713 802 1756 a
829 1713 1043 1776 magno
1066 1695 1516 1775 apostoloPaulo
1539 1695 2026 1776 dicente,pignus

387 1786 445 1840 et
467 1781 879 1862 probationem
915 1786 1262 1848 universalis
1291 1786 1348 1848 in
1372 1787 1512 1846 274
1533 1803 1783 1866 corpore
1814 1785 2026 1848 futurae
2048 1816 2085 1865 Β
2106 1784 2399 1855 καθολικῆς

385 1874 1162 1938 resurrectionisDominum
1189 1882 1456 1937 nostrum
1481 1873 1686 1937 Jesum
1722 1874 2019 1936 Christum

387 1963 769 2045 exstitisse;et
794 1965 954 2046 quod
979 1965 1040 2026 in
1076 1965 1201 2046 ipso
1228 1965 1402 2026 modo
1424 1965 1771 2025 abscondita
1803 1963 1878 2025 sit
1909 1965 2021 2026 vita

385 2063 584 2117 nostra
615 2054 676 2116 in
712 2059 831 2119 Deo
879 2056 1195 2118 revelanda
1254 2056 1314 2116 in
1372 2054 1847 2135 regeneratione.
1904 2055 2020 2118 Alii

383 2160 522 2206 vero
549 2144 827 2207 dicebant
855 2163 1068 2226 corpus
1096 2154 1233 2207 tunc
1251 2163 1490 2206 aereum
1517 2143 1731 2205 animis
1753 2144 2017 2207 futurum

386 2235 458 2315 (si
485 2234 659 2296 modo
691 2234 952 2297 futurum
980 2235 1078 2314 sit)
1129 2244 1187 2296 et
1218 2254 1333 2296 non
1367 2242 1839 2297 resurrecturum
1867 2235 2016 2297 illud

383 2326 577 2406 ipsum
611 2325 768 2405 quod
807 2325 980 2386 modo
1011 2326 1294 2403 gerimus,
1355 2324 1704 2404 corporibus
1734 2343 1870 2401 quae
1900 2343 2016 2388 una

377 2413 758 2476 decertarunt
780 2415 836 2475 in
840 2415 1061 2494 juriam
1086 2415 1434 2494 irrogantes.
1464 2415 1574 2475 Alii
1602 2417 2011 2494 porro,nescio

383 2522 501 2581 quo
527 2511 695 2584 pacto
717 2503 790 2566 ad
829 2514 1097 2566 terrenas
1119 2504 1506 2583 cogitationes
1531 2504 1827 2584 provocati
1859 2506 2014 2567 scri-

384 2602 629 2672 pserunt
652 2591 730 2654 ibi
774 2593 940 2656 cibos
973 2602 1264 2675 potusque
1294 2593 1545 2655 sensiles
1574 2593 1824 2654 futuros.
1861 2595 2014 2656 Insi-

385 2683 551 2743 nuari
575 2682 739 2743 aiunt
769 2701 874 2761 per
899 2684 1011 2745 hoc
1033 2682 1683 2764 Pappiam,Hierapolis
1713 2683 1868 2746 Asize
1886 2683 2016 2764 epi-

375 2790 647 2852 scopum,
679 2771 778 2852 qui
799 2772 916 2834 dixi
945 2773 1190 2835 Joannis
1223 2774 1610 2852 exangelistae
1644 2773 2016 2852 temporibus

374 2860 706 2924 ﬂoruit.Hic
723 2862 1137 2942 enimPappias
1156 2862 1313 2923 libro
1329 2871 1539 2938 quarto
1551 2861 2013 2925 Domim'carum

377 2968 629 3014 suarum
660 2952 1167 3030 explanationum
1200 2951 1596 3031 scripsit,fore
1619 2952 1679 3012 in
1703 2969 2015 3014 resurrec-

382 3041 542 3104 tione
563 3040 890 3120 voluptates
913 3060 1043 3122 qum
1061 3041 1468 3121 percipiuntur
1485 3059 1553 3102 ex
1577 3040 1817 3102 cibiS'in
1852 3039 2014 3122 quod

2113 527 2246 604 βίον.
2281 527 2654 606 ἀπολήψονται
2685 528 2741 587 δὲ
2772 531 2860 588 καὶ
2904 531 3003 601 τὴν
3060 531 3266 601 θεοειδῆ
3297 531 3445 601 δόξαν
3507 539 3581 599 ὡς
3613 536 3757 612 μέλη

2117 623 2271 679 Θεοῦ.

2196 709 2226 784 Ξ
2263 717 2326 770 ll.
2361 715 2473 766 Τῶν
2509 709 2562 766 δὲ
2606 711 2828 790 ἀνιέρων
2860 716 2906 770 οἱ
2942 713 3038 789 μὲν
3069 715 3472 792 ἆλογιστότερον
3526 716 3602 790 μὴ
3655 719 3760 793 μό-

2115 819 2204 853 νον
2263 799 2529 874 σωμάτων
2583 802 2644 858 οὗ
2697 800 3000 874 δοξάζουσιν
3059 803 3424 883 ἐξανάστασιν,
3478 803 3613 862 ἀλλὰ
3664 810 3757 862 καὶ

2110 887 2205 952 τὰς
2266 889 2446 968 ψυχὰς
2506 891 2664 956 αὐτὰς
2739 893 2812 956 εἷς
2893 892 3098 949 τελείαν
3177 894 3489 973 ἆνυπαρξίαν
3549 909 3755 975 χωρεῖν

2110 975 2344 1040 οἴονται.
2380 981 2438 1036 Οἱ
2470 977 2524 1034 δὲ
2556 979 2902 1059 λογικώτεροι
2927 979 3079 1059 δῇθεν
3113 985 3310 1059 αὐτῶν,
3342 985 3413 1050 ὡς
3445 986 3473 1040 6
3503 984 3755 1068 Πλάτων,

2109 1067 2169 1123 τὸ
2205 1067 2301 1142 μὲν
2341 1072 2496 1142 σῶμα
2527 1070 2660 1144 μετὰ
2691 1072 2914 1128 θάνατον
2969 1070 3140 1130 οὐκέτι
3200 1075 3323 1152 φασὶ
3376 1067 3751 1156 συστήσεσθαι,

2111 1154 2234 1212 ἀλλ’
2265 1158 2338 1221 εἷς
2367 1160 2558 1222 αἰῶνας
2587 1162 2691 1240 οὐχ
2721 1161 3061 1241 ὑποστρέφειν
3093 1161 3168 1218 ἔτι
3221 1164 3351 1242 πρὸς
3381 1164 3447 1230 ἣν
3484 1163 3601 1244 ἔχει
3654 1154 3753 1223 ait;

2111 1266 2318 1306 στασιν’
2385 1255 2538 1306 τοῦτο
2596 1251 2696 1328 γάρ
2758 1251 2900 1307 ἐστιν
2955 1252 2982 1307 ὅ
3040 1274 3199 1322 φησιν
3279 1251 3521 1319 εἰσάπαξ,
3583 1254 3756 1313 Ἀνά-

2112 1335 2218 1402 ξιον
2251 1339 2348 1417 γάρ
2378 1361 2537 1419 φασιν
2571 1340 2714 1396 εἶναι
2767 1342 2826 1397 τὸ
2868 1340 3049 1398 ὑλικὸν
3095 1343 3450 1414 συναιωνίζειν
3480 1351 3547 1421 τῇ
3597 1343 3746 1402 άύλω

2111 1431 2291 1506 ψυχῇ,
2329 1428 2422 1495 τὴν
2468 1431 2650 1510 ψυχὴν
2681 1431 2851 1504 μόνην
2911 1428 3181 1496 ἀθανάτως
3231 1432 3516 1512 ὑπάρχειν,
3579 1435 3756 1492 Ταῦτα

2105 1517 2193 1573 καὶ
2251 1520 2298 1573 οἱ
2341 1518 2446 1574 ἀπὸ
2507 1519 2750 1593 Σίμωνος
2810 1517 3018 1600 ἔλεγον,
3080 1521 3174 1577 οὒκ
3231 1520 3576 1591 ἐννοήσαντες
3636 1523 3755 1583 οὖδὲ

2107 1606 2392 1682 μυηθέντες
2429 1609 2569 1686 παρὰ
2600 1619 2690 1667 τοῦ
2749 1609 2987 1687 μεγάλου
3040 1608 3342 1667 ἀποστόλου
3400 1613 3603 1670 Παύλου
3658 1612 3746 1669 λέ-

2111 1717 2318 1776 γοντος,
2353 1695 2628 1776 ἀρραϐῶνα
2675 1700 2768 1754 χαί
2828 1697 3095 1765 ἀπόδειξιν
3151 1706 3247 1766 τῆν
3309 1703 3444 1776 μετὰ
3502 1702 3754 1778 σώματος

2499 1787 2840 1851 ἀναστάσεως
2901 1791 2992 1845 τὸν
3073 1790 3259 1868 Κύριον
3316 1792 3473 1864 ημῶν
3545 1790 3755 1858 Ἰησοῦν

2109 1878 2332 1956 Χριστὸν
2364 1879 2710 1958 γεγενῆσθαι,
2771 1879 2858 1934 καὶ
2901 1878 2983 1934 ὅτι
3045 1882 3100 1934 ἐν
3137 1881 3278 1955 αὖτῷ
3326 1884 3413 1938 νῦν
3465 1881 3752 1960 κέκρυπται

2105 1965 2141 2032 ἠ
2195 1967 2305 2036 ζωὴ
2363 1969 2518 2042 ἡμῶν
2575 1967 2628 2022 ἐν
2685 1969 2761 2041 τῷ
2843 1975 2958 2042 Θεῷ
3039 1971 3521 2048 φανερωθησομένη
3580 1973 3633 2028 ἐν
3687 1981 3758 2050 τῇ

2107 2055 2506 2135 παλιγγενεσία,
2601 2054 2803 2114 ’Ἄλλοι
2857 2057 2912 2114 δὲ
2969 2059 3191 2131 αἰθέριον
3257 2058 3484 2141 ἔφασκον
3539 2059 3755 2120 ἔσεσθαι

2106 2145 2177 2216 (εἴ
2207 2168 2266 2225 γε
2308 2148 2396 2203 καὶ
2429 2146 2660 2218 ἔσεσθαι)
2695 2154 2849 2223 σῶμα
2879 2162 3001 2210 ταῖς
3035 2151 3274 2229 ψυχαῖς,
3328 2151 3413 2207 καὶ
3473 2153 3568 2207 οὒκ
3621 2153 3750 2211 αὐτὸ

2099 2241 2252 2292 τοῦτο
2316 2234 2768 2306 ἐξαναστήσεσθαι
2829 2239 2856 2292 ὃ
2916 2239 3279 2316 περικείμεθα,
3342 2238 3644 2305 ἀδικοῦντες
3680 2242 3746 2298 τὰ

2098 2325 2494 2395 συναθλήσαντα
2549 2327 2796 2402 σώματα.
2861 2325 3060 2384 ’Ἀλλοι
3107 2327 3185 2403 δὲ,
3219 2330 3314 2385 οὒκ
3345 2330 3454 2386 οἷδ’
3485 2330 3629 2389 ὅπως
3665 2334 3738 2396 εἷς

2097 2413 2297 2480 ἐννοίας
2355 2415 2570 2480 ὑλικὰς·
2621 2417 3017 2490 ἆποκλιθέντες,
3079 2421 3275 2498 τροφὰς
3353 2421 3603 2486 αἰσθητὰς
3665 2424 3752 2478 καὶ

2104 2506 2287 2568 πόσεις
2347 2508 2524 2563 ἐκεῖσε
2586 2506 2952 2584 γενησομένας
3035 2507 3366 2586 ἀνέγραψαν.
3451 2509 3745 2567 Αἰνίττεται

2099 2592 2179 2669 δὲ,
2214 2597 2392 2675 φασὶν,
2447 2598 2518 2659 εἰς
2580 2597 2828 2653 Παππίαν
2859 2597 2949 2653 τὸν
2983 2587 3330 2677 Ἰεραπόλεως
3401 2601 3500 2666 τῆς
3566 2597 3751 2665 Ἀσίας

2099 2683 2411 2764 ἐπίσκοποι,
2471 2688 2563 2742 τὸν
2650 2690 2722 2759 τῷ
2775 2687 2897 2760 θείῳ
2955 2687 3042 2743 χάὶ
3094 2686 3448 2765 εὐαγγελιστῇ
3521 2689 3748 2766 ’[ωάννῃ

2100 2776 2531 2849 συνακμάσαντα.
2567 2778 2730 2838 Οὗτος
2763 2779 2863 2854 γὰρ
2914 2779 2942 2833 ὁ
2988 2778 3236 2840 Παππίας
3281 2777 3334 2834 ἐν
3393 2784 3472 2851 τῷ
3518 2780 3751 2857 τετάρτῳ

2099 2862 2285 2941 βιϐλίῳ
2315 2865 2420 2920 τῶν
2454 2873 2728 2942 Κυριακῶν
2760 2865 2921 2924 αὒτοῦ
2949 2865 3254 2946 ἐξηγήσεων
3304 2868 3398 2931 τὰς
3454 2866 3542 2923 διὰ
3603 2869 3752 2945 βρω-

2102 2954 2285 3029 μάτων
2317 2954 2472 3011 εἶπεν
2533 2953 2587 3009 ἐν
2636 2961 2702 3031 τῇ
2733 2956 3020 3012 ἀναστάσει
3075 2957 3423 3021 ἆπολαύσειςο
3487 2963 3560 3022 εἰς
3621 2957 3748 3037 ὅπερ

2101 3040 2274 3120 δόγμα
2323 3044 2411 3100 καὶ
2461 3046 2487 3099 6
2559 3043 2961 3125 Ἀπολλινάριος
3021 3047 3155 3122 μετὰ
3225 3054 3389 3104 ταῦτα
3446 3047 3746 3112 ἐπίστευσε,

380 3130 623 3208 quidem
648 3129 860 3209 dogma
892 3130 1268 3212 postmodum
1315 3130 1717 3210 Apollinarius
1739 3130 2013 3193 credidit.

2109 3138 2223 3195 Πῶς
2254 3133 2342 3188 οὖν
2403 3132 2813 3213 Ἀπολλιναρίου
2871 3142 3034 3192 ταῦτα
3087 3137 3152 3192 τὰ
3195 3140 3287 3193 τοῦ
3343 3139 3491 3215 ἁγίου
3551 3147 3748 3197 Διονυ-

377 3219 683 3293 Quomodo
740 3221 920 3300 igitur
963 3220 1316 3300 Apollinarii
1376 3230 1551 3282 erunt
1584 3221 1799 3300 scripta
1829 3221 2019 3282 sancti

2109 3223 2215 3280 σίο)
2287 3223 2676 3300 συγγράμματα
2745 3225 2880 3281 κατὰ
2963 3227 3085 3289 τούς
3163 3248 3321 3282 τινων
3404 3226 3622 3306 λήροδς,
3684 3228 3749 3283 τὰ

375 3311 998 3390 Dionysii,secundum
1026 3328 1210 3387 nugas
1236 3309 1596 3390 aliquorum,
1625 3328 1771 3391 quas
1790 3311 2016 3392 Apolli-

2109 3312 2412 3390 izvatpo3vt1
2444 3309 2848 3390 Ἀπολλινάριον
2883 3334 2898 3388 ;
2954 3313 3106 3370 Ἀλλ’
3139 3315 3232 3371 οὒκ
3266 3313 3328 3370 ἅν
3358 3339 3436 3380 τις
3470 3316 3575 3372 τῶν
3596 3319 3747 3395 ἱερῶν

378 3399 610 3461 narium
644 3399 929 3462 refutant?
953 3398 1069 3462 Sed
1103 3418 1278 3460 nemo
1301 3399 1558 3460 virorum
1583 3399 1907 3480 proborum
1941 3400 2013 3462 ad

2109 3400 2297 3480 ὶνδρῶν
2358 3403 2431 3464 εἰς
2501 3403 2751 3467 τοιαύτας
2804 3403 3027 3468 ἀτοπίας
3103 3406 3550 3484 ἀπενεχθήσεταιο
3613 3405 3751 3462 ἀλλᾶ

375 3489 707 3552 istiusmodi
739 3489 1138 3551 absurditates
1165 3488 1735 3569 abducetur,verum
1766 3489 2016 3553 creden-

2109 3491 2460 3566 πιστεύοντες,
2537 3490 2616 3547 ὅτι
2679 3491 2946 3567 λήψονται
2977 3495 3075 3561 τὴν
3137 3494 3448 3573 Χριστοειδῆ
3480 3495 3655 3575 λῆξιν,
3690 3499 3749 3554 οὗ

376 3589 466 3644 tes
479 3579 1020 3642 seChristiformem
1037 3587 1254 3641 sortem
1269 3579 2015 3660 adepturos,mutationem

2109 3581 2196 3649 τήν
2229 3582 2313 3639 ἐπὶ
2369 3582 2593 3638 θάνατον
2652 3579 2948 3648 δεδοικότες
3003 3584 3230 3665 τροπὴν,
3305 3584 3428 3640 ἀλλ’
3459 3588 3517 3640 εὗ
3551 3583 3748 3649 εἰδότες

377 3670 584 3732 mortis
603 3668 848 3731 minime
861 3669 1287 3746 formidabunt,
1300 3668 1482 3750 probe
1495 3670 1752 3732 scientes
1779 3688 1844 3732 se
1861 3669 2017 3733 bona

2109 3672 2177 3729 in
2209 3674 2273 3729 τὰ
2307 3674 2563 3740 κτηθέντα
2608 3673 2744 3732 καλὰ
2772 3674 2998 3749 βεϐαίως
3049 3676 3274 3743 ἕξουσιν,
3338 3680 3397 3736 Οἱ
3457 3677 3513 3734 δὲ
3564 3679 3747 3756 ἁμαρ-

375 3767 541 3842 parta
563 3759 853 3822 stabiliter
875 3758 1643 3839 possessuros.Peccatores
1666 3779 1801 3822 vero
1830 3760 2016 3842 siqui-

2109 3762 2278 3838 τωλοὶ,
2343 3763 2497 3841 εἴπερ
2557 3764 2663 3820 εἰσί
2693 3766 2780 3822 καὶ
2839 3765 3198 3842 μεμυημένοι,
3256 3767 3370 3823 ἐπεὶ
3429 3770 3560 3845 πρὸς
3621 3769 3748 3824 ἐπι-

378 3849 512 3912 dem
535 3867 764 3911 sacram
798 3849 1104 3911 hauserint
1134 3850 1783 3930 institutioneni,eaque
1807 3851 2014 3929 negle-

2109 3853 2282 3926 ὶυμίας
2315 3851 2793 3928 άπηυτομόλησαν,
2857 3852 2984 3910 ὅταν
3033 3857 3162 3934 πρὸς
3231 3856 3290 3912 τὸ
3323 3855 3473 3919 τέλος
3533 3858 3747 3936 ἕρχων-

377 3939 572 4019 cta,ad
603 3939 1112 4018 concupiscentias
1171 3957 1278 4000 sua
1335 3948 1548 4019 sponte
1579 3939 1838 4001 devoluti
1872 3941 2012 4016 sint,

2109 3963 2209 4022 ται,
2270 3940 2442 3998 οὐκέτι
2524 3942 2645 3998 τότε
2703 3943 3162 4023 εὔκαταφρόνητον
3235 3947 3325 4002 τὸν
3381 3949 3527 4003 θεῖον
3582 3945 3747 4020 νόμον

376 4047 512 4090 cum
545 4028 617 4088 ad
651 4031 780 4088 vitae
811 4029 987 4089 finem
1043 4030 1458 4107 pervenerint,
1495 4047 1611 4088 non
1665 4028 1786 4106 jam
1821 4029 2014 4107 legem

2109 4031 2396 4109 λογίζονται
2430 4033 2503 4095 ὡς
2534 4033 2621 4089 καὶ
2677 4032 2956 4113 πρότερον,
2995 4034 3117 4091 ἀλλ’
3186 4034 3386 4113 ἑτέροις
3447 4035 3748 4115 ὀφθαλμοῖς

379 4116 639 4179 divinam
671 4135 838 4197 aeque
869 4123 930 4176 ut
961 4117 1126 4197 prius
1158 4115 1584 4196 despicabilem
1621 4117 1960 4179 existimant
1999 4139 2013 4194 ;

2109 4135 2304 4200 νοεροϊς
2362 4121 2548 4178 λοιπὸν
2610 4123 2696 4178 καὶ
2757 4124 2823 4178 τά
2892 4123 3070 4180 ἐκεῖσε
3127 4133 3437 4198 σκοποῦσιν,
3505 4127 3744 4183 ἀποσκο-

380 4204 816 4284 sedaliislonge
835 4205 1422 4286 oculis,spiritalibus
1443 4204 1684 4267 demum
1703 4214 1760 4270 et
1788 4225 1857 4270 ea
1888 4227 2019 4288 qua:

2109 4218 2322 4275 ποῦντες
2410 4213 2475 4269 τὰ
2528 4211 2727 4288 ἐκεῖσε,
2801 4213 2890 4270 καὶ
2973 4216 3048 4270 ὧν
3106 4214 3505 4288 ἐκπεπτώκασι,
3565 4238 3746 4290 μακα-

381 4295 499 4356 illic
528 4303 667 4356 sunt
696 4294 1086 4376 intuentibus,
1123 4313 1195 4357 ea
1248 4313 1378 4375 quae
1435 4293 1519 4355 ibi
1576 4305 1716 4357 sunt
1746 4298 2019 4361 conside-

2109 4303 2295 4380 ρίζουσι
2376 4302 2470 4378 μὲν
2555 4302 2677 4366 τοὺς
2766 4302 2980 4359 ἐκείνων
3085 4303 3410 4380 ἁψαμένους,
3499 4305 3745 4367 ἐλεεινῶς

379 4393 602 4463 rantes,
641 4395 700 4448 et
731 4385 946 4468 quibus
1003 4385 1176 4448 bonis
1233 4385 1566 4448 exciderint
1613 4389 2019 4469 expendentes

2109 4390 2156 4448 δὲ
2211 4397 2308 4460 τῆς
2367 4391 2642 4467 παρούσης
2719 4397 2863 4463 ζωῆς
2938 4393 3351 4473 ἆποσχίζονται,
3433 4398 3528 4454 οὐκ
3582 4394 3749 4474 ἕχον-

382 4475 588 4538 beatos
617 4475 857 4557 quidem
884 4475 1210 4556 praedicant
1239 4493 1341 4538 eos
1369 4475 1473 4557 qui
1498 4475 1600 4538 illa
1629 4477 1828 4558 adepti
1851 4487 2014 4560 sunt,

379 4565 578 4627 miseri
611 4575 806 4628 autem
853 4574 912 4630 et
941 4565 1108 4627 inviti
1139 4584 1209 4629 ex
1233 4566 1339 4628 bac
1367 4567 1485 4627 vita
1515 4567 1838 4648 decedunt,
1875 4586 2020 4648 pro-

379 4663 512 4737 pter
540 4657 716 4720 vitam
741 4673 904 4718 suam
930 4656 1272 4736 pessimam,
1309 4656 1470 4718 nulla
1502 4657 1710 4718 salutis
1733 4676 1838 4738 spe
1861 4657 2014 4722 fulti.

460 4748 488 4828 §
517 4746 622 4811 III.
671 4747 816 4810 Cum
844 4747 904 4806 in
935 4754 1273 4808 sanctorum
1305 4745 1844 4810 obdormitionibus
1869 4747 2018 4810 nihil

379 4838 590 4898 horum
623 4835 880 4912 accidat,
912 4835 962 4896 is
985 4836 1227 4913 quidem
1263 4835 1360 4918 qui
1392 4836 1467 4898 ad
1502 4837 1632 4900 vitae
1661 4837 1836 4899 tinem
1873 4855 2016 4919 pro-

381 4933 568 5007 perat,
603 4925 818 5006 gaudet
846 4945 914 4988 se
941 4926 1012 4988 ad
1046 4934 1307 4987 sanctam
1330 4928 1840 5005 regeneratianem
1874 4945 2016 5009 per-

383 5017 609 5091 venire,
640 5015 906 5078 defuncti
935 5025 1134 5078 autem
1190 5015 1533 5098 familiares,
1571 5017 1872 5098 spiritales
1905 5036 2016 5097 po-

381 5108 496 5170 tius
528 5123 703 5185 quam
737 5106 1005 5167 carnales
1049 5107 1182 5185 (hoc
1214 5108 1370 5169 enim
1405 5117 1492 5170 est
1518 5123 1622 5187 pro
1637 5107 1774 5186 jure
1805 5107 2018 5171 divinae

379 5195 1100 5278 propinquitatis)beatum
1120 5196 1317 5277 ipsum
1336 5195 1749 5278 praedicante
1763 5198 2017 5262 similem

379 5288 558 5349 tinem
576 5285 984 5348 beatissimum
1011 5285 1125 5368 ipsi
1147 5305 1387 5368 quoque
1406 5288 1690 5368 consequi
1714 5297 2012 5370 exoptant.

376 5377 620 5439 Portant
644 5384 841 5438 autem
861 5376 1054 5458 ipsum
1087 5377 1160 5440 ad
1187 5378 1558 5456 episcopum,
1585 5378 1754 5460 quasi
1784 5384 2020 5440 coronis

378 5466 812 5556 munerandum
850 5485 866 5544 ;
901 5467 997 5531 liic
1039 5485 1187 5530 vero
1219 5467 1414 5554 ipsum
1445 5465 1748 5556 excipiens
1778 5469 1830 5528 ei
1858 5468 2020 5549 justa

378 5555 678 5638 persolvit.

2101 4503 2189 4546 τες
2245 4479 2432 4538 ἐλπίδα
2509 4480 2778 4560 σωτηρίας
2858 4479 2942 4540 διὰ
3017 4484 3119 4552 τὴν

2103 4573 2230 4650 γῆν.

3203 4484 3484 4563 χειρίστην
3541 4482 3748 4562 διαγω-

2179 4748 2207 4828 §
2265 4758 2354 4808 Ill.
2409 4750 2622 4807 Τούτων
2650 4747 2861 4816 οὒδενὸς
2924 4737 3220 4828 γινομένων
3307 4751 3443 4809 κατᾶ
3494 4754 3588 4817 τὰς
3642 4760 3748 4810 τῶν

2099 4839 2262 4917 ἁγίων
2320 4837 2518 4916 ἀνδρῶν
2576 4839 2892 4920 κοιμήσεις,
2926 4840 3085 4904 αὐτὸς
3133 4842 3230 4915 μὲν
3288 4843 3316 4898 6
3373 4843 3502 4921 πρὸς
3559 4845 3621 4899 τὸ
3647 4844 3748 4899 πέ-

2100 4951 2192 5006 ρας
2243 4929 2560 5008 ἐρχόμενος,
2620 4931 2796 5009 χαίρει
2852 4927 3137 4987 ἐπιϐαίνων
3189 4936 3287 4998 τῆς
3342 4933 3483 5011 ἱερᾶς
3547 4932 3750 5010 παλιγιο

2099 5020 2362 5099 γενεσίας,
2431 5023 2476 5076 οἱ
2521 5017 2575 5074 δὲ
2636 5026 2729 5077 τοῦ
2787 5020 3138 5095 κοιμηθέντος
3193 5023 3411 5101 οἰκεῖοι,
3473 5025 3522 5078 οἱ
3581 5045 3746 5078 πνευ-

2099 5111 2315 5185 ματικοὶ
2345 5107 2548 5183 μᾶλλον
2578 5109 2715 5188 ἤπερ
2745 5112 2791 5166 οἱ
2824 5111 2959 5168 κατὰ
3012 5113 3180 5190 σὰρκα
3210 5111 3393 5189 (τοῦτο
3475 5112 3579 5190 γάρ
3636 5112 3748 5169 ἐστι

2101 5202 2164 5256 τὸ
2215 5200 2351 5256 κατὰ
2404 5201 2499 5267 τὴν
2559 5199 2700 5256 θείαν
2765 5199 3105 5279 οἶκειότητα)
3163 5200 3318 5260 αὐτόν
3403 5223 3462 5257 τε
3509 5203 3746 5282 μακαρί-

2100 5299 2246 5364 ζουσι
2303 5291 2390 5345 καὶ
2448 5290 2685 5346 τοιοῦτον
2744 5291 3074 5369 μακαριστὸν
3143 5289 3296 5353 τέλος
3355 5289 3602 5370 εὔχονται
3665 5294 3753 5350 καὶ

2101 5381 2250 5436 αὐτοὶ
2279 5378 2566 5454 λήψεσθαι.
2617 5375 2855 5457 ’Ἃγουσι
2885 5378 2940 5436 δὲ
2970 5389 3155 5439 τοῦτον
3189 5378 3282 5436 ἐπΐ
3313 5381 3403 5437 τὸν
3464 5381 3747 5462 ἱεράρχην,

2101 5472 2173 5532 ὡς
2208 5469 2292 5525 ἐπὶ
2325 5466 2465 5525 δόσιν
2512 5467 2805 5548 στεφάνων·
2867 5471 2894 5528 6
2925 5467 3006 5551 δὲ,
3038 5467 3367 5554 δεχόμενος,
3399 5468 3610 5529 deum
3663 5473 3753 5532 ἐπὶ

2103 5560 2272 5640 τούτῳ
2300 5558 2365 5614 τὰ
2395 5556 2538 5620 ὅσια.
