4088 6208
333 319 462 386 573
829 323 926 385 DE
971 320 1269 387 ECCLES.
1317 321 1766 403 HIERARCH.,
1806 323 1968 386 CAP.
2018 323 2152 388 vn.
2201 359 2267 371 -
2306 307 2689 392 PARAPHR.
2726 332 3216 400 PACHYMERIE
3584 332 3701 402 574

955 472 996 519 Il
1009 509 1021 523 .
1059 463 1380 541 Μυστήριον.
1995 465 2036 512 Δ
2545 467 2569 525 ς

1995 465 2036 512 Δ
2545 466 2683 526 275
2715 468 2785 529 ll.
2824 468 3201 547 Mysterium.

413 560 736 638 Συναγαγὼν
765 561 852 616 τὸν
884 558 1082 638 κλῆρον
1117 586 1142 638 ς.
1174 566 1455 643 ἱεραρχης,
1493 566 1535 620 εί
1557 563 1655 638 μὲν
1683 567 1788 619 τῶν
1815 564 1975 640 ἱερω-

2142 561 2471 643 Episcopus
2489 566 2714 627 clerum
2728 568 3420 649 congregans,siquidem
3442 573 3502 636 in
3517 573 3703 638 sacris

321 649 501 726 μένων
561 650 699 706 ἐστὶν
754 651 782 706 6
844 651 1262 728 κεκοιμημένος,
1323 653 1634 733 ἐπίπροσθεν
1689 659 1780 710 τοῦ
1842 652 1935 708 θείς

2085 657 2249 745 uerat
2274 655 2375 734 qui
2399 654 2790 745 obdormivit,
2824 665 2960 719 ante
2992 658 3256 721 divinum
3286 662 3473 726 altare
3503 667 3699 745 ipsum

317 740 692 818 θυσιαστηρίου
744 739 999 796 κατακλίν
1013 763 1100 821 ας²
1134 748 1240 799 τῶν
1274 744 1451 823 εὐχῶν
1508 746 1594 800 καὶ
1624 743 1717 810 τῆς
1751 743 1931 822 εὔχαρι

2084 741 2377 818 nclinans,
2394 743 2528 807 intit
2555 745 2930 825 precationes
2945 753 2999 808 et
3016 748 3335 827 gratiarum
3359 739 3653 817 actionem
3680 772 3697 819 :

319 831 472 894 στίας
525 829 853 909 ἀπάρχεταιο
912 830 1088 910 εὐχῶν
1130 833 1246 908 μὲν,
1278 835 1408 913 ὑπὲρ
1456 839 1561 890 τῶν
1618 831 1933 910 ἆγνεημάτα

2087 850 2270 923 greces
2299 833 2564 914 quidem,
2597 855 2778 916 super
2807 837 3169 916 ignorantias
3199 839 3464 904 defuncti
3492 861 3507 916 ;
3563 862 3701 923 gra-

316 922 416 977 τοῦ
466 920 882 995 κεκοιμημέιουο
939 923 1284 1001 εὐχαριστίας
1337 922 1413 1000 δὲ,
1449 923 1579 1000 ὒπὲρ
1622 925 1696 978 ὧν
1744 919 1930 998 ἧμϐλυπ

2085 920 2276 984 iarum
2309 941 2444 986 vero
2467 925 2784 998 actionem,
2812 927 2950 1006 quia
2989 927 3301 1009 (Christus)
3344 931 3549 994 mortis
3568 919 3695 997 vsti-

318 1011 507 1067 τὸτοῦ
551 1009 773 1066 θανάτου
806 1009 1047 1088 κέντρον,
1078 1013 1165 1068 καὶ
1208 1011 1373 1078 οὕτως
1423 1012 1658 1084 ἠδυνήθη
1705 1009 1829 1090 παρ’
1875 1014 1932 1069 αὖ

2083 1011 2287 1074 nulum
2319 1012 2642 1095 hebetavit,
2667 1022 2843 1096 atque
2864 1015 2942 1077 ita
2963 1017 3094 1097 ejus
3115 1019 3333 1080 auxilio
3357 1019 3540 1082 fretus
3559 1021 3697 1084 boni

321 1110 419 1158 τοῦ
447 1099 804 1176 βοηθούμενος
837 1105 1166 1178 κατορθῶσαι
1203 1125 1344 1167 τινα,
1379 1105 1435 1162 Εἰ
1467 1102 1519 1160 δὲ
1562 1103 1804 1183 μοναχός
1835 1103 1935 1158 ἐστι

2084 1102 2370 1182 ιιιίἀρίοῐη
2402 1122 2581 1182 agere
2610 1107 2818 1184 potuit.
2864 1105 2968 1166 Sin
3026 1115 3221 1169 autem
3285 1109 3506 1172 sanctis
3564 1129 3698 1174 mo-

321 1188 362 1257 ἢ
394 1191 580 1252 πιστὸς
613 1189 674 1245 ἐκ
705 1199 794 1248 τοῦ
830 1192 971 1268 ἱεροῦ
1019 1190 1170 1272 λαοῦ,
1203 1193 1344 1269 ποιρέ
1392 1196 1482 1250 τὸν
1515 1195 1746 1273 νάρθηκα
1801 1214 1935 1249 κατα

2084 1192 2265 1254 iachis
2295 1201 2577 1254 sanctove
2611 1195 2829 1274 populo
2862 1206 3208 1275 aggregatus
3233 1206 3378 1274 erat,
3406 1200 3575 1278 juxta
3596 1219 3698 1264 sa-

323 1279 512 1338 κλίνει.
563 1280 634 1336 Τὸ
689 1277 742 1334 δὲ
786 1281 887 1356 πρὸ
932 1286 1031 1347 τῆς
1089 1285 1362 1360 ἱερατικῆς
1416 1283 1754 1345 εἷσελεύσεως
1816 1280 1937 1348 δηλε

2085 1282 2314 1343 ,rarium
2339 1283 2611 1347 collocat.
2639 1284 2788 1346 lllud
2810 1293 3029 1366 autem,
3058 1289 3138 1348 ad
3165 1277 3540 1351 sacerdotum
3597 1296 3699 1354 in-

323 1367 410 1424 ὅτι
461 1368 768 1447 ἐπίπροσθεν
801 1375 906 1427 τῶν
968 1369 1282 1446 ψαλλόντῶν
1315 1372 1510 1453 ὀφείλει
1541 1376 1771 1431 κεῖσθαι.
1838 1371 1937 1429 Εἴτ

2081 1374 2652 1451 rressum,significat
2676 1374 2843 1436 illum
2868 1393 3062 1436 coram
3090 1377 3480 1456 psallentibus
3497 1381 3695 1458 jacere

324 1460 350 1515 6
396 1459 496 1533 μὲν
537 1460 799 1537 ἱεραρχης
845 1461 936 1515 τὸν
996 1460 1287 1539 εὖλογητὸν
1338 1464 1600 1543 ἒκφωνεῖ,
1633 1462 1754 1529 ἑξῆς
1813 1460 1867 1516 δὲ
1929 1484 1938 1516 ι

2081 1461 2302 1526 lebere.
2326 1462 2545 1526 Praesul
2578 1463 2797 1526 deinde
2828 1463 3304 1528 benedictionem
3333 1470 3695 1548 pronuntiat,

323 1546 555 1605 διάκονοι
601 1549 662 1604 τὰ
709 1548 981 1629 πρόσφορα
1039 1551 1190 1628 ἱερῶς
1249 1551 1456 1624 ᾅδουσι,
1515 1553 1677 1610 ταῦτα
1722 1553 1821 1631 γάρ
1875 1553 1937 1606 εἰς

2085 1552 2341 1632 leinceps
2371 1571 2509 1615 vero
2543 1554 2777 1616 diaconi
2814 1573 2880 1616 ea
2921 1574 3058 1632 quae
3109 1546 3468 1620 conveniunt
3498 1546 3699 1624 sancte

321 1638 388 1694 τὰ
416 1635 785 1712 ταύτοδύναμα
840 1641 926 1695 καὶ
973 1639 1239 1719 ὁμόλογα,
1277 1641 1526 1709 δηλονότι
1572 1644 1636 1698 τὰ
1673 1656 1790 1705 τοῖς
1838 1664 1935 1720 προ

2082 1651 2373 1709 :oncinunt
2397 1675 2408 1707 :
2433 1651 2525 1710 illa
2551 1653 2700 1709 enim
2726 1654 3272 1725 suntmqnivalentia
3297 1667 3351 1714 et
3373 1659 3696 1728 synonima,

323 1726 589 1801 κειμένοις
620 1728 900 1805 σύμφωνα.
952 1730 1091 1786 Εἶτα
1123 1733 1150 1786 ὁ
1212 1730 1586 1811 ἀρχιδιάκονος
1629 1731 1846 1789 ἀπολύει
1878 1731 1937 1806 μὲ

2083 1752 2195 1810 [uae
2224 1733 2504 1795 nimirum
2531 1741 2871 1812 congruunt
2891 1735 3208 1798 defunctis.
3234 1737 3382 1799 Tum
3401 1726 3697 1802 archidia-

319 1817 445 1880 τοὺς
503 1814 968 1898 κατῇχοωμένους,
1004 1820 1126 1876 εἶτα
1161 1820 1513 1900 ἀνακηρύττει
1559 1822 1624 1878 τὰ
1652 1828 1759 1878 τῶν
1818 1822 1933 1900 ἁγία

2080 1842 2248 1886 :onus
2279 1825 2738 1886 catechumenos
2768 1823 3029 1900 dimittit,
3082 1835 3539 1905 sanctorumque
3570 1830 3694 1910 jam

320 1905 519 1985 ἀνδρῶν
564 1909 653 1963 καὶ
702 1909 1114 1984 κεκοιμημένων
1158 1911 1419 1991 ὀνόματα,
1449 1912 1566 1983 μεθ’
1597 1915 1668 1967 ὧν
1713 1911 1856 1977 ἀξιοῖ
1883 1913 1934 1969 τὶ

2080 1913 2473 1976 Iefunctorum
2506 1919 2746 1975 nomina
2766 1923 3064 1995 recenset,
3090 1915 3304 1998 quibus
3336 1905 3694 1998 praesentem

317 1999 670 2076 προκείμενον
727 2003 822 2063 τῆς
861 1998 1196 2077 ἀναῤῥήσεως
1246 2003 1467 2076 ταύτης,
1503 2004 1590 2058 καὶ
1624 2001 1931 2080 προτρέπετε

2083 2004 2398 2066 lefunctum
2432 2004 2639 2066 eadem
2673 2007 3243 2069 commemoratione
3259 2026 3578 2087 aggregare
3608 2008 3697 2069 di-

320 2087 521 2151 πάντας
563 2087 691 2164 ὑπὲρ
723 2087 882 2142 αὐτοῦ
929 2089 1142 2156 αἰτῆσαι
1173 2090 1275 2157 τὴν
1327 2091 1380 2146 ὲν
1411 2097 1622 2168 Χριστῷ
1676 2089 1934 2146 τελείωσικ

2081 2101 2289 2175 matur,
2323 2095 2705 2175 hortaturque
2755 2113 2984 2170 omnes,
3044 2095 3158 2176 ipsi
3217 2104 3278 2157 ut
3337 2095 3575 2160 beatum
3633 2098 3695 2160 in

318 2181 460 2234 Εἶτα
510 2178 536 2231 ὁ
565 2177 824 2256 ἱεράρχης
869 2178 1037 2255 εὖγὴν
1068 2179 1200 2254 ὑπὲρ
1265 2187 1356 2236 τοῦ
1416 2179 1809 2255 κεκοιμημένον
1845 2202 1932 2236 ποι

2077 2183 2292 2247 3hristo
2353 2185 2534 2247 tinem
2594 2192 2815 2266 petant.
2870 2184 3016 2246 Tum
3077 2187 3369 2250 accedens
3417 2190 3691 2259 antistes,

317 2278 488 2339 ιϊται,
521 2267 609 2321 καὶ
665 2265 958 2336 ἀσπάζεται
1003 2275 1214 2343 τοῦτον,
1251 2271 1336 2327 καὶ
1388 2271 1486 2326 σὺν
1517 2271 1659 2332 αὖτῷ
1691 2273 1736 2326 οἱ
1784 2269 1930 2346 ἕτερο

2083 2293 2297 2336 ιιδθοειη
2331 2292 2563 2336 sacram
2600 2265 2792 2355 auper
2832 2275 3114 2337 defuncto
3161 2276 3405 2356 peragit,
3441 2295 3697 2358 eumque

314 2357 470 2412 Μετὰ
523 2365 687 2414 ταῦτα
717 2355 930 2435 ἐπιχέει
979 2359 1149 2430 τούτῳ
1180 2360 1240 2414 τὸ
1292 2359 1440 2437 ἅγιον
1503 2359 1704 2433 ἔλαιον,
1737 2361 1824 2416 καὶ
1879 2360 1928 2414 τί

2079 2365 2290 2440 :alutat,
2327 2373 2547 2426 etcum
2582 2367 2708 2446 ipso
2741 2366 2962 2427 caeteri.
3006 2355 3216 2428 Postea
3273 2355 3523 2427 attondit
3582 2355 3693 2446 ipsi

313 2444 600 2516 ἀπόλυσιν,
637 2444 753 2512 ἥτις
800 2444 1015 2524 λέγεται
1070 2448 1200 2524 ὑπὲρ
1251 2449 1465 2507 πάντων
1527 2449 1692 2529 εὐχὴ,
1737 2451 1927 2515 ποιησέ

2081 2473 2288 2515 ιεοτυιῐι
2320 2455 2540 2535 oleum,
2577 2444 2634 2516 et
2663 2453 3016 2536 impertiens
3045 2454 3501 2529 absolutionem,
3565 2444 3695 2536 quae

313 2559 500 2617 μενος,
531 2537 820 2605 ἆποτίθηπι
854 2541 914 2594 τὸ
947 2539 1104 2614 σῶμα
1164 2540 1217 2599 ἐν
1250 2540 1388 2617 οἴκῳ
1417 2542 1576 2617 τιμίῳ
1627 2538 1743 2618 μεθ’
1777 2540 1927 2618 ἑτέρω

2079 2545 2388 2605 :ommunis
2409 2543 2596 2607 oratio
2626 2551 2887 2614 vocatur,
2947 2545 3077 2606 loco
3133 2544 3422 2607 honorato
3476 2561 3693 2624 corpus

312 2627 595 2706 ὁμοταγῶν
627 2631 778 2706 ἱερῶν
808 2649 1104 2704 σωμα-των,

2076 2633 2307 2695 :ollocat
2363 2652 2481 2696 una
2546 2653 2678 2696 cum
2719 2633 3046 2715 aaqualibus
3127 2633 3259 2696 aliis
3340 2633 3690 2714 corporibus

2051 2725 2296 2787 sanctis.

961 2819 1029 2867 III
1044 2854 1055 2869 .
1103 2810 1324 2890 Θεωρία.
1766 2885 1784 2890 _
2572 2808 2575 2867 Ῐ

1766 2885 1784 2890 _
2572 2806 2676 2868 ΙΙΙ.
2713 2804 3175 2886 Contemplatio.

401 2895 430 2974 ξ
464 2907 514 2955 Ι.
564 2903 742 2954 Ταῦτα
775 2897 873 2972 μὲν
905 2898 1057 2976 εἴπερ
1088 2885 1254 2956 ἴδοιεν
1297 2901 1331 2968 ἢ
1384 2899 1660 2958 ἀκούσαιεν
1690 2903 1736 2958 οἱ
1766 2885 1970 2968 ’Ἐλλη-

2132 2900 2239 2979 δι.
2292 2898 2430 2961 Haec
2478 2899 2719 2980 quidem
2771 2900 2822 2961 si
2851 2885 3189 2980 aspexerint
3230 2899 3503 2981 gentiles,
3535 2899 3694 2963 vela

320 3008 406 3048 νες
452 2984 744 3059 τελούμενα
793 2985 924 3066 παρ’
985 2990 1161 3067 ἡμῶν,
1196 2989 1367 3047 πλατὺ
1411 2989 1746 3068 γελάσουσιν·
1809 2993 1934 3065 ἡμεῖ

2083 2988 2226 3050 ιοὺίε
2251 2989 2380 3050 ﬁeri
2411 2989 2827 3064 inaudiverint,
2864 2989 3100 3070 profuse
3116 2989 3429 3053 ridebunt:
3466 3008 3574 3052 nos
3595 3009 3697 3052 au-

315 3075 398 3154 δὲ,
432 3077 524 3131 τὸν
578 3082 912 3154 φωταγωγὸν
967 3075 1176 3144 Ἰησοῦν
1221 3078 1662 3155 ἐπικαλεσάμενοι
1711 3081 1929 3159 ’λέγομεε

2079 3098 2174 3141 em
2207 3079 2356 3141 lucis
2385 3079 2658 3142 datorem
2689 3079 2890 3142 Jesum
2913 3080 3262 3141 invocantes
3291 3079 3548 3141 dicimus
3577 3081 3693 3143 rite

314 3165 395 3222 ὅτι
430 3162 614 3229 καλῶς
651 3168 678 3220 ὁ
710 3167 971 3246 ἱεράρχης
1031 3168 1115 3225 ἐπὶ
1146 3170 1235 3225 τὸν
1266 3169 1406 3235 ἄξιον
1462 3170 1624 3226 τόπον
1655 3171 1746 3227 τὸν
1790 3192 1928 3228 κεκοι

2078 3170 2369 3230 ιτεεευιθιη
2409 3189 2543 3232 eum
2569 3170 2669 3251 qui
2693 3169 3008 3232 defunctus
3031 3179 3119 3231 est
3145 3171 3276 3232 loco
3296 3169 3474 3248 digno
3507 3169 3692 3232 collo-

317 3255 560 3330 μημένον
605 3253 894 3336 ἐπιτίθησι,
944 3256 1196 3324 δηλονότι
1249 3260 1340 3316 τόν
1395 3259 1493 3334 μὲν
1546 3260 1828 3338 ἱερωμένον
1883 3283 1931 3316 τι

2071 3277 2214 3339 :are;
2247 3277 2462 3340 nempe
2496 3259 2657 3320 illum
2690 3260 2790 3339 qui
2825 3261 2885 3321 in
2915 3260 3100 3323 sacris
3125 3267 3241 3340 est,
3274 3267 3411 3320 ante
3456 3260 3640 3323 altare
3670 3280 3685 3336 ;

312 3347 682 3423 θυσιαστηρίου
726 3347 1060 3422 ἐπίπροσθεν,
1096 3350 1187 3404 τὸν
1247 3347 1301 3404 δὲ
1333 3351 1577 3428 μοναχὸν
1634 3350 1668 3418 ἣ
1698 3351 1789 3407 τὸν
1844 3349 1926 3406 λαί

2080 3351 2415 3411 nonachum
2451 3369 2586 3412 vero
2615 3350 2707 3412 vel
2739 3351 2976 3430 laicum,
3012 3351 3072 3410 in
3103 3350 3382 3411 sacrario.
3421 3349 3694 3413 Declarat

312 3435 408 3490 κὸν
466 3433 522 3488 ἐν
547 3440 624 3508 τῷ
682 3437 942 3511 ἱερατείῳ.
999 3436 1281 3518 Ἐμφαίνει
1314 3439 1412 3517 γὰρ
1470 3437 1550 3494 ὅτι
1581 3439 1717 3495 κατα
1743 3442 1833 3497 τὸν
1880 3442 1926 3496 ἓν

2075 3441 2238 3521 anim,
2269 3439 2594 3502 secundum
2628 3442 2780 3502 hanc
2809 3442 2988 3502 vitam
3021 3447 3079 3502 et
3126 3458 3258 3520 quae
3312 3447 3476 3518 gesta
3530 3447 3689 3518 sunt,

310 3527 474 3580 ταῦθα
533 3525 647 3600 βίον
690 3527 777 3581 καὶ
839 3525 904 3582 ταὶ
959 3521 1196 3604 πρακτέα
1253 3530 1288 3596 ἡ
1348 3528 1524 3584 ἐκεῖσε
1574 3532 1773 3606 γίνεται
1829 3529 1924 3587 ἀπε

2080 3529 2136 3591 bi
2167 3515 2389 3593 sortem
2421 3531 2713 3594 retribui:
2750 3539 2810 3592 ut
2837 3531 2886 3592 si
2919 3531 3049 3611 quis
3099 3515 3196 3593 hic
3243 3515 3552 3592 deiformis
3582 3515 3692 3593 ex;

313 3613 610 3688 κλήρωσις’
659 3616 703 3670 εἰ
761 3615 860 3689 μὲν
920 3618 1135 3673 ἐνταῦθα
1195 3616 1430 3686 θεοειδής
1487 3639 1567 3680 τις
1625 3618 1856 3695 ἐγένετο,
1917 3617 1927 3673 l

2079 3619 2290 3693 .titerit,
2323 3620 2383 3680 in
2414 3620 2615 3683 futuro
2648 3639 2880 3700 quoque
2905 3620 3120 3688 saeculo
3144 3621 3200 3680 in
3224 3619 3437 3680 divinis
3459 3618 3570 3680 erit
3592 3618 3693 3681 de-

310 3707 480 3767 θείαις
549 3705 806 3761 καὶκατὰ
848 3708 910 3763 τὺ
967 3705 1164 3781 μέλλον
1213 3706 1451 3776 λήξεσιν·
1513 3711 1555 3763 εἱ
1588 3705 1642 3763 δὲ
1700 3712 1924 3787 καθυφῆι

2067 3708 2464 3770 Ῑεοιειίοηίὺυε
2491 3731 2506 3783 ;
2534 3711 2627 3771 sin
2662 3712 2757 3772 hic
2783 3710 3050 3771 nonnihil
3075 3708 3338 3770 studium
3362 3707 3681 3782 remiserit,

313 3799 415 3861 τῆς
461 3792 730 3873 ἀκριϐείας
790 3795 1031 3875 ἐνταῦθα,
1081 3797 1203 3853 κατ’
1253 3796 1402 3862 ἀξιαν
1461 3797 1679 3854 κάκεῖσε
1737 3797 1927 3874 λήψετς

2073 3815 2158 3859 πο
2189 3799 2416 3861 meritis
2448 3799 2529 3859 ibi
2578 3817 2813 3880 quoque
2863 3806 3053 3860 sortes
3085 3797 3364 3878 accipiet.
3424 3797 3687 3860 Antistes

314 3885 409 3947 τὰς
440 3883 869 3964 ἆποκληρώσεις.
919 3888 1244 3966 Εὐχαριστεῐ
1289 3909 1461 3944 τοινυν
1507 3889 1534 3943 6
1577 3888 1836 3968 ἱεράρχης
1881 3911 1928 3944 xc

2077 3897 2250 3969 taque
2274 3907 2377 3968 pro
2409 3889 2604 3950 divina
2629 3889 2858 3970 justitia
2889 3890 3140 3962 hac,nec
3185 3905 3304 3949 non
3348 3886 3424 3949 de
3455 3887 3687 3968 tyranni

311 3975 440 4052 ὅπερ
484 3974 582 4041 τῆς
632 3974 883 4042 τοιαύτης
941 3973 1302 4051 δικαιοσύνης,
1337 3975 1472 4032 ἀλλὰ
1526 3976 1621 4034 καῖ
1671 3979 1752 4034 ὃτι
1801 4000 1925 4034 κατε

2073 3978 2303 4058 mperio
2328 3979 2632 4058 proﬂigato
2656 3978 2872 4058 gratias
2894 3980 3033 4057 agit,
3059 3978 3335 4060 quodque
3365 3992 3524 4039 mors
3566 3994 3686 4039 non

308 4062 440 4123 λύθη
497 4066 558 4120 τὸ
589 4073 679 4123 τοῦ
708 4066 961 4143 τυράννου
1009 4066 1228 4145 κράτος,
1259 4067 1346 4122 καὶ
1378 4068 1405 4122 ὁ
1434 4065 1654 4130 θάνατος
1700 4067 1796 4124 οὒκ
1852 4067 1922 4124 ἔσ-

1468 4065 1654 4130 άνατος
1700 4067 1796 4124 οὒκ
1852 4067 1964 4124 ἔστι
2045 4069 2168 4148 jam
2201 4068 2454 4150 amplius
2487 4087 2643 4132 mors
2673 4068 2770 4144 sit,
2804 4069 2910 4131 sed
2943 4069 3082 4131 vita.

304 4153 552 4229 θάνατος,
598 4152 736 4210 ἀλλὰ
767 4157 906 4226 ζωή.

385 4240 416 4322 §
477 4252 542 4304 ll.
600 4245 661 4300 Αἱ
717 4239 772 4298 δὲ
851 4242 980 4318 ᾠδαὶ
1023 4245 1111 4301 καὶ
1171 4247 1219 4302 αἱ
1282 4244 1607 4323 ἀναγνώσεις
1660 4245 1967 4325 ἐκφαντικαί

2128 4239 2267 4300 276
2296 4239 2324 4320 §
2351 4238 2422 4304 Il.
2457 4239 2640 4301 Porro
2666 4239 2896 4302 cantica
2926 4246 2984 4301 et
3031 4238 3324 4301 lectiones
3379 4243 3689 4318 exponunt

305 4333 406 4388 εἶσι
458 4339 562 4388 τῶν
609 4333 788 4389 ἐκεῖσε
829 4335 1053 4390 αἰωνίων
1109 4340 1308 4410 μονῶν,
1357 4335 1694 4392 ἆποδεκτικαῖ
1738 4337 1834 4411 μὲν
1877 4359 1919 4393 τι

2074 4328 2180 4390 llas
2209 4337 2459 4390 aeternas
2489 4329 2849 4402 mansiones,
2912 4347 3046 4408 quae
3099 4327 3414 4390 defunctos
3443 4327 3685 4407 quidem

304 4424 680 4496 κοιμηθέντος,
746 4429 852 4478 τῶν
884 4421 938 4478 δὲ
995 4422 1071 4480 ἔτι
1129 4424 1342 4495 ζώντων
1401 4426 1778 4503 προτρεπτικαὶ
1839 4428 1918 4505 πρί

2070 4419 2370 4500 excipiunt,
2406 4419 2665 4481 viventes
2694 4427 2891 4481 autem
2922 4418 2995 4480 ad
3028 4417 3288 4481 similem
3321 4417 3450 4480 vitae
3504 4416 3684 4478 finem

304 4513 402 4579 τὴν
430 4512 618 4585 ὁμοίαν
660 4512 958 4572 τελείωσιν.

838 4535 958 4572 ›σιν.
1976 4517 2022 4567 D
2040 4509 2452 4572 adhortantur.

387 4600 416 4680 ᾗ
449 4611 540 4664 IlI.
578 4603 780 4659 Σκόπει
813 4601 891 4682 δὲ,
927 4603 1007 4660 ὅτι
1066 4610 1159 4661 νῦν
1189 4603 1245 4660 οὐ
1277 4610 1454 4661 πᾶσαι
1497 4607 1547 4660 αἱ
1592 4607 1964 4683 καθαιρόμεναι

2127 4599 2157 4680 §
2185 4598 2284 4664 III.
2317 4600 2607 4662 Caeterum
2641 4599 2911 4673 observa,
2944 4597 3241 4679 quomodo
3303 4615 3422 4658 non
3476 4613 3684 4658 omnes

300 4689 484 4755 τάξεις
538 4691 895 4766 ἀπολύονται,
926 4692 1088 4771 ἤγουν
1131 4695 1212 4750 κοὶ
1271 4695 1322 4751 αἰ
1365 4699 1472 4750 τῶν
1531 4693 1914 4774 ἐνοχλουμένω·

2071 4691 2148 4770 [ui
2179 4688 2502 4769 expiationi
2533 4697 2739 4750 vocant
2768 4688 3008 4750 ordines
3029 4689 3155 4769 jam
3198 4686 3593 4761 dimittantur,
3621 4693 3685 4774 ut

302 4782 398 4837 καὶ
454 4784 506 4837 αἱ
565 4783 671 4836 τῶν
719 4781 775 4837 ἐν
830 4783 1082 4857 μετανοίᾳ
1121 4781 1258 4839 ἀλλὰ
1313 4784 1488 4858 μόνων
1520 4773 1916 4865 τῶνκατηχου

2065 4777 2570 4841 suntdaemonibus
2587 4777 2978 4840 obnoxiorum
3004 4787 3062 4838 et
3085 4776 3523 4856 pmnitentium,
3572 4773 3679 4836 sed

304 4870 505 4940 μένων·
543 4870 770 4944 ἀμύητοι
816 4873 916 4950 γὰρ
964 4874 1128 4946 οὗτοι,
1162 4874 1252 4929 καὶ
1307 4873 1485 4939 πάσης
1516 4872 1740 4948 ἐποψίας
1791 4873 1918 4948 ἆμέθ

2067 4868 2157 4930 soli
2189 4867 2644 4942 catechumeni;
2677 4867 2952 4946 quoniam
2988 4866 3048 4927 hi
3099 4865 3260 4926 nullo
3314 4871 3681 4927 sacramento

304 4980 478 5019 εκτοι.
539 4958 697 5018 Οὐδὲν
729 4959 782 5016 δὲ
813 4967 1001 5038 μικρὸν
1045 4962 1098 5018 ἐν
1131 4975 1248 5026 τοῖς
1309 4961 1426 5019 καθ’
1459 4964 1602 5038 ἡμᾶς
1657 4963 1918 5041 μυστηρίοι

2066 4967 2182 5020 sunt
2212 4957 2452 5037 initiati,
2515 4964 2574 5018 et
2625 4955 2818 5018 omnis
2867 4963 3141 5035 aspectus
3199 4954 3352 5015 sacri
3385 4961 3680 5035 expertes.

302 5046 606 5127 λογίζεσθαι
667 5054 801 5130 χρὴ,
854 5050 992 5107 ἄλλά
1046 5053 1219 5108 πάντα
1276 5051 1506 5129 μεγάλα⁹
1567 5052 1696 5108 αὐτὰ
1755 5052 1913 5127 μέντο

2069 5047 2280 5109 iullum
2313 5051 2514 5109 autem
2538 5064 2573 5108 e
2597 5045 2888 5126 mysteriis
2911 5045 3131 5106 nostris
3151 5049 3311 5124 parvi
3342 5041 3683 5105 faciendum

302 5139 438 5216 πρός
469 5137 680 5205 ἄλληλα
738 5141 1149 5218 συγκρινόμενα,
1185 5139 1437 5222 διαφορὰν
1471 5139 1663 5206 ἕξουσι,
1725 5142 1916 5219 Μέγιστ

2068 5143 2154 5210 rst,
2187 5138 2464 5217 quoniam
2501 5155 2711 5214 magna
2743 5143 2880 5197 sunt
2900 5133 3125 5214 omnia,
3159 5135 3297 5196 licet
3325 5131 3398 5195 ad
3425 5131 3682 5222 invicem

302 5227 408 5304 γὰρ
465 5229 552 5283 καὶ
609 5226 988 5304 ἆπαράϐλητα,
1050 5231 1115 5286 τὰ
1171 5220 1296 5286 τῶν
1335 5230 1506 5287 θείων.
1567 5231 1630 5286 Αἱ
1672 5228 1726 5285 δὲ
1782 5229 1916 5308 ἕτερς

2065 5226 2252 5289 :ollata
2273 5226 2507 5287 diversa
2526 5226 2663 5287 sint.
2696 5225 2948 5289 Maxima
2970 5224 3126 5286 enim
3155 5232 3212 5284 et
3237 5220 3679 5301 incomparabi-

300 5315 503 5390 τάξεις,
541 5319 587 5373 οἱ
648 5316 1040 5395 ἒνεργούμενοι,
1087 5321 1132 5376 οἱ
1191 5319 1244 5376 ἐν
1304 5321 1553 5394 μετανοίᾳ
1597 5322 1914 5377 συνίστανται

2066 5316 2115 5378 ia
2147 5325 2306 5392 sunt,
2341 5334 2714 5394 quaecunque
2754 5315 2954 5377 divina
3008 5321 3165 5375 sunt.
3229 5311 3422 5374 Cateri
3479 5321 3680 5400 autem

302 5407 381 5467 ὡς
437 5405 723 5479 μύηθεϊσαι
757 5408 881 5482 μὲν,
912 5408 1151 5484 ἀνομτως
1181 5407 1234 5463 δὲ
1288 5410 1419 5487 πρὸς
1451 5409 1519 5474 τὴ
1565 5409 1730 5488 χείρω
1763 5410 1916 5466 παλιν

2077 5407 2307 5480 rdines,
2341 5413 2406 5467 ut
2434 5404 2822 5484 energumeni
2854 5412 2912 5466 et
2945 5403 3525 5483 pmnitentes,astant
3556 5398 3686 5478 qui-

301 5492 663 5570 δρομήσασαι.
721 5502 824 5551 τῶν
858 5504 980 5574 γοῦν
1029 5501 1329 5578 θεαρχικῶν
1391 5498 1684 5571 ἐποπτιῶν,
1715 5501 1803 5556 καὶ
1858 5501 1915 5567 τῆ

2066 5498 2173 5558 lem
2209 5505 2482 5577 tanquam
2531 5502 2902 5557 sacramento
2954 5491 3193 5564 initiati,
3251 5496 3680 5588 verumtamen,

302 5585 445 5647 θείας
505 5585 861 5661 μεταλτίψεως
908 5586 1384 5666 ἆπειρχθήσονται.
1448 5578 1504 5646 Ὀ
1577 5589 1676 5665 γὰρ
1735 5587 1916 5654 ἁναξίω

2067 5606 2172 5648 :um
2195 5585 2607 5665 imprudenter
2635 5586 2694 5647 in
2728 5584 2948 5645 malum
2973 5581 3189 5660 relapsi
3216 5579 3356 5651 sint,
3389 5597 3422 5639 a
3443 5577 3681 5640 divino-

302 5671 490 5735 ὶσθίων
545 5676 631 5732 καὶ
694 5675 873 5753 κίνων,
931 5679 1005 5742 εἰς
1063 5690 1233 5758 κρῖμα
1292 5676 1462 5752 ἑαυτῷ
1519 5676 1673 5734 ἐσθίει
1721 5678 1808 5741 καὶ
1855 5679 1914 5736 πί

2072 5693 2172 5739 um
2204 5675 2618 5757 mysteriorum
2646 5671 2983 5758 aspectibus
3029 5669 3348 5750 divinaque
3403 5684 3683 5733 commu-
