4088 6208
417 282 536 352 575
1616 288 1676 352 S.
1723 285 2075 353 DIONYSII
2106 285 2615 356 AREOPAGIT/E
3062 339 3075 347 ρ
3672 290 3799 367 576

416 433 591 489 nioue
621 431 991 489 arcebuntur.
1043 428 1148 495 Qui
1195 427 1347 485 enim
1400 427 1617 501 indigne
1669 429 1961 487 manduca:
2010 444 2044 486 ea

2143 447 2239 502 νει,
2289 429 2457 490 γαθὼς
2514 430 2568 486 ἐν
2611 431 2680 505 τῇ
2740 426 2871 507 πρὸς
2936 426 3232 506 Κορινθίους
3298 426 3484 507 πρώτῃ
3543 430 3701 509 φησὶν
3763 434 3798 489 ὁ

416 521 569 587 bibit.
614 522 883 594 judicium
938 519 1045 578 sibi
1092 517 1386 575 manducet
1457 524 1507 576 et
1578 518 1736 589 bibit,
1796 521 1942 579 sicut
1996 522 2044 579 in

2141 513 2492 582 Ἀπόστολος.
2527 516 2635 577 Οὔκ
2664 515 2962 583 ἀπεικότως
3020 515 3076 574 δὲ
3105 516 3192 575 ἰπὶ
3221 530 3341 583 τοῖς
3382 528 3467 580 νῦν
3526 519 3794 597 τελουμέο

420 612 610 695 prima
633 628 737 673 sua
762 610 833 671 ad
857 608 1197 674 Corinthios
1218 608 1535 690 Apostolus
1555 608 1659 671 ait.
1685 608 1815 671 Non
1842 609 2044 672 incon-

2141 628 2250 671 νοις
2281 608 2369 664 καὶ
2400 610 2540 665 οὗτοι
2592 606 2858 685 πάρεισιν,
2891 606 3260 683 διδασκόμενοι
3289 609 3390 676 τὴν
3418 606 3639 677 ἀδηλίαν
3697 614 3797 670 τοῦ

416 694 562 782 grue
582 709 776 764 autem
808 701 1202 762 admittuntur
1229 698 1300 760 ad
1334 717 1403 760 ea
1435 717 1563 775 ηοω
1611 698 1708 761 hic
1740 708 2044 780 geruntur,

2138 696 2383 775 θανάτου,
2442 696 2508 753 τά
2562 717 2619 753 τε
2677 695 2903 775 βραδεῖα
2951 704 3057 753 τῶν
3113 694 3352 772 δικαίων,
3404 699 3492 755 καὶ
3537 700 3629 765 τὰς
3682 706 3796 757 τῶν

414 792 720 855 utdiscant
744 788 1481 861 mortisincertitudinem,
1507 796 1565 851 et
1595 789 1844 868 praemia
1860 791 2044 870 justo-

2139 784 2474 865 ἁμαρτωλῶν
2531 784 2722 849 λύπας.
2761 787 2859 843 Διὰ
2915 793 3041 865 γοῦν
3077 788 3139 844 τὸ
3169 786 3403 846 ἐντεῦθεν
3459 787 3668 872 ὄφελος,
3698 791 3795 848 καὶ

413 901 546 945 rum
565 901 634 945 ac
652 889 1030 961 peccatorum
1055 898 1281 961 poenas.
1312 877 1783 959 Adsuntitaque,
1815 887 1878 941 ut
1916 880 2055 943 hinc

410 972 632 1053 aliquid
651 971 922 1034 utilitatis
944 970 1157 1052 ferant,
1188 978 1247 1033 et
1269 969 1403 1033 illos
1424 970 1577 1033 forte
1620 969 1906 1032 similium
1940 970 2051 1033 de-

409 1062 701 1127 siderium
735 1063 1030 1126 excitabit.

494 1244 651 1325 §lV.
701 1245 929 1309 Deinde
979 1252 1183 1308 tractat
1235 1244 1411 1308 etiam
1461 1244 1536 1307 de
1589 1240 1948 1306 salutatione
1997 1247 2058 1306 et

412 1335 725 1399 oratione:
762 1340 823 1398 et
853 1334 1038 1397 oratio
1069 1336 1310 1417 quidem
1349 1340 1608 1416 precatio
1640 1342 1730 1397 est
1776 1352 1882 1415 pro
1943 1334 2053 1396 de-

412 1426 640 1501 functo,
673 1436 740 1487 ut
770 1428 1162 1488 constituatur
1196 1426 1256 1487 in
1288 1428 1418 1488 sinu
1448 1425 1941 1507 patriarcharum,
1989 1424 2051 1487 iu

415 1513 547 1576 loco
575 1532 606 1575 a
634 1533 753 1595 quo
784 1516 1016 1576 tristitia
1048 1516 1241 1577 omnis
1272 1516 1462 1580 abest.

497 1596 526 1675 §
557 1596 626 1656 V.
656 1594 1172 1667 Quemadmodum
1203 1596 1359 1659 enim
1389 1596 1465 1659 ab
1499 1597 1569 1658 iis
1598 1615 1729 1677 quas
1764 1595 1934 1658 nobis
1958 1596 2058 1675 ju-

414 1685 609 1746 cunda
655 1694 813 1759 sunt,
850 1694 911 1747 ut
941 1706 1147 1765 regno,
1195 1706 1384 1766 caena,
1419 1687 1570 1768 luce,
1599 1687 1811 1767 gloria,
1846 1686 2053 1766 Splen-

416 1773 582 1855 dore,
602 1795 748 1867 quae
777 1775 858 1837 ibi
897 1786 1033 1838 sunt
1059 1776 1213 1839 bona
1259 1778 1664 1857 designantur,
1697 1796 1828 1858 qum
1848 1777 2055 1867 oculus
2078 1818 2116 1867 Β

412 1881 530 1924 non
558 1864 725 1940 vidit,
763 1885 875 1927 nec
924 1867 1081 1928 auris
1123 1867 1387 1939 audivit;
1434 1870 1519 1929 sic
1562 1868 1736 1929 etiam
1788 1886 1921 1948 quas
1966 1866 2050 1929 ibi

414 1954 682 2015 modesta
709 1964 864 2031 sunt,
888 1955 961 2017 ab
984 1956 1150 2017 hisce
1169 1956 1457 2019 molestiis
1482 1956 1863 2018 denominata
1884 1965 2046 2032 sunt,

411 2042 678 2105 tenebrae
706 2049 765 2103 et
795 2044 1016 2106 stridor
1039 2046 1325 2121 dentium,
1354 2053 1413 2106 et
1437 2045 1627 2120 dolor,
1676 2055 1736 2107 et
1779 2043 2045 2125 tristitia,

413 2139 473 2193 et
514 2130 841 2209 singultus:
877 2135 1001 2196 haec
1025 2135 1181 2196 enim
1206 2142 1342 2197 sunt
1363 2135 1625 2213 analogae
1653 2133 2047 2212 signiﬁcatio-

414 2238 545 2302 nes,
566 2240 695 2303 ηοω
722 2241 756 2283 a
779 2223 1028 2285 veritate
1052 2223 1342 2287 bonorum
1368 2244 1435 2287 ac
1468 2224 1867 2286 molestiarum
1900 2224 2047 2285 ista-

414 2334 542 2377 rum
568 2322 803 2379 omnino
827 2321 1357 2392 discrepant,Sinus
1389 2334 1575 2381 autem
1599 2322 2050 2393 patriarcharum

409 2408 884 2483 cmterorumque
914 2413 1250 2469 sanctorum
1282 2414 1419 2468 sunt
1467 2404 1827 2467 beatissima)
1876 2422 2047 2465 man-

412 2491 635 2567 siones,
672 2510 827 2574 quae,
880 2504 944 2555 ut
987 2498 1219 2576 opinor,
1252 2516 1286 2558 a
1314 2497 1573 2557 sinuosis
1601 2496 1779 2558 maris
1807 2494 2049 2575 gremiis

409 2596 479 2639 ac
511 2580 796 2659 portubus
842 2590 1073 2645 navium
1110 2586 1303 2664 potius
1353 2585 1769 2663 desumuntur,
1808 2602 1982 2665 quam
2014 2602 2049 2645 a

409 2667 545 2729 sinu
580 2672 848 2746 vestium,
886 2673 1397 2746 Quemadmodum
1433 2675 1593 2736 enim
1625 2676 1726 2754 qui
1756 2674 1820 2736 in
1865 2674 2046 2735 maris

407 2765 759 2839 tempestate
779 2772 1107 2844 versantur,
1124 2765 1195 2825 ad
1218 2767 1477 2826 marinos
1518 2765 1684 2827 sinus
1706 2764 2039 2845 attendunt,

2139 876 2231 933 ’ίνα
2260 876 2407 955 τάχα
2450 874 2549 933 καί
2587 877 2728 933 οὗτοι
2758 878 2894 957 πρὸς
2936 877 3034 947 τὴν
3064 883 3168 935 τῶν
3211 878 3409 955 ὁμοίων
3439 877 3618 961 ἔφεσιν
3672 879 3791 940 διε-

2138 969 2388 1046 γερθῶσι,
2421 966 2688 1044 πάρεισιν.

2218 1144 2249 1226 §
2301 1144 2399 1209 IV.
2465 1142 2626 1214 ’Ἤδη
2674 1140 3021 1223 διαλαμϐάνει
3071 1146 3159 1204 καὶ
3215 1147 3334 1227 περὶ
3383 1154 3477 1205 τοῦ
3502 1148 3790 1225 ἀσπασμοῦ

2137 1237 2224 1294 καὶ
2272 1240 2367 1305 τῆς
2398 1237 2593 1316 εὖχῆςο
2654 1237 2743 1293 καὶ
2771 1238 2807 1307 ἡ
2838 1236 2936 1312 μὲν
2968 1237 3109 1317 εὐχὴ
3140 1234 3319 1305 δέησις
3350 1237 3495 1296 ἔστιν
3536 1238 3665 1318 ὓπέρ
3694 1249 3790 1301 τοῦ

2137 1326 2552 1406 κεκοιμημένου,
2632 1325 2725 1384 ἵνα
2800 1327 3162 1407 καταταχθείη
3246 1327 3300 1383 ἐν
3384 1327 3607 1394 κόλποις
3676 1329 3787 1387 τῶν

2136 1424 2505 1498 πατριαρχῶν,
2589 1414 2643 1472 ἐν
2733 1415 2883 1491 τόπῳ
2954 1414 3076 1473 ἔνθα
3146 1414 3345 1498 ἀπέδρα
3417 1418 3483 1475 τὰ
3558 1417 3787 1495 ὀδόντιεὰ

2136 1530 2333 1568 παντα.

2217 1595 2246 1676 §
2274 1594 2348 1658 V.
2386 1585 2606 1675 υΩσπερ
2649 1595 2748 1674 γὰρ
2776 1595 2883 1651 ἀπὸ
2912 1601 3019 1651 τῶν
3076 1598 3210 1672 ἡμῖν
3242 1594 3439 1678 ἡδέων,
3468 1603 3567 1665 τῆς
3620 1599 3784 1675 βασι-

2138 1687 2306 1767 λείας,
2339 1694 2431 1745 τοῦ
2487 1686 2719 1765 δείπνου,
2752 1685 2845 1743 τοῦ
2887 1686 3088 1765 φωτὸς,
3122 1692 3220 1753 τῆς
3280 1684 3459 1768 δόξης,
3491 1692 3589 1755 τῆς
3632 1690 3784 1765 λαμ.-

2138 1778 2427 1852 πρότητος,
2496 1776 2563 1831 τὰ
2640 1775 2821 1832 ἐκεῖσε
2915 1777 3399 1855 χαρακτηρίζονται
3486 1778 3674 1852 ἀγαθὰ,
3746 1776 3785 1834 ἃ

2126 1865 2405 1945 ὀφθαλμὸς
2463 1867 2558 1921 οὐκ
2609 1862 2731 1938 εἶδε,
2766 1865 2853 1921 καὶ
2912 1865 2998 1929 οὖς
3061 1870 3153 1924 οὐκ
3211 1864 3455 1933 ἤκουσεν
3504 1866 3639 1924 οὕτω
3694 1867 3787 1924 καὶ

2134 1958 2199 2012 τὰ
2225 1956 2403 2014 ἐκεῖσε
2434 1953 2669 2034 δυσχερῆ
2702 1954 2808 2012 ἀπὸ
2866 1961 2970 2012 τῶν
3010 1955 3226 2013 ἐνταῦθα
3284 1952 3555 2036 δυσχερῶν
3598 1978 3786 2014 κατω-

2134 2047 2495 2124 νομάσθησαν,
2531 2044 2746 2117 σκότος,
2779 2046 2866 2102 καὶ
2914 2046 3146 2123 βρυγμὸς
3176 2043 3429 2125 ὀδόντων,
3463 2048 3549 2103 καὶ
3592 2045 3781 2127 ὀδύνη,

2131 2138 2217 2192 καὶ
2268 2136 2433 2214 λύπη,
2464 2135 2552 2191 καὶ
2595 2136 2916 2212 στεναγμὸς’
2977 2141 3141 2190 ταῦτα
3185 2134 3285 2212 γάρ
3315 2136 3443 2191 εἰσιν
3476 2138 3526 2192 αἱ
3580 2136 3781 2194 ἀναλο-

2133 2249 2218 2303 γοι
2277 2228 2558 2299 σημασίαι,
2621 2224 2705 2280 ταὶ
2765 2231 2870 2280 τῶν
2927 2224 3137 2303 ἀγαθῶν
3198 2228 3287 2282 καὶ
3343 2226 3450 2283 τῶν
3507 2224 3778 2306 δυσχερῶν

2132 2311 2448 2371 ἀποδέουσαι
2506 2311 2719 2378 πάντως
2747 2318 2848 2380 τῆς
2892 2312 3169 2379 ἀληθείας.
3209 2315 3409 2372 Κόλποι
3450 2312 3505 2370 δέ
3539 2316 3636 2372 εἶσι
3669 2315 3779 2373 τῶν

2131 2405 2478 2482 πατριαρχῶν
2551 2404 2637 2458 καὶ
2692 2407 2796 2459 τῶν
2868 2402 3061 2476 ἑτέρων
3125 2403 3289 2480 ἁγίων
3346 2406 3399 2460 αἱ
3462 2406 3781 2483 μακαρισταὶ

2132 2493 2309 2569 μονολί’
2345 2496 2397 2549 οἳ
2446 2494 2554 2571 καὶ,
2582 2494 2654 2555 ὡς
2714 2491 2898 2568 οἶμαι,
2930 2491 3037 2548 ἀπὸ
3079 2498 3187 2548 τῶν
3229 2491 3520 2550 θαλαττίων
3560 2493 3780 2551 κόλπων

2129 2586 2215 2640 καὶ
2246 2581 2477 2657 λιμένων
2508 2580 2670 2638 πλέον
2726 2578 3178 2663 ἐκλαμϐάνονται,
3211 2583 3247 2650 ἢ
3280 2582 3386 2640 ἀπὸ
3416 2589 3521 2639 τῶν
3564 2583 3780 2641 κόλπων

2129 2679 2232 2729 τῶν
2290 2673 2539 2745 ἱματίων,
2577 2667 2670 2735 Ὠς
2726 2672 2826 2749 γὰρ
2855 2672 2901 2726 οἱ
2934 2672 2987 2726 ἓν
3019 2670 3245 2727 κλύδωνι
3301 2670 3597 2747 Θαλάσσης,
3630 2672 3780 2734 ὄντες

2127 2764 2259 2841 πρὸς
2310 2763 2432 2825 τοὺς
2489 2759 2800 2826 θαλαττίους
2844 2761 3079 2841 ἀφορῶσι
3139 2760 3388 2835 κόλπους,
3444 2762 3499 2819 ἐν
3552 2767 3637 2824 οἷς
3690 2758 3780 2819 καὶ

411 2846 472 2908 in
506 2847 720 2929 quibus
752 2858 809 2911 et
840 2852 1115 2932 quietiori
1145 2873 1291 2917 aura
1326 2856 1619 2930 fruuntur,
1665 2863 1723 2916 et
1751 2854 1823 2916 ab
1857 2854 2044 2934 agita-

2134 2852 2570 2925 έλλιμενίζονται,
2662 2852 2750 2907 καὶ
2844 2852 2952 2907 τῶν
3051 2859 3302 2931 ταραχῶν
3386 2852 3775 2910 ἆποπαύονται’

413 2938 674 3001 tionibus
720 2941 1075 3021 quiescunt;
1126 2945 1218 3007 ita
1275 2963 1517 3023 quoque
1574 2946 1674 3026 qui
1707 2945 1770 3007 in
1800 2946 1908 3007 hac
1937 2944 2044 3005 vita

2134 2942 2270 3000 οὕτω
2300 2944 2385 2998 καὶ
2420 2944 2465 2998 οἱ
2508 2941 2563 2996 ἐν
2594 2945 2672 3014 τῷ
2713 2942 2812 3017 βίῳ
2863 2940 3303 3017 κλυδωνιζόμενοι
3338 2940 3442 3009 ἤδη
3499 2955 3614 3009 τοῖς
3644 2943 3779 2999 κόλ-

409 3029 857 3108 tempestatibus
904 3033 1111 3112 jactati
1175 3043 1336 3115 sunt,
1398 3040 1456 3096 in
1488 3033 1718 3097 sinibus
1751 3035 1889 3095 Q77
1920 3034 2044 3096 istis

2134 3055 2249 3096 ποις
2308 3030 2526 3094 ἐκείνοις
2588 3028 3034 3111 ἐλλιμενίζονται,
3080 3030 3203 3087 ἀλλ’
3255 3031 3374 3088 ὅσαι
3431 3032 3529 3100 τὴν
3579 3033 3779 3090 ἑαυτῶν

409 3120 852 3200 conquiescunt,
891 3122 1067 3184 modo
1100 3124 1331 3187 scilicet
1378 3145 1411 3184 e
1463 3124 1745 3202 periculis
1784 3124 2044 3185 animam

2134 3123 2318 3200 ψυχὴν
2376 3119 2641 3198 ἀνωτέραν
2672 3127 2766 3177 τοῦ
2825 3118 3059 3177 κινδύνου
3118 3119 3512 3200 διεφυλάξαντο.
3548 3120 3779 3199 Είδέγι

2195 3210 2369 3227 ..κ
2618 3208 3739 3227 .....ς.μ.,.κρ,

411 3226 576 3271 suam
608 3209 978 3274 vindicarint.
1017 3212 1121 3277 Sin
1152 3232 1291 3277 vero
1316 3215 1481 3277 sinus
1514 3216 1689 3276 etiam
1734 3233 1766 3276 a
1787 3212 2044 3276 vestibus

2134 3212 2251 3275 τοὺς
2283 3210 2515 3274 κόλπους
2548 3209 2633 3265 καὶ
2678 3210 2784 3266 ἀπὸ
2814 3215 2920 3266 τῶν
2978 3209 3032 3265 ὲν
3061 3212 3195 3286 ἡμῖν
3225 3212 3450 3286 ἱματίων
3501 3208 3779 3287 ἐκλαμϐά-

414 3298 635 3359 nostris
666 3301 855 3382 accipi
878 3302 1229 3385 dixerimus,
1249 3305 1416 3385 juxta
1441 3304 1617 3367 illud:
1644 3304 1716 3367 Ut
1736 3322 1844 3366 nos
1860 3304 2044 3366 foveat

2134 3305 2308 3358 νεσθαι
2368 3299 2638 3375 εἴποιμεν,
2697 3300 2833 3357 κατὰ
2909 3302 2993 3357 τό·
3074 3290 3199 3357 Ω’[να
3242 3303 3384 3373 ἡμᾶς
3455 3299 3632 3377 θάλψῃ
3687 3309 3780 3358 τοῦ

408 3388 571 3450 sinus
600 3388 878 3472 Abrahae,
903 3394 1329 3456 convenienter
1357 3396 1468 3457 hoc
1494 3412 1733 3476 quoque
1764 3394 2044 3473 eXplicari

2134 3389 2371 3469 Ἀϐραὰμ
2423 3393 2450 3446 ὁ
2482 3388 2704 3454 κόλπος·
2768 3388 3051 3467 ἐξηγηθείη
3111 3391 3198 3447 καὶ
3255 3397 3409 3448 τοῦτο
3439 3391 3774 3473 προσφόρως,

408 3478 615 3559 possit,
641 3481 794 3560 quod
823 3482 1103 3544 nimirum
1124 3483 1429 3547 Abraham
1457 3483 1682 3565 primus
1701 3486 1776 3546 ad
1801 3483 1909 3546 Dei
1932 3502 2046 3545 no-

406 3568 587 3631 titiam
611 3568 903 3633 adductus
926 3573 1029 3652 sit,
1056 3582 1113 3634 et
1162 3577 1285 3637 Deo
1342 3572 1651 3635 familiaris
1709 3571 2042 3636 exstiterit:

407 3658 497 3720 vel
529 3659 685 3740 quod
718 3668 885 3740 pater
914 3663 1229 3726 multarum
1259 3665 1524 3744 gentium
1570 3662 1898 3745 appellatus
1944 3661 2043 3737 sit,

410 3766 615 3812 earum
647 3751 876 3814 scilicet
895 3772 1026 3835 quae
1056 3754 1384 3817 secundum
1413 3754 1710 3817 Christum
1742 3760 1920 3830 sunt;
1956 3752 2045 3815 vel

411 3848 654 3920 propter
701 3842 1053 3922 patriarchae
1100 3844 1575 3927 hospitalitatem,
1634 3843 1746 3905 ista
1776 3842 2047 3905 facientis

404 3928 467 3991 in
498 3931 608 3992 hac
638 3930 772 4005 vita,
807 3941 1052 4014 propter
1072 3953 1205 4015 ηοω
1232 3934 1441 3996 mundi
1470 3933 1747 3997 conditor
1766 3950 1835 3995 ac
1857 3932 2043 4013 judex

395 4020 590 4099 jnstos
619 4020 903 4083 caelorum
936 4041 1117 4101 regno
1150 4023 1487 4085 honorabit.

482 4108 756 4188 §VI.Sed
780 4111 903 4173 haec
924 4112 1191 4175 fortassis
1213 4112 1453 4193 quidem
1467 4112 1611 4173 satis
1644 4111 2045 4175 demonstrata

404 4199 547 4270 sint,
582 4199 882 4263 dubitabis
918 4210 1118 4264 tamen
1176 4201 1251 4264 de
1307 4220 1483 4283 prece
1514 4202 1812 4282 antistitis,
1865 4219 2041 4283 quam

404 4290 543 4351 facit
565 4308 672 4370 pro
692 4291 768 4353 iis
789 4292 888 4373 qui
904 4293 959 4354 in
978 4292 1236 4374 peccatis
1258 4292 1520 4354 defuncti
1541 4302 1681 4355 sunt
1704 4317 1718 4363 ;
1745 4292 2042 4374 quomodo

406 4379 689 4441 nimirum
706 4382 933 4461 justitia
952 4382 1191 4444 Domini
1217 4382 1495 4445 salvanda
1529 4383 1629 4459 sit,
1657 4383 1708 4444 si
1753 4382 2043 4444 exauditis

403 4469 676 4550 precibus
705 4472 896 4535 salvet
947 4490 1081 4535 eum
1115 4474 1218 4553 qui
1249 4480 1517 4535 mortuus
1550 4482 1638 4535 est
1665 4473 1723 4533 in
1758 4472 2038 4553 peccatis.

2131 3479 2214 3537 διὰ
2255 3482 2316 3537 τὸ
2348 3480 2569 3558 πρώτως
2600 3480 2674 3545 εἷς
2717 3479 3037 3557 θεογνωσίαν
3091 3480 3327 3560 ἀχθῆναι
3370 3480 3461 3536 τὸν
3508 3478 3772 3558 ’Δὸραᾶμ,

2129 3572 2217 3627 καὶ
2272 3572 2606 3636 οἶκειωθῆναι
2645 3575 2783 3643 Θεῷ*
2814 3568 2849 3637 ἢ
2880 3568 2966 3625 διὰ
3024 3570 3085 3625 τὸ
3128 3569 3330 3640 πατέρα
3360 3569 3575 3627 πολλῶν
3616 3570 3776 3627 ἐθνῶν

2128 3659 2413 3735 κληθῆναι,
2467 3663 2574 3715 τῶν
2630 3659 2769 3715 κατὰ
2798 3659 3020 3737 Χριστὸν
3052 3656 3281 3729 δηλαδή⁶
3338 3659 3376 3728 ἢ
3405 3656 3490 3716 διᾶ
3538 3660 3636 3729 τὴν
3683 3668 3778 3721 τοῦ

2128 3750 2463 3829 πατριάρχου
2491 3746 2808 3826 φιλοξενίαν,
2840 3747 3021 3805 ἐκεῖνα
3073 3750 3397 3819 ποιήσαντος
3428 3748 3483 3806 ἐν
3514 3755 3591 3825 τῷ
3646 3749 3770 3828 βίῳ,

2129 3840 2182 3896 ἐν
2213 3838 2356 3904 ὅσοις
2398 3838 2459 3895 ἂν
2496 3841 2524 3895 ὃ
2555 3841 2759 3913 κόσμου
2803 3840 3001 3905 παντὸς
3032 3844 3266 3908 ποιητὴς
3295 3840 3381 3896 καὶ
3421 3840 3605 3919 κριτὴς
3654 3841 3776 3901 τοὺς

2129 3926 2359 3994 δικαίους
2391 3928 2488 4001 τῇς
2519 3926 2790 4005 βασιλείας
2820 3926 3146 4007 καταξιώσῃ.

2206 4108 2234 4188 §
2292 4105 2394 4171 VI.
2427 4104 2580 4164 Ἀλλ’
2612 4104 2747 4173 ἴσως
2809 4116 2971 4167 ταῦτα
3004 4107 3102 4184 μὲν
3135 4106 3425 4175 ἀποδείξειθ
3482 4108 3773 4187 ἀπορήσεις

2125 4198 2181 4255 δὲ
2243 4200 2488 4277 περὶτῆς
2535 4196 2824 4277 γινομένης
2856 4199 3023 4277 εὖγῆς
3073 4198 3215 4276 παρὰ
3270 4207 3362 4258 τοῦ
3390 4198 3639 4279 ἱεράρλω
3691 4199 3777 4255 ἰπὶ

2124 4290 2244 4355 τοῖς
2304 4287 2359 4343 ἐν
2403 4287 2684 4365 ἁμαρτίαις
2715 4286 3151 4363 κεκοιμημένοις’
3188 4285 3294 4362 ὅτι,
3330 4294 3445 4352 πῶς
3475 4289 3537 4344 τὸ
3578 4286 3775 4345 δίκαιον

2124 4377 2524 4459 φυλαχθήσεται
2584 4379 2677 4434 τοῦ
2714 4377 3007 4451 Δεσπότου⁹
3041 4376 3196 4455 εἴπερ
3249 4377 3511 4439 ἐπακουὸς
3553 4376 3774 4455 γενόμε-

2124 4489 2209 4533 νος
2261 4473 2366 4523 τῶν
2398 4467 2573 4545 εὐχῶν
2624 4464 2783 4523 σώσει
2843 4467 2933 4521 τὸν
2991 4469 3046 4522 ὲν
3094 4466 3375 4545 ἁμαρτίαις
3420 4466 3767 4527 ἀποθανόντα.

403 4545 522 4639 Ego
554 4568 772 4633 autem,
806 4561 1013 4642 inquit,
1043 4545 1265 4641 justam
1290 4562 1529 4640 quidem
1556 4581 1661 4643 pro
1692 4545 1859 4625 factis
1916 4568 2041 4624 suis

2134 4554 2268 4634 Ἐγὼ
2311 4554 2388 4635 δὲ,
2436 4554 2517 4611 ὅτι
2570 4555 2668 4631 μὲν
2699 4552 2903 4612 δικαίαν
2965 4557 3098 4635 πρὸς
3143 4556 3235 4619 τὰς
3292 4554 3503 4635 πράξεις
3552 4554 3770 4636 (ταύτην

400 4651 581 4729 (hanc
602 4650 760 4713 enim
783 4650 1234 4714 retributionem
1259 4659 1442 4723 vocat)
1465 4662 1687 4715 sortem
1709 4651 2039 4734 quemlibet

398 4740 737 4803 habiturum
774 4742 964 4822 probe
991 4760 1136 4818 SCIO,
1171 4742 1499 4821 Scripturis
1536 4742 1945 4817 consentiens,
1982 4749 2042 4804 et

399 4829 704 4910 subjungit
724 4831 915 4893 statim
941 4832 1278 4895 testimonia
1295 4832 1637 4914 Scripturae.
1665 4832 1819 4896 Solis
1840 4842 2038 4895 autem

400 4919 842 4984 misericordias
870 4921 975 4984 Dei
1010 4922 1399 5001 merentibus,
1435 4922 1559 4986 sive
1589 4923 1736 4985 vivis
1762 4924 1888 4985 sive
1939 4924 2042 4985 de-

399 5008 642 5091 functis,
675 5029 794 5075 non
827 5027 968 5074 vero
1000 5011 1073 5073 iis
1098 5010 1199 5094 qui
1239 5012 1509 5075 damnari
1541 5020 1910 5095 meruerunt,
1933 5013 2039 5093 ju-

399 5107 625 5162 storum
657 5101 963 5181 prodesse,
996 5101 1215 5181 scripta
1236 5102 1431 5165 divina
1461 5102 1856 5177 docent.Quid
1877 5104 2038 5167 enim

396 5187 561 5251 Sauli
591 5189 812 5270 profuit
841 5190 1133 5254 Samuel?
1180 5192 1258 5254 Et
1307 5190 1448 5269 quid
1498 5187 1721 5253 Iudaeis
1760 5192 2041 5256 Jeremiaa

397 5289 652 5358 precatio
682 5288 969 5348 contulit?
988 5289 1060 5347 ad
1088 5305 1259 5363 quem
1292 5289 1434 5349 dixit
1464 5290 1741 5349 Dominus
1770 5307 1785 5350 :
1814 5291 1890 5348 Ne
1919 5308 2038 5350 ore:

394 5394 498 5452 pro
518 5378 716 5452 populo
747 5378 863 5437 hoc.
896 5379 1123 5439 Etenim
1154 5389 1216 5440 ut
1249 5381 1297 5439 si
1327 5381 1458 5453 quis
1478 5380 1599 5439 sole
1630 5381 1875 5446 lucente.
1932 5384 2037 5441 sibi

396 5460 514 5538 ipsi
553 5460 756 5523 oculos
777 5476 1017 5536 eruens,
1052 5461 1201 5524 lucis
1232 5462 1363 5544 ejus
1394 5464 1684 5544 particeps
1700 5464 1830 5527 ﬁeri
1849 5471 2034 5545 petat;

394 5549 483 5613 sic
513 5568 581 5611 ex
611 5552 968 5630 impossibili
1000 5571 1107 5634 spe
1140 5553 1381 5635 pendet,
1412 5552 1680 5635 quisquis
1696 5563 2034 5618 sanctorum

398 5656 603 5723 preces
630 5640 850 5725 ﬂagitat
878 5641 1021 5705 dum
1051 5642 1328 5708 mandata
1348 5640 1457 5711 Dei
1477 5659 1597 5709 non
1616 5652 2035 5731 servat,neque

2123 4649 2223 4727 γὰρ
2253 4646 2534 4724 ἀμοιϐαίαν
2583 4646 2752 4727 λέγει)
2799 4646 2901 4713 ἕξει
2961 4648 3058 4717 τὴν
3090 4646 3467 4727 ἂποκλήρωσιν
3524 4647 3767 4728 ἕκαστος,

2124 4737 2181 4793 εὖ
2235 4736 2360 4795 οἴδα
2413 4736 2710 4795 ἀκολουθῶν
2766 4750 2887 4803 ταῖς
2918 4744 3184 4818 Γραφαϊςο
3243 4739 3330 4795 καὶ
3386 4738 3640 4817 παρευθὺς
3685 4739 3770 4797 τί-

2122 4830 2243 4894 θησι
2299 4828 2387 4884 καὶ
2430 4826 2689 4908 γραφικὰς
2749 4828 3058 4907 μαρτυρίας.
3117 4824 3155 4855 ’¹
3164 4835 3256 4885 Οτι
3309 4823 3364 4882 δὲ
3408 4828 3602 4903 μόνους
3648 4830 3770 4893 τοὺς

2122 4916 2293 4981 ἀξίους
2350 4917 2449 4974 τῶν
2482 4918 2768 4995 οἰκτιρμῶν
2822 4918 2911 4974 tab
2941 4916 3071 4974 Θεοῦ
3126 4916 3421 4995 ὠφελοῦσιν
3468 4918 3521 4973 αἱ
3549 4921 3655 4973 τῶν
3686 4914 3771 4973 δι-

2122 5008 2283 5065 καίων
2329 5008 2645 5086 προσευχαὶ,
2681 5004 2794 5062 εἴτε
2850 5012 3078 5082 ζῶντας,
3114 5005 3226 5063 εἴτε
3268 5007 3358 5063 καὶ
3411 5004 3771 5074 τελευτησαν-

2122 5117 2239 5171 τας,
2274 5098 2333 5155 οὐ
2391 5095 2499 5171 μὴν
2528 5096 2651 5161 τοὺς
2682 5093 3144 5172 ἀξιοκατακρίτους
3210 5096 3260 5152 al
3291 5096 3543 5175 γραφικαὶ
3601 5117 3776 5175 παρα-

2122 5182 2290 5251 δόσεις
2322 5183 2646 5247 διδάσκωσι.
2683 5186 2743 5244 Τί
2784 5184 2883 5264 γὰρ
2913 5186 3056 5265 παρὰ
3086 5193 3178 5243 τοῦ
3222 5183 3483 5260 Σαμουὴλ
3517 5187 3545 5241 ὁ
3599 5184 3773 5242 Σαοὺλ

2120 5273 2374 5355 ὠφελήθη
2408 5294 2423 5355 ;
2460 5275 2519 5332 Τί
2545 5272 2600 5331 δὲ
2630 5275 2752 5340 τοὺς
2783 5272 3065 5341 Ἰουδαίους
3117 5276 3153 5343 ἡ
3182 5284 3275 5335 τοῦ
3311 5266 3567 5352 Ἱερεμίου
3597 5273 3774 5341 ὤνησε

2120 5366 2447 5444 προσευχή;
2506 5365 2638 5440 πρὸς
2669 5364 2727 5420 ὃν
2774 5363 2930 5420 εἶπεν
2988 5367 3016 5421 ὁ
3065 5365 3278 5439 Κύριος
3317 5365 3405 5432 Μὴ
3471 5364 3776 5444 προσεύχου

2118 5455 2238 5533 περὶ
2294 5461 2386 5511 τοῦ
2414 5453 2544 5512 λαοῦ
2597 5455 2803 5515 τούτου.
2840 5444 3069 5534 ’Ὠσπερ
3126 5455 3254 5533 γὰρ,
3285 5461 3377 5511 τοῦ
3432 5451 3585 5523 ἡλίου
3629 5452 3776 5531 λάμ-

2117 5565 2336 5622 ποντος,
2372 5541 2697 5623 ἐξαφανίζων
2753 5564 2836 5607 τις
2866 5543 2961 5607 τὰς
3021 5545 3217 5609 οἰκείας
3254 5542 3432 5621 ὄψεις,
3466 5545 3610 5601 αἰτεῖ
3667 5566 3775 5620 μι-

2117 5646 2345 5718 τασχεῐν
2388 5632 2586 5719 φωτός·
2638 5631 2776 5693 οὕτω
2827 5634 2914 5691 καὶ
2964 5636 3096 5716 πρὸς
3152 5633 3439 5701 ἀδυνάτους
3501 5632 3770 5715 κρέματας
