4088 6208
315 347 442 420 s77
799 349 898 421 DE
939 347 1240 421 ECCLES.
1273 350 1723 433 mamma,
1769 351 1936 419 CAP.
1984 339 2124 420 VII.
2177 386 2254 404 -
2287 341 2673 422 PARAPHR.
2715 353 3229 422 PACHYMERE.
3572 353 3690 424 57s

316 492 537 559 ἰλπίδας
566 495 594 551 6
630 493 724 558 τὰς
755 491 864 550 τῶν
906 490 1072 572 ἁγίων
1107 492 1205 570 μὶν
1233 490 1463 558 ἆξαιτῶν
1512 489 1837 571 προσευχὰς,
1897 487 1957 564 μὶ

2061 487 2278 550 mentis
2292 488 2496 551 oculos
2519 496 2756 570 apertos
2776 489 2977 563 habet,
3004 499 3063 552 et
3085 491 3254 571 juxta
3284 490 3684 572 Psalmistam,

316 584 573 665 κατέχων
603 580 658 640 δὲ
691 583 782 650 τὰς
812 590 903 640 τοῦ
959 589 1090 639 Θεοῦ
1146 581 1385 657 ἐντολὰς,
1452 579 1589 658 μηδὲ
1649 578 1796 660 ἔχων
1848 582 1957 636 οἷον

2047 575 2398 640 deﬁcientes
2420 584 2480 639 in
2520 578 2780 642 salutare
2805 579 2962 641 Dei“.
3024 581 3113 642 Ne
3148 582 3453 644 existimes
3482 590 3681 645 autem

318 672 864 750 ἂποκεκαλυμμένους
951 673 1073 736 τοὺς
1145 673 1368 740 νοητοὺς
1462 667 1792 751 ὀφθαλμοὺς,
1879 670 1957 726 καί

2047 667 2234 730 solem
2259 669 2401 730 dare
2423 667 2652 729 lumina
2671 669 3105 751 sua(quomodo
3127 669 3458 744 enim,cum
3483 669 3683 732 inani-

319 763 669 826 ἰκλείποντας
718 761 848 842 ἤδη,
883 762 1020 820 κατὰ
1074 763 1165 819 τὸν
1193 759 1523 838 Ψαλμῳδὸν,
1558 762 1630 826 εἰς
1661 761 1723 817 16
1782 760 1957 829 σωτή-

2048 756 2162 819 mis
2179 757 2468 837 sit,possit
2489 757 2630 820 dare
2657 764 2941 836 munus?),
2975 758 3080 821 sed
3103 757 3282 820 veluti
3312 777 3418 838 per
3448 775 3681 820 morum

317 875 434 933 ριον
472 863 564 914 106
596 859 755 912 Θεοῦ.
789 852 878 919 Μὴ
909 851 1133 928 νομίσῃς
1177 849 1254 933 δὲ,
1289 851 1370 908 ὅτι
1415 853 1442 907 6
1498 850 1650 918 ἥλιος
1679 850 1744 908 τὰ
1776 850 1957 907 ἑαυτοῦ

2047 852 2369 927 quamdam
2403 846 2698 909 ﬁctionem
2737 847 2796 908 id
2842 846 3010 910 dicit.
3073 846 3236 910 Sicut
3266 847 3427 910 enim
3459 848 3508 908 si
3553 847 3684 928 quis

326 949 477 1024 φῶτα
508 941 784 1022 δωρεῖται,
819 942 964 1022 (πῶς
995 942 1094 1020 γὰρ
1153 942 1238 1017 ἃν,
1298 938 1512 1021 ἄψυχος
1535 938 1636 1015 ὢν,
1665 938 1957 1019 δωρήσεται

2049 944 2346 1016 supponat
2359 936 2547 998 solem
2559 935 2912 1015 dicerezEgo
2933 934 3264 998 valentibus
3277 935 3468 998 oculis
3485 935 3686 997 lumen

315 1031 521 1112 δωρεάν
547 1055 563 1111 ;
596 1032 616 1114 )
651 1030 788 1090 ἀλλὰ
811 1032 950 1090 κατᾶ
979 1032 1256 1100 ἠθοποιίαν
1287 1032 1414 1088 οἰνεί
1445 1051 1563 1088 τινα
1616 1031 1674 1086 τὸ
1735 1051 1957 1108 προκει-

2047 1026 2203 1087 dono
2229 1049 2244 1103 ;
2292 1035 2497 1106 postea
2527 1025 2742 1108 aliquis
2764 1025 3045 1089 laborans
3074 1027 3260 1092 oculis
3289 1026 3508 1090 dixerit
3537 1045 3551 1090 :
3599 1028 3685 1088 Da

311 1145 477 1197 μενον
508 1122 678 1202 λέγει.
713 1119 936 1200 ’Ὠσπερ
965 1122 1064 1200 γὰρ
1119 1119 1282 1185 εἴτις
1345 1121 1596 1178 ὓπὸθοιτο
1657 1121 1749 1176 τὸν
1807 1119 1957 1188 ἥλιον

2043 1115 2220 1178 etiam
2247 1115 2389 1177 mihi
2435 1115 2692 1191 radium,
2727 1117 2898 1178 valeo
2921 1115 3108 1190 enim,
3141 1115 3276 1178 dico
3306 1117 3362 1177 id
3397 1115 3534 1179 huic
3564 1137 3683 1180 non

317 1211 566 1292 λέγοντα⁹
628 1209 780 1291 Ἐγὼ
836 1225 954 1277 τοῖς
1027 1209 1340 1290 ἒρῤωμένοις
1419 1209 1718 1291 ὀφθαλμοῖς
1773 1207 1957 1285 δίδωμι

2047 1213 2272 1267 tantum
2291 1223 2408 1267 non
2436 1206 2991 1288 profuturum,quin
3004 1205 3178 1267 etiam
3195 1205 3252 1267 id
3269 1206 3425 1287 quod
3439 1205 3686 1271 videbat

321 1303 455 1382 φῶς
492 1307 614 1360 εἶτα
645 1301 876 1360 ἀσθενῶν
906 1324 987 1365 τις
1041 1301 1107 1357 τὰ
1165 1301 1379 1377 ὄμματα
1436 1298 1604 1357 εἵπου
1670 1301 1770 1366 Δὸς
1801 1300 1957 1375 κᾶμοί

2044 1301 2327 1372 amittet;
2361 1295 2574 1358 eodem
2609 1298 2786 1359 etiam
2823 1295 2999 1357 modo
3022 1295 3416 1373 quidamnari
3467 1298 3686 1360 meruit

317 1393 420 1460 τὴν
469 1393 689 1468 ἀκτῖνα,
773 1390 1004 1470 ἕῤῥωμαι
1051 1391 1173 1470 γάρ·
1235 1389 1380 1470 λέγω
1446 1389 1526 1447 ὅτι
1586 1390 1646 1447 06
1709 1389 1957 1447 τοσοῦτον

2045 1392 2320 1466 peccator
2350 1385 2599 1448 aﬁ'ectus
2616 1393 2724 1460 est,
2763 1403 2898 1447 cum
2909 1383 3208 1464 justorum
3233 1402 3441 1463 preces
3457 1385 3680 1466 eiﬂagi-

311 1482 730 1562 ὠφεληθήσεται
763 1484 937 1557 οὗτος,
969 1481 1094 1538 ὅσον
1151 1482 1242 1538 καὶ
1286 1479 1314 1536 ὅ
1365 1480 1504 1557 ἑώρα
1561 1479 1837 1537 ἀπολέσειο
1869 1481 1957 1536 τὸν

2045 1482 2150 1556 tat,
2181 1484 2239 1537 et
2268 1475 2399 1556 ipse
2428 1494 2494 1539 se
2525 1493 2644 1539 non
2693 1475 3008 1545 convertit.
3070 1474 3145 1535 Et
3173 1474 3287 1536 hoc
3344 1485 3434 1536 est
3457 1480 3615 1557 quod
3645 1496 3680 1539 a

315 1573 481 1629 αὐτὸν
537 1573 734 1652 τρόπον
792 1572 882 1628 καὶ
939 1573 967 1628 6
1023 1570 1456 1650 ὰξιοκατάκριτος
1525 1568 1840 1649 ἁμαρτωλὸς
1869 1568 1957 1634 τὰς

2045 1565 2354 1646 Scriptura
2371 1565 2587 1628 dicitur
2615 1587 2628 1629 :
2664 1563 2936 1628 Multum
2962 1563 3119 1628 valet
3140 1565 3473 1642 deprecatio
3482 1567 3645 1644 justi
3673 1566 3686 1600 '

313 1672 427 1724 τῶν
487 1663 702 1722 δικαίων
735 1662 900 1743 εὐχὰς
932 1660 1192 1741 ἐκζητῶν,
1236 1660 1487 1723 κάκεῖνος
1523 1657 1775 1737 μηδόλως
1833 1657 1957 1715 ἰπι-

2043 1671 2078 1743 a
2101 1655 2324 1736 Spiritu
2349 1657 2569 1737 agitata
2598 1654 2723 1736 (29)
2759 1677 2774 1735 ;
2810 1654 2884 1717 de
2897 1655 3064 1735 justo
3096 1655 3256 1718 enim
3289 1658 3406 1717 hoc
3437 1655 3677 1722 dicitur.

314 1753 705 1835 στρεφόμενος.
743 1741 840 1809 καὶ
881 1750 1036 1807 τοῦτό
1066 1750 1176 1807 ἐστι
1203 1751 1262 1807 16
1321 1750 1463 1828 παρὰ
1519 1755 1587 1827 τῇ
1644 1753 1825 1829 Γραφῇ
1863 1746 1957 1804 λε-

2042 1741 2126 1807 De
2155 1745 2257 1806 illo
2288 1754 2508 1817 autem,
2546 1763 2650 1835 pro
2681 1750 2819 1826 {quo
2849 1745 2914 1806 ﬁt
2948 1744 3330 1835 deprecatio,
3363 1743 3686 1828 Scripturis

315 1831 575 1924 γόμενον⁸
638 1843 786 1921 Μέγα
842 1843 1022 1923 ἰσχύει
1081 1841 1220 1921 εὐχὴ
1293 1838 1493 1897 δικαίου
1577 1837 1956 1920 ἓνεργουμένη·

2045 1853 2285 1917 quoque
2300 1853 2566 1899 consone
2581 1834 2733 1909 dico,
2745 1834 3030 1917 perutiles
3043 1853 3174 1897 esse
3187 1843 3464 1898 sanctoru
3475 1855 3528 1898 m
3555 1855 3687 1918 pre-

319 1933 458 2014 παρ⁹
491 1933 690 1991 ἐκείνου
718 1954 820 2012 γαρ
876 1931 1109 2009 λέγεται.
1174 1931 1322 2010 Παρὰ
1377 1927 1432 1986 δέ
1480 1937 1572 1987 τοῦ
1623 1930 1754 2009 ὑπὲρ
1815 1932 1876 1988 06
1925 1931 1957 1999 ἡ

2045 1942 2168 1997 ces,
2195 1924 2519 1988 dummodo
2551 1924 2684 2006 quis
2706 1943 3013 1987 sacrorum
3038 1943 3351 1988 munerum
3387 1925 3684 1990 desiderio

315 2021 556 2089 ἔντευξις
586 2023 905 2102 ἰνεργεῖται,
957 2021 1100 2100 λέγω
1130 2028 1255 2101 γοῦν
1298 2018 1434 2077 κατᾶ
1467 2020 1562 2084 τὰς
1593 2019 1826 2100 Γραφὰς,
1887 2020 1957 2085 ὡς

2043 2014 2575 2090 278accensus,et
2596 2015 2667 2077 ad
2691 2014 2899 2077 eadem
2925 2014 3021 2095 pie
3041 2015 3117 2076 sit
3137 2015 3384 2079 allectus
3411 2017 3686 2098 (propriae

315 2112 585 2193 ὡφελιμοί
617 2113 746 2170 εἰσιν
778 2115 829 2168 αἰ
859 2118 966 2168 τῶν
1027 2109 1241 2168 δικαίων
1303 2109 1459 2190 εὐχαὶ
1487 2111 1624 2166 κατὰ
1679 2107 1827 2166 τόνδε
1870 2111 1957 2166 τὸν

2047 2107 2208 2170 enim
2236 2107 2371 2168 vitae
2390 2105 2464 2168 ad
2483 2106 2767 2168 virtutem
2785 2105 3164 2168 affectionem
3191 2106 3412 2169 vocavit
3438 2106 3679 2170 habitu-

308 2207 539 2284 τρόπον,
570 2200 767 2277 εἴτις,
804 2203 910 2258 τῶν
965 2200 1026 2258 ἐκ
1086 2199 1217 2257 Θεοῦ
1275 2197 1486 2278 δωρεῶν
1541 2198 1840 2280 ἐφιέμενος,
1871 2199 1959 2256 καὶ

309 2292 466 2373 ’ἔχων
493 2291 721 2350 διάθεσιν
751 2292 955 2370 ἀγαθὴν
1000 2293 1132 2369 πρὸς
1193 2291 1378 2368 αὐτὰς,
1413 2290 1531 2367 (τὴν
1582 2289 1681 2369 γάρ
1729 2299 1820 2348 τοῦ
1874 2290 1956 2346 οἰ-

310 2383 461 2443 κείου
518 2383 633 2458 βίου
705 2383 835 2462 πρὸς
894 2381 1086 2459 ἀρετὴν
1144 2378 1370 2437 διάθεσιν
1444 2377 1548 2444 ἕξιν
1603 2379 1783 2459 εἶπεν,
1841 2379 1958 2445 ἣτις

316 2473 534 2535 πάντως
577 2472 777 2550 γίνεται
829 2471 889 2528 ἐκ
919 2476 1018 2538 τῆς
1074 2471 1267 2532 οἰκείας
1326 2471 1765 2549 ἐπιγνωμοσὺνης
1827 2469 1957 2524 ἑκά-

319 2563 496 2643 στου·)
528 2561 694 2620 ἐλθὼν
725 2564 814 2619 ὲπί
837 2583 957 2619 τινα
981 2566 1088 2618 τῶν
1119 2560 1362 2640 δικαίων,
1421 2561 1662 2626 ἀξιώσειε
1718 2560 1957 2638 γενέσθαι

318 2654 386 2709 τὰ
444 2653 577 2731 πρὸς
635 2653 726 2709 τὸν
790 2653 919 2708 Θεὸν
977 2648 1464 2729 συμπαραιλήτορᾶ
1522 2651 1568 2706 οἰ
1626 2650 1713 2705 καὶ
1765 2650 1957 2722 ἐαυτῷ,

321 2740 730 2822 ὠφεληθήσεται
766 2741 974 2806 πάντως
1005 2740 1065 2796 ἐκ
1094 2740 1280 2798 τούτου
1336 2741 1436 2806 τὴν
1496 2739 1756 2818 μεγίστην
1812 2737 1958 2817 ὠφέ-

323 2830 493 2888 λειαν⁶
528 2829 960 2912 ἀποδεχθήσεται
1011 2831 1111 2909 γὰρ
1141 2829 1283 2904 παρᾶ
1313 2835 1446 2886 Θεοῦ
1499 2827 1651 2884 ἕνεκα
1708 2833 1806 2895 τῆς
1863 2828 1954 2882 εδ·-

323 2918 517 2985 λαὸοὖς
547 2925 716 2980 αὐταῦ
744 2919 1209 2999 ὶπιγνωμοσΰνης,
1243 2919 1332 2974 καὶ
1360 2917 1454 2984 τῆς
1503 2917 1588 2973 ἐπὶ
1635 2919 1754 2983 τοὺς
1785 2917 1956 2980 ὁσίους

322 3008 522 3090 αἰδοῦς,
556 3008 632 3066 ἔτι
665 3007 720 3064 δὲ
758 3010 847 3065 καὶ
909 3010 1008 3075 τῆς
1069 3007 1298 3087 ἐφέσεως
1357 3008 1446 3062 καὶ
1503 3007 1716 3086 μετρίας
1772 3005 1950 3072 ἕξεως·

317 3110 471 3158 τοῦτο
493 3100 594 3179 γάρ
623 3098 733 3155 ἐστι
759 3100 820 3155 16
849 3097 1211 3177 κατάλληλον,
1246 3095 1327 3153 ὅτι
1385 3098 1450 3154 τὰ
1508 3096 1647 3156 καλὰ
1703 3097 1954 3176 ἠγάπησε

2047 2195 2422 2278 dinem,qu:e
2441 2215 2512 2258 ex
2534 2194 2854 2275 cujuslibet
2867 2194 3230 2258 conscientia
3250 2196 3579 2275 exsistit)ad
3602 2203 3682 2258 vi-

2043 2305 2175 2348 rum
2191 2286 2448 2367 aliquem
2459 2286 2688 2365 justum
2711 2284 3005 2348 accedens
3028 2283 3467 2365 petat,utDeum
3493 2305 3598 2367 pro
3613 2305 3679 2350 se

2040 2376 2474 2457 roget,sibique
2495 2374 2919 2455 conciliet,qua
2937 2373 3166 2437 ratione
3180 2393 3326 2437 sane
3347 2394 3478 2437 max
3491 2377 3676 2440 imum

2044 2485 2113 2529 ex
2134 2485 2205 2529 eo
2236 2466 2452 2528 referet
2472 2464 3089 2528 emolumentummoti
3111 2463 3273 2526 enim
3289 2483 3536 2546 compos
3548 2466 3671 2544 ﬁet,

2042 2575 2176 2619 cum
2203 2564 2446 2637 propter
2467 2555 2893 2618 conscientiam
2919 2553 3414 2634 religiosam,tum
3435 2567 3679 2638 pr0pter

2046 2655 2392 2710 sanctorum
2418 2645 2964 2726 reverentiam,tum
2983 2653 3226 2727 propter
3240 2650 3350 2726 pia:
3371 2647 3676 2726 petitionis

2042 2737 2461 2815 adeetum;hoc
2475 2736 2633 2799 enim
2659 2735 2742 2798 ita
2758 2737 3055 2811 convenit,
3083 2736 3364 2815 quoniam
3386 2735 3544 2800 bona
3562 2737 3637 2800 ad
3653 2771 3674 2788 -

2041 2828 2344 2904 amavit,et
2365 2826 2896 2909 quaesivit.Etenim
2911 2827 3194 2890 divinisid
3218 2825 3478 2890 decretis
3498 2826 3678 2890 stabi-

2042 2918 2209 2978 litum
2239 2926 2422 2992 est,ut
2444 2935 2651 2979 eorum
2683 2915 3135 2998 participatione
3153 2915 3676 2996 dignis,donentur

2039 3021 2142 3078 per
2165 3021 2262 3064 eos
2283 3007 2379 3077 qui
2392 3005 2552 3079 digni
2570 3006 2914 3064 sunteadem
2932 3005 3677 3074 distribuere.Quemadmo-

2039 3101 2176 3157 dum
2189 3099 2342 3155 enim
2354 3097 2738 3169 postulantem
2751 3095 3183 3169 dijudicat,num
3195 3097 3346 3154 dono
3358 3096 3567 3168 dignus
3585 3099 3674 3164 sit.

315 3191 404 3246 καὶ
438 3189 720 3260 ἐξῄτησεν.
757 3187 923 3246 ’Ἔστι
953 3189 1054 3266 γὰρ
1083 3188 1172 3245 καὶ
1203 3194 1356 3245 τοῦτο
1387 3199 1504 3250 τοῖς
1537 3191 1696 3251 θείοις
1729 3208 1953 3263 νενομο-

2040 3189 2127 3252 sic
2145 3189 2320 3251 etiam
2339 3195 2675 3268 precantem
2699 3184 3231 3260 scrutabitur,num
3245 3196 3304 3248 et
3317 3187 3447 3267 ipse
3463 3186 3675 3266 dignus

313 3281 608 3355 θετημενον
637 3279 879 3357 κρίμασι,
911 3280 974 3334 16
1004 3276 1282 3356 δωρεῖσθαι
1329 3290 1448 3340 τοῖς
1510 3276 1673 3343 ἀξίοις
1731 3287 1822 3336 106
1851 3300 1955 3353 με-

312 3383 548 3449 τασχεῖν
581 3367 664 3426 διὰ
695 3375 800 3427 τῶν
850 3367 1005 3433 ἀξίων
1062 3377 1156 3426 τοῦ
1217 3364 1555 3442 μεταδοῦναι.
1615 3365 1708 3430 Ὠς
1739 3369 1838 3446 γὰρ
1867 3369 1955 3423 τὸν

316 3467 586 3532 ζητοῦντα
635 3459 954 3540 φιλοκρινεῖ,
1004 3457 1159 3536 εἴπερ
1212 3457 1321 3514 ἐστὶ
1379 3463 1476 3524 τῆς
1531 3457 1728 3538 δωρεᾶς
1787 3458 1950 3532 ἄξιος,

313 3549 453 3608 οὕτω
505 3553 593 3606 καὶ
646 3553 738 3606 τὸν
788 3550 1082 3629 εὐχόμενον
1138 3549 1430 3625 ἒρεονήσει,
1494 3550 1647 3627 ε’ἰπερ
1706 3547 1814 3604 ἐστὶ
1870 3550 1954 3605 καὶ

318 3643 476 3706 αὖτὸς
508 3640 650 3706 ἄξιος
679 3641 1107 3718 ὑπερετήσσσθαι
1158 3639 1286 3716 πρὸς
1325 3636 1529 3694 ἐκεῖνον
1566 3638 1788 3712 τοιούτῳ
1845 3636 1954 3694 δω-

316 3731 542 3808 ρήματι.
574 3731 687 3811 οὐχ
723 3727 908 3793 ἁπλῶς
936 3727 1022 3785 οὗν
1054 3726 1116 3783 τὸ
1147 3726 1276 3806 πρὸς
1307 3727 1448 3783 θείαν
1477 3725 1690 3803 ὁμιλίαν
1722 3740 1950 3809 χωρεῖν,

320 3822 406 3876 καὶ
437 3821 698 3876 αἰτεῖσθαι
731 3819 871 3898 παρὰ
925 3824 1055 3874 Θεοῦ
1103 3817 1167 3873 τὰ
1222 3817 1494 3895 κρείττονα
1565 3816 1820 3875 κωλύσειὲ
1876 3841 1954 3884 τις

321 3915 613 3990 εὖφρονῶν,
657 3907 805 3973 εἰδὼς
863 3910 954 3966 τὸν
985 3908 1154 3985 μέγαν
1187 3905 1524 3968 Ἀπόστολον
1553 3909 1958 3986 προστάσσοντα

321 3999 674 4065 ἀδιαλείπτως
706 3999 1115 4079 προσεύχεσθαι·
1151 3997 1287 4054 ἀλλὰ
1317 3999 1377 4055 τὸ
1423 3999 1592 4070 οἰήσει
1650 4000 1767 4056 τινὰ
1825 4021 1960 4078 κρα-

320 4093 578 4166 τούμενον
630 4096 945 4171 ὺπεριρονεῖν
1003 4089 1109 4145 τῶν
1161 4089 1347 4170 ἁγίων,
1406 4091 1493 4148 καὶ
1551 4091 1690 4170 παρὰ
1748 4089 1958 4171 φαύλων

307 4184 546 4243 τίθεσθαι
575 4180 669 4246 τὰς
694 4181 894 4238 τούτων
924 4181 1116 4260 εὒχᾶις,
1152 4188 1306 4240 τοῦτο
1335 4179 1429 4236 καῖ
1492 4179 1608 4237 λίαν
1638 4195 1755 4248 τοῖς
1802 4184 1958 4250 θείοις

305 4269 514 4345 ἀπᾷδον
543 4269 629 4327 καὶ
661 4259 1053 4344 κεκωλυμένον.
1091 4259 1230 4327 ’Ὀτε
1263 4266 1319 4324 δὲ
1349 4270 1437 4325 καὶ
1467 4268 1646 4338 οἴησις
1691 4271 1767 4347 μὴ
1817 4271 1951 4350 ἔστι,

303 4363 443 4426 τέως
471 4367 744 4442 χρῃζομεν
777 4365 885 4416 τῶν
913 4365 1184 4417 κοινωνῶν
1232 4361 1331 4426 τῆς
1364 4359 1558 4440 εὒχῆςσ
1591 4362 1651 4418 16
1709 4362 1808 4437 μὲν
1864 4361 1956 4420 ἵνα

2039 3281 2116 3342 sit
2148 3278 2370 3340 taleilli
2424 3295 2641 3339 munus
2672 3277 3010 3357 impetrare.
3045 3274 3174 3337 Non
3219 3281 3448 3338 temere
3476 3275 3675 3356 itaque

2037 3377 2134 3452 qui
2167 3367 2330 3450 cupit
2359 3368 2434 3431 ad
2479 3367 2742 3430 divinum
2793 3365 3158 3428 consortium
3209 3366 3521 3442 accedere,
3559 3375 3618 3428 et
3643 3385 3678 3428 a

2039 3461 2164 3522 Deo
2193 3458 2417 3540 optima
2471 3475 2721 3540 quaeque
2779 3455 3082 3538 postulare
3115 3455 3490 3536 prohibetur,
3536 3474 3672 3518 eum

2038 3549 2188 3612 sciat
2208 3566 2486 3627 magnum
2499 3545 2852 3628 Apostolum
2878 3546 3204 3626 praecipere
3215 3558 3279 3608 ut
3303 3546 3675 3608 incessanter

2037 3657 2278 3700 oremus
2307 3661 2323 3716 ;
2347 3638 2453 3700 sed
2482 3635 2802 3700 absurdum
2824 3635 3005 3698 simul
3035 3645 3094 3697 et
3129 3635 3398 3697 illicitum
3431 3653 3585 3711 esse,
3613 3635 3673 3696 'si

2037 3727 2503 3811 quis,’opinione
2526 3745 2632 3789 sua
2659 3725 2960 3805 seductus,
2996 3743 3174 3805 supra
3201 3733 3437 3786 sanctos
3464 3741 3675 3805 sapere

2041 3819 2211 3894 velit,
2244 3827 2302 3880 et
2322 3837 2428 3898 pro
2453 3816 2632 3880 rebus
2683 3817 2853 3878 malis
2883 3833 3092 3896 preces
3113 3813 3385 3878 fundere.
3419 3813 3667 3888 Quando

2039 3917 2238 3971 autem
2268 3909 2428 3971 nulla
2449 3906 2614 3970 adest
2635 3908 2978 3986 elatio,tunc
3001 3924 3119 3968 non
3141 3905 3466 3986 refugimus
3495 3923 3670 3967 com-

2049 4017 2260 4064 munes
2285 4004 2650 4080 preces;tum
2678 3996 3059 4060 utdiscamus
3077 4013 3207 4077 qua)
3226 4003 3429 4078 petere
3453 3993 3674 4056 debea-

2044 4099 2334 4167 mus,tum
2357 4107 2497 4152 vero
2518 4088 2696 4152 etiam
2719 4087 3016 4169 quomodo
3041 4105 3250 4168 preces
3268 4086 3671 4150 instituamus.

2043 4184 2422 4246 Frustramur
2444 4179 2604 4242 enim
2620 4177 2894 4252 votis,vel
2906 4177 3047 4256 quia
3058 4177 3360 4240 nescimus
3375 4175 3672 4257 quomodo

2041 4272 2229 4336 oratio
2255 4271 2332 4333 sit
2381 4267 2769 4346 intendenda,
2805 4268 2917 4330 ista
2944 4267 3107 4330 enim
3139 4275 3230 4331 est
3259 4265 3669 4348 postulationis

2038 4363 2300 4438 inscitia;
2320 4360 2410 4424 vel
2430 4359 2570 4440 quia
2589 4378 2686 4421 res
2709 4358 2984 4438 indignas
3011 4359 3397 4440 postulamus.
3427 4355 3546 4419 Sed
3577 4356 3670 4418 di-

303 4451 681 4527 διδασκώμεθα
707 4452 770 4509 16
794 4451 911 4508 τίνα
959 4449 1022 4505 ἂν
1052 4450 1423 4527 ὰίτησαίμεθα⁶
1472 4451 1534 4506 16
1590 4449 1644 4507 δὲ
1698 4450 1843 4518 ὅπως
1875 4453 1954 4510 αἶ-

2040 4451 2418 4532 cetaliquis:
2474 4448 2624 4523 Quid
2677 4467 2826 4529 opus
2882 4456 2971 4510 est
3027 4446 3418 4522 institutione,
3455 4453 3518 4507 ut
3564 4465 3673 4508 co-

299 4542 629 4616 τησαίμεθι.
694 4542 940 4616 Δήσομεν
995 4539 1095 4619 γὰρ
1158 4539 1527 4620 ἀποτυχόντες
1561 4541 1598 4607 ἦ
1639 4537 1723 4597 διὰ
1755 4543 1816 4598 16
1874 4545 1952 4618 μὴ

302 4629 496 4688 εἰδέναι
533 4629 680 4695 ὅπως
718 4632 962 4694 σὸντονος
1015 4631 1050 4698 ἡ
1117 4627 1298 4697 δέησις
1355 4630 1579 4706 γίνεται,
1637 4632 1792 4689 10610
1850 4634 1952 4712 γάρ

301 4721 449 4778 ἔστιν
481 4721 854 4796 ἀνεπιστῆμον
892 4717 989 4788 τῆς
1021 4721 1307 4800 αἰτήσεως,
1337 4719 1374 4788 ἦ
1404 4717 1488 4776 διὰ
1517 4721 1578 4776 16
1636 4720 1820 4789 audita
1877 4726 1954 4780 αἰ-

302 4823 450 4870 τεῖν.
487 4808 638 4867 Ἀλλ’
674 4808 826 4868 εἴποι
848 4831 931 4875 τις
962 4808 1048 4866 ἄν·
1111 4811 1212 4869 Καί
1265 4811 1341 4876 τίς
1407 4811 1562 4890 χρεία
1617 4808 1951 4881 διδασκαλίας

305 4901 381 4964 εἰς
404 4901 468 4956 16
498 4905 695 4979 γνῶναι
740 4901 871 4964 τίνες
901 4901 1026 4958 εἰσὶν
1057 4901 1108 4957 αἱ
1139 4900 1340 4974 ἀνάξιοι
1401 4902 1661 4977 αἰτήσεις,
1724 4903 1812 4960 καὶ
1864 4907 1950 4961 τί-

307 5010 394 5054 νες
444 4991 504 5045 αἱ
559 4988 722 5066 ἄξιαι,
789 4990 949 5050 αὒτοῦ
1013 4998 1106 5048 106
1165 4991 1353 5071 Κυρίου
1409 4988 1680 5070 λέγοντος⁶
1742 4996 1953 5052 Αἰτεῖτε

307 5084 521 5158 πρῶτον
570 5079 670 5148 τὴν
729 5078 999 5157 βασιλείαν
1069 5087 1158 5139 τοῦ
1209 5087 1362 5158 Θεοῦ,
1419 5083 1507 5140 καὶ
1563 5081 1733 5142 τᾶλλα
1784 5085 1956 5144 πάντα

307 5170 730 5249 προστεθήσεται
760 5170 944 5246 ὑμῖν;
995 5169 1233 5250 Λέγομεν
1291 5171 1365 5234 εἰς
1418 5181 1596 5255 τοῦτο,
1655 5173 1736 5231 ὅτι
1781 5173 1957 5233 πολλέ

309 5259 412 5317 εἰσι
447 5261 513 5317 τὰ
542 5259 675 5341 παρ⁹
701 5262 859 5338 ἡμῶν
891 5261 1224 5340 ἀγνοούμενα
1254 5260 1335 5320 ὅτι
1379 5263 1502 5321 εἰσίν
1559 5261 1766 5330 ἂνάξιαο
1823 5264 1954 5323 κλε-

2038 4558 2395 4623 gnoscamus
2416 4555 2684 4618 quamam
2719 4537 2838 4598 sint
2869 4535 3126 4616 indignas
3149 4535 3583 4618 postulationes
3612 4542 3671 4597 et

2037 4649 2308 4715 quaenam
2343 4627 2560 4709 dignae,
2589 4625 2839 4688 Domino
2863 4625 3146 4688 dicente:
3182 4625 3376 4688 Petita
3393 4627 3668 4706 primum

2036 4738 2296 4805 regnum
2322 4720 2456 4795 Det,
2480 4727 2534 4780 et
2555 4725 2770 4781 catera
2793 4721 3001 4778 omnia
3028 4716 3402 4794 adficientur
3431 4716 3676 4805 vobism?

2047 4804 2316 4877 Dicimus
2347 4808 2572 4870 idcirco
2599 4806 2784 4868 multa
2806 4805 2980 4869 nobis
3001 4824 3134 4870 esse
3180 4807 3376 4887 ignota
3398 4822 3530 4887 quas
3559 4804 3678 4866 sint

2038 4902 2286 4983 indigna
2319 4921 2334 4966 :
2371 4917 2506 4962 nam
2560 4896 2882 4978 cupiditate
2925 4895 3292 4985 decipimur,
3317 4905 3376 4958 et
3415 4895 3679 4977 peccatis

2044 5007 2460 5076 saepenumero
2485 4987 3015 5068 circumvenimur,
3053 5004 3469 5068 saepenumero
3498 4985 3676 5048 etiam

2041 5088 2413 5166 rogamus,et
2443 5079 2602 5143 bona
2625 5077 2868 5158 indigne
2893 5078 3283 5161 postulamus,
3317 5077 3675 5166 nescientes,

2038 5165 2455 5255 adversa,quaa
2481 5167 2774 5253 permissu
2799 5167 2906 5231 Dei
2931 5167 3468 5251 obveniunt,magis
3498 5165 3680 5247 prod-

2038 5284 2196 5332 esse.
2230 5259 2549 5339 Quomodo
2582 5259 2740 5322 enim
2765 5259 2946 5324 Israel
2969 5259 3032 5322 in
3061 5259 3373 5342 IEgypmm
3404 5255 3682 5319 transmi-

307 5347 557 5428 πτόμεθα
607 5351 708 5431 γὰρ
757 5355 826 5429 τῇ
869 5351 1066 5433 εφίσει,
1119 5373 1206 5410 και
1265 5351 1320 5409 ἐν
1360 5353 1638 5435 ἁμαρτίαις
1699 5353 1954 5422 πολλάκις

2043 5363 2303 5440 grasset,
2334 5360 2398 5420 et
2427 5361 2646 5417 terram
2677 5349 3096 5433 promissionis
3114 5346 3679 5430 haereditassetmisi

391 5533 425 5585 ι
455 5535 619 5604 Psal.
650 5553 852 5607 cum.
888 5537 1030 5625 123,
1088 5538 1337 5612 ‘Jac.v.
1364 5542 1466 5611 l6.
1535 5547 1806 5618 IIIMatth.
1828 5550 2041 5636 1711,33.

393 5696 526 5779 (29)
551 5701 760 5768 Graece
789 5705 1170 5789 ἔνεργουμίνη.
1210 5702 1382 5784 Vulg.
1415 5707 1685 5775 assidua.
