4064 6206
311 359 433 430 581

728 358 830 430 DE
871 362 1175 431 seems.
1222 356 1677 447 numnum,
1727 366 1892 430 CAP.
1937 362 2014 430 ν.
2098 396 2177 410 -
2223 340 2756 432 PARAPHRASIS
2798 367 3312 435 PACHYMER/E.

3584 368 3700 440 582

308 500 516 580 ἰτέροις
572 500 847 583 ὴράρχαις
903 500 1113 560 ’ἐσονται
1157 501 1224 560 δι’
1268 505 1343 560 ῶν
1405 509 1568 560 ταῦτα
1598 503 1688 560 καὶ
1744 501 1967 584 ἐνεργή-

2058 500 2201 563 teris
2221 518 2461 583 quoque
2474 499 2854 581 pontiﬁcibus
2866 502 3152 579 ernnt,ita
3172 510 3233 565 ut
3258 521 3365 585 per
3385 504 3497 567 hos
3519 509 3699 569 etiam

312 613 524 665 σουσιν,
564 590 596 659 ἢ
660 591 743 647 ὅτι
789 590 1274 671 διαπορθμευτικῶς
1320 594 1408 650 καὶ
1466 590 1965 673 αλληλοδιαδόχως,

318 682 412 740 καὶ
465 679 913 760 ἐκφαντορικῶς;
966 678 1131 755 "qui
1175 684 1274 761 γὰρ
1330 682 1685 749 πληθύνοντηιι
1746 682 1811 738 τὰ
1865 687 1969 738 τῶν

318 768 717 845 ἀποκαλύψεων
745 768 800 824 ἐν
831 768 1086 844 πολλοῖς,
1111 771 1348 845 τοσούτῳ
1376 769 1581 847 μᾶλλον
1610 770 1966 851 ἐκφαίνονται,

318 860 423 917 Καὶ
481 860 581 937 γὰρ
634 858 732 927 τὴν
792 859 935 937 ἱερὰν
978 859 1184 927 ἐκείνην
1239 859 1536 938 θεολογίαν,
1571 862 1693 930 τήν.
1721 862 1793 917 Σὺ
1842 862 1885 916 εἰ
1942 862 1971 916 6

314 949 549 1026 Χριστὸς
594 948 623 1003 ὀ
674 948 794 1012 Υἱὸς
841 954 930 1004 τοῦ
988 956 1120 1008 Θεοῦ
1169 956 1263 1006 τοῦ
1310 954 1532 1030 ζῶντος,
1567 952 1663 1008 οῦκ
1704 948 1792 1030 ἀφ’
1842 951 1970 1009 ἑαυ-

318 1044 436 1111 τοῦ,
463 1035 575 1093 οὐδ’
594 1037 701 1093 ἀπὸ
726 1039 919 1115 σαρκὸς
941 1038 1031 1095 καὶ
1060 1037 1120 1093 α’(
1126 1060 1317 1113 ματος,
1343 1036 1462 1094 ἀλλ’
1492 1039 1593 1095 ὑπὸ
1625 1046 1757 1096 Θεοῦ
1786 1045 1972 1115 μυοῦν.

314 1148 381 1182 το
457 1127 547 1182 καὶ
621 1131 891 1190 κινοῦντος
950 1127 1109 1186 αὐτὸν
1179 1125 1594 1206 ἀπεφτθέγξατο.
1656 1128 1788 1191 Τοὺς
1846 1135 1971 1205 γοῦν

320 1214 601 1295 ἀρχιερεῖς
649 1215 789 1272 οὕτω
818 1228 939 1280 ταῖς
997 1217 1338 1296 ἱεραρχικατς
1371 1214 1620 1292 δυνάμεσι
1679 1217 1967 1296 χρηστέον.

320 1304 548 1372 Ἀττική
579 1302 633 1360 δὲ
663 1306 699 1373 ἡ
737 1303 1001 1380 σύνταξις,
1036 1327 1122 1382 καξ
1166 1306 1429 1385 ἀρχαῖον,
1461 1308 1523 1361 τὸ
1573 1308 1881 1364 συντασσειν
1906 1307 1973 1363 τὰ

316 1395 609 1453 δποθετικὰ
665 1395 985 1457 αἱτιατικατς
1056 1395 1345 1451 πτώσεσιν’
1409 1394 1548 1451 οὕτω
1603 1417 1743 1476 πως,
1798 1397 1971 1460 καθὼς

320 1483 385 1541 ἂν
413 1486 627 1554 κινήσοι
659 1484 848 1548 αὐτοὺς
879 1485 908 1540 6
965 1483 1120 1549 Θεόςο
1152 1485 1275 1548 τοὺς
1306 1482 1361 1539 δὲ
1392 1482 1584 1548 ἄλλους
1633 1486 1772 1542 οὕτω
1800 1507 1970 1560 προσ-

323 1570 569 1630 ενεκτέον
631 1585 749 1636 τοτς
806 1573 1083 1653 ἱεράρχαις
1136 1576 1245 1646 (καὶ
1305 1582 1455 1633 τοῦτο
1514 1574 1613 1652 γὰρ
1663 1573 1801 1631 οὕτω
1859 1597 1978 1631 συν-

320 1660 609 1743 τάσσεται)
655 1663 728 1726 ὼς
786 1662 889 1719 ὑπὸ
943 1661 1076 1718 Θεοῦ
1138 1662 1534 1738 κεκινήμὲνοις’
1600 1664 1731 1741 πρὸς
1787 1665 1975 1729 αὐτοὺς

2053 590 2182 652 haec
2194 588 2661 671 operentur,nisi
2677 590 3175 668 pertraditionem
3198 600 3259 654 et
3280 604 3544 657 mutuam
3566 612 3699 659 suc-

2054 679 2387 743 cessionem
2420 688 2477 740 et
2502 677 3040 741 manifestationem
3063 679 3094 740 ?
3146 679 3380 753 Quanto
3408 684 3570 745 enim
3595 702 3698 748 re-

2054 769 2379 832 velationes
2400 768 2460 829 in
2485 767 2753 848 pluribus
2795 768 3287 852 multiplicantur,
3312 780 3478 834 tanto
3514 774 3701 854 magis

2056 858 2524 920 manifestantur.
2545 856 2777 918 Etenim
2802 874 3029 919 sacram
3055 858 3216 921 illam
3243 860 3350 923 Dei
3376 862 3700 942 professio-

2053 966 2189 1011 nem
2220 969 2233 1012 :
2270 946 2358 1009 Tu
2387 964 2448 1009 es
2491 945 2767 1009 Christus
2804 946 3007 1010 Filius
3040 947 3145 1010 Dei
3189 952 3340 1030 vivi,
3386 969 3504 1013 non
3535 970 3568 1013 a
3596 971 3697 1016 se—

2055 1039 2535 1118 metipso,neque
2556 1054 2590 1097 a
2608 1053 2788 1097 carne
2812 1045 2871 1097 et
2899 1037 3323 1116 sanguine,sed
3351 1038 3473 1102 Deo
3502 1040 3695 1122 ipsum

2055 1128 2168 1190 hoc
2199 1128 2451 1188 docente
2480 1143 2552 1187 ac
2600 1131 2874 1186 movente
2921 1128 3361 1205 pronuntiabat.
3414 1128 3701 1192 Similiter

2053 1217 2256 1294 itaque
2288 1216 2601 1296 pontiﬁces
2621 1213 3048 1275 ecclesiasticis
3081 1216 3470 1295 potestatibus
3491 1217 3574 1279 uti
3597 1218 3701 1280 de-

2053 1304 2418 1369 bent.Attica
2444 1313 2533 1367 est
2553 1304 2810 1384 syntaxis
2841 1309 2904 1366 et
2926 1311 3156 1367 vetusta
3176 1307 3564 1388 constructio,
3579 1325 3699 1386 qua

2056 1394 2492 1476 propositiones
2523 1390 2841 1456 accusandi
2894 1390 3132 1455 casibus
3183 1394 3560 1474 efferuntur;
3614 1397 3702 1460 sic

2056 1484 2365 1558 nimirum,
2406 1501 2478 1545 ac
2499 1482 2549 1543 si
2573 1486 2838 1545 moveret
2857 1498 2961 1543 eos
2983 1481 3142 1544 Deus
3170 1501 3194 1560 ;
3227 1482 3459 1546 caeteris
3502 1494 3699 1548 autem

2056 1574 2138 1637 ita
2162 1572 2471 1655 pontiﬁces
2498 1570 2856 1634 observandi
2887 1580 3025 1633 sunt
3059 1581 3215 1648 (nam
3263 1581 3322 1634 et
3351 1573 3465 1635 hoc
3488 1574 3700 1638 eodem

2057 1664 2234 1726 modo
2267 1664 2651 1737 construitur)
2684 1668 2961 1741 tanquam
2982 1661 3084 1740 qui
3112 1681 3147 1722 a
3175 1661 3288 1724 deo
3315 1672 3695 1728 moveantur:

319 1750 425 1831 γάρ
457 1751 570 1807 ἐστι
616 1751 645 1806 ὃ
674 1757 767 1808 τοῦ
798 1750 1067 1808 Δεσπότου
1120 1757 1349 1829 Χριστοῦ
1375 1749 1557 1831 λόγος,
1595 1743 1653 1809 Ὀ
1696 1752 1831 1828 ὑμᾶς
1861 1752 1971 1810 ἀθε·

2058 1753 2129 1816 ad
2160 1772 2261 1815 eos
2292 1752 2450 1816 enim
2483 1758 2573 1814 est
2602 1766 2798 1812 sermo
2837 1749 3056 1813 Christi
3101 1750 3373 1814 Domini:
3431 1753 3548 1827 Qui
3602 1771 3702 1817 vos

318 1847 457 1914 τῶν,
494 1840 591 1914 ἐμὲ
621 1840 826 1904 ἀθετεῖ,

2059 1843 2317 1924 spernit,
2349 1860 2443 1905 me
2470 1847 2703 1922 spernit
2732 1850 2783 1901 Ρ.

403 1928 434 2009 5
465 1926 619 1992 VIII.
651 1927 801 1986 ’Δλλ’
834 1927 1208 2017 ἑπανελθὸντες
1234 1927 1487 2009 λέγομεν,
1521 1926 1607 1986 ὅτι
1638 1928 1971 1998 τελεσθείσης

2137 1937 2164 2009 §
2195 1931 2350 1997 Vill.
2381 1932 2673 1995 Caeterum
2698 1930 2771 1992 ad
2788 1937 3013 1992 textum
3046 1930 3394 2009 redeuntes,
3422 1933 3701 2017 dicimus,

317 2025 423 2088 τῆς
484 2021 679 2100 εὐχῆς,
739 2019 1060 2090 ἀσπάζονται
1119 2015 1348 2084 ἅπαντες
1407 2020 1502 2075 τὸν
1557 2020 1971 2096 κεκοιμημένον·

2060 2022 2225 2085 ﬁnita
2242 2021 2604 2102 precatione,
2626 2038 2836 2083 omnes
2852 2019 3193 2081 defunctum
3216 2020 3472 2086 salutare
3498 2043 3514 2102 ;
3538 2015 3707 2087 acce-

320 2109 449 2178 ἡδὺς
507 2112 607 2187 γὰρ
637 2110 725 2165 καὶ
777 2108 955 2185 τίμιος
986 2111 1013 2164 6
1070 2109 1234 2185 ἁγίως
1266 2107 1564 2185 βεϐιωκώς.
1622 2111 1768 2167 Μετὰ
1810 2116 1971 2166 ταῦτα

2059 2121 2198 2194 ptus
2224 2111 2385 2173 enim
2402 2119 2461 2173 et
2482 2110 2712 2172 honore
2740 2110 2955 2189 dignus
2979 2117 3065 2171 est
3092 2109 3362 2191 quisquis
3387 2120 3594 2176 sancte
3614 2114 3706 2175 vi-

323 2198 541 2279 ἒπιχέει
587 2201 646 2256 τὸ
676 2197 856 2256 ἔλαιον
900 2200 928 2255 6
956 2198 1214 2279 ἱεράρχης
1265 2204 1343 2273 τῷ
1385 2202 1636 2274 κειμένῳ,
1681 2198 1971 2276 Ἐλὲγομεν

2058 2202 2163 2264 xit.
2192 2205 2399 2265 Postea
2420 2200 2681 2281 pontifex
2704 2199 2985 2261 defuncto
3004 2199 3200 2260 oleum
3234 2200 3509 2266 aﬂ‘undit.
3536 2204 3705 2265 Dixi-

325 2287 382 2345 δὲ
419 2289 474 2345 ἐν
521 2301 637 2354 τοῖς
670 2289 789 2366 περὶ
835 2295 928 2344 τοῦ
955 2289 1292 2365 φωτίσματος
1347 2287 1554 2366 λόγοις,
1588 2291 1659 2353 ὡς
1688 2294 1769 2362 τῷ
1816 2288 1971 2345 ἐλαίω

2059 2308 2193 2352 mus
2215 2300 2410 2352 autem
2433 2289 2492 2350 in
2516 2289 2589 2349 iis
2609 2307 2740 2368 qua;
2784 2287 2859 2349 de
2889 2286 3326 2351 illuminatione
3357 2289 3512 2353 dicta
3542 2301 3702 2368 sunt,

320 2379 550 2459 πρώτως
621 2378 833 2457 ἐχρίετο
891 2380 919 2433 6
973 2375 1291 2453 τελούμενος
1349 2376 1462 2451 μεθ’
1528 2378 1556 2432 ὃ
1606 2382 1705 2443 τῆς
1759 2377 1971 2446 ἐσθῆτος

2058 2380 2356 2462 quomodo
2382 2378 2708 2442 initiandus
2732 2377 2990 2459 primum
3016 2376 3147 2438 oleo
3170 2377 3557 2458 inungeretur
3572 2390 3707 2464 post

325 2470 723 2547 ἀπεγυμνοῦτο*
775 2466 993 2523 ἐνταῦθα
1043 2466 1098 2521 ἐν
1157 2472 1234 2539 τῷ
1292 2465 1456 2545 τέλει,
1519 2467 1606 2522 καὶ
1664 2466 1827 2523 ταῦτα
1882 2466 1971 2522 οὒκ

2058 2475 2304 2531 vestium
2331 2467 2760 2549 depositionem
2784 2485 2800 2543 ;
2821 2467 2907 2528 sic
2924 2475 2982 2527 et
3003 2466 3101 2527 hic
3129 2467 3189 2528 in
3213 2468 3354 2546 ﬂne,
3382 2477 3440 2530 et
3461 2470 3707 2550 quidem

324 2558 657 2624 ἀπεικότως.
723 2554 941 2624 Ἐπειδὴ
996 2558 1097 2635 γὰρ
1150 2560 1237 2613 καὶ
1290 2559 1336 2612 οἱ
1392 2558 1464 2620 εἷς
1525 2556 1736 2634 ἀγῶνας
1790 2558 1971 2634 εὐτρε-

2060 2578 2178 2621 non
2203 2559 2524 2620 immerito.
2551 2558 2695 2620 Cum
2724 2556 2883 2619 enim
2915 2556 2951 2617 ii
2972 2555 3075 2636 qui
3118 2557 3191 2618 ad
3242 2561 3571 2623 certamina
3598 2560 3699 2623 in-

327 2649 609 2724 πιζόμενοι
664 2647 937 2727 χρίονται,
990 2648 1079 2703 καί
1123 2647 1169 2702 οἱ
1221 2651 1327 2702 τῶν
1383 2645 1603 2724 ἀγώνων
1644 2647 1971 2721 παυσάμενοι

2060 2655 2397 2722 struuntur,
2442 2649 2846 2723 intinguntur;
2896 2646 2983 2706 uti
3018 2654 3075 2706 et
3105 2646 3147 2707 ii
3189 2648 3292 2728 qui
3334 2667 3370 2710 a
3415 2650 3700 2712 certando

320 2740 410 2795 καὶ
460 2744 568 2793 τῶν
635 2735 866 2814 ἱδρώτων
938 2735 1361 2811 ἀπολουσάμενοι
1431 2738 1695 2815 χρίονται,
1757 2736 1971 2801 εἰκότως

2058 2746 2311 2812 cessant,
2341 2745 2399 2799 et
2427 2736 2677 2797 sudores
2705 2735 3155 2809 ahsterserunt;
3192 2736 3403 2799 merito
3435 2738 3703 2802 etiamin

319 2828 412 2884 καὶ
459 2826 550 2883 ἐπὶ
600 2827 832 2906 τούτοις,
863 2825 1044 2882 ἐκεῖσε
1083 2826 1181 2900 μὲν
1243 2823 1360 2882 κατ’
1406 2824 1578 2905 ἀρχὰς
1632 2826 1842 2905 ἐχρίετο
1898 2827 1969 2888 εἷς

2058 2827 2170 2890 his:
2202 2827 2283 2889 ibi
2304 2826 2545 2908 quidem
2570 2825 2630 2887 in
2655 2824 3029 2906 principio,is
3042 2826 3144 2904 qui
3169 2826 3493 2890 certamina
3515 2830 3701 2892 susci-

316 2918 442 2981 τοὺς
501 2916 710 2994 ἀγῶνας
766 2913 1215 2993 ὑπαλειφόμενος,
1252 2914 1472 2970 ἐνταῦθα
1503 2913 1559 2970 δὲ
1611 2914 1665 2971 ἐν
1696 2921 1772 2989 τῷ
1828 2913 1969 2973 τέλει

2058 2918 2160 2999 pit,
2192 2917 2289 2979 hic
2318 2934 2454 2977 vero
2486 2915 2546 2975 in
2578 2915 2696 2976 fine
2727 2914 3018 2997 omnium,
3055 2924 3337 2994 tanquam
3361 2917 3465 2999 qui
3500 2935 3537 2980 a
3561 2936 3700 2982 cer-

318 3007 538 3063 πάντων
568 3006 641 3068 ὡς
672 3011 780 3061 τῶν
808 3003 1028 3082 ἀγώνων
1060 3004 1528 3078 ὰποπαυσάμενος,

2058 3008 2235 3070 tando
2268 3006 2520 3081 desistit,
2559 3004 2885 3084 inungitur.

401 3096 432 3173 δ
458 3091 563 3156 IX.
617 3099 791 3151 Ταῦτα
822 3092 1046 3155 τελέσας
1078 3095 1105 3148 ὁ
1149 3093 1433 3173 ἱεράρχης,
1467 3092 1748 3160 ἀποτίθησι
1778 3095 1970 3169 τιμίως

2138 3101 2167 3175 ἕ
2199 3096 2296 3159 IX.
2332 3096 2437 3158 His
2468 3095 2746 3176 peractis,
2771 3095 3035 3175 pontifex
3057 3095 3320 3160 defuncti
3351 3115 3569 3179 corpus
3597 3098 3701 3162 bo-

315 3184 381 3241 τὸ
438 3190 597 3257 σῶμα
621 3182 738 3257 μεθ’
793 3182 988 3260 ἑτέρων
1038 3182 1193 3258 ἱερῶν
1246 3181 1533 3256 σωμάτων.
1595 3179 1813 3249 Ἐπειδὴ
1870 3183 1971 3261 γὰρ

2058 3195 2226 3249 nesto
2256 3187 2386 3249 loco
2411 3185 2682 3248 recondit
2704 3203 2837 3246 cum
2892 3185 3026 3247 aliis
3086 3185 3434 3267 corporibus
3487 3188 3691 3249 sacris.

320 3276 352 3330 6
391 3273 632 3353 φιλόθεος
690 3272 961 3346 ἄνθρωπος
1012 3271 1065 3327 ἐν
1110 3276 1254 3347 ψυκῆ
1302 3273 1390 3327 καὶ
1442 3272 1650 3347 σώματι
1712 3273 1971 3336 συνεστὼς

2058 3276 2202 3339 Cum
2234 3276 2394 3337 enim
2426 3275 2477 3338 is
2508 3274 2608 3355 qui
2640 3273 2956 3335 defunctus
3005 3284 3118 3352 est,
3160 3276 3361 3337 anima
3414 3275 3592 3337 simul
3643 3285 3702 3338 et

319 3364 414 3421 τὸν
472 3362 715 3441 ἐνάρετον
749 3363 862 3439 βίον
921 3361 1282 3434 ἐπολιτεύετο,
1318 3359 1409 3418 ἵνα
1438 3366 1486 3417 τί
1537 3361 1631 3429 τῆς
1665 3361 1836 3436 ψυκῆς
1876 3364 1971 3421 αὒ-

2058 3383 2307 3447 corpore
2328 3372 2626 3440 constans,
2655 3372 2913 3424 sanctam
2936 3364 3111 3425 vitam
3151 3365 3481 3442 egerit,cur
3500 3365 3701 3428 anima

315 3452 609 3528 λιζομένης
662 3451 715 3509 ἐν
770 3452 1017 3529 ἀγαθοῖς,
1078 3454 1139 3507 τὸ
1193 3458 1351 3526 σῶμα
1407 3452 1851 3530 παροραθήσεται,
1884 3452 1971 3507 καὶ

2058 3455 2117 3518 in
2150 3455 2323 3517 bonis
2352 3460 2759 3516 commorante
2790 3470 3006 3532 corpus
3033 3453 3460 3533 negligeretur,
3495 3462 3557 3517 et
3579 3473 3699 3517 non

317 3544 383 3600 οὔ
430 3543 622 3615 τιμίως
675 3539 1088 3607 κατατεθήσεται
1129 3556 1147 3615 ;
1196 3542 1292 3599 Κάὶ
1352 3538 1451 3617 γάρ
1500 3542 1587 3596 καὶ
1648 3543 1699 3597 αἱ
1754 3538 1970 3615 ἀμοιϐαὶ

2058 3543 2714 3625 honestedoponeretur
2734 3542 2759 3604 Υ
2781 3541 3011 3604 Etenim
3035 3561 3069 3605 a
3080 3544 3245 3623 justo
3260 3542 3467 3622 judice
3487 3544 3698 3605 condi-

313 3636 391 3708 τῇ
423 3635 568 3706 ψυκῇ
598 3632 730 3707 μετὰ
762 3632 1008 3706 σώματος
1067 3628 1403 3710 δοθήσονται,
1437 3629 1548 3685 εἴτε
1580 3636 1686 3685 τῶν
1735 3629 1967 3709 ἀγαθῶν,

2058 3653 2167 3715 gna
2190 3632 2497 3695 retributio
2527 3631 2742 3692 animae
2767 3650 2883 3693 una
2911 3651 3045 3693 cum
3072 3650 3320 3712 corpore
3352 3632 3691 3708 donabitur,

314 3722 437 3778 εἴτε
465 3727 573 3777 τῶν
626 3726 826 3799 κακῶν,
859 3720 1001 3798 παρὰ
1052 3728 1145 3778 τοῦ
1174 3717 1375 3776 δικαίου
1419 3726 1637 3797 Κριτοῦ.
1675 3720 1768 3776 Διὸ
1798 3721 1886 3777 καὶ
1941 3721 1970 3776 6

2058 3724 2178 3786 sive
2208 3722 2498 3784 bonorum
2532 3720 2655 3782 sive
2700 3720 3012 3784 malorum.
3044 3719 3277 3782 Idcirco
3317 3719 3498 3782 etiam
3531 3738 3701 3784 sacra

312 3812 462 3889 ἱερὸς
518 3810 712 3886 θεσμὸς
770 3810 859 3866 καὶ
909 3807 1183 3889 ἀμφότερα
1240 3808 1468 3887 ἁγιάζει,
1508 3809 1608 3877 τὴν
1670 3829 1728 3866 τε
1785 3809 1971 3888 ψυχὴν

2058 3813 2146 3876 lex
2170 3820 2419 3892 utraque
2442 3808 2795 3886 Sanctiﬁcat,
2818 3818 2936 3873 tam
2969 3828 3187 3891 corpus
3209 3828 3383 3892 quam
3402 3809 3695 3874 animam:

310 3902 412 3959 καὶ
466 3900 528 3956 τὸ
587 3904 766 3974 σῶμα·
830 3899 928 3967 τὴν
960 3900 1137 3975 ψυχὴν
1195 3898 1313 3975 μὲν,
1348 3897 1403 3954 ἐν
1460 3912 1685 3966 νοηταῖς
1735 3902 1971 3979 θεωρίαις

2058 3904 2314 3966 animam
2344 3899 2479 3962 281
2515 3899 2782 3981 quidem,
2832 3900 2890 3960 in
2920 3898 3291 3980 spiritalibus
3323 3899 3698 3981 contempla-

309 3990 411 4047 καὶ
458 3989 733 4065 ἐπιστήμῃ
764 3989 867 4046 τῶν
922 3987 1278 4065 τελουμένων
1317 3990 1374 4045 τὸ
1430 3990 1587 4064 σῶμα
1637 3987 1693 4045 δὲ
1721 3996 1797 4065 τῷ
1851 3990 1971 4065 θείῳ

2058 3991 2322 4056 tionibus
2359 3998 2535 4071 atque
2578 3989 2828 4051 scientia
2851 4007 3060 4051 eorum
3087 4008 3221 4070 quae
3266 3988 3648 4051 celebrantur
3681 4007 3698 4064 ;

310 4079 497 4158 μύρῳ.
561 4079 700 4138 ’Ἔτι
731 4077 784 4135 δὲ
840 4079 926 4135 καὶ
983 4092 1103 4144 τοῖς
1160 4077 1475 4157 ἀγιωτὶτοις
1535 4076 1822 4156 συμϐόλοις
1874 4079 1971 4149 τῆς

2058 4100 2275 4164 corpus
2295 4098 2455 4157 vero,
2491 4080 2693 4142 divino
2713 4078 3202 4159 unguento.Quin
3224 4085 3282 4140 et
3301 4078 3700 4142 sanctissimis

304 4175 464 4235 θείας
518 4168 874 4246 μετάλήψεως
910 4169 1139 4247 ἁγιάζων
1188 4169 1362 4226 πάντα
1402 4170 1494 4226 τὸν
1550 4167 1848 4251 ἄνθρωπον,
1880 4171 1967 4227 καὶ

2058 4172 2338 4256 symbolis
2384 4170 2599 4231 divinae
2648 4169 3117 4250 participationis
3165 4174 3352 4232 totum
3395 4168 3695 4232 hominem

305 4263 422 4331 τὴν
448 4261 637 4330 ὁλικὴν
672 4262 855 4342 αὐτοῦ,
885 4259 1048 4340 ἤγουν
1079 4262 1167 4318 ναὶ
1222 4262 1320 4329 τὴν
1349 4261 1447 4330 τῆς
1510 4263 1693 4342 ψυχῆς
1723 4263 1809 4319 καὶ
1874 4261 1969 4329 τὴν

2058 4263 2405 4338 sanctiﬁcat,
2441 4268 2621 4341 atque
2654 4260 2895 4323 totalem
2950 4260 3106 4341 ejus,
3137 4260 3354 4321 animae
3382 4259 3613 4322 scilicet
3642 4268 3700 4321 et

306 4362 417 4413 τοῦ
473 4353 721 4431 σώματος
778 4355 1046 4431 σωτηρίαν
1103 4355 1409 4433 ἱερουργῶν,
1466 4354 1554 4410 καὶ
1613 4353 1774 4412 πάλιν
1833 4352 1970 4412 οὕτω

2058 4352 2345 4437 corporis,
2405 4350 2654 4412 salutem
2720 4358 3024 4432 operatur,
3087 4366 3198 4411 nec
3232 4368 3350 4412 non
3383 4350 3496 4411 hoc
3523 4348 3698 4412 modo

306 4443 665 4513 τελειοτάτην
707 4442 999 4523 διαγγέλων
1030 4446 1117 4501 καὶ
1142 4444 1241 4511 τὴν
1275 4442 1584 4507 ἀνάστασιν,

2058 4439 2546 4529 perfectissimam
2663 4438 2751 4501 illi
2855 4457 3092 4522 quoque
3191 4439 3697 4502 resurrectionem

1990 4518 2037 4570 Ῑ)
2052 4518 2387 4601 annuntiat.

406 4622 437 4703 ἓ
462 4622 536 4684 Χ.
570 4625 673 4688 Τὰς
704 4622 758 4681 δὲ
789 4623 884 4693 τῆς
912 4623 1247 4704 χειροτονίας
1280 4622 1443 4703 εὐχὰς
1476 4623 1537 4680 οῦ
1569 4622 1785 4699 θεμιτὸν
1814 4621 1970 4704 ἀφερ-

2133 4626 2163 4707 §
2191 4626 2270 4688 X.
2303 4618 2716 4684 [nvocatioues
2749 4636 2933 4699 porro
2959 4617 3354 4682 ordinationis
3386 4618 3552 4681 nefas
3610 4625 3699 4678 est

310 4715 597 4795 μηνεύειν,
656 4713 823 4792 ἤγουν
882 4714 998 4790 μεθ’
1056 4713 1339 4792 ἑρμηνείας
1371 4711 1735 4787 δημοσιεύειν,
1771 4733 1969 4788 μυστιο

2058 4709 2457 4795 iuterpretari,
2491 4726 2596 4783 seu
2629 4708 2979 4789 explicando
3012 4708 3335 4789 publicare,
3375 4726 3508 4771 cum
3567 4724 3695 4787 my-

311 4806 423 4869 κάς
481 4802 636 4868 οὔσας
672 4806 756 4861 καὶ
808 4801 1159 4881 ἀποῤῥήτους’
1224 4804 1284 4861 ού
1310 4803 1421 4884 χρὴ
1476 4800 1532 4857 δὲ
1578 4800 1781 4881 ἐξάγειν
1838 4802 1970 4880 πρὸς

306 4899 388 4955 τὸ
445 4896 621 4953 κοινὸν
651 4898 749 4965 τὴς
779 4895 842 4953 ὲκ
892 4902 998 4953 τῶν
1031 4896 1209 4976 εὐχῶν
1241 4894 1575 4976 δωροδμένας
1634 4906 1751 4960 τοῖς
1784 4891 1972 4953 τελου·

308 4986 503 5067 μένοις
562 4986 807 5063 δυνάμεις
868 4996 962 5047 τοῦ
1018 4976 1348 5064 Πνεύματος,
1411 4985 1579 5044 Ἀλλὰ
1636 4987 1722 5061 σὺ,
1783 4985 1974 5053 ταύτας

307 5079 462 5139 κατὰ
507 5079 604 5147 τὴν
666 5078 817 5135 θείαν
885 5074 1173 5157 παράδοσιν
1244 5081 1511 5154 μυστικῶς
1581 5076 1825 5154 ὶκμαθὼν
1885 5078 1973 5135 καὶ

307 5169 453 5248 πρὸς
502 5166 771 5248 θειοτέραν
825 5167 1078 5248 ἀναχθεὶς
1134 5164 1260 5242 ἕξιν,
1294 5166 1508 5246 φθάσεις
1563 5166 1650 5223 καὶ
1710 5165 1809 5233 τὴν
1866 5171 1974 5223 τῶν

303 5259 573 5317 τοιούτων
637 5256 946 5334 ἐπιστήμην
999 5257 1101 5313 ὑπὸ
1150 5255 1245 5324 τῆς
1276 5256 1594 5335 ἱεραρχικῆς
1649 5253 1971 5331 ὲλλᾶμψεως

304 5346 486 5429 (αὕτη
554 5347 656 5426 γάρ
703 5346 847 5404 ἐστιν
903 5347 939 5416 ἠ
1010 5351 1195 5403 πασῶν
1254 5349 1359 5401 τῶν
1428 5343 1657 5401 τελετῶν
1711 5341 1974 5425 ἄρχουσα)

305 5434 707 5514 ὃδηγούμενος.

398 5521 555 5605 εΧι.
592 5525 864 5586 Ἐντεῦθεν
893 5524 1013 5608 ἄρα.
1047 5526 1098 5584 τί
1149 5545 1311 5611 φησιν
1340 5525 1368 5583 6
1401 5523 1583 5607 Πατὴρ
1611 5523 1731 5606 περὶ
1758 5532 1851 5584 τοῦ
1904 5523 1972 5582 τὰ

398 5729 427 5777 Ρ
458 5712 601 5781 Luc.
626 5729 689 5797 ι,
713 5715 816 5786 16.

2054 4806 2219 4868 ειίοω
2247 4801 2368 4864 sint
2396 4806 2453 4861 et
2483 4814 2713 4861 arcana)
2741 4817 2758 4875 ;
2792 4816 2909 4861 non
2955 4807 3191 4881 oportet
3215 4809 3411 4861 autem
3441 4798 3503 4859 in
3528 4814 3699 4860 com-

2057 4911 2238 4956 mune
2268 4890 2482 4953 eﬂerre
2504 4887 2749 4950 virtutes
2770 4885 3026 4969 Spiritus
3038 4889 3251 4965 sancti,
3282 4906 3416 4970 quae
3436 4904 3545 4971 per
3567 4905 3698 4969 pre-

2056 5001 2156 5046 ces
2177 4979 2425 5045 initiatis
2446 4978 2856 5042 conferuntur.
2885 4976 3000 5040 Sed
3025 4985 3108 5059 tu,
3138 4979 3238 5040 ubi
3262 4996 3364 5041 eas
3402 4979 3574 5059 juxta
3598 4978 3698 5041 di-

2055 5074 2249 5136 vinam
2273 5069 2652 5133 traditionem
2680 5070 2924 5149 mystice
2946 5067 3241 5144 hauseris,
3266 5076 3325 5131 et
3338 5068 3411 5132 ad
3449 5067 3701 5131 divinio-

2054 5181 2186 5227 rem
2204 5161 2470 5225 habitum
2489 5157 2792 5221 traductus
2813 5157 3237 5236 fueris,earnm
3255 5176 3493 5241 quoque
3507 5157 3702 5220 scien-

2058 5254 2197 5317 tiam
2231 5247 2604 5314 hierarchica
2652 5247 3047 5312 illustratione
3098 5248 3511 5328 consequeris,
3574 5246 3700 5307 haec

2054 5343 2214 5408 enim
2246 5349 2338 5406 est
2367 5340 2634 5403 omnium
2667 5339 3077 5420 mysteriorum
3115 5339 3391 5421 princeps
3418 5354 3488 5399 ac
3516 5335 3655 5397 dux.

2133 5511 2293 5595 §XI.
2326 5510 2651 5577 Considera
2685 5508 2864 5575 etiam
2915 5510 3012 5575 hic
3041 5507 3185 5593 quid
3240 5504 3400 5572 dicat
3455 5510 3696 5572 sanctus
