4000 6214
488 278 606 352 583

1646 284 1708 346 S.
1797 275 1980 348 DION
1991 279 2146 348 YSII
2212 272 2724 350 AREOPAGITIE

3704 272 3792 346 584

473 419 641 478 Pater
663 419 730 477 de
761 419 1040 490 baptismo
1064 416 1456 487 parvulorum.
1482 416 1628 476 Illud
1650 426 1861 484 autem,
1893 415 2102 476 Videtur

2201 418 2370 500 βρέφη
2403 420 2795 495 βαπτίζεσθαι..
2831 419 2904 475 Τὸ
2939 414 3015 492 δὲ,
3055 426 3220 474 Δοκεῖ
3273 416 3395 490 μὲν,
3428 416 3499 480 ὡς
3527 414 3638 494 ipim,
3669 412 3795 482 δῆλον

471 508 698 579 quidem,
733 513 796 565 ut
823 507 926 570 ais,
979 505 1343 588 manifestum
1396 506 1545 572 facit,
1603 521 1734 564 eum
1777 508 1892 564 haec
1922 516 1976 564 et
2006 507 2114 564 alia

468 606 670 660 sancto
701 595 1012 658 Timotheo
1043 605 1329 672 tanquam
1361 595 1747 676 interroganti
1777 597 2111 676 scripsisse.

469 686 986 765 Videbituritaque
1007 684 1265 762 profanis
1281 704 1397 747 nou
1415 686 1715 749 immerito
1733 687 1855 748 risu
1873 689 2114 766 dignum

465 778 619 855 quod
645 775 899 836 infantes
917 773 1156 851 docent,
1182 775 1284 855 qui
1309 775 1562 837 necdum
1595 787 1841 856 possunt
1864 777 2069 838 audire
2099 799 2113 852 ;

463 874 636 946 atque
656 864 903 944 insuper
925 864 1184 926 movebit
1216 865 1327 926 hoc
1361 885 1462 926 eos
1493 865 1566 927 ad
1600 877 1804 928 nostra
1832 866 2113 946 mysteria

465 953 858 1035 explodenda,
891 953 1044 1034 quod
1067 953 1168 1015 alii
1192 973 1296 1035 pro
1317 954 1448 1016 aliis
1473 955 2024 1018 abrenuntiationes
2046 975 2113 1018 ac

463 1043 862 1124 professiones
885 1044 1290 1123 pronuntient.
1318 1046 1538 1106 Verum
1569 1064 1686 1106 non
1719 1055 1952 1126 Oportet
1978 1047 2111 1106 hie-

463 1133 702 1195 rarchas
720 1151 789 1194 ac
812 1133 1136 1213 prudentes
1160 1133 1454 1213 indignari
1484 1134 1602 1196 illis
1626 1135 1733 1212 qui
1758 1144 1980 1214 errant,
2007 1135 2113 1196 sed

461 1223 742 1304 religiose
752 1222 1040 1286 rationem
1057 1223 1453 1300 reddere;nec
1471 1243 1589 1286 non
1602 1224 2110 1298 addere,rationes

458 1310 520 1374 in
533 1312 712 1376 rebus
726 1311 944 1374 nostris
957 1313 1242 1392 quasdam
1259 1330 1535 1394 essequaa
1551 1321 1810 1377 nostram
1827 1335 1892 1377 su
1905 1322 2110 1394 perent

457 1403 934 1480 intelligentiam,
981 1421 1231 1482 quarum
1283 1403 1618 1482 aliquarum
1676 1405 1880 1466 notitia
1910 1413 2108 1466 tamen

458 1493 704 1570 angelos
736 1511 853 1554 non
883 1492 1045 1571 latet,
1078 1492 1467 1572 quarumdam
1529 1511 1666 1556 vero
1719 1495 1892 1556 etiam
1943 1494 2106 1574 ipsos

459 1583 627 1664 fugit,
661 1591 718 1646 et
747 1583 858 1644 soli
903 1585 1025 1646 Deo
1067 1583 1317 1662 cognita
1367 1591 1528 1648 sunt.
1583 1586 2010 1647 Verumtamen
2039 1584 2102 1646 in

2198 511 2273 574 ὡς
2331 509 2659 584 ἐρωτήσαντι
2717 515 2792 583 τῷ
2848 508 2983 585 ἁγίῳ
3015 505 3259 582 Τιμοθέῳ
3317 507 3513 582 ἔγραψε
3543 505 3618 560 καὶ
3664 511 3796 560 ταῦτα

2199 600 2296 654 καὶ
2327 597 2517 657 τᾶίλλα.
2555 597 2702 663 Δόξει
2755 599 2924 657 τοίνυν
2957 611 3075 662 τοῖς
3134 597 3362 674 ἀνιέροις
3398 594 3603 671 εὐλόγου
3651 593 3796 670 γέλω-

2200 710 2288 750 τος
2318 688 2483 768 ἄξιον,
2519 691 2561 744 εἰ
2613 691 2676 745 τα
2704 687 2872 768 βρέφη
2905 689 2970 744 τὰ
3029 686 3105 763 μή
3140 687 3357 742 ἄκουσαι
3391 682 3634 758 δυνάμενα
3679 681 3795 739 ἑκδι·

2201 777 2472 834 δάσκουσι·
2543 779 2621 834 οιαὶ
2679 779 2738 834 τὸ
2792 776 2867 832 ἔτι
2936 775 3293 854 παρακινῆσον
3345 774 3526 835 αὖτοὺς
3565 774 3626 836 ε⁷ς
3667 773 3718 828 τὸ
3748 773 3798 828 τὰ

2192 865 2425 942 ἡμέτερα
2481 867 2770 939 σκώπτειν,
2806 864 2888 922 ὅτι
2944 864 3072 944 ὑπέρ
3121 863 3297 921 ἄλλων
3352 861 3518 941 ἕτεροι
3550 863 3629 924 τὰς
3680 861 3798 917 ἀπο-

2193 956 2361 1032 ταγᾶις
2416 967 2688 1015 ποιοῦνται
2719 956 2806 1012 καὶ
2845 956 2939 1018 τας
2971 953 3286 1033 ὁμολογίας,
3321 963 3417 1010 Δεῖ
3471 950 3524 1007 δὲ
3555 953 3657 1013 τοὺς
3686 953 3800 1008 κατᾶ

2195 1047 2324 1101 Θεὸν
2379 1047 2631 1125 ἱερέρχας
2665 1048 2752 1102 καὶ
2811 1046 3053 1107 συνετοὺς
3085 1045 3162 1118 μὴ
3194 1042 3540 1124 χαλεπαίνειν
3595 1040 3674 1097 ὲπί
3703 1053 3800 1106 τοῖς

2195 1133 2654 1209 πεπλανημένοις,
2714 1134 2837 1191 ἀλλ’
2894 1131 3130 1196 εὖλαόῶς
3187 1131 3590 1210 ἀπολογεῖσθαι,
3637 1151 3802 1208 προτι-

2193 1223 2400 1304 θέντας,
2431 1225 2517 1280 καὶ
2551 1232 2724 1303 τοῦτο,
2753 1223 2834 1281 ὅτι
2864 1225 2957 1281 εἶσί
3027 1245 3162 1288 τινες
3193 1221 3343 1300 λόγοι
3376 1221 3461 1278 ἐπὶ
3492 1234 3599 1283 τοῖς
3630 1219 3802 1296 ἢμετέ-

2192 1335 2304 1390 ροις
2362 1315 2492 1391 ὑπὲρ
2523 1314 2619 1380 τῆν
2682 1313 2947 1393 ἡμετέραν
2993 1319 3214 1393 γνῶσιν,
3248 1315 3335 1369 καί
3391 1331 3528 1375 τινες
3581 1308 3664 1384 μὶν
3715 1309 3802 1365 ἀπὸ

2189 1403 2390 1460 τούτων
2447 1402 2725 1471 ἐπιστητοὶ
2763 1417 2877 1469 τοῖς
2934 1402 3184 1482 ἀγγέλοις
3246 1403 3364 1476 εἰσὶ,
3398 1402 3536 1464 τινὲς
3583 1397 3630 1454 δὲ
3653 1399 3805 1456 κάκεί-

2188 1513 2296 1556 νοις
2341 1491 2601 1572 ἅγνωστοί
2632 1496 2752 1572 εἶσι,
2790 1497 2875 1550 καὶ
2933 1499 3049 1567 Θεῷ
3105 1494 3254 1569 μόνῳ
3281 1490 3649 1570 γινώσκονται,
3677 1489 3806 1556 Πλὴν

2199 1542 2294 1556 "“
2341 1542 2600 1572 "|"'""
2632 1542 2752 1574 ’νην
2793 1542 2875 1550 ·’-·
2938 1542 3046 1567 "'5'
3106 1542 3250 1569 r'"'r
3295 1542 3649 1570 t"'""""'-
3677 1542 3801 1556 —"-'

2199 1580 2298 1638 ὅσα
2355 1584 2496 1660 παρὰ
2525 1589 2630 1640 τῶν
2674 1581 3001 1639 διδασκάλων
3063 1583 3222 1656 ἡμῶν
3257 1580 3565 1655 ἀκηκόαμεν
3615 1578 3808 1654 μυηθέν-

458 1681 742 1753 quantum
772 1691 804 1734 a
846 1672 1313 1752 praeceptoribus
1364 1673 1584 1734 nostris
1618 1674 1980 1756 accepimus,
2012 1675 2102 1755 qui

2199 1693 2300 1726 των
2346 1675 2430 1728 καὶ
2491 1673 2692 1730 τούτων
2748 1672 2807 1729 ἐκ
2861 1678 2960 1739 τῆς
2992 1671 3222 1751 ἀρχαίας
3281 1667 3634 1748 παραδόσεως,
3667 1667 3808 1723 ταῦτά

456 1766 697 1843 antiqua
724 1762 1039 1824 traditione
1069 1760 1228 1824 docti
1259 1771 1450 1831 erant,
1490 1763 1771 1839 dicimus,
1834 1763 2104 1839 infantes,

455 1851 505 1913 si
536 1851 596 1912 in
631 1852 759 1931 lege
780 1869 946 1913 sacra
971 1851 1457 1932 instituantur,ad
1479 1863 1751 1913 sanctum
1783 1852 1966 1914 animi
1989 1863 2110 1915 sta-

2196 1783 2392 1839 φαμεν²
2446 1762 2530 1820 ὅτι
2579 1765 2712 1818 κατὰ
2771 1764 2860 1818 τὸν
2915 1763 3052 1840 ἱερὸν
3108 1762 3269 1834 νόμον
3325 1759 3388 1814 τὰ
3432 1758 3592 1837 βρέφη
3640 1757 3810 1835 ἀναγό-

2197 1867 2355 1925 μενα,
2389 1850 2569 1917 ἥξουσί
2615 1874 2743 1909 ποτε
2776 1853 2905 1930 πρὸς
2963 1850 3064 1916 ἓξιν
3093 1851 3237 1929 ἱερὰν
3292 1846 3410 1904 καθ’
3441 1847 3506 1915 ἢν
3549 1847 3808 1925 γνώσονται

455 1949 580 2004 tum
625 1960 756 2004 esse
795 1951 1214 2022 perventuros,
1265 1941 1346 2002 ita
1400 1949 1461 2003 ut
1508 1941 1733 2002 donum
1780 1942 2102 2022 intelligant

2193 1941 2254 1996 τὸ
2286 1938 2450 2020 δῶρον
2487 1943 2546 1997 οὗ
2575 1942 2866 2022 μετέσχον.
2927 1949 3092 1999 Τοῦτο
3125 1947 3276 2017 γοῦν,
3310 1938 3368 1995 τό
3406 1959 3535 1994 ποτε
3565 1936 3810 2015 προελθεῖν

452 2031 611 2113 quod
643 2040 1025 2113 acceperunt.
1079 2031 1203 2094 Hoc
1253 2032 1472 2112 itaque,
1505 2032 1638 2093 illos
1681 2032 2001 2112 aliquando
2032 2033 2105 2095 ad

456 2122 776 2200 perfectam
817 2130 1048 2185 aetatem
1109 2140 1180 2184 ac
1242 2129 1455 2183 statum
1518 2132 1927 2204 perventuros,
1966 2141 2102 2185 cum

454 2210 918 2291 praeceptoribus
940 2211 1163 2273 nostris
1181 2213 1240 2272 in
1257 2220 1518 2274 mentem
1543 2212 1804 2274 venisset
1821 2212 1949 2290 (ubi
1969 2219 2104 2274 nota

451 2301 959 2363 constructionem
985 2300 1240 2363 Atticam
1265 2301 1542 2378 ἐληλυθός,
1573 2318 1678 2381 pro
1699 2300 1957 2380 genitiva
1979 2301 2103 2370 ἐλη-

452 2388 686 2464 λυθότος)
721 2389 1192 2470 placuitadmitti
1239 2409 1492 2471 pueros;
1548 2399 1958 2454 verumtamen
1988 2391 2098 2473 sic,

452 2487 517 2540 ut
547 2480 846 2541 naturales
875 2497 1081 2542 eorum
1133 2488 1416 2560 parentes
1467 2479 1656 2541 tilium
1712 2479 1872 2541 ﬁdeli
1921 2480 2100 2542 alicui

449 2569 767 2650 paedagogo
793 2569 1128 2650 susceptori
1157 2569 1542 2651 concredant,
1578 2588 1612 2631 a
1653 2569 1857 2647 quoin
1887 2569 2102 2633 divinis

448 2659 808 2722 instituatur.
842 2659 932 2721 Ab
963 2661 1076 2722 hoc
1099 2661 1296 2742 itaque
1335 2661 1586 2724 antistes
1635 2661 1815 2741 exigit
1865 2661 2100 2742 profes-

448 2749 685 2812 siones:
713 2757 927 2823 non,ut
952 2749 1041 2812 illi
1064 2750 1444 2826 aiunt,alium
1473 2769 1576 2832 pro
1602 2750 1722 2813 alio
1739 2750 1956 2812 divinis
1978 2751 2099 2813 im-

449 2838 662 2915 buens,
687 2839 792 2901 sed
821 2840 1246 2916 promissiones
1265 2841 1442 2921 hujus
1463 2840 1790 2921 excipiens,
1823 2848 2099 2922 tempore

449 2930 734 2991 nimirum
748 2937 1105 3011 opportuno,
1135 2931 1270 2991 282
1294 2932 1534 3012 parvulo
1551 2931 1686 2993 huic
1703 2949 1941 2994 omnem
1968 2950 2096 3013 my-

2195 2029 2324 2085 αὒτὰ
2353 2032 2424 2094 εἰς
2476 2030 2679 2088 τελείαν
2718 2031 2927 2100 ἡλικίαν
2985 2032 3072 2086 καὶ
3123 2029 3252 2100 ἕξιν,
3285 2030 3358 2086 εἰς
3407 2035 3528 2084 νοῦν
3586 2025 3807 2093 annos;

2187 2131 2304 2182 τοῖς
2345 2119 2622 2198 ἡμετέροις
2679 2119 3037 2184 διδασκάλοις.
3103 2120 3158 2198 (ἠ
3189 2117 3244 2175 δὲ
3303 2117 3538 2183 σᾷνταξις
3567 2117 3672 2173 ἀντὶ
3721 2121 3807 2182 τῆς

2187 2209 2400 2286 γενικῆς
2429 2259 2445 2290 ,
2513 2210 2782 2282 ἆττικῶς,
2859 2209 3022 2288 ἤγουν
3094 2210 3279 2265 τούτο.)
3350 2207 3415 2275 δὴ
3501 2204 3810 2282 ἐληλυθότος)

2186 2296 2355 2364 ἔδοξεν
2410 2297 2738 2380 εἰσδέχεσθαι
2770 2301 2835 2356 τὰ
2890 2299 3085 2380 βρέφη·
3117 2296 3261 2365 πλὴν
3306 2295 3500 2372 οὕτως,
3533 2295 3661 2352 ὥστε
3705 2297 3807 2356 τώς

2186 2389 2438 2466 φυσικοὺς
2501 2391 2673 2446 αὐτῶν
2701 2389 2895 2466 γονέας
2947 2385 3290 2467 παραδιδόναι
3322 2388 3413 2443 τὸν
3447 2382 3606 2442 παῖδα
3661 2384 3814 2463 ἀγαθῷ

2185 2499 2285 2533 τινι
2346 2476 2675 2559 παιδαγωγῷ
2706 2481 2793 2535 καὶ
2833 2476 3088 2558 ἀναδόχῷ
3143 2475 3232 2532 ὑπ’
3263 2478 3406 2550 αὒτῳ
3461 2476 3525 2531 τὰ
3578 2479 3689 2531 θεῖα
3738 2472 3812 2530 δι-

2186 2563 2614 2646 δαχθησόμενον,
2679 2570 2778 2626 Καὶ
2806 2577 2991 2626 τοῦτον
3051 2568 3272 2624 ἀπαιτεῖ
3329 2567 3422 2628 τὰς
3456 2563 3730 2642 ὁμολογίας
3786 2566 3807 2619 ὁ

2184 2657 2462 2738 ἱεράρχης,
2495 2660 2599 2740 οὐχ
2649 2660 2723 2722 ὡς
2754 2657 2950 2715 ἐκεῖνοί
2979 2679 3159 2738 φασιν,
3195 2655 3357 2713 ἄλλον
3407 2654 3520 2712 ἄντ’
3553 2653 3704 2715 ἄλλοι)
3753 2655 3807 2710 τὰ

2182 2748 2303 2802 θεῖα
2362 2748 2532 2827 μυῶν,
2562 2746 2698 2804 ἀλλὰ
2757 2749 2850 2814 τὰς
2902 2746 3222 2827 ὑποσχέσεις
3273 2747 3461 2803 τούτον
3518 2743 3810 2825 δεχόμενος,

2183 2833 2262 2892 ὅτι
2319 2837 2454 2894 κατά
2515 2839 2604 2894 τὸν
2661 2838 2955 2918 πρόσφορον
3032 2838 3212 2913 καιρὸν
3275 2835 3687 2913 παραδοθήσεται
3748 2857 3812 2908 τῳ

2181 2924 2323 2983 παιδὶ
2381 2926 2506 3006 παρ’
2540 2927 2695 2984 αὒτοῦ
2746 2931 2780 2996 ἡ
2832 2935 2976 2985 πᾶσα
3034 2925 3342 2983 διδασκαλία
3371 2934 3464 2982 τοῦ
3521 2927 3806 3005 μυστηρίου,

448 3018 961 3081 steriidoctrinam
977 3019 1351 3082 tribuendam
1371 3022 1612 3096 esse;ita
1635 3021 1835 3101 utipse
1856 3022 2095 3102 propria

2187 3016 2316 3073 ὥστε
2395 3028 2480 3074 καί
2540 3020 2694 3074 αὒτὸν
2769 3019 2933 3091 οἰκείᾳ
3010 3016 3312 3095 προαιρέσει
3404 3028 3512 3079 τοῖς
3587 3015 3813 3078 ἐναδτίοις

449 3126 555 3172 sua
585 3117 796 3189 sponte
813 3108 996 3172 rebus
1011 3111 1324 3172 contrariis
1346 3112 1892 3187 renuntiaturus,ac
1918 3109 2096 3173 [idem

449 3198 848 3280 professurus,
881 3207 1058 3280 atque
1095 3201 1339 3280 insuper
1362 3218 1428 3263 re
1473 3202 1603 3281 ipsa
1632 3201 2035 3282 professiones
2064 3219 2098 3261 a

447 3299 799 3371 susceptare
842 3307 948 3371 pro
992 3308 1058 3352 se
1101 3289 1288 3352 factas
1325 3291 1755 3371 adimpleturus
1792 3290 1891 3353 sit.
1941 3289 2096 3353 Nihil

448 3380 649 3460 itaque
670 3379 1034 3455 abSurdiest,
1063 3380 1110 3443 si
1147 3381 1270 3443 haec
1295 3399 1481 3460 super
1505 3399 1689 3460 puero
1717 3390 2093 3461 peragantur,

447 3487 578 3530 cum
605 3468 821 3531 ducem
845 3488 913 3532 ac
935 3486 1290 3548 Sponsorem
1313 3469 1661 3551 habeat,qui
1678 3469 1891 3532 divinis
1908 3470 2099 3551 ipsum

445 3558 701 3622 erudiat.
759 3557 1015 3622 Puerum
1046 3567 1246 3621 autem
1296 3559 1712 3640 mysteriorum
1760 3567 2097 3620 consortem

446 3647 588 3710 facit
603 3658 666 3710 ut
688 3649 831 3711 iniis
850 3649 1039 3730 magis
1059 3649 1574 3730 educetur,neque
1595 3649 1856 3730 amplius
1881 3667 2102 3712 secun-

449 3737 588 3800 dum
612 3757 855 3802 carnem
881 3742 1059 3801 vitam
1084 3738 1277 3818 ducat,
1311 3741 1416 3802 sed
1461 3739 1662 3802 divina
1687 3739 2100 3820 contemplan-

447 3836 569 3891 tem
593 3837 650 3890 et
669 3828 730 3891 in
747 3831 818 3890 iis
840 3827 949 3890 sub
965 3829 1271 3910 sponsoris
1295 3829 1618 3911 disciplina
1639 3827 1936 3910 proﬁciat.
1963 3829 2101 3894 Haec

450 3922 611 3980 tanta
631 3918 951 3980 uniformia
970 3937 1074 3980 seu
1099 3919 1300 3980 divina
1321 3926 1543 3982 nostra;
1575 3919 1924 3982 hierarcbiae
1956 3937 2096 4001 spe-

448 4007 676 4069 ctacula
705 4007 852 4070 mihi
887 4007 1255 4070 manifestata
1288 4017 1466 4081 sunt;
1503 4010 1610 4070 sed
1635 4019 1693 4070 et
1731 4010 1933 4082 tibi,ut
1961 4009 2096 4090 Opi-

445 4113 578 4167 nor,
612 4097 855 4158 omnino
889 4098 1219 4159 clarescent
1260 4097 1481 4160 nostris
1526 4099 1690 4161 hisce
1732 4098 2090 4176 rationibus,

444 4191 612 4267 quasi
656 4185 938 4264 gradibus
973 4186 1351 4268 quibusdam,
1390 4188 1462 4252 ad
1508 4187 1919 4252 sublimiorem
1954 4189 2098 4257 illu-

2179 3107 2558 3179 ἀποτάξασθαι,
2609 3109 2697 3165 καὶ
2750 3107 3107 3186 ὁμολογῆσαι,
3151 3106 3231 3162 ἔτι
3288 3105 3344 3162 δὲ
3403 3107 3488 3162 καὶ
3549 3105 3806 3183 ἐνεργῆσαι

2179 3198 2272 3260 τὰς
2324 3199 2453 3276 ὑπὲρ
2483 3200 2641 3256 ἆῦτοῦ
2694 3197 2982 3276 ὁμολογίας
3038 3200 3130 3254 τοῦ
3186 3194 3478 3273 ἀναδόχου.
3525 3193 3683 3252 Οὖδὲν
3738 3193 3813 3248 οὖν

2181 3285 2377 3345 ἄτοπον
2431 3289 2474 3345 εἰ
2507 3296 2716 3345 τοιαότα
2777 3288 2863 3365 ἐπι
2893 3289 2966 3362 τῷ
3014 3288 3194 3366 βρέφει
3227 3285 3526 3365 ’.τελοῦνται³
3562 3283 3810 3364 ἀνάδοχον

2183 3376 2365 3457 ἔχοντι
2419 3377 2520 3444 ἕξιν
2552 3381 2693 3453 αὒτῷ
2734 3385 2832 3435 τῶν
2893 3379 3044 3433 θείων
3077 3377 3474 3456 παρεχόμενον,
3517 3374 3739 3452 Μετέχει
3767 3371 3814 3428 δὲ

2186 3470 2271 3523 καὶ
2301 3471 2405 3523 τῶν
2437 3474 2736 3546 μυστηρίων
2768 3471 2827 3524 τὸ
2877 3467 3089 3547 βρέφος,
3127 3465 3272 3528 ὅπως
3317 3467 3370 3521 ἒν
3412 3465 3598 3528 αὐτοῖς
3629 3462 3814 3538 μᾶλλον

2184 3559 2528 3639 ἀνατραφείη,
2563 3562 2649 3616 καὶ
2709 3557 2970 3634 μηδεμίαν
3031 3556 3213 3635 ἑτέραν
3272 3556 3418 3626 ζωὴν
3475 3557 3613 3610 κατὰ
3669 3555 3814 3627 σάρκα

2183 3649 2369 3730 σχοίη,
2397 3651 2439 3706 εἰ
2469 3651 2546 3725 μὴ
2571 3656 2668 3716 τήν
2697 3652 2994 3726 θεωροῦσαν
3021 3647 3086 3703 τὰ
3107 3649 3225 3702 θεῖα
3249 3645 3301 3701 ἐν
3315 3657 3622 3722 προκοπαῐς
3651 3664 3815 3722 γιγνο-

2185 3739 2351 3814 μένην
2405 3739 2507 3795 ὕπὸ
2555 3745 2652 3806 τῆς
2714 3741 2807 3795 τοῦ
2849 3735 3116 3817 ἆναδόχου
3174 3733 3537 3799 διδασκαλίας,
3595 3738 3813 3791 Τοσαῦτα

2183 3829 2270 3885 καὶ
2300 3827 2416 3904 ἐμοὶ
2445 3827 2616 3885 ὦπται
2662 3829 2726 3884 τὰ
2770 3825 2999 3902 ἑνοειδῆ,
3030 3825 3191 3905 ἤγουν
3246 3828 3368 3881 θεῖα
3411 3825 3684 3903 θεᾶρματα
3729 3820 3811 3887 τῆς

2182 3917 2296 3976 καθ’
2355 3922 2496 3993 ἡμᾶς
2551 3919 2846 3999 ίεραρχίας·
2894 3920 2982 3974 καὶ
3026 3919 3107 3974 σοὶ
3161 3915 3239 3990 δὲ,
3271 3917 3345 3979 ὡς
3403 3918 3591 3990 οἶμαι,
3625 3914 3812 3999 πάντως

2181 4007 2445 4086 ἐλλάμψει
2506 3996 2768 4089 χρωμένω
2794 4021 2911 4074 τοῖς
2966 4005 3243 4085 ἡμετέροις
3272 4004 3457 4083 λόγοις
3489 4005 3565 4068 ὡς
3621 3996 3816 4075 κλίμαῖί

2180 4119 2280 4157 τισι
2325 4101 2456 4179 πρὸς
2487 4098 2821 4178 ὑψηλοτέραν
2873 4096 3159 4174 ἕλλαμψιν*
3194 4097 3257 4172 ᾗς
3287 4096 3377 4151 καὶ
3425 4092 3658 4171 μετάδος
3690 4089 3808 4179 ipsi,

2180 4189 2265 4246 καὶ
2297 4175 2466 4254 δείξον
2497 4202 2615 4253 τντς
2667 4175 2821 4264 ἐμοῖς
2866 4200 3086 4255 νοητοῖς
3119 4184 3442 4266 ὄφθαλμοῖς,
3477 4184 3616 4262 ἅπερ
3643 4181 3702 4236 ἂν
3747 4175 3820 4232 ὃν

443 4275 788 4338 strationem
815 4277 1183 4340 ascendenti:
1211 4277 1362 4340 hanc
1387 4286 1444 4340 et
1469 4286 1529 4341 tu
1554 4279 1697 4340 mihi
1725 4286 2101 4344 cbmmunica

2189 4273 2393 4347 νὴθείης
2440 4273 2825 4360 εὔπρεπέστερα
2887 4276 3062 4345 καὶλλη
3119 4277 3430 4338 θεάσασθαι,
3493 4271 3679 4350 Θαρῥτῦ
3734 4268 3813 4347 γὰρ

443 4374 503 4428 et
529 4365 895 4448 spiritalibus
925 4366 1073 4428 meis
1103 4367 1292 4430 oculis
1319 4367 1534 4432 exhibe
1565 4371 1935 4433 venustiores
1959 4371 2090 4434 illas

2187 4372 2281 4448 ἐγὼ
2331 4369 2420 4426 ὅτε
2454 4373 2508 4426 εν
2559 4371 2762 4435 τούτοις
2811 4383 2927 4432 τοῖς
2971 4367 3254 4446 ἡμετέροις
3294 4364 3478 4444 λόγοις
3511 4365 3637 4427 τοὺς
3700 4360 3811 4415 ἔναυ

443 4455 920 4537 pulchritudines
962 4475 1108 4538 quas
1137 4458 1528 4539 contemplari
1561 4460 1808 4540 poteris.
1843 4461 2096 4524 Conﬁdo

443 4545 603 4607 enim
622 4565 715 4610 me
728 4547 944 4608 nostris
961 4546 1127 4609 hisce
1151 4547 1530 4610 sermonibus
1558 4549 1770 4612 insitas
1785 4550 1890 4613 tibi
1911 4551 2098 4614 divini

443 4634 599 4715 ignis
624 4637 859 4719 (divinas
888 4637 1120 4701 scilicet
1142 4637 1503 4718 cognitionis
1531 4639 1899 4718 illustrantis)
1929 4641 2094 4706 scin-

446 4725 603 4791 tillas
635 4730 1081 4793 suscitaturum.

2179 4461 2525 4536 ποκειμένοος
2583 4460 2638 4516 ἐν
2696 4461 2780 4517 σοὶ
2829 4468 2920 4518 τοῦ
2977 4460 3116 4515 θείου
3173 4459 3336 4537 πυρὸς
3399 4452 3672 4531 (δηλονότι
3726 4451 3811 4511 τῆς

2177 4551 2318 4616 θείας
2366 4550 2804 4633 καὶφωτιστικῆς
2863 4547 3139 4629 γνώσεως)
3170 4544 3552 4605 ἀνασκαλεόσω
3610 4537 3810 4603 σπινθῆ-

2185 4662 2306 4724 ρας.
