4000 6214
494 346 612 413 595
1645 343 1705 405 S.
1764 344 2104 407 DlONYSIl

2228 342 2690 408 ΡιΕΟΡΑΕἶπΙΤλΕΔ
3736 342 3837 406 536

494 482 691 545 danda
737 489 829 544 est
862 502 877 551 ;
908 481 1044 561 quia
1090 483 1148 540 et
1174 477 1396 540 circum
1428 476 1618 555 ipsam
1651 485 1789 540 sunt
1822 478 2043 555 omnia,
2081 488 2141 541 et
2199 489 2447 562 propter
2474 481 2687 561 ipsam,
2723 490 2782 543 et
2809 486 2936 561 ipsa
2987 488 3075 543 est
3103 490 3238 543 ante
3283 481 3501 557 omnia,
3534 479 3678 543 etin
3731 481 3837 560 ipsa

493 572 692 634 omnia
720 570 1071 641 consistunt,
1097 576 1158 630 et
1181 584 1314 629 esse
1335 584 1465 627 eam
1491 568 2009 648 producitomnia,
2046 577 2103 630 et
2132 569 2276 633 facit
2304 580 2367 633 ut
2396 572 2705 645 exsistant,
2738 588 2989 653 eamque
3019 573 3219 633 omnia
3264 578 3546 653 appetunt
3580 589 3596 646 ;
3627 570 3836 651 spirita-

492 655 571 724 lia
596 660 834 742 quidem
863 677 933 720 ac
961 657 1273 719 rationalia
1301 657 1587 732 scienter,
1621 656 1787 719 hisce
1817 659 2128 737 inferiora,
2164 662 2468 724 sensiliter
2501 682 2518 740 ;
2550 669 2764 724 caetera
2795 679 2939 724 vero
2969 660 3058 725 vel
3093 679 3200 742 per
3231 668 3455 723 motum
3487 660 3734 738 vitalem,
3756 660 3835 722 vel

494 747 969 829 substantialem,
1002 747 1098 809 vel
1130 746 1604 811 habitudinalem
1638 747 2053 830 aptitudinem.

2112 852 2141 932 δ
2184 853 2283 916 v1.

571 989 695 1050 Hoc
730 987 912 1066 igitur
941 1006 1077 1049 cum
1109 986 1335 1048 scirent
1361 985 1644 1065 theologi,
1678 988 1866 1049 Deum
1900 986 2141 1049 laudant

2303 998 2466 1049 Τοῦτο
2513 999 2638 1071 γοῦν
2698 992 2889 1058 ἒῖδότες
2946 998 2991 1052 οἱ
3033 993 3296 1073 θεολογόι,
3329 995 3417 1051 καὶ
3469 996 3544 1057 ὡς
3592 993 3843 1067 ἀνώνυμον

492 1085 552 1141 et
573 1086 860 1160 tanquam
884 1077 1127 1138 nomine
1163 1074 1557 1151 c'arentem,et
1578 1077 1651 1138 ab
1682 1076 1844 1137 omni
1868 1075 2134 1139 nomine.

2228 1080 2384 1148 αὐτὴν
2429 1083 2669 1157 ὑμνοῦσι,
2714 1085 2802 1140 καὶ
2858 1083 2917 1141 ἐκ
2980 1087 3172 1150 παντὸς
3227 1084 3505 1158 ὀνόματος,
3566 1082 3846 1157 Ἀνώνυμον

490 1169 798 1246 Tanquam
830 1171 1072 1228 nomine
1112 1175 1447 1246 carentem,
1473 1174 1537 1227 ut
1566 1183 1698 1228 cum
1732 1165 1918 1247 aiunt,
1951 1166 2138 1228 Deum

2228 1168 2318 1243 μὲν
2372 1171 2443 1235 ὡς
2500 1169 2627 1227 ὅταν
2686 1174 2810 1252 φασὶ
2842 1172 2917 1250 ‘3,
2973 1175 3072 1241 τὴν
3127 1176 3378 1254 Θεαρχίαν
3440 1174 3601 1240 αὐτὴν
3659 1175 3711 1229 ἓν
3763 1176 3849 1246 μιᾷ

489 1258 685 1337 ipsum
710 1256 772 1319 in
804 1276 919 1318 una
937 1275 1007 1318 ex
1034 1255 1291 1336 mysticis
1313 1254 1645 1317 visionibus
1661 1254 2001 1334 symbolicze
2028 1274 2139 1336 ap-

2228 1264 2328 1313 τῶν
2383 1267 2653 1334 μυστικῶν
2682 1267 2783 1329 τῆς
2829 1262 3164 1338 συμϐολικῆς
3206 1261 3589 1342 4⁸θεοφυινειῖρις
3638 1262 3849 1340 ὁράσεοῖν

495 1346 803 1429 paritionis
837 1345 945 1409 Dei
978 1347 1318 1425 increpasse
1349 1362 1485 1407 eum
1518 1344 1625 1421 qui
1655 1344 1881 1405 dixerat
1917 1363 1932 1406 :
1965 1344 2143 1420 Quod

491 1444 820 1502 estnomen
841 1442 1009 1499 tuum
1031 1433 1075 1495 Ὗ
1098 1442 1159 1497 et
1190 1442 1467 1511 tanquam
1495 1434 1573 1497 ab
1604 1434 1768 1495 omni
1794 1433 1993 1495 divino
2028 1453 2140 1495 no-

494 1526 656 1588 mine
685 1524 1111 1605 abdncentem,
1142 1524 1366 1587 dixisse
1399 1541 1413 1585 :
1454 1523 1662 1599 Quare
1689 1527 2037 1604 interrogas
2069 1523 2144 1586 de

493 1633 624 1678 meo
673 1615 961 1677 nomine?
990 1621 1047 1676 et
1089 1614 1198 1675 hoc
1226 1623 1309 1674 est
1341 1612 1703 1675 admirabile
1731 1624 1777 1676 ιι.
1811 1611 2023 1674 Annon
2056 1619 2147 1673 est

493 1705 608 1767 hoc
631 1722 767 1766 vere
790 1721 1008 1765 nomen
1038 1702 1413 1771 admirabile.
1443 1703 1603 1781 quod
1636 1709 1727 1763 est
1757 1719 1937 1782 supra
1968 1718 2147 1763 omne

493 1795 634 1857 289
661 1811 905 1873 nomen,
931 1792 1084 1873 quod
1108 1799 1271 1853 caret
1297 1791 1561 1870 nomine,
1589 1791 1745 1872 quod
1769 1799 1859 1853 est
1880 1791 2144 1853 colloca-

496 1893 617 1947 tum
642 1901 827 1964 super
849 1900 1023 1946 omne
1049 1900 1290 1955 nomen,
1326 1881 1485 1961 quod
1519 1883 1891 1957 nominatur,
1925 1884 2052 1944 sive
2080 1888 2146 1944 in

494 1973 1005 2053 hocsaeculo,sive
1032 1974 1094 2034 in
1116 1974 1329 2049 futuro
1361 1970 1419 2031 V?
1450 1972 1498 2031 Μ
1509 1970 1767 2032 ultorum
1798 1989 1934 2032 vero
1955 1971 2147 2032 nomi-

494 2085 637 2128 num
661 2062 913 2137 iaciunt,
937 2068 1001 2123 ut
1031 2080 1163 2124 cum
1199 2062 1393 2140 ipsum
1421 2063 1608 2124 Deum
1641 2060 2025 2122 introducunt
2048 2062 2145 2122 di-

495 2163 727 2218 centem
760 2174 772 2216 :
809 2153 946 2231 Ego
979 2170 1111 2214 sum
1139 2154 1246 2230 qui
1266 2168 1402 2213 sum
1436 2160 1482 2231 κ,
1507 2151 1649 2225 vita,
1686 2152 1806 2229 lux,
1831 2149 2011 2232 Deus,
2042 2170 2140 2212 ve-

495 2246 637 2309 ritas
662 2268 677 2323 ;
704 2251 762 2306 et
794 2260 928 2305 cum
963 2240 1475 2322 sapientesipsum
1498 2239 1684 2301 Deum
1706 2241 1969 2302 omnium
1994 2242 2141 2305 etl‘e-
2169 2277 2202 2326 Β

495 2343 721 2398 ctorem
752 2331 824 2394 ab
847 2330 1126 2394 omnibus
1157 2330 1385 2391 effectis
1416 2329 1683 2402 laudant,
1708 2338 1772 2390 ut
1803 2329 2048 2409 bonum,
2082 2340 2145 2393 ut

497 2423 838 2504 pulchrum,
874 2428 939 2481 ut
989 2419 1344 2499 sapientem,
1378 2427 1439 2480 ut
1488 2417 1793 2493 dilectum,
1845 2430 1911 2481 ut
1955 2419 2140 2481 Deum

495 2513 772 2587 deorum,
810 2520 872 2573 ut
924 2509 1241 2573 Dominum
1293 2508 1697 2583 dominorum,
1731 2517 1796 2571 ut
1852 2510 2141 2571 Sanctum

498 2609 937 2675 sanctorum,ut
957 2609 1274 2671 aeternum,
1305 2606 1367 2658 ut
1396 2616 1531 2660 eum
1567 2599 1672 2675 qui
1703 2606 1814 2670 est,
1842 2607 1904 2660 ut
1928 2608 2141 2662 aucto-

498 2710 625 2754 rem
652 2692 1033 2767 smculorum,
1067 2695 1131 2749 ut
1159 2687 1502 2765 largitorem
1528 2688 2140 2769 vitaa,utsapientiam,

503 2790 568 2844 ut
596 2784 887 2854 mentem,
922 2790 985 2840 ut
1012 2778 1298 2851 Verbum,
1328 2786 1390 2837 ut
1424 2777 1809 2854 cognitorem,
1840 2785 1904 2838 ut
1930 2796 2147 2857 super-

504 2872 622 2934 late
642 2870 963 2932 habentem
992 2886 1202 2929 omnes
1235 2868 1541 2929 thesauros
1570 2867 1766 2927 omnis
1795 2868 2150 2943 scientize,ut

504 2958 860 3041 potentiam,
888 2966 949 3018 ut
968 2964 1296 3037 potentem,
1321 2965 1387 3018 ut
1408 2957 1628 3035 Regem
1661 2964 1965 3035 regum,ut
1988 2957 2148 3017 anti-

502 3066 688 3125 quum
719 3047 980 3126 dierum,
1012 3054 1074 3108 ut
1108 3064 1225 3107 non
1271 3054 1683 3107 senescentem
1715 3052 1773 3106 et
1800 3045 2147 3107 immutabi-

502 3137 647 3218 lem,
680 3135 1043 3216 utsalutem,
1070 3144 1136 3199 ut
1161 3134 1565 3216 justitiam,ut
1594 3134 2145 3217 sanctiﬁcationem,

503 3235 569 3289 ut
585 3224 1087 3305 redemptionem,
1115 3233 1177 3286 ut
1200 3223 1604 3303 magnitudine
1635 3226 1835 3287 omnia
1865 3243 2149 3307 superan-

500 3322 648 3393 tem,
675 3324 824 3380 etut
854 3317 916 3377 in
946 3333 1091 3377 aura
1115 3314 1484 3395 tenui.Atqui
1507 3323 1564 3375 et
1596 3315 1653 3376 in
1675 3316 1976 3377 mentibus
2009 3334 2143 3378 eum

501 3423 635 3469 esse
662 3405 889 3486 dicunt,
916 3413 975 3465 et
998 3406 1061 3465 iu
1091 3405 1306 3465 animis
1329 3411 1386 3465 et
1416 3404 1792 3485 corporibus,
1815 3413 1874 3469 et
1903 3410 1962 3466 in
1995 3406 2145 3468 caelo

2223 1346 2512 1415 ἓπιπλήξαι
2566 1356 2642 1424 τῷ
2698 1354 2929 1430 φήσαντι
2985 1351 3058 1427 4⁸,
3123 1355 3183 1411 Τί
3239 1355 3299 1411 τὸ
3356 1352 3525 1427 ὄνομά
3592 1373 3719 1423 sou;
3773 1352 3852 1405 καὶ

2227 1438 2405 1517 ὥσπερ
2458 1438 2566 1496 ἀπὸ
2595 1442 2771 1508 πάσης
2830 1442 2989 1499 αὒτὸν
3045 1447 3376 1518 θεωνυμικῆς
3420 1443 3664 1520 γνώσεως
3719 1441 3852 1496 ἀπά-

2229 1550 2447 1605 γουσαν,
2508 1530 2665 1609 φάναι
2723 1532 2805 1587 τό⁸
2870 1534 2966 1590 Κάὶ
3022 1535 3158 1590 ivx-ci
3211 1536 3414 1609 ἒρωτᾷς
3466 1534 3526 1588 τὸ
3583 1530 3639 1574 ⁸⁸
3701 1530 3855 1605 ὄνομά

2231 1640 2332 1692 μου
2364 1638 2379 1690 ;
2413 1622 2500 1677 καὶ
2540 1620 2681 1677 τοῦτ’
2715 1620 2823 1679 ἔστι.
2873 1624 3192 1698 Θαυμαστόν.
3226 1622 3319 1680 "ﬂ
3351 1625 3473 1703 οὒχὶ
3516 1632 3668 1681 τοῦτο
3703 1620 3854 1681 ὅντως

2230 1708 2338 1765 ἒστὶ
2397 1710 2458 1765 τὸ
2515 1714 2814 1785 θαυμαστὸν
2872 1712 3063 1787 ὅνσμα,
3118 1715 3181 1769 τὸ
3234 1714 3365 1791 ὑπὲρ
3425 1718 3528 1768 πᾶν
3584 1712 3856 1785 ὂ’νομα,τὸ

2229 1798 2523 1879 ἀνώνυμον²
2585 1802 2645 1856 τὸ
2702 1803 2897 1865 παντὸς
2954 1800 3359 1879 ὑπεριδρυμένον
3421 1802 3678 1875 ὀνόματος
3738 1800 3853 1855 ὀνο-

2229 1888 2550 1969 μαζομὲνου,
2615 1888 2726 1945 εἴτε
2783 1889 2839 1946 ὲν
2907 1894 2985 1965 τῷ
3040 1894 3189 1947 αἰῶνι
3263 1891 3455 1970 τούτῳ,
3516 1889 3627 1945 εἴτε
3686 1889 3739 1944 ἐν
3789 1895 3858 1960 τῷ

2230 1977 2477 2051 μέλλοντι
2513 2000 2530 2054 ;
2577 1977 2931 2054 Πολυώνυμον
2968 1974 3051 2058 δὲ,
3086 1983 3157 2044 ὡς
3202 1980 3330 2037 ὅταν
3381 1982 3524 2042 αὖθις
3558 1979 3720 2045 αὐτὴν
3750 1980 3854 2033 εἰσ-

2226 2066 2396 2144 ἄγωσι
2446 2067 2771 2147 φάσκουσαν·
2806 2068 2949 2146 Ἐγώ
3003 2071 3107 2141 εἰμι
3165 2071 3193 2125 ὁ
3248 2069 3343 2125 ὤν’
3377 2072 3411 2137 ἡ
3444 2070 3580 2147 ζωὴ,
3616 2070 3676 2124 τὸ
3731 2074 3853 2146 φῶς,

2227 2159 2254 2213 ὁ
2314 2159 2467 2230 Θεὸς,
2503 2160 2536 2225 ἠ
2598 2157 2842 2238 ἀλήθεια²
2874 2160 2963 2215 καὶ
3021 2158 3147 2215 ὅταν
3180 2160 3323 2215 αὐτοὶ
3366 2165 3472 2214 τῶν
3503 2159 3716 2213 πάντων
3772 2156 3854 2212 αἶ-

2226 2268 2336 2303 τιον
2366 2243 2419 2287 ⁴⁶⁷
2450 2248 2495 2303 οἱ
2525 2248 2767 2328 θεόσοφοι
2813 2248 3172 2323 πολυωνόμως
3203 2247 3263 2304 ἐκ
3320 2249 3531 2304 πάντων
3561 2255 3667 2303 τῶν
3698 2249 3856 2302 αἰτια-

2225 2341 2330 2391 τῶν
2386 2337 2641 2413 ὑμνῶσιν,
2698 2340 2771 2401 ὡς
2834 2337 3052 2416 ἀγαθὰν,
3099 2339 3173 2400 ὡς
3225 2336 3410 2418 καλὸν,
3459 2341 3534 2400 ὡς
3583 2338 3858 2415 σοφὸν,ὼς

2226 2426 2526 2505 ἀγαπητὸν,
2588 2428 2661 2491 ὡς
2721 2428 2851 2483 Θεὸν
2921 2431 3075 2501 Θεῶν,
3140 2428 3213 2489 ὡς
3273 2429 3457 2505 Κύριον
3529 2429 3741 2504 κυρίων,
3798 2428 3859 2487 ὡς

2227 2503 2432 2592 εἈγιοιν
2488 2516 2671 2592 ἁγίων,
2709 2519 2782 2582 ὡς
2835 2517 3068 2588 αἰώνιον,
3101 2520 3176 2581 ὡς
3226 2515 3377 2595 ὄντα,
3412 2518 3498 2571 καὶ
3551 2520 3625 2581 ὡς
3672 2517 3860 2572 αἰώνων

2227 2617 2424 2662 α’ίτιον’
2484 2609 2557 2669 ὡς
2600 2612 2742 2677 ζωῆς
2803 2609 3068 2687 χορηγὸν,
3114 2609 3188 2671 ὡς
3243 2607 3453 2683 σοφίαν,
3491 2608 3565 2668 ὡς
3625 2614 3765 2683 νοῦν,
3797 2608 3860 2663 ὡς

2231 2695 2422 2772 Λόγον,
2454 2698 2527 2757 ὡς
2575 2698 2844 2772 γνώστην,
2881 2698 2953 2758 ὡς
3008 2696 3338 2775 ὑπερέχοντα
3394 2694 3450 2736 ‘3
3499 2696 3698 2759 mina;
3756 2697 3858 2757 τοὺς

2228 2786 2519 2862 θησαυροὺς
2576 2785 2787 2852 ἀπασης
2846 2783 2903 2829 ‘9
2956 2786 3228 2863 γνώσεως,
3260 2788 3335 2849 ὡς
3394 2784 3636 2864 δύναμιν²
3669 2788 3739 2849 ὡς
3785 2784 3858 2839 δυο

2229 2875 2450 2946 νάστην,
2498 2876 2570 2940 ὡς
2633 2875 2859 2931 Βασιλέα
2903 2877 3010 2932 τῶν
3066 2874 3477 2954 βασιλευόντων,
3523 2876 3597 2935 ὡς
3652 2874 3861 2930 παλαιὸν

2231 2966 2466 3042 ἡμερῶν,
2514 2966 2588 3029 ὣς
2632 2968 2718 3022 καὶ
2770 2966 2955 3043 ἀγήρω
3001 2966 3086 3021 καὶ
3147 2963 3525 3035 ἀναλλοίωτον1
3562 2965 3637 3026 ὡς
3694 2985 3861 3029 stu-tr,-

2230 3056 2367 3133 ρίαν,
2401 3056 2472 3119 ὡς
2530 3052 2889 3135 δικαιοσύνην,
2925 3057 2996 3120 ὡς
3044 3056 3329 3131 ἀγίασμὸν,
3363 3056 3435 3116 ὡς
3487 3053 3859 3129 ἀπολύτρωσιν,

2229 3146 2302 3209 ὡς
2361 3143 2415 3198 ὲν
2473 3143 2682 3222 ’λὲγὲθει
2743 3145 2953 3200 πάντων
3009 3143 3363 3223 ὑπερέχοντα,
3397 3145 3484 3199 καὶ
3536 3145 3609 3206 ὡς
3642 3143 3692 3198 ἐν
3746 3141 3864 3217 αὔρᾳ

2230 3236 2423 3299 λεπτῆ.
2491 3234 2585 3290 Καί
2610 3254 2669 3310 γε
2727 3235 2812 3289 καὶ
2840 3233 2896 3289 ἐν
2954 3233 3095 3296 νόοις
3127 3232 3180 3275 ⁵ο
3211 3233 3367 3289 αὺτὸν
3412 3234 3554 3288 εἷναί
3609 3255 3753 3313 φασι,
3782 3233 3865 3285 καὶ

2230 3322 2283 3379 ἒν
2343 3327 2549 3401 ψυχαῖς
2582 3324 2668 3379 καὶ
2727 3322 2780 3378 ἐν
2811 3323 3047 3397 σώμασι,
3082 3325 3167 3378 καὶ
3198 3321 3251 3378 ἐν
3306 3322 3510 3400 οὖρανῷ
3553 3324 3638 3378 καὶ
3669 3321 3719 3376 ἒν
3770 3327 3863 3397 γῆ,

2228 3414 2316 3469 καὶ
2373 3411 2481 3487 ἅμα
2541 3412 2594 3467 ὲν
2653 3414 2826 3486 ταῦτῳ
2879 3414 2970 3468 τὸν
3034 3412 3216 3485 αὐτὸν,
3277 3411 3591 3487 ὲγκόσμιον,
3655 3410 3865 3485 περικό-

501 3495 644 3558 etin
670 3503 849 3571 terra,
878 3501 936 3555 et
966 3492 1145 3556 simul
1178 3493 1236 3554 in
1262 3493 1469 3554 eodem
1504 3493 1806 3569 eumdem,
1832 3494 1892 3555 in
1927 3495 2141 3557 mundo

2231 3522 2415 3575 σμιον,
2472 3500 2845 3578 ὕπερκόσπιον,
2876 3500 3270 3578 ὑπερουράνιον,
3316 3500 3650 3577 ὑπερούσιον,
3692 3496 3862 3565 ἥλιον,

497 3584 660 3649 circa
703 3582 1021 3657 mundum,
1058 3599 1241 3663 super
1292 3581 1600 3658 mundum,
1634 3584 2144 3663 supracaalestem,

500 3671 1098 3755 suprasubstantiam,
1121 3672 1334 3745 solem,
1363 3671 1622 3749 stellam,
1656 3672 1881 3748 ignem,
1902 3690 2148 3755 aquam,

500 3763 800 3846 spiritum,
825 3780 1048 3838 rorem,
1075 3759 1321 3843 nubem,
1348 3778 1454 3842 per
1483 3779 1549 3823 se
1572 3761 1861 3843 lapidem,
1897 3770 2146 3844 petram,

503 3853 705 3917 omnia
737 3870 868 3934 qua:
896 3860 1051 3929 sunt,
1086 3860 1146 3915 et
1175 3851 1324 3914 nihil
1352 3870 1557 3915 eorum
1593 3869 1726 3930 quae
1756 3860 1915 3915 sunt.

2233 3589 2447 3669 ἀστέρα,
2500 3596 2623 3668 πῦρ,
2669 3590 2827 3669 ὕδωρ,
2882 3601 3109 3667 πνεῦμα,
3163 3588 3370 3666 ’δρόσον¹
3417 3587 3663 3669 νεφέλην,
3711 3585 3865 3642 αὐτὸς

2230 3678 2396 3754 λιθον,
2456 3679 2544 3735 καὶ
2602 3678 2818 3759 πέτραν³
2872 3684 3043 3737 πάντα
3102 3680 3169 3735 τά
3217 3677 3364 3753 ὄντα,
3423 3679 3512 3734 καὶ
3568 3675 3709 3734 οὐδὲν
3764 3676 3864 3730 τῶν

2231 3766 2400 3825 ὄντων
2415 3815 2427 3829 .

2099 3988 2128 4068 §
2160 3986 2285 4053 vn.

586 4145 686 4211 Sic
717 4146 895 4227 igitur
946 4148 998 4209 ei
1032 4147 1131 4229 qui
1180 4150 1445 4210 omnium
1482 4164 1683 4209 rerum
1742 4166 1919 4210 causa
1950 4156 2060 4224 est,
2096 4156 2141 4209 e1

2317 4150 2496 4217 Οὕτως
2551 4152 2660 4231 οὖν,
2695 4158 2761 4228 τῇ
2805 4153 3018 4209 πάντων
3060 4155 3199 4227 αἰτίᾳ
3237 4155 3321 4210 καὶ
3379 4153 3511 4230 ὑπὲρ
3555 4158 3719 4209 πάντα
3774 4147 3859 4202 οὗ·

504 4254 685 4318 supra
714 4237 1436 4317 omnia,congruitcarere
1454 4237 1716 4313 nomine,
1744 4246 2141 4318 etcongruunl

2235 4263 2326 4318 σῃ,
2361 4243 2447 4297 καὶ
2503 4243 2563 4297 τὸ
2624 4240 2897 4316 ἀνώνυμον
2955 4243 3265 4323 ἔῖςίιαρμαῦσει³
3297 4243 3387 4299 καὶ
3446 4243 3616 4298 πάντα
3654 4240 3716 4294 τά
3766 4236 3863 4292 τῶν

504 4344 712 4389 rursus
743 4325 945 4388 omnia
976 4344 1176 4388 rerum
1202 4327 1469 4388 omnium
1497 4328 1833 4405 nomina,ut
1863 4331 1940 4391 sit
1964 4327 2141 4407 perfe-

2236 4329 2403 4387 ὅντων
2456 4331 2707 4405 ὀνόποτα,
2742 4332 2833 4387 ’ἕνα
2866 4331 3091 4410 ἀκριϐῶς
3142 4335 3176 4402 ἦ
3206 4339 3311 4390 τῶν
3342 4332 3485 4388 ὅλων
3531 4329 3762 4408 βασιλεξα
3788 4324 3861 4389 51.

504 4426 601 4479 cte
650 4435 904 4498 regnum
957 4415 1358 4478 universitatis
1401 4435 1629 4497 rerum,
1666 4426 1724 4479 et
1752 4418 1911 4479 circa
1957 4417 2141 4498 ipsum

2237 4422 2323 4477 Ααὶ
2365 4423 2483 4497 περὶ
2524 4421 2685 4488 αὐτὴν
2720 4420 2757 4496 ᾗ
2805 4422 2870 4476 τὰ
2900 4423 3095 4502 πάντα,
3127 4424 3215 4478 καὶ
3271 4423 3434 4488 αὖτῆς
3480 4424 3553 4485 ὡς
3586 4419 3766 4496 αἰτίας,
3793 4416 3861 4474 ὡς

506 4506 625 4568 sint
654 4508 874 4578 omnia,
904 4523 975 4568 ex
1005 4506 1162 4587 ipso,
1198 4513 1477 4588 tanquam
1518 4525 1586 4569 ex
1620 4526 1823 4588 causa,
1857 4507 2141 4588 principio

2233 4509 2435 4589 ἀρχῆς,
2483 4511 2555 4573 ὡς
2600 4509 2849 4588 πέρατος,
2882 4510 3239 4592 ἒξηρτημένα,
3290 4514 3378 4568 καὶ
3439 4512 3595 4590 αὐτὴ,
3626 4507 3756 4564 κατά
3804 4504 3863 4557 τὸ

505 4597 702 4658 etﬁne
733 4603 944 4657 cuncta
965 4594 1351 4677 pendeant,et
1377 4596 1506 4678 ipse
1538 4596 1637 4671 sit,
1669 4604 1733 4659 ut
1762 4597 1844 4658 ait
1877 4597 2141 4676 Scriptu-

2232 4597 2505 4677 λόγιοθ,ᾗ
2557 4599 2621 4655 τὰ
2679 4599 3175 4675 πάνταμὲν-πᾶσι,
3239 4602 3324 4656 καὶ
3382 4598 3595 4666 ἀληθῶς
3647 4598 3857 4670 ὑμνῆττί

503 4685 803 4766 ra,omnia
822 4685 884 4746 iu
902 4683 1183 4747 omnibus
1216 4696 1530 4766 !,vereque
1553 4684 1927 4758 laudetur,ut
1950 4684 2141 4747 omnia

2232 4690 2445 4745 πάντων
2502 4689 2810 4763 ὕποστσίτις,
2845 4690 3123 4769 ἀρχηγική
3178 4689 3254 4769 ⁵9,
3299 4692 3385 4747 καὶ
3420 4683 3751 4757 τελειιυτιιτῖἠτ
3782 4681 3861 4736 καὶ

506 4790 852 4857 procreans,
870 4772 1182 4848 inchoans,
1216 4774 1555 4856 perﬁciens,
1580 4775 2114 4856 continensque,cu

2235 4780 2537 4855 συνεκτική,
2573 4781 2770 4859 φρουρά
2826 4783 2913 4836 καὶ
2962 4781 3132 4846 ἑστία,
3187 4783 3271 4836 καὶ
3329 4781 3461 4858 πρὸς
3525 4780 3715 4834 ἑαυτκν
3754 4771 3861 4827 ἐπί-

506 4862 701 4926 stodia
720 4880 789 4925 ac
811 4862 1200 4934 domicilium,
1236 4863 1568 4942 eademque
1588 4863 1660 4927 ad
1679 4882 1745 4927 se
1768 4874 2141 4939 convertens,

2234 4870 2548 4945 στρεπτικὴ,
2581 4870 2669 4925 καὶ
2726 4876 2890 4926 ταῦτα
2941 4870 3253 4945 ἡνωμένους,
3290 4869 3563 4948 ἀσχέτως,
3607 4860 3860 4948 ἒξτλρτσὲλέ⁶

506 4960 683 5035 atque
704 4953 827 5015 haec
841 4951 1821 5035 conjuncte.invicte,excellenter;
1848 4972 1965 5015 non
1991 4954 2141 5015 enim

2233 4976 2360 5022 νως·
2411 4958 2470 5013 οὐ
2524 4958 2622 5037 γὰρ
2679 4963 2941 5037 συνοχῆς,
2975 4959 3011 5027 ἢ
3069 4965 3212 5036 ζωῇς
3265 4959 3299 5027 ἢ
3356 4947 3681 5016 τελειώσεως
3735 4947 3857 5006 ait?!

507 5041 699 5104 solum
719 5048 996 5103 estcausa
1014 5042 1360 5104 continendi
1403 5044 1626 5116 omnia,
1646 5043 1896 5124 vitaaque
1918 5062 1986 5105 ac
2009 5062 2141 5126 per-

2235 5046 2396 5118 μόνον
2454 5050 2619 5120 ἔστιν,
2654 5047 2748 5103 ἵνα
2806 5046 2912 5103 ἀπὸ
2967 5050 3138 5124 μόνης
3203 5048 3420 5122 ταύτης,
3456 5047 3492 5114 ἢ
3549 5051 3644 5110 τῆς
3695 5038 3860 5126 ίτέῗῖί

506 5131 809 5214 lectionis,
837 5129 916 5192 ita
946 5137 1008 5191 ut
1041 5128 1114 5191 ab
1147 5130 1259 5194 hac
1289 5131 1435 5193 sola.
1461 5141 1563 5193 aut
1592 5132 1665 5194 ab
1687 5120 2141 5213 alia'providem

2235 5136 2514 5213 προνοίας,
2554 5136 2590 5202 ἠ
2644 5120 2983 5215 ὑπερώνυμος
3041 5138 3308 5217 ἀγαθότης
3365 5120 3697 5210 ὀνομασθείτ,’
3741 5120 3863 5181 τίν·

1227 5303 1253 5335 υ
1282 5291 1421 5357 Jud.
1451 5310 1577 5370 xm,
1614 5293 1710 5357 l8.
1801 5304 1826 5336 '
1860 5293 2083 5376 Ephes.
2116 5311 2132 5356 1

2232 5296 2288 5355 1.
2372 5307 2396 5337 ι
2428 5293 2611 5357 Exod.
2662 5312 2749 5370 nl,
2786 5296 2880 5358 14.
2969 5308 2994 5350 Y
3026 5294 3212 5361 ICor.
3246 5315 3342 5378 xv,
3372 5296 3476 5358 23.

1825 5452 2072 5518 VARl/E
2118 5455 2438 5522 LECTION
2444 5456 2553 5521 ES.

586 5294 603 5327 ‘
632 5292 783 5358 Gen.
815 5307 1003 5367 xxxu,
1038 5290 1140 5355 29.

2824 5640 2874 5697 ρ.
2913 5619 3062 5683 αὒτό,
3107 5616 3161 5661 ⁸⁷
3190 5620 3282 5676 τὸν
3313 5620 3543 5695 πάντων,
3575 5617 3651 5679 Μ.
3706 5606 3759 5651 ⁸³
3784 5607 3871 5668 ὦ(

583 5612 639 5658 ⁸³
670 5619 832 5698 φῶσι,
868 5618 934 5680 ι),
1011 5614 1067 5660 ιδ
1105 5636 1191 5693 γρ,
1246 5613 1582 5691 συμϐολικῶν
1628 5621 1726 5684 τῆς
1770 5623 2052 5694 μυστικῆς,
2104 5616 2167 5668 ιδ
2212 5620 2514 5699 φωνήσαττι
2571 5618 2635 5680 S.
2683 5615 2737 5660 ιθ
2789 5640 2874 5697 γρ.
2913 5619 3007 5676 αὒτ

583 5696 836 5771 οὲχοντα,
868 5695 943 5760 Μ,
979 5695 1042 5761 S.
1074 5693 1144 5758 Β.
1212 5691 1269 5737 ⁸9
1298 5696 1405 5753 ἀπὸ
1435 5694 1638 5771 πάσης,
1670 5695 1746 5760 Μ.
1813 5697 1876 5749 ὅθ
1902 5711 2039 5763 νοῖς.
2112 5698 2165 5749 ὅί
2198 5698 2463 5771 βασίλεια,
2645 5697 2698 5741 ⁵9
2725 5699 2928 5771 ἀρχική
2960 5697 3008 5761 D

2760 5721 2928 5779 ρχικη
2960 5721 3030 5764 υ.

511 5666 836 5775 πφέγῖὶνταζ
868 5666 943 5760 Μ’.
979 5695 1042 5761 S.
1074 5666 1165 5758 0.:
1212 5691 1269 5737 ⁸9
1298 5670 1405 5753 ὲπό
1435 5694 1638 5779 πάσης,
1770 5666 1876 5749 r50
1902 5666 2039 5763 νοῖςῖ.
2112 5698 2165 5749 ὅί
2198 5666 2463 5777 gaudent,
