4064 6206
456 329 563 395 6H

456 562 616 636 (nam
642 559 754 620 hoc
775 566 867 619 est
891 556 1425 637 impossibile),sed
1460 557 1640 619 etiam
1668 558 1809 639 quid
1837 577 1955 619 non
1981 560 2101 628 sit;

450 651 670 711 scimus
702 657 897 708 tamen
928 646 1115 708 Deum
1141 666 1258 709 non
1288 666 1421 710 esse
1442 648 1663 725 aliquid
1696 667 1896 711 rerum
1922 652 2103 710 exsis-

453 732 1045 807 tentium.Quomodo
1061 745 1261 798 autem
1285 746 1346 799 et
1366 738 1568 818 quade
1591 757 1770 800 causa
1797 757 1913 799 non
1941 737 2103 798 novi-

453 844 583 886 mus
610 825 667 885 id
703 824 860 903 quod
886 834 1113 887 exactze
1137 826 1402 889 scientiae
1421 836 1509 889 est
1536 828 1593 888 in
1621 826 1803 889 rebus
1829 827 2048 889 nostris
2070 825 2102 886 ?

448 913 695 985 Quando
712 912 853 994 quid
877 923 965 977 est
987 916 1135 977 scite
1160 916 1604 996 novimus,tunc
1620 916 1797 981 etiam
1818 917 1956 997 quid
1982 936 2099 978 non

447 1012 537 1064 est
560 1003 707 1065 scite
728 1003 1090 1065 novimus.Si
1113 1006 1270 1066 enim
1298 1025 1534 1069 causam
1560 1009 1785 1068 scimus
1805 1026 1911 1068 cur
1925 1006 2099 1067 homo

1615 332 1675 396 S.
1727 330 2067 395 DIONYSII
2110 330 2641 396 AREOPAGIT/‘E.

458 488 576 531 non
609 468 800 530 solum
832 466 992 531 enim
1022 487 1136 530 non
1170 470 1438 549 capimus
1474 470 1620 532 scite
1660 470 1802 551 quid
1833 469 1991 533 Deus
2022 470 2084 531 sit

2181 474 2279 551 γάρ
2338 473 2480 529 ἐστιν
2552 471 2845 548 ἀδύνατον),

3700 338 3810 402 612

2912 469 3046 527 ἀλλά
3123 472 3209 529 καὶ
3266 474 3326 527 τὸ
3386 475 3433 527 τί
3507 473 3600 529 οὒκ
3655 473 3810 535 ἔστιν,

2183 559 2303 618 ἀλλ’
2361 560 2584 635 οἴδαμεν
2636 561 2796 616 ὅτιτὶ
2851 568 2956 616 τῶν
2986 560 3153 616 ὄντων
3211 562 3304 618 οὒκ
3357 561 3467 617 ἐστι
3519 564 3666 626 Θεὸς.
3702 564 3815 624 Πῶς

2183 649 2260 730 δὲ,
2297 654 2382 707 καὶ
2440 650 2508 706 δι’
2565 651 2630 719 ἦν
2688 652 2855 707 αἰτίαν
2918 655 3011 709 οὔκ
3071 650 3314 727 οἴδαμεν,
3349 652 3479 730 ὅπερ
3521 657 3619 719 τῆς
3670 652 3818 728 ἀκρι-

2183 739 2304 804 ϐοῦς
2337 742 2477 797 ἐστιν
2536 740 2837 807 ἐπιστήμης
2898 744 2983 796 ἒπὶ
3042 747 3146 797 τῶν
3176 740 3289 798 καθ’
3344 744 3542 815 ἡμᾶςς
3599 741 3727 799 "Ore
3765 745 3822 798 τὸ

2185 831 2231 887 τί
2279 831 2389 887 ἐστι
2446 828 2563 886 τόδε
2624 828 2844 904 οἴδαμεν
2905 830 3310 905 ἐπιστημόνως,
3344 832 3463 887 τότε
3523 833 3609 887 καὶ
3666 834 3723 887 τὸ
3775 833 3821 887 τί

2184 923 2277 978 οὐκ
2306 922 2447 975 ἔστιν
2502 920 2871 992 ἐπιστημόνως
2928 917 3171 996 οἴδαμεν.
3208 923 3264 977 Εἰ
3323 921 3423 999 γὰρ
3452 919 3675 980 οἴδαμεν
3728 922 3819 988 τὴν

2186 1010 2351 1065 αἰτίαν
2409 1017 2500 1066 του
2558 1011 2701 1065 εἶναι
2760 1013 2849 1065 τὸν
2914 1010 3184 1087 ἄνθρωπον
3254 1010 3494 1087 λογικὸν,
3542 1009 3619 1065 ὅτι
3680 1010 3816 1089 λόγῳ

447 1091 525 1153 sit
546 1092 1046 1173 rationalis,quod
1075 1096 1358 1156 nimirum
1378 1098 1606 1157 ratione
1626 1097 1968 1177 utitur,cum
1990 1097 2084 1158 lim

2186 1100 2381 1179 χρῆται
2411 1099 2587 1175 (τοῦτο
2632 1100 2730 1176 γάρ
2763 1099 2871 1154 ἐστι
2903 1101 2962 1155 τὸ
2995 1098 3167 1156 αἴτιον
3217 1103 3301 1156 καὶ
3332 1103 3392 1156 τὸ
3423 1101 3607 1178 μέσον)
3619 1149 3635 1180 ,
3667 1098 3811 1156 οἴδα-

449 1180 803 1242 sitmedium
831 1190 891 1241 et
910 1200 1227 1264 causa,per
1252 1184 1395 1246 illud
1423 1185 1618 1265 ipsum
1645 1187 1908 1247 medium
1933 1186 2084 1247 novi-

2176 1212 2268 1264 μεν
2302 1191 2401 1255 την
2432 1190 2619 1263 αἰτίαν,
2651 1190 2738 1244 καὶ
2793 1196 2884 1244 to")
2938 1189 3016 1264 μὴ
3076 1189 3217 1245 εἶναι
3251 1192 3339 1245 τὸν
3390 1188 3660 1268 ἄνθρωπον
3700 1187 3814 1244 ἀλο-

449 1287 581 1333 mus
623 1270 796 1332 etiam
842 1288 1081 1333 causam
1118 1292 1224 1334 cur
1265 1274 1442 1335 homo
1467 1293 1585 1337 non
1609 1274 2084 1337 sitirrationalis.

2176 1300 2269 1355 γον
2328 1275 2395 1333 δι’
2425 1277 2584 1334 αὒτοῦ
2640 1278 2822 1334 τούτου
2866 1285 2958 1334 τοῦ
2991 1278 3171 1352 μέσου.
3234 1278 3387 1335 Ἐπεὶ
3434 1276 3490 1333 δὲ
3549 1289 3641 1337 τοῦ
3691 1282 3813 1335 Θεοῦ

447 1360 737 1435 Quoniam
774 1377 908 1422 vero
933 1362 1007 1422 de
1043 1365 1163 1425 Deo
1190 1362 1329 1444 quid
1372 1364 1446 1424 sit
1477 1363 1605 1425 dari
1639 1364 1797 1428 notio
1830 1384 1947 1426 non
1980 1384 2084 1446 po-

2175 1370 2263 1425 καί
2317 1371 2351 1436 ἡ
2399 1369 2591 1446 γνῶσις
2623 1374 2715 1423 τοῦ
2772 1368 2822 1422 τί
2867 1368 3008 1423 ἐστιν
3065 1365 3468 1447 ἀναπόδειιιτος,
3505 1370 3594 1424 καὶ
3634 1369 3668 1435 ἦ
3723 1367 3812 1433 τῆς

445 1457 583 1521 test,
616 1448 747 1528 ejus
770 1448 950 1510 etiam
978 1451 1116 1530 quid
1145 1470 1262 1513 non
1290 1452 1388 1531 sit,
1425 1453 1814 1532 ignorationis
1843 1453 2084 1516 scientia

2180 1465 2272 1514 τοῦ
2330 1458 2377 1513 τί
2434 1460 2527 1514 οὒκ
2569 1457 2710 1515 ἔστιν
2767 1458 3097 1533 ἀναγνωσίας
3156 1457 3430 1532 ἐπιστήμη
3493 1458 3811 1536 ὺπερούσιος,

445 1544 846 1622 pernaturatis
860 1543 982 1605 Deo
1010 1560 1244 1623 quoque
1268 1541 1583 1605 tribuenda
1606 1542 1978 1607 est.Tantum
2008 1562 2084 1605 er-

2181 1549 2245 1616 ἣν
2299 1545 2363 1615 δὴ
2406 1550 2488 1603 καὶ
2540 1545 2814 1603 ἀναθετέον
2866 1554 3002 1621 Θεῷ.
3065 1549 3322 1604 Τοσοῦτον
3371 1546 3456 1604 ἐπὶ
3498 1548 3559 1604 τὸ
3611 1545 3816 1607 ἄναντες

452 1650 524 1710 go
545 1632 616 1693 ad
635 1633 948 1713 superiora
962 1631 1669 1712 suspiciamus,quantum
1685 1650 1750 1694 se
1772 1632 1942 1696 nobis
1963 1634 2084 1696 insi

2182 1637 2550 1708 ἀνανεύοντας,
2586 1634 2708 1690 ὅσον
2840 1638 2944 1691 τῶν
2975 1639 3124 1713 ἱερῶν
3178 1633 3371 1713 λογίων
3401 1636 3557 1697 ἀκτὶς
3611 1632 3817 1691 ἒνέίδω-

448 1721 1037 1783 nuaveritsacrorum
1053 1720 1155 1781 ille
1169 1721 1371 1781 radius
1389 1721 1767 1783 oraculorum
1786 1728 1923 1795 (non
1939 1724 2084 1785 enin

2183 1748 2264 1781 σιν
2298 1727 2486 1793 ἑαυτὴν
2526 1727 2655 1804 πρὸς
2686 1730 2828 1800 ἡμᾶς
2864 1723 3003 1803 (οὔδε
3054 1726 3153 1803 γὰρ
3185 1725 3307 1782 ὅσον
3339 1724 3436 1802 ἔνι,
3473 1729 3535 1781 τὸ
3567 1732 3720 1781 Θεῖον
3764 1724 3817 1779 ἐκ

446 1819 729 1891 quantum
774 1819 986 1891 potest,
1021 1811 1128 1873 sed
1162 1817 1445 1890 quantum
1484 1813 1626 1872 satis
1652 1820 1763 1892 est,
1804 1816 1995 1875 Deum
2030 1832 2084 1874 ει

2183 1819 2287 1871 τῶν
2360 1821 2576 1894 Γραφῶν
2661 1815 3014 1889 μανθάνομεν,
3073 1813 3190 1871 ἀλλ’

446 1897 1060 1980 Scripturisdicimus)
1083 1919 1199 1980 quo
1223 1900 1719 1962 eminentioribus
1740 1902 1869 1963 istis
1883 1920 2083 1965 rerum

445 1987 775 2052 divinarum
801 1989 1223 2071 splendoribus
1264 1990 1587 2052 sobrietate
1617 1990 1868 2071 quadam
1896 2010 1964 2054 ac
1986 2011 2083 2054 re-

446 2079 707 2140 verentia
727 2078 1507 2159 contemperamur.Etenim
1527 2082 1576 2142 si
1597 2081 1736 2161 quid
1762 2083 2085 2160 sapientis-

446 2166 613 2228 simae
633 2168 830 2247 magni
852 2169 1016 2231 Pauli
1048 2168 1363 2249 theologia).
1400 2170 1767 2233 credendum
1795 2179 1904 2252 est,
1941 2171 2088 2252 (ipse

444 2257 601 2317 enim
619 2257 824 2338 estqui
846 2258 1352 2334 dicit,secundum
1378 2278 1718 2322 mensuram
1747 2261 2087 2323 virtutiscu-

439 2343 661 2427 jusque
684 2348 857 2409 aDeo
883 2347 1098 2410 donari
1119 2348 1576 2411 illustrationem
1597 2352 1647 2430 ι.)
1673 2351 1787 2413 hoc
1806 2350 2083 2432 dicimus,

444 2437 721 2517 quoniam
748 2456 853 2518 pro
876 2438 1241 2518 singularum
1264 2447 1438 2519 captu
1470 2441 1756 2502 mentium
1798 2441 1924 2503 sive
1970 2442 2084 2503 hu-

444 2538 848 2603 manarum,ut
867 2546 999 2608 quae
1023 2528 1279 2608 primum
1305 2528 1761 2592 illustrationem
1789 2532 2089 2613 accipiant

444 2614 569 2676 sive
589 2615 1119 2697 angelorum,quos
1144 2626 1375 2680 mentes
1394 2620 1697 2699 appellare
1721 2620 1966 2693 solet,ut
1987 2621 2087 2700 qui

445 2703 687 2766 omnino
711 2706 1112 2769 essentialiter
1127 2724 1297 2768 mens
1313 2708 1691 2786 exsistant,et
1706 2708 2060 2771 omniaintel

444 2792 932 2870 ligant300unite
955 2814 1086 2875 quae
1125 2815 1159 2857 a
1183 2795 1305 2857 Deo
1334 2799 1390 2857 in
1421 2798 1584 2877 ipsos
1608 2804 1891 2859 continue
1922 2798 2084 2860 deri-

442 2890 795 2963 vantur,pro
820 2885 1589 2966 cujusque,inquam,captu
1610 2886 1811 2948 divina
1825 2888 2087 2949 revelan-

453 2981 694 3051 tur;non
719 2975 876 3051 quod
914 2976 1076 3035 Deus
1107 2975 1179 3035 iis
1219 2976 1420 3037 lumen
1447 2976 1635 3055 majus
1667 2976 1949 3051 invideat,
1985 2979 2089 3039 sed

444 3066 509 3120 ut
530 3064 588 3120 in
613 3059 1039 3123 distributione
1056 3061 1269 3124 divinas
1289 3065 1647 3141 cognitionis
1673 3074 1731 3126 et
1755 3067 2088 3146 aaquitatem

3277 1814 3398 1871 ὅσον
3454 1818 3677 1895 χωρεῖ),
3736 1814 3815 1872 καὶ

2169 1902 2629 1978 συστελλομένους
2677 1905 2807 1981 μρὸς
2868 1905 2961 1967 τάς
3014 1905 3299 1983 ὑπερτέρας
3359 1904 3527 1981 αὐγὰς
3584 1905 3652 1978 τῇ
3709 1903 3812 1981 περὶ

2167 1998 2231 2054 τὰ
2288 1998 2409 2051 θεῖα
2464 1994 2775 2073 σωφροσύνῃ
2825 1995 2911 2048 καὶ
2961 1991 3224 2065 εὐλαϐείᾳ.
3279 1994 3371 2050 Καὶ
3427 1995 3529 2071 γὰρ
3581 1992 3689 2048 εἴτι
3736 1990 3813 2048 δεῖ

2170 2094 2236 2153 τῆ
2295 2084 2551 2161 πανσόφῳ
2581 2081 2825 2159 θεολογίᾳ
2885 2088 2975 2137 τοῦ
3021 2082 3255 2160 μεγάλου
3286 2080 3497 2139 Παύλου
3557 2085 3808 2139 πείθεσθαι

2168 2177 2357 2255 (αὐτὸς
2401 2178 2500 2251 γαρ
2558 2172 2701 2227 ἔστιν
2758 2174 2785 2227 ὁ
2816 2170 3012 2248 )ἐγων,
3048 2170 3127 2227 ὅτι
3180 2173 3316 2228 κατά
3348 2174 3409 2227 τὸ
3468 2172 3661 2250 μέτρον
3715 2177 3806 2238 τῆς

2168 2264 2437 2339 δυνάμεως
2471 2263 2696 2318 ἑκάστω
2724 2263 2757 2328 ἡ
2790 2262 2930 2339 παρά
2965 2268 3095 2316 Θεοῦ
3125 2275 3446 2339 χορηγεῖται
3487 2261 3801 2340 ἔλλαιιψις),

2172 2362 2322 2413 τοῦτο
2366 2352 2616 2428 λέγομεν,
2650 2350 2732 2406 ὅτι
2759 2351 2895 2406 κατὰ
2925 2349 3207 2427 ἀναλογίαν
3266 2352 3492 2407 ἐκέστου
3522 2358 3627 2408 τῶν
3657 2358 3800 2423 νοῶν,

2169 2445 2205 2511 ἢ
2264 2450 2371 2500 τῶν
2430 2441 2789 2519 ἀνθρωπίνων,
2818 2441 2889 2504 ὡς
2932 2440 3155 2517 πρώτως
3212 2438 3525 2519 δεχομένων
3573 2443 3669 2508 τὴν
3718 2440 3803 2497 ἕλ-

2173 2533 2401 2608 λσιμψιν,
2433 2531 2497 2598 ἢν
2543 2537 2647 2586 τῶν
2708 2527 2974 2606 ἀγγέλων,
3008 2528 3094 2591 0'3;
3141 2529 3295 2587 εἴωθε
3329 2531 3451 2593 ἰόάς
3514 2531 3802 2604 ὀνομάζειν,

2171 2627 2243 2684 ὠς
2276 2625 2337 2679 τὸ
2370 2628 2472 2677 πᾶν
2522 2628 2639 2682 νοῦς
2684 2619 2839 2681 ὄντας
2886 2619 3260 2695 οὖσιωμὲνους,
3299 2621 3383 2675 καὶ
3440 2622 3606 2677 ¹τάντα
3638 2630 3808 2679 νοοῦν-

2171 2736 2266 2773 τας
2298 2713 2508 2774 ἐνιαίως
2565 2711 2630 2766 τα
2662 2710 2722 2766 ἐκ
2776 2714 2905 2764 Θεοῦ
2935 2709 3119 2786 ῥέοντα
3176 2712 3458 2789 προσεχώς
3495 2713 3566 2775 εἰς
3612 2712 3808 2783 αὐτοὺς,

2170 2803 2305 2859 κατά
2363 2811 2484 2879 γοῦν
2516 2800 2611 2867 τὴν
2665 2797 2947 2877 ἀναλογίαν
3010 2799 3229 2855 ἑκάστου
3287 2798 3706 2856 ἀνακαλύπτεται
3752 2800 3810 2855 τὰ

2172 2891 2315 2947 θεῖον
2380 2895 2484 2969 οὔχ
2515 2888 2595 2945 ὅτι
2650 2893 2831 2967 φθονεῖ
2888 2891 2914 2942 ὁ
2962 2889 3090 2948 Θεὸς
3123 2894 3218 2943 τοῦ
3268 2887 3542 2959 πλείονος,
3575 2888 3708 2945 ἀλλά
3732 2886 3809 2942 διὰ

2174 2984 2233 3037 τὸ
2262 2987 2428 3035 σῶσαι
2473 2980 2567 3046 τὴν
2620 2979 2671 3033 ὲν
2704 2984 2769 3054 τῇ
2824 2977 3165 3055 ἐπιμετρήσει
3223 2977 3318 3043 τῆς
3361 2979 3679 3055 θεογνωσίας
3733 2976 3809 3032 δι-

2173 3070 2482 3135 καιοσύνην,
2524 3068 2876 3134 Δικαιοσύνης
2915 3068 3013 3143 γὰρ
3070 3063 3229 3139 ἴδιον,
3262 3068 3322 3121 τὸ
3353 3069 3491 3124 κατά
3522 3066 3665 3131 ἀξίαν
3694 3066 3806 3122 ἐπι-

444 3150 984 3242 serv_et.Proprium
1009 3150 1304 3242 siquidem
1322 3154 1566 3232 justitiaa
1596 3162 1707 3229 est,
1728 3156 1941 3237 cuique
1982 3173 2084 3238 pro

2173 3173 2389 3237 μετρεῖν
2454 3158 2685 3232 ἑκάστῳ,
2731 3164 3017 3234 Τοιγαροόν
3072 3155 3368 3234 ἀμέτρητος
3428 3157 3526 3232 μὲν
3598 3159 3631 3224 ἡ
3701 3158 3806 3233 περὶ

448 3238 658 3326 merito
692 3257 1031 3302 mensuram
1059 3240 1351 3306 tribuere.
1391 3245 1588 3325 Itaque
1621 3244 1918 3307 immensa
1946 3245 2084 3323 qui-

2174 3252 2304 3305 Θεοῦ
2354 3255 2571 3326 γνῶσιςο
2607 3250 2769 3321 ἡμεῖς
2802 3244 2854 3301 δὲ
2909 3245 3114 3322 μέτρων
3142 3244 3388 3319 δεόμεθα.
3444 3247 3502 3303 Εἰ
3533 3247 3632 3325 γὰρ
3673 3248 3803 3321 ἀμε-

445 3324 581 3387 dem
615 3335 703 3388 est
729 3328 835 3391 Dei
863 3330 1255 3410 cognitio,sed
1284 3324 1579 3395 mensuris
1603 3334 1774 3395 nobis
1804 3354 1952 3415 opus
1974 3345 2082 3396 est.

443 3414 589 3478 Nam
611 3418 661 3478 si
685 3419 914 3501 absque
943 3439 1218 3482 mensura
1242 3424 1412 3483 nobis
1444 3414 2087 3500 revelaretur,minime

442 3507 666 3568 servari
689 3527 1004 3589 possemus
1034 3511 1212 3584 (sicut
1249 3532 1441 3594 neque
1485 3515 1694 3575 oculus
1736 3532 2080 3595 corporeus,

444 3597 497 3658 si
515 3605 696 3659 totum
716 3598 905 3661 solem
929 3601 1456 3681 excipiat.Summa
1481 3602 1680 3685 itaque
1701 3605 1803 3667 Dei
1828 3604 2079 3686 bonitas,

444 3686 568 3748 sive
611 3688 858 3767 justitiaa
906 3690 1209 3773 decorem,
1236 3692 1359 3754 sive
1390 3710 1498 3755 nos
1528 3693 1689 3775 ipsos
1719 3712 1962 3757 servare
1986 3715 2081 3757 vo-

442 3774 686 3853 lens,uti
715 3778 902 3841 Deum
934 3780 1108 3844 decet
1135 3787 1292 3847 (nam
1350 3785 1472 3846 Deo
1525 3784 1803 3847 convenit
1831 3785 2077 3866 salvare,

444 3874 503 3926 et
528 3887 645 3929 non
667 3868 957 3949 invidere)
974 3888 1008 3931 a
1030 3870 1209 3933 rebus
1234 3876 1591 3936 mensuratis
1614 3882 1672 3935 et
1693 3876 2085 3955 comprehen-

443 3957 524 4017 sis
552 3976 720 4018 suam
745 3959 1230 4035 immensitatem,
1265 3969 1466 4041 utpote
1501 3963 2083 4043 incomprehensibi-

442 4043 560 4133 lem
600 4046 897 4124 subducit,
933 4047 1072 4109 dum
1110 4048 1321 4112 divina:
1350 4051 1705 4130 cognitionis
1735 4051 2081 4133 incompre-

441 4132 912 4199 hensibilitatem
934 4155 1041 4214 per
1056 4138 1499 4219 proportionem
1519 4140 1833 4218 quamdam
1850 4132 2079 4209 tribuit.

445 4224 783 4285 Sicutenim
802 4224 1311 4307 imperceptibiles
1327 4237 1467 4290 sunt
1485 4239 1544 4291 et
1559 4229 1885 4293 invisibiles
1902 4232 2085 4296 rebus

444 4312 741 4375 sensitivis
759 4313 1284 4395 intellectuales,et
1298 4318 1451 4382 [ictis
1462 4337 1589 4381 com
1600 4319 1925 4402 positisque
1947 4323 2085 4384 sim-

445 4402 629 4481 plices
651 4404 1220 4487 etincompositaa,et
1244 4426 1350 4488 per
1372 4408 1588 4487 ﬁguras
1631 4410 1955 4473 eﬂ‘ormatis
1995 4412 2084 4475 in-

444 4493 727 4570 ﬁgurataa,
767 4495 1096 4557 secundum
1141 4497 1411 4559 eamdem
1446 4501 1953 4579 rationemetiam
1984 4522 2082 4565 res

2171 3360 2306 3415 τρως
2367 3341 2503 3412 ἡμῖν
2538 3335 2960 3407 ἀπεκαλύπτετο,
2996 3336 3090 3391 οὐκ
3136 3334 3198 3390 ἂν
3247 3335 3547 3410 ἐσώθημεν⁸
3582 3339 3653 3399 ὡς
3696 3332 3801 3391 οὖδέ

2170 3430 2472 3501 σωματικὸς
2522 3426 2792 3506 ὀφθαλμὸς
2836 3425 2959 3481 ὅλον
3015 3424 3168 3495 ἥλιον
3226 3422 3545 3503 δεχόμεςος.
3593 3426 3654 3482 Ἠ
3701 3425 3802 3482 τοί-

2170 3541 2257 3574 νυν
2314 3519 2576 3597 θεαρχικὴ
2635 3516 2899 3594 ἀγαθότης
2959 3516 3123 3572 σῶσαι
3178 3514 3503 3590 βουλομένη,
3540 3516 3575 3583 ἢ
3623 3518 3681 3572 το
3709 3517 3798 3581 τῆς

2166 3606 2498 3674 δικαιοσύνης
2553 3609 2737 3679 καλὸν,
2771 3605 2806 3673 ἢ
2838 3607 2922 3661 καὶ
2978 3606 3115 3680 ἡμᾶς
3162 3605 3373 3684 αὐτοὺς,
3404 3603 3796 3662 ἁποδιαστέλλει

2164 3702 2467 3775 θεοπρεπῶς
2526 3693 2752 3776 (πρέπον
2811 3696 2909 3773 γὰρ
2961 3701 3020 3750 τὸ
3079 3696 3290 3769 σώζειν,
3324 3695 3411 3750 καὶ
3463 3695 3541 3769 μὴ
3599 3698 3798 3775 φθονεῖν

2167 3788 2331 3867 Θεῷ),
2365 3787 2467 3842 ἀπὸ
2518 3788 2624 3842 τῶν
2654 3786 2708 3840 ἐν
2749 3784 2924 3863 μέτρῳ
2974 3785 3060 3840 γαὶ
3111 3789 3376 3863 χωρητῶν
3407 3784 3509 3851 τὴν
3560 3783 3799 3862 ἀμετρίαν

2168 3877 2347 3957 αὐτοῦ,
2382 3879 2452 3939 ὡς
2512 3875 2819 3956 ἀχώρητοθ,
2874 3873 2925 3938 ἐξ
2982 3873 3266 3951 ἀναλογίας
3315 3875 3374 3929 τὸ
3431 3873 3797 3940 ἀκατάληπτον

2167 3968 2264 4032 τῆς
2320 3955 2435 4046 περὶ
2467 3955 2597 4021 Θεοῦ
2632 3966 2875 4042 γνώσεως
2935 3962 3151 4018 ἐνταῦθα
3185 3962 3525 4041 παρίσταται,
3563 3955 3655 4027 Ὠς
3710 3965 3798 4040 γὰρ

2168 4054 2383 4123 ἄληπτοι
2433 4068 2552 4119 τοῖς
2585 4056 2858 4121 αἰσθητοῖς
2912 4053 2975 4108 τὰ
3006 4054 3194 4131 νοητὰ,
3239 4055 3327 4109 καὶ
3355 4068 3475 4117 τοῖς
3507 4053 3561 4110 ἐν
3595 4055 3795 4126 πλάσει,

2168 4148 2253 4202 καὶ
2298 4146 2552 4220 συνθέσει,
2584 4145 2671 4201 καὶ
2729 4144 2875 4216 τύπῳ
2933 4142 2997 4197 τὰ
3053 4141 3198 4198 ἁπλᾶ
3254 4143 3347 4197 καί
3406 4143 3678 4217 ἀτύπωτα,
3724 4144 3799 4199 ιιαὶ

2166 4249 2283 4298 τοῖς
2331 4236 2466 4292 κατά
2496 4236 2754 4314 σχήματα
2803 4231 3272 4311 μεμορφωμένοις,
3306 4234 3371 4287 τὰ
3400 4233 3793 4313 ἀσχτιμάτιστα’

2166 4326 2302 4382 κατὰ
2331 4326 2419 4381 τὸν
2466 4326 2621 4383 αὐτὸν
2665 4322 2824 4401 λόγον
2854 4324 2941 4379 καὶ
2983 4323 3047 4378 τὰ
3106 4324 3224 4378 θεῖα
3256 4321 3609 4390 ἀκατάληπτα
3656 4324 3791 4379 εἰσιν.

2167 4417 2226 4473 Εἰ
2285 4417 2383 4493 γὰρ
2415 4415 2531 4471 οὔτε
2588 4414 2653 4469 τὰ
2703 4412 2869 4487 ἀπλᾶ,
2904 4413 2986 4469 καὶ
3045 4412 3450 4493 ἀσχημάτιστα,
3485 4419 3584 4469 κᾶν
3640 4413 3791 4468 οὖσιαι

2166 4506 2304 4568 τινὲς
2357 4506 2477 4584 ὦσι,
2512 4518 2634 4565 ταῖς
2685 4504 2989 4572 αισθήσεσιν
3037 4503 3441 4576 ὑποπίπτουσιν,
3471 4504 3545 4566 ὡς
3591 4500 3789 4581 ἄγγελοι

441 4581 655 4644 divina:
676 4583 1311 4665 incomprehensibiles
1339 4588 1645 4652 exsistunt.
1696 4588 1761 4653 Si
1793 4590 1951 4653 enim
1987 4611 2083 4655 res

2169 4597 2252 4651 καὶ
2308 4581 2505 4674 ψυχαί,
2544 4594 2695 4667 πόσῳ
2751 4591 2956 4669 μᾶλλον
3012 4592 3262 4671 ὑπερέχει
3314 4595 3342 4648 ὁ
3402 4594 3556 4667 Θεὸς,
3589 4596 3614 4648 ὁ
3666 4592 3787 4666 μήτε

440 4671 746 4752 simplices
783 4682 841 4736 et
880 4674 1225 4754 inﬁguratae,
1261 4676 1400 4739 licet
1434 4679 1782 4743 substantias
1804 4682 2078 4758 quredam

439 4767 579 4843 sint,
616 4763 861 4826 minime
887 4763 997 4825 sub
1022 4781 1262 4827 sensum
1287 4768 1530 4845 cadunt,
1563 4779 1627 4831 ut
1650 4770 1849 4850 angeli
1871 4780 1931 4833 et
1958 4773 2084 4833 ani-

439 4867 572 4941 mae,
605 4860 825 4932 quanto
871 4854 1061 4932 magis
1112 4854 1264 4917 Deus
1311 4859 1742 4939 supereminet,
1776 4864 1912 4941 quia
1963 4881 2079 4923 non

446 4940 908 5025 substantia,sed
931 4962 1109 5025 supra
1129 4946 1514 5011 substantiam
1537 4960 1592 5011 et
1616 4940 1884 5012 infinitus
1929 4953 2082 5013 exsi—

444 5028 566 5118 stit;
599 5049 790 5110 neque
821 5053 991 5094 mens
1023 5043 1131 5115 est,
1159 5037 1264 5097 sed
1298 5056 1476 5118 supra
1526 5052 1789 5101 mentem
1835 5042 2025 5103 unitas
2051 5050 2078 5105 ‘2

438 5117 734 5183 Unitatem
769 5139 907 5185 vero
937 5124 1207 5200 audiens,
1240 5144 1314 5187 ne
1344 5117 1476 5208 quis
1518 5130 1736 5207 cogitet
1756 5131 2077 5194 divisurum

440 5213 834 5291 quorumdam
858 5214 931 5275 ad
960 5215 1288 5276 unitionem
1336 5236 1691 5282 concursum
1721 5238 1736 5296 ;
1771 5240 1888 5283 non
1919 5222 2076 5285 enim

2165 4685 2333 4759 οὐσία,
2368 4683 2488 4740 ἀλλ’
2537 4686 2667 4762 ὑπὲρ
2697 4684 2898 4757 ουσίαν,
2931 4683 3019 4739 καὶ
3067 4685 3283 4756 ἄπειρος
3333 4683 3428 4739 ὤν·
3478 4682 3617 4758 μήτε
3660 4681 3783 4759 voﬁz,

2164 4771 2285 4829 ἀλλ’
2341 4774 2467 4850 ὅπερ
2500 4780 2616 4829 νοῦν
2645 4772 2832 4838 ἑνότης
2870 4791 2886 4851 ς
2937 4771 3160 4837 ἑνότητα
3191 4767 3245 4825 δὲ
3296 4772 3527 4846 ἀκούων,
3559 4772 3634 4848 μὴ
3689 4769 3784 4824 δια·

2163 4864 2335 4941 φόρων
2390 4868 2547 4918 τινῶν
2623 4864 2746 4941 πρὸς
2795 4859 2980 4917 ἕνωσιν
3045 4862 3131 4916 καὶ
3206 4858 3499 4938 συνδρομὴν
3559 4860 3784 4927 νοησᾶτω

2163 4969 2264 5015 τις·
2322 4958 2381 5011 οὗ
2410 4954 2509 5031 γὰρ
2540 4954 2657 5032 περὶ
2714 4952 2962 5009 τοιούτων
3020 4952 3077 5028 pb
3129 4948 3287 5027 λόγος
3344 4956 3457 5026 νᾶν,
3492 4949 3626 5006 ἀλλὰ
3682 4950 3784 5024 περὶ

2165 5049 2296 5100 Θεού
2345 5051 2435 5099 τοῦ
2493 5042 2773 5099 ἀσυνθέτου
2835 5043 3032 5113 πάντη,
3093 5040 3180 5095 καὶ
3232 5040 3362 5119 ὑπὲρ
3418 5042 3482 5097 τὰ
3520 5039 3784 5116 μονοούσια

2166 5133 2460 5208 ἡνωμένου.
2497 5134 2556 5191 Τί
2587 5134 2685 5211 γὰρ
2716 5132 2828 5194 ἐνὸς
2879 5128 3080 5204 μᾶλλον
3112 5129 3312 5189 ἁπλοῦν
3344 5152 3399 5185 τε
3457 5130 3553 5185 καῖ
3586 5129 3785 5205 μονοσό-

2163 5238 2327 5297 σιον;
2390 5220 2540 5279 Ἀλλ’
2568 5225 2602 5290 ἡ
2654 5228 2744 5278 τοῦ
2802 5220 2933 5277 Θεοῦ
2979 5219 3165 5285 ἑνότης
3225 5218 3630 5297 ὅπεξῃρημένως
3669 5217 3782 5293 ὑπὲρ

436 5303 513 5362 de
556 5301 770 5365 talibus
816 5304 991 5365 modo
1022 5323 1223 5368 sermo
1256 5315 1367 5382 est,
1403 5308 1515 5369 sed
1551 5308 1626 5370 de
1674 5309 1799 5372 Deo
1837 5329 2079 5392 prorsus

2169 5314 2345 5369 τοῦτόν
2404 5313 2541 5386 ἐστι,
2574 5313 2661 5368 καὶ
2721 5307 3034 5374 ἀδιανόητὸν
3064 5306 3180 5362 ἐστι
3210 5307 3406 5370 πάσαις
3436 5306 3699 5379 διανοίαις,
3730 5306 3781 5360 τὸ

436 5392 853 5473 incomposito,
887 5402 947 5456 et
975 5413 1155 5475 supra
1206 5413 1299 5476 ea,
1332 5415 1466 5475 quae
1515 5398 1690 5459 unius
1733 5399 2079 5463 substantia;

439 5487 599 5559 sunt,
632 5482 971 5547 unito.Nam
1003 5483 1151 5563 quid
1173 5502 1292 5548 uno
1316 5484 1502 5565 magis
1528 5487 1869 5570 simplex,et
1900 5490 2078 5557 unius

515 5653 545 5695 ιι
571 5649 792 5733 Ephes.
823 5671 901 5735 iv,
930 5655 994 5716 7.

2160 5403 2289 5479 ὑπὲρ
2324 5399 2556 5459 διάνοιαν
2587 5401 2761 5457 ἐκεῖσε
2815 5396 2891 5459 ἕν.
2927 5396 3181 5454 Ἐνταῦθα
3211 5397 3312 5476 γὰρ
3341 5398 3375 5465 ἡ
3407 5398 3631 5475 ἡμετέρα
3678 5394 3782 5450 διά-

2161 5514 2277 5551 νοια
2329 5490 2743 5571 ποικιλλομένη,
2777 5489 2847 5554 εἰς
2879 5483 3167 5552 ἀποδείξεις
3214 5486 3303 5543 καί
3332 5509 3477 5552 τινας
3520 5486 3774 5566 προτάσει,
