4086 6206
285 301 411 379 613
800 308 896 380 DE
940 314 1237 382 DIVINIS
1278 312 1726 393 NOMINIBUS,
1772 305 1934 378 CAP.
1986 312 2032 376 Ι.
2078 344 2157 360 --
2205 312 2587 379 PARAPHR.
2647 316 3158 383 PACHYMERE.
3558 322 3674 386 614

279 451 657 533 λαμϐάνουσα,
713 453 1055 521 πληθύνεται.
1116 446 1262 514 ’Ὅτε
1310 455 1365 512 δὲ
1406 459 1468 513 ιιι
1495 455 1695 512 τούτων
1726 450 1929 516 συνέξει

2040 446 2357 509 abstantia)
2374 455 2462 509 est
2485 453 2513 510 ’ρ
2546 455 2742 510 tamen
2774 447 2884 511 Dei
2915 449 3113 512 unitas
3142 454 3671 531 supereminenter

280 542 347 597 τὸ
377 540 758 621 συμπέρασμα,
789 541 844 598 ἓν
875 565 925 598 τι
956 542 1131 614 ἕτερον
1185 548 1290 600 τῶν
1345 543 1627 621 κειμένων,
1689 537 1924 615 συμϐαῖ-

2043 556 2191 627 upra
2209 537 2266 599 id
2291 538 2485 627 ipsum
2515 547 2695 619 est,et
2718 540 3000 602 omnibus
3024 543 3326 605 mentibus
3344 545 3668 627 inconcep-

281 653 377 687 νον
434 630 682 708 εὖρίσκει.
744 632 815 689 Τὸ
867 629 922 686 δὲ
972 632 1105 710 ὑπὲρ
1144 630 1375 689 διάνοιαν
1408 634 1483 712 ἓν,
1520 633 1581 689 ού
1612 629 1848 687 τοιοῦτόν
1877 650 1927 685 τι

2040 625 2181 689 ibile
2212 634 2301 690 est
2350 626 2495 689 illud
2529 645 2711 689 unum
2757 627 2917 709 quod
2961 628 3046 690 ibi
3106 640 3366 694 mentem
3400 625 3665 713 superat.

282 718 452 798 ἐστὶν,
539 713 665 775 ἀλλ’
734 717 1048 787 ἀδιανόητον
1125 722 1214 777 καὶ
1271 719 1675 798 ἀσυλλόγιστον·
1756 720 1783 773 ὃ
1843 719 1930 775 καὶ

2040 715 2124 777 lic
2142 715 2302 778 enim
2320 715 2719 797 intelligentia
2741 727 2945 780 nostra
2970 720 3392 796 variatur,dum
3419 723 3668 787 demon-

280 808 417 883 ὑπὲρ
448 808 609 886 λόγον
639 810 699 863 ’ὃν
727 808 948 888 ἀγαθὸν³
979 808 1202 887 ἇῤῥητὸν
1232 809 1342 866 ἐστι
1373 809 1518 888 λόγω
1547 810 1726 868 παντί.

2040 805 2332 868 .trationes
2362 815 2422 868 et
2453 805 2894 888 prepositiones
2929 807 3159 886 aliquas
3175 810 3671 891 excipiens,mu|-

282 894 618 976 tiplicatur.
670 895 917 969 Quando
950 906 1148 959 autem
1203 915 1274 961 ex
1306 898 1401 960 his
1447 897 1674 977 colligit
1721 895 2192 968 conclusionem,
2227 914 2294 957 ex
2341 895 2416 957 iis
2453 913 2585 976 qum
2618 898 2919 978 proposita
2965 905 3106 961 sunt
3136 899 3427 981 comperit
3484 922 3666 965 unum

289 984 579 1066 quiddam
611 985 769 1048 aliud
803 987 1113 1067 consequi.
1151 986 1303 1050 Illud
1334 995 1529 1049 autem
1564 1005 1751 1048 unum
1788 984 1944 1068 quod
1977 1002 2160 1061 supra
2192 994 2456 1048 mentem
2487 994 2577 1047 est
2608 1004 2724 1047 non
2756 997 2847 1047 est
2877 986 2989 1048 tale
3034 990 3196 1068 quid,
3231 992 3334 1051 sed
3379 989 3666 1055 inconce-

293 1072 532 1155 ptibile,
558 1081 618 1136 et
645 1075 803 1156 quod
826 1076 1200 1139 ratiocinatio
1226 1096 1342 1139 nou
1374 1077 1647 1157 attingit:
1683 1081 1904 1157 quippe
1935 1075 2093 1155 quod
2126 1073 2347 1136 bonum
2383 1083 2494 1150 est,
2530 1093 2710 1156 supra
2739 1076 3050 1152 rationem,
3085 1079 3247 1139 omni
3276 1079 3456 1142 etiam
3487 1083 3670 1144 verbo

283 1162 596 1227 ineﬁ‘abile
624 1173 735 1227 est.

376 1256 576 1312 Λοιπὸν
633 1255 767 1331 μετᾶ
824 1256 887 1311 τὸ
943 1253 1146 1321 ἱξελεϊν
1199 1257 1407 1314 πάντων
1457 1258 1562 1314 τῶν
1594 1258 1647 1315 ἐν
1677 1270 1793 1319 τοῖς
1827 1254 1941 1311 οὖσι

2104 1250 2398 1336 Caeterum
2429 1273 2650 1318 cumea
2666 1273 2796 1336 quia
2828 1267 2967 1317 sunt
2993 1254 3163 1325 Dei.a
3190 1256 3372 1319 rebus
3393 1261 3673 1324 omnibus

288 1346 360 1403 τά
416 1346 534 1423 περὶ
595 1350 751 1419 Θεοῦ,
808 1351 887 1419 τῷ
949 1345 1126 1424 μέτρῳ
1181 1352 1280 1414 τῆς
1354 1348 1619 1425 ἡμετέρας
1687 1346 1942 1425 γλώσσης

2040 1334 2446 1397 ιιεὶεῑοιιιὶιιιιε
2475 1334 2730 1417 excepit,
2762 1335 2975 1414 linguae
3004 1345 3223 1425 nostra;
3246 1338 3550 1403 modulum
3576 1361 3671 1405 se-

290 1434 603 1493 ἆαοὶουθῶν
662 1433 747 1512 (οὒ
802 1434 903 1513 γὰρ
960 1433 1248 1513 ὑπερϐῆναι
1278 1438 1477 1505 ταύτην
1505 1435 1725 1497 δυνατὶν
1754 1433 1940 1514 ἡμῖν),

2040 1441 2217 1504 quens
2250 1425 2268 1493 (
2276 1442 2469 1506 neque
2491 1425 2651 1487 enim
2684 1425 2843 1487 hunc
2864 1424 3154 1488 excedere
3176 1427 3571 1511 valemus),ex
3599 1432 3674 1495 iis

287 1523 347 1592 ἒξ
374 1526 548 1581 αὖτῶν
575 1521 772 1595 δοξάζει
801 1525 893 1579 τὸν
944 1527 1097 1605 Θεὸν,
1156 1525 1209 1591 ἐξ
1266 1527 1342 1581 ὧν
1396 1527 1553 1583 αὖτὸν
1616 1524 1809 1592 ἐξεῖλε.
1850 1524 1946 1581 Καὶ

2040 1513 2174 1605 ipsis
2205 1514 2384 1578 rebus
2414 1534 2449 1577 a
2472 1514 2688 1596 quibus
2702 1515 2889 1578 Deum
2905 1515 3360 1605 excepit,ipsum
3377 1519 3678 1585 laudat.Et

292 1612 461 1671 ὲνάδα
483 1614 642 1693 φησὶν
671 1613 851 1685 αὐτὸν,
884 1610 1007 1669 ἀλλ’
1039 1603 1281 1673 ἑνοποιὸν
1321 1613 1533 1682 ἀπάσης
1564 1615 1768 1689 ἐνάδος,
1818 1637 1945 1672 του-

2040 1604 2110 1665 ait
2138 1604 2341 1693 ipsum,
2360 1622 2492 1667 esse
2506 1603 2930 1678 unitatem,sed
2954 1605 3317 1669 effectricem
3345 1616 3460 1669 ει)
3477 1620 3504 1668 ι
3532 1611 3673 1673 ιιιιί-

290 1703 439 1760 τέστι
468 1700 791 1780 δημιουργὸν
819 1709 927 1760 τῶν
956 1703 1140 1759 ἁπλῶν
1185 1706 1397 1780 οὒσιῶν,
1428 1704 1694 1785 ἀγγέλων,
1728 1709 1939 1784 ψυχῶν·

2040 1710 2214 1785 versa;
2245 1692 2513 1774 unitatis,
2538 1693 2595 1753 id
2634 1705 2724 1787 est
2753 1702 3083 1787 creatorem
3128 1695 3492 1777 simplicium
3525 1698 3672 1761 sub-

290 1793 381 1850 καὶ
438 1774 577 1868 νοῦν,
636 1774 756 1846 ἀλλ’
815 1791 1068 1871 ἀνόητον,
1128 1792 1243 1849 ἀντὶ
1301 1774 1392 1850 τού
1559 1774 1945 1868 νούμενοντὺπό

2040 1774 2471 1847 stantiarum,ut
2489 1774 2857 1854 angelorum,
2886 1776 3220 1837 animarum
3250 1774 3273 1848 ξ
3301 1786 3359 1840 et
3392 1787 3675 1861 mentem,

292 1904 440 1945 τινος
501 1862 612 1942 voti.
678 1882 735 1938 Εἰ
763 1882 863 1959 γὰρ
893 1884 954 1937 τὸ
992 1862 1179 1956 ὅμοιον
1206 1884 1309 1939 ὑπὸ
1338 1891 1430 1941 τοῦ
1461 1884 1644 1958 ὁμοίου
1676 1885 1939 1960 γινώσκε-

2040 1862 2132 1960 ιοᾶ
2195 1882 2313 1925 non
2364 1863 2794 1960 intfllectilem,
2828 1865 2885 1960 id
2912 1876 3024 1940 est,
3057 1883 3190 1960 qua
3218 1884 3254 1928 a
3282 1867 3446 1931 nulla
3477 1879 3675 1932 mente

294 1995 410 2046 ται,
443 1971 613 2051 ἐχρῆν
638 1972 682 2026 εὶ
710 1952 946 2051 νοιίὶςῑῆν,
988 1952 1090 2029 ὑπὸ
1143 1978 1246 2028 τῶν
1303 1979 1437 2029 νοῶν
1494 1952 1752 2031 νοεῖσθαι*
1810 1973 1947 2030 ἀλλὰ

2040 1952 2406 2034 intelligitur.
2435 1952 2498 2017 Si
2522 1952 2681 2014 enim
2709 1953 2905 2016 simile
2925 1973 2959 2016 a
2980 1954 3164 2017 simili
3186 1959 3590 2040 cognoscitur,
3625 1961 3676 2022 si

294 2065 385 2124 Τίς
462 2061 598 2139 ἔγνω
671 2067 790 2118 νοῦν
866 2061 1086 2141 Κυρίους
1164 2063 1358 2119 Ούχοῦν
1426 2071 1540 2125 νοῦς
1612 2064 1753 2119 ἐστιν
1818 2065 1947 2143 ὑπὲρ

2040 2062 2199 2106 mens
2222 2051 2715 2123 esset,oi:orteret
2731 2054 2794 2106 ut
2813 2063 2848 2105 a
2870 2044 3167 2106 mentibus
3182 2060 3668 2127 cognosceretur:

294 2160 440 2231 νοῦν,
495 2154 584 2208 καὶ
643 2149 810 2227 ὄνομα
863 2152 924 2207 τὸ
980 2152 1110 2229 ὑπὲρ
1168 2158 1272 2207 πᾶν
1326 2149 1517 2227 ὄνομα.
1557 2154 1650 2211 Καὶ
1691 2155 1754 2208 τὸ
1781 2151 1947 2227 ὄνομα

2040 2142 2085 2193 ιι
2107 2135 2241 2212 quis
2256 2134 2535 2214 cognovit
2554 2140 2811 2195 mentem
2844 2133 3097 2197 Domini
3110 2133 3160 2196 i?
3178 2138 3279 2196 Est
3303 2136 3485 2216 igitur
3508 2158 3676 2201 mens

295 2262 425 2315 μου,
491 2241 674 2321 φησίν,
735 2244 829 2299 οὐκ
882 2252 1037 2296 εἷπον
1095 2241 1320 2305 αὐτοῖς’
1368 2240 1448 2297 διὸ
1514 2243 1599 2298 καὶ
1670 2242 1941 2316 ἀνώνυμός

2040 2238 2209 2300 supra
2251 2232 2537 2295 mentem,
2577 2230 2635 2283 et
2655 2239 2873 2283 nomen
2916 2241 3096 2304 supra
3119 2243 3297 2287 omne
3320 2246 3561 2291 nomen.
3597 2229 3675 2291 Et

296 2302 308 2315 ,
408 2302 424 2314 ,
506 2302 516 2320 ,
553 2302 565 2307 -
659 2302 674 2321 ,
1265 2302 1273 2305 -
1843 2302 1853 2316 ,
1928 2302 1939 2307 -

295 2333 410 2386 ἔστι
469 2352 650 2391 ﬂuctv.
713 2328 841 2386 Ἐὰν
897 2327 952 2384 δὲ
1011 2328 1167 2406 λέγῃ⁸
1234 2327 1376 2408 Ἐγῶ
1427 2332 1533 2406 εἶμι
1592 2334 1619 2387 ὁ
1660 2330 1756 2405 ὢν,
1792 2332 1942 2397 ἀξίως

2040 2329 2245 2374 nomen
2275 2311 2489 2394 inquit,
2524 2330 2722 2373 meum
2749 2329 2869 2373 non
2896 2302 3291 2391 manifestam
3319 2315 3486 2392 eis“;
3519 2336 3671 2394 qua-

296 2431 506 2475 νοεῖται
562 2416 797 2498 ἄναρχος
855 2420 942 2474 καὶ
997 2416 1372 2491 ἀτελεύτητος,
1435 2422 1521 2477 καὶ
1580 2422 1653 2482 ὡς
1715 2420 1777 2476 ἂν
1810 2421 1942 2488 αὐτὴ

295 2510 418 2586 περὶ
477 2507 667 2574 ἐαυτῆς
722 2507 887 2565 εἵπου
956 2508 1093 2583 μόνῃ
1154 2509 1251 2586 γὰρ
1308 2512 1439 2585 αὒτῇ
1496 2517 1562 2586 ti;
1623 2510 1846 2578 Θεότητι
1878 2512 1942 2566 τὰ

299 2596 421 2655 καθ’
451 2598 646 2665 ἑαυτὴν
676 2599 748 2662 ὡς
781 2596 898 2677 ἔχει
929 2598 1133 2676 φύσεως
1165 2598 1447 2669 επιστητᾶ,
1483 2601 1573 2655 καί
1622 2600 1761 2674 μόνη
1822 2600 1940 2655 ἐπί-

300 2708 490 2743 σταται
548 2686 848 2754 ἓπιστητῶς
906 2687 994 2742 καὶ
1049 2687 1264 2762 κυρίως.
1325 2686 1502 2751 Οὒδεὶς
1551 2690 1649 2766 γὰρ
1694 2689 1943 2767 γινώσκει

297 2778 393 2833 τὸν
449 2776 677 2855 Πατέρα,
730 2776 773 2831 εἰ
827 2774 906 2850 μὴ
963 2776 991 2831 ὁ
1051 2775 1192 2834 Υίός·
1253 2777 1340 2833 καὶ
1398 2778 1487 2832 τὸν
1552 2779 1689 2850 Υίὸν,
1737 2779 1945 2853 είμὴὸ

303 2865 507 2944 Πατήρ.
542 2868 614 2923 Τὸ
648 2867 772 2923 αὐτὸ
804 2865 890 2920 καὶ
926 2865 1042 2941 περὶ
1073 2873 1166 2923 τοῦ
1195 2865 1344 2942 ἁγίου
1403 2866 1721 2941 Πνεύματος·
1783 2866 1945 2931 οὐδεὶς

301 2958 402 3034 γὰρ
457 2953 574 3012 οἶδε
631 2956 697 3012 τὰ
752 2960 844 3010 τοῦ
895 2959 1048 3027 Θεοῦ,
1082 2955 1127 3009 εί
1158 2953 1235 3027 μὴ
1268 2957 1328 3010 τὸ
1379 2960 1594 3030 Πνεῦμα
1651 2960 1712 3013 τὸ
1770 2956 1830 3013 ἐκ
1859 2963 1951 3014 τοῦ

303 3046 459 3108 Θεοῦ,

385 3212 512 3292 ςιι,
576 3214 698 3292 Περὶ
756 3214 952 3280 ταύτης
1014 3212 1103 3269 οὖν
1151 3218 1247 3281 τῆς
1294 3216 1624 3294 ὒπεροοσίου*
1658 3217 1693 3283 ἡ
1725 3215 1825 3293 γὰρ
1854 3216 1947 3271 οὒ-

303 3303 393 3360 σία
453 3301 664 3380 λέγεται
719 3303 860 3381 παρὰ
916 3304 976 3358 τὸ
1034 3302 1199 3359 εῖναι*
1262 3305 1322 3359 τὸ
1361 3302 1414 3359 δὲ
1446 3304 1588 3361 εἶναι
1622 3304 1947 3383 παραγωγῆς

301 3413 446 3454 τινος
506 3391 710 3449 ἔννοιαν
765 3392 1078 3471 ὑπογράφει,
1123 3393 1217 3448 οὐκ
1264 3392 1325 3447 ἂν
1366 3391 1578 3471 λέγοιτο
1607 3394 1796 3473 κυρίως
1851 3397 1943 3451 οὗ·

302 3482 418 3556 σία,
479 3480 600 3537 ἀλλ’
659 3482 987 3559 ὕπερούσιος,
1053 3483 1175 3556 Περὶ
1225 3483 1422 3549 ταύτης
1480 3486 1568 3539 οὖν
1599 3489 1695 3550 τῆς
1726 3485 1944 3561 ὑπερου-

301 3571 423 3627 σίου
448 3573 536 3626 καὶ
594 3573 814 3651 κρυφίας
841 3570 1095 3637 Θεότητος
1134 3569 1250 3626 οὔτε
1285 3573 1485 3652 εἰπεῖν,
1518 3573 1635 3628 οὗτε
1699 3573 1947 3639 ἐννοῆσαί

298 3682 355 3717 τι
388 3658 684 3736 τολμητέον
717 3661 859 3739 παρὰ
888 3660 954 3719 τὰ
984 3657 1289 3727 δηλιοθέντα
1320 3660 1380 3718 ἐκ
1436 3662 1542 3719 τῶν
1603 3662 1756 3719 θείων
1814 3667 1953 3739 Γρα-

302 3755 444 3829 φῶν.
507 3750 607 3807 Καὶ
662 3750 764 3829 γὰρ
822 3751 894 3815 ὡς
941 3749 1075 3817 αύτή
1105 3750 1226 3829 περὶ
1255 3750 1448 3818 ἑαυθῆς
1479 3752 1533 3808 ἓν
1564 3764 1682 3815 τοῖς
1717 3752 1954 3828 Εὖαγγε-

302 3838 445 3903 λίοις
501 3836 800 3911 παρέδωκεν
862 3837 976 3919 (ὅτε
1036 3842 1063 3895 6
1117 3836 1306 3919 Κύριος
1340 3838 1541 3919 ἔλεγεν·
1608 3839 1786 3905 Οὑδεὶς
1836 3837 1954 3897 οἶδε

302 3929 404 3985 τὸν
465 3927 671 4004 Πατέρα
729 3929 772 3983 εἰ
830 3927 906 4004 μὴ
963 3927 991 3983 ὀ
1050 3927 1190 3992 ι’ίός’
1238 3929 1347 4003 καὶ,
1402 3927 1577 3991 Οὺδεὶς
1624 3926 1739 3986 οἶδε
1770 3929 1836 3985 τὰ
1864 3930 1957 3985 τοῦ

308 4022 450 4074 Θεοὸ
521 4017 565 4072 εἷ
637 4016 715 4092 μὴ
784 4018 846 4074 τὸ
906 4022 1119 4093 Πνεῦμα
1178 4019 1240 4073 τὸ
1296 4017 1356 4073 ἐκ
1407 4018 1498 4075 τοῦ
1552 4023 1706 4094 Θεοῦ,
1767 4020 1957 4097 ἀγαθο·

304 4110 530 4184 πρεπῶς
588 4104 1037 4184 ἀποφαινόμενος,
1116 4104 1453 4164 ἀναστέλλων
1524 4108 1622 4175 την
1693 4106 1959 4186 ἡμετέραν

303 4192 617 4273 παράλογον
672 4194 936 4275 ἔρευναν),
994 4196 1028 4264 ἡ
1088 4193 1363 4272 ἐπιστήμη
1420 4197 1615 4265 ταύτης
1658 4196 1959 4276 καὶθεωρίά

306 4279 512 4348 ἅϐατός
545 4282 656 4339 ἐστι
684 4290 813 4341 πᾶσι
842 4297 962 4349 τοῖς
1005 4283 1172 4358 οὖσιν,
1205 4286 1278 4348 ὡς
1309 4285 1438 4363 ὑπὲρ
1468 4287 1533 4342 τὰ
1571 4285 1743 4343 πάντα
1772 4284 1954 4354 ούσης.

312 4374 419 4433 Καὶ
475 4371 701 4439 πολλοὺς
749 4372 859 4429 τῶν
906 4372 1174 4452 θεολόγων
1206 4376 1446 4453 εὑρήσεις
1479 4379 1539 4435 οὗ
1568 4377 1732 4452 μόνον
1760 4376 1959 4443 ταύτην

309 4461 540 4540 ἀόρατον
595 4464 681 4520 καὶ
741 4462 1103 4544 ἀπερίληπτον
1161 4462 1412 4543 λέγοντας
1472 4464 1651 4545 (τοῦτο
1698 4466 1798 4545 γὰρ
1848 4466 1958 4521 ἐστι

308 4554 405 4609 καὶ
432 4550 593 4628 ὕμνος
623 4560 777 4627 Θεοῦ,
809 4553 897 4611 ὅτε
928 4552 1310 4633 προσηκόντως
1372 4574 1453 4617 τις
1506 4555 1626 4635 περὶ
1684 4562 1814 4614 Θεοῦ
1863 4553 1958 4611 λέ-

1550 3573 1573 3592 τ

1518 3597 1575 3628 (θ’.)
1592 3595 1635 3627 ΣΞ

2027 2400 2295 2462 mobrem
2327 2400 2607 2462 omnibus
2639 2408 2727 2462 est
2756 2399 2885 2461 sine
2918 2401 3184 2465 nomine.
3219 2401 3387 2473 Quod
3411 2404 3463 2466 si
3485 2405 3669 2469 dicit:

2024 2490 2155 2570 Ego
2208 2507 2341 2551 sum
2396 2492 2503 2569 qui
2560 2489 2769 2563 sum',
2815 2488 3169 2570 intelligitur
3195 2500 3258 2553 ut
3310 2491 3501 2567 decet,
3536 2512 3675 2558 esse

2025 2578 2255 2640 scilicet
2306 2579 2436 2641 sine
2493 2578 2785 2660 principio
2844 2588 2904 2641 et
2958 2580 3090 2641 sine
3150 2582 3289 2662 line,
3351 2591 3410 2643 et
3452 2592 3515 2643 ιιι
3546 2584 3676 2665 ipsa

2030 2667 2312 2730 Divinitas
2342 2667 2417 2730 de
2444 2669 2641 2750 seipsa
2668 2668 2851 2733 dicit:
2888 2668 2997 2731 soli
3032 2669 3189 2731 enim
3224 2670 3527 2733 Divinitati
3559 2673 3678 2753 ipsi

2030 2776 2132 2838 per
2191 2776 2256 2819 se
2316 2768 2522 2819 natura
2578 2778 2685 2821 sua
2742 2767 2877 2821 nota
2937 2766 3048 2833 est,
3092 2767 3155 2820 et
3184 2759 3311 2821 sola
3341 2778 3405 2825 se
3431 2760 3578 2823 scite
3610 2780 3678 2824 ac

2032 2848 2271 2927 proprie
2294 2846 2668 2910 novit.Nemo
2688 2846 2846 2910 enim
2868 2850 3035 2911 novit
3050 2858 3289 2928 patrem
3313 2852 3437 2912 nisi
3449 2849 3675 2933 Filius,

2031 2945 2083 2999 et
2108 2936 2345 3000 Filium
2366 2939 2488 3000 nisi
2512 2939 2767 3000 Pater".
2794 2938 2957 3000 idem
2986 2949 3074 2998 est
3092 2937 3166 2999 de
3188 2949 3392 3001 sancto
3420 2940 3678 3022 Spiritu;

2034 3044 2209 3088 nemo
2239 3028 2398 3088 enim
2432 3033 2589 3088 novit
2617 3045 2689 3089 ea
2736 3045 2868 3109 quas
2919 3034 3056 3089 sunt
3104 3027 3235 3104 Dei,
3270 3029 3384 3091 nisi
3416 3031 3679 3113 Spiritus

2034 3116 2135 3196 qui
2165 3133 2236 3178 ex
2262 3114 2383 3177 Deo
2414 3123 2502 3178 est
2530 3130 2578 3175 ιι.

2112 3203 2235 3284 δη.
2261 3207 2344 3267 De
2369 3205 2477 3269 hac
2502 3204 2676 3285 igitur
2704 3207 3225 3286 superessentiali;
3260 3226 3396 3270 nam
3421 3210 3681 3273 essentia

2033 3293 2249 3356 dicitur
2270 3294 2513 3368 abesse;
2544 3295 2737 3375 ipsum
2765 3304 2958 3357 autem
2992 3314 3143 3371 esse,
3179 3316 3316 3358 cum
3342 3298 3684 3377 productio-

2031 3385 2125 3446 nis
2153 3384 2403 3465 alicujus
2432 3402 2674 3446 sensum
2709 3384 2993 3460 insinuet,
3030 3406 3148 3447 non
3180 3386 3396 3449 dicitur
3444 3389 3684 3469 proprie

2031 3474 2308 3547 essentia,
2333 3474 2436 3535 sed
2463 3474 3001 3554 superessentialis.
3031 3475 3112 3538 De
3148 3476 3257 3536 hac
3280 3476 3457 3555 igitur
3476 3496 3685 3557 super-

2030 3564 2417 3625 essentialiac
2430 3563 3050 3627 reconditadivinitate
3066 3585 3183 3628 non
3196 3568 3674 3645 praesumendum

2037 3651 2260 3727 dicere,
2296 3652 2399 3713 sed
2424 3670 2499 3713 ne
2519 3651 2780 3731 cogitare
2816 3653 3165 3734 quidquam,
3210 3663 3422 3734 praeter
3442 3672 3513 3716 ea
3542 3674 3680 3735 quae

2036 3741 2222 3804 sacris
2250 3751 2387 3804 sunt
2415 3741 2669 3822 eloquiis
2699 3741 3025 3808 enuntiata.
3063 3744 3214 3807 Nam
3247 3755 3309 3807 ut
3339 3743 3469 3821 ipsa
3492 3744 3570 3805 de
3615 3762 3683 3806 se

2038 3839 2094 3897 in
2130 3839 2455 3911 Evangeliis
2480 3839 2713 3898 tradidit
2743 3840 2990 3911 (quando
3017 3841 3292 3900 Dominus
3320 3841 3497 3900 dixit:
3521 3842 3688 3901 Nemo

2036 3929 2182 3985 novit
2212 3929 2428 3986 Patrem
2477 3927 2583 3985 nisi
2607 3928 2783 3986 Filius
2805 3941 2870 3993 °.‘
2904 3939 2993 3989 et:
3014 3929 3173 3988 Nemo
3209 3932 3363 3990 novit
3388 3948 3509 4004 qua
3554 3937 3683 3989 sunt

2038 4017 2158 4087 Dei,
2208 4018 2321 4075 nisi
2361 4015 2599 4092 Spiritus
2648 4019 2743 4093 qui
2791 4025 2869 4077 est
2916 4036 2986 4078 ea:
3030 4021 3142 4079 Deo
3182 4033 3207 4075 ρ
3238 4022 3490 4094 benigne
3529 4022 3686 4079 visus

2041 4098 2326 4163 cohibere
2355 4110 2616 4162 nostram
2649 4110 3068 4181 praeposteram
3090 4103 3539 4184 scrutationem)
3560 4102 3689 4182 ejus

2042 4188 2293 4252 scientia
2307 4197 2365 4253 et
2381 4191 2805 4271 contemplatio
2822 4191 3100 4256 omnibus
3114 4202 3203 4255 est
3227 4194 3529 4255 inaccessa
3548 4191 3690 4254 sub-

2041 4277 2296 4360 stantiis,
2338 4286 2538 4359 utpote
2570 4279 2771 4341 omnia
2820 4282 3137 4347 excedens.
3193 4281 3408 4345 Multos
3453 4298 3688 4362 quoque

2044 4366 2356 4447 theologos
2376 4367 2641 4429 invenias
2664 4368 2828 4431 illam
2863 4389 2981 4431 non
3005 4371 3180 4433 modo
3206 4368 3565 4432 invisibilem
3590 4371 3688 4430 in-

2045 4455 2772 4538 comprehensibilemque
2804 4458 3023 4521 dixisse
3054 4460 3205 4539 (haec
3232 4458 3390 4521 enim
3425 4459 3533 4523 Dei
3565 4458 3691 4520 laus

2043 4554 2156 4622 est,
2190 4545 2427 4625 quando
2459 4546 2595 4623 quis
2625 4548 2909 4611 decenter
2937 4549 3013 4611 de
3044 4549 3166 4612 Deo
3199 4549 3506 4629 loquitur;
3537 4548 3692 4611 sicut

310 4662 428 4720 γει,
488 4640 666 4720 ὥσπερ
726 4645 788 4699 τὸ
843 4628 1463 4724 ιναντίονλϐλασφῃμία,
1519 4628 1608 4699 ὅτε
1639 4645 1719 4719 μὴ
1746 4666 1952 4723 προσηε

2044 4654 2078 4699 e
2107 4636 2338 4697 diverso
2368 4634 2760 4715 blasphemia,
2785 4638 3022 4717 quando
3048 4639 3184 4716 quis
3204 4628 3573 4710 indecenter}
3598 4654 3696 4698 ve-

306 4730 561 4809 κόνιως),
616 4731 755 4790 ἀλλὰ
807 4734 895 4789 καὶ
959 4729 1359 4810 ἀνεξερεύνητον
1388 4735 1476 4790 καὶ
1534 4732 1952 4815 ἀνεξιχνίαστον·

2044 4744 2174 4787 rum
2191 4724 2367 4787 etiam
2383 4724 2833 4788 inscrutabilem
2851 4727 3454 4808 etininvestigabilem
3486 4744 3500 4789 :
3533 4744 3691 4807 quo-

311 4818 399 4876 8τι
456 4820 646 4900 κρυφία
702 4823 738 4889 ἡ
796 4820 1007 4900 ἀπειρία
1063 4821 1225 4887 aut?“
1280 4821 1416 4880 ἐστι.
1470 4826 1677 4899 Καὶμὴ
1708 4824 1870 4892 μόνον
1904 4828 1952 4883 οιῖ

2045 4815 2201 4876 niam
2231 4832 2517 4877 arcanum
2548 4815 2702 4895 ejus,
2734 4825 2824 4878 est
2857 4817 2989 4897 ejus
3015 4817 3299 4881 inﬁnitas.
3336 4816 3405 4879 Et
3425 4824 3692 4878 nontan-

314 4907 767 4988 περιλαμϐάνεται
801 4908 970 4967 διὰτὸ
1001 4908 1214 4987 ἄπειρον
1269 4910 1353 4990 (τὸ
1412 4911 1509 4991 γὰρ
1560 4913 1952 4993 ’πεπερασμένοι

2050 4912 2171 4966 tum
2185 4922 2303 4966 non
2319 4904 2846 4984 comprehenditur
2867 4916 3108 4988 propter
3125 4907 3477 4969 inﬁnitatem
3508 4904 3691 4987 (quod

314 4995 766 5077 περιλαμϐάνεται
823 5000 907 5078 ὓςρ⁹
960 5001 1020 5054 05
1074 5003 1162 5056 καὶ
1223 4998 1577 5078 πεπέρασται·
1640 5006 1667 5059 ὁ
1730 5004 1859 5066 Θεὸς
1910 4998 1952 5058 δὲ

2052 4994 2211 5056 enim
2232 4994 2607 5055 terminatum
2646 5003 2756 5070 est,
2785 4998 3315 5077 comprehenditur
3333 4995 3407 5059 ab
3431 5014 3501 5058 eo
3522 5015 3691 5078 aquo

318 5086 569 5145 ἁπάντων
625 5088 787 5155 τόπος
843 5089 1009 5169 Each,
1066 5089 1126 5145 ού
1155 5092 1506 5171 σωματικῶς,
1539 5090 1677 5148 ἀλλὰ
1705 5089 1966 5170 δημιουρ-

320 5184 509 5256 γικῶςο
567 5179 658 5234 τὸν
709 5180 809 5258 γὰρ
838 5178 1082 5255 οὐρανὸν,
1142 5182 1233 5235 καὶ
1277 5179 1377 5248 τὴν
1410 5185 1535 5259 γῆν,
1585 5183 1672 5239 διαὶ
1702 5182 1767 5238 τὰ
1796 5183 1967 5240 πὰντα

320 5268 480 5333 αὐτὸς
522 5265 773 5347 πληροῖ),
808 5266 944 5326 ἀλλὰ
971 5268 1058 5325 καὶ
1104 5265 1249 5326 οὐδὲν
1281 5268 1444 5351 ἴχνος
1476 5270 1782 5351 ἐμφαίνεται
1814 5269 1966 5329 οὐδε-

322 5358 413 5420 νὸς
467 5358 575 5413 τῶν
632 5355 1019 5426 διεληλυθότων
1064 5354 1148 5414 ἐπὶ
1200 5358 1395 5426 ταύτην
1425 5358 1526 5427 τὴν
1554 5360 1772 5441 κρυφίαν
1802 5360 1967 5418 ἀπει-

2051 5083 2436 5146 terminatur:
2466 5085 2621 5147 Deus
2632 5094 2827 5147 autem
2848 5095 2940 5150 est
2960 5087 3126 5151 locus
3138 5087 3404 5150 omnium
3424 5105 3539 5148 non
3556 5102 3694 5147 cor-

2053 5172 2362 5254 poraliter,
2397 5173 2501 5234 sed
2536 5173 2805 5237 etl‘ective
2833 5196 2849 5252 ;
2884 5195 3020 5239 nam
3053 5177 3270 5240 cmlum
3302 5184 3361 5238 et
3391 5184 3605 5237 terram
3637 5180 3696 5235 et

2053 5262 2250 5323 omnia
2270 5262 2673 5344 ipseimplet),
2710 5264 2977 5346 quinimo
3002 5267 3230 5329 nullum
3282 5272 3468 5328 exstat
3512 5261 3691 5323 vesti-

2054 5354 2213 5432 gium
2231 5369 2437 5413 eorum
2458 5370 2590 5434 qua;
2610 5352 2684 5415 ad
2707 5356 2836 5434 ejus
2859 5355 3321 5419 secretissimam
3343 5351 3696 5415 inﬁnitatem

325 5445 462 5523 ρίαν.
520 5451 685 5503 Τοῦτο
743 5444 797 5503 δὲ
849 5444 1025 5525 λέγει,
1070 5450 1175 5527 οὐχ
1234 5446 1315 5503 ὅτι
1345 5445 1557 5517 διῆλθον
1587 5438 1687 5527 μὲν
1715 5470 1880 5532 τινες,
1911 5453 1952 5508 0i

2059 5441 2584 5525 penetrarint.Hoc
2608 5454 2809 5508 autem
2832 5444 2995 5523 dicit,
3019 5464 3141 5509 non
3166 5442 3334 5526 quasi
3357 5441 3538 5522 aliqui
3558 5438 3696 5522 qui-

401 5607 421 5661 t
463 5605 637 5670 Rom.
668 5620 754 5686 χι,
785 5603 884 5669 34.

327 5686 433 5752 27.
518 5698 546 5743 Ρ
574 5687 762 5755 ICor.
790 5700 865 5772 ιι,
898 5687 967 5756 lt
1004 5686 1237 5773 ;Apoc.
1261 5702 1389 5774 nx,
1424 5689 1520 5755 12.

970 5605 999 5650 ι
1024 5604 1208 5696 Exod.
1242 5624 1319 5686 νι,
1357 5606 1419 5674 3.
1463 5608 1506 5696 ,ι
1535 5610 1725 5678 Exod.
1748 5627 1838 5694 ιιι,
1868 5611 1952 5695 tt,

2045 5626 2088 5660 ιιι
2121 5602 2329 5671 Matth.
2360 5620 2452 5682 x1,
2483 5604 2585 5685 11,
2614 5606 2715 5672 17.
2786 5620 2814 5651 ιι
2841 5608 2866 5672 Ι
2896 5605 3031 5672 Cor.
3056 5622 3124 5683 ιι,
3156 5606 3255 5669 ti.
3331 5610 3354 5638 °
3384 5601 3586 5667 Matth.
3616 5618 3698 5685 αι,
