4028 6212
362 345 482 414 639
1531 346 1590 409 S.
1641 345 1823 413 DION
1833 347 1951 410 YSI

2124 346 2549 414 EOPAGITAQ.
2614 306 2619 313 ’
3619 352 3715 420 διο

357 480 675 566 quamdam
689 478 1187 559 introducere,naa
1203 476 1486 559 is,nostro
1497 477 1948 561 judicio,ejusce

2124 497 2239 542 1.51;
2269 483 2391 542 οὔτε
2425 484 2583 542 αύτὸν
2612 483 2676 534 ’Π
2741 484 2962 563 οἰόμεθα
3013 488 3208 543 πείθειν
3255 487 3457 568 ἰκανὸν,
3491 490 3565 553 ὡς
3594 489 3715 548 ἐστιν

368 571 528 635 modi
551 571 1216 652 objectionisveritatem
1242 568 1492 648 probare
1509 587 1812 651 nunquam
1836 581 1959 651 pote

2125 574 2310 645 ληθής.
2345 576 2401 632 Εἰ
2458 575 2555 650 μὲν
2607 575 2708 653 γάρ
2738 574 2849 631 ἐστί
2879 598 2957 640 τις
2990 575 3130 642 ὅλως
3161 578 3189 633 ὁ
3219 589 3338 641 τοῖς
3382 577 3585 655 λογίοις
3606 580 3716 636 ἀντ-

368 662 622 726 rit.Nam
655 664 792 722 517
823 660 874 721 si
906 659 1035 722 talis
1058 658 1135 721 sit
1162 659 1264 740 qui
1295 657 1541 721 omnino
1570 660 1754 722 sacris
1786 661 1959 724 litteri

2124 666 2456 744 νιστάμενος,
2520 663 2696 743 πόῤῥω
2754 687 2854 722 που
2911 671 3127 730 πάντως
3188 665 3342 723 ἔσται
3372 668 3459 724 καὶ
3494 670 3593 735 τῆς
3618 669 3714 728 καθ’

362 751 662 829 resistat,a
686 748 1057 829 philosophia
1082 765 1322 829 quoque
1340 755 1540 809 nostra
1566 749 1770 829 procul
1797 750 1953 812 admt

2126 761 2225 828 μᾶς
2270 752 2581 834 φιλοσοφίας
2623 756 2710 810 καὶ
2754 755 2909 829 εἰμὴ
2956 761 3056 823 τῆς
3117 755 3175 812 ἐκ
3207 762 3312 812 τῶν
3367 755 3565 834 λογίων
3597 760 3717 834 αὐτῷ

366 840 507 901 dum
523 839 931 901 aberitzetnisi
946 838 1031 899 illi
1057 856 1213 901 cura;
1225 836 1514 900 sitdivina
1527 856 1828 901 sacrarum
1846 840 1957 901 littt

2128 843 2355 923 εοσοφίας
2415 843 2590 919 μέλει,
2650 847 2764 910 πῶς
2824 843 2883 901 ἂν
2945 846 3079 920 ἧμϊν
3138 844 3364 920 μελήσει
3390 852 3490 913 τῆς
3523 847 3609 904 ἐπὶ
3638 849 3719 916 τὴν

367 947 565 991 rarum
599 928 909 1008 sapientia,
938 929 1240 1008 quomodo
1275 927 1448 989 nobis
1476 945 1634 989 curae
1664 929 1779 989 erit
1811 938 1876 990 ut
1912 931 1958 1010 ip

2129 931 2393 1011 ιολογικὴν
2450 932 2753 1007 ἐπιστήμην
2810 934 2966 991 αὒτοῦ
3012 936 3376 1014 χειραγωγίας
3404 956 3419 1012 ;
3452 939 3510 994 Εἰ
3555 935 3615 993 δὲ
3665 942 3720 1003 εἷς

369 1036 499 1082 sum
531 1021 603 1083 ad
621 1019 930 1082 scientiam
960 1017 1351 1099 theologicam
1384 1017 1878 1080 mauuducamus?
1895 1018 1958 1083 Si

2130 1026 2182 1091 ην
2240 1029 2347 1080 τῶν
2403 1022 2600 1103 λογίων
2650 1023 2713 1074 78
2770 1022 3023 1092 ἀλήθειαν
3071 1025 3410 1099 ἀποσκοπεῖ,
3441 1028 3616 1103 τούτῳ
3646 1030 3721 1085 καὶ

365 1109 738 1199 eloquiorum
770 1108 1011 1199 veritati
1036 1108 1318 1199 attendat,
1352 1125 1461 1199 nos
1489 1107 1604 1170 ista
1632 1126 1870 1199 quoque
1912 1128 1956 1171 It

2131 1126 2249 1187 μεϊς
2281 1113 2462 1170 κανόνι
2490 1115 2579 1170 καὶ
2622 1117 2755 1193 φωτὶ
2784 1112 2846 1164 79
2879 1112 3153 1194 χρώμενοι
3186 1117 3318 1193 πρὸς
3373 1116 3473 1184 τὴν
3529 1115 3722 1174 ἀπολο-

368 1200 502 1280 gula
533 1199 787 1280 luceque
816 1198 977 1274 freti,
1023 1198 1093 1260 ad
1117 1197 1483 1261 reddendam
1519 1215 1626 1277 pro
1654 1198 1875 1261 viribus
1903 1216 1959 1261 ra

2135 1203 2234 1276 ίαν,
2268 1203 2342 1267 ὡς
2368 1202 2475 1259 οἷοί
2502 1203 2559 1259 τέ
2590 1203 2775 1279 ἐσμεν,
2831 1203 3063 1266 ἆκλινῶς
3112 1201 3449 1284 βαδιούμεθο,
3506 1208 3726 1286 φάσκον.

370 1292 595 1352 tionem
627 1289 759 1351 sine
792 1288 1276 1366 tergiversatione
1302 1286 1774 1369 properabimus,
1809 1287 1961 1350 dicet

2136 1317 2177 1360 ac
2211 1297 2283 1359 ὡς
2315 1296 2348 1362 ἧ
2380 1293 2625 1373 θεολογία
2682 1296 2750 1352 τὰ
2798 1296 2896 1370 μὲυ
2953 1298 3244 1372 ἡνωμενως
3276 1295 3623 1377 παραδίδωσι,
3675 1297 3727 1354 τέ

371 1388 483 1456 tes,
522 1379 879 1459 theologiam
930 1378 1171 1458 quidem
1221 1377 1506 1440 nonnulla
1535 1378 1850 1457 copulatim
1884 1386 1962 1440 tra

2138 1381 2610 1462 ιδιακεκριμένως*
2673 1387 2759 1442 καί
2819 1383 2941 1442 ούτε
2997 1384 3064 1442 τὰ
3117 1386 3367 1461 ἡνωμένα
3397 1384 3627 1464 διαιρεῖν
3657 1391 3729 1443 θε-

370 1470 539 1551 dere,
571 1470 845 1551 quaedam
892 1486 1030 1530 vero
1061 1466 1363 1542 distincte;
1396 1484 1591 1546 neque
1619 1466 1705 1528 fas
1738 1485 1871 1529 esse
1899 1486 1961 1529 co

2139 1475 2271 1553 ιτὸν,
2308 1473 2426 1531 οὕτε
2456 1475 2523 1530 τὰ
2551 1471 2926 1549 διακεκριμένα
2976 1488 3228 1554 συγχεῖν
3287 1474 3406 1531 ἀλλ’
3450 1477 3730 1551 ἑπομένους

374 1560 571 1640 palata
598 1558 962 1639 disjungere,
997 1576 1109 1619 nec
1166 1556 1440 1619 distincta
1473 1556 1865 1633 confundere,
1900 1576 1965 1618 se

2138 1566 2223 1638 Βτῇ
2275 1564 2413 1620 κατὰ
2468 1562 2708 1643 δύναμιν,
2765 1565 2849 1620 ἐπὶ
2895 1562 2990 1628 τὰς
3039 1566 3180 1627 θείας
3214 1567 3565 1645 μαρμαρυγὰς
3611 1567 3729 1623 ἀνα-

370 1649 694 1730 Scripturis
753 1647 1082 1709 insistendo
1139 1665 1243 1727 pro
1293 1645 1445 1707 virili
1493 1645 1563 1706 ad
1615 1646 1847 1708 divinos
1876 1665 1961 1708 ess

2141 1652 2277 1709 ιύειν·
2315 1654 2527 1732 καὶγὰρ
2579 1653 2780 1710 ἐκεῖθεν
2837 1655 2932 1716 τὰς
2987 1654 3129 1710 θείας
3173 1655 3521 1734 ἐκφαντορὶις
3566 1679 3732 1735 παρα-

374 1738 730 1820 splendores
759 1734 1619 1818 aspirandum;iquoniam|inde
1648 1735 1874 1798 divinas
1903 1755 1965 1798 ex

2144 1740 2365 1817 ιϐόντες,
2399 1743 2577 1819 ὥσπερ
2633 1744 2754 1800 τινὰ
2810 1742 3004 1800 κανόνα
3057 1742 3344 1801 κάλλιστον
3374 1734 3655 1825 ἀληθείας,
3679 1748 3735 1802 τὰ

371 1830 745 1909 planationes
775 1846 883 1889 ceu
915 1826 1234 1904 quamdam
1284 1826 1545 1887 veritatis
1573 1827 1837 1905 regulam
1870 1826 1962 1908 pul

2153 1845 2206 1890 ετ
2236 1834 2452 1907 κείμενα
2482 1834 2737 1912 φρουρεῖν
2766 1833 2820 1889 ἐν
2849 1836 3062 1896 ἑαυτοῖς
3098 1831 3404 1904 ἀπλήθυντα
3434 1837 3522 1892 καὶ
3554 1835 3740 1911 ἆμείω-

373 1920 758 1993 cherrimam,
793 1916 1141 1998 accipimus,
1176 1916 1316 1978 dum
1347 1934 1478 1996 quae
1506 1914 1589 1977 ibi
1622 1931 1762 1978 sunt
1791 1934 1964 1979 recon

2145 1944 2155 1976 l
2185 1922 2272 1977 καὶ
2314 1921 2695 2000 ἀπαράτρεπτα
2727 1920 3048 1998 σπεύδομεν,
3081 1921 3136 1977 ἐν
3163 1929 3232 2000 τῇ
3266 1931 3464 2004 φρουρᾷ
3512 1931 3624 1981 τῶν
3650 1924 3736 1981 λο-

372 2009 514 2084 dita,
566 2008 718 2072 nihil
766 2006 1064 2083 addendo,
1100 2005 1247 2068 nihil
1306 2004 1652 2081 minuendo,
1689 2005 1833 2067 nihil
1868 2024 1963 2087 per

2149 2031 2217 2067 ων
2262 2014 2638 2091 φρουρούμενοι
2687 2013 2774 2068 καὶ
2813 2013 2944 2089 πρὸς
2986 2013 3156 2070 αὐτῶν
3214 2014 3288 2077 εἰς
3342 2014 3401 2070 τὸ
3457 2022 3740 2094 φρουροῦν-

370 2098 683 2173 vertendo,
719 2097 782 2159 in
835 2095 1281 2176 nobismetipsis
1327 2112 1679 2157 conservare
1738 2095 1961 2158 nitimut

1564 2112 1679 2156 tare
1738 2095 2006 2172 nitimur,
2091 2120 2184 2165 τας
2216 2101 2348 2158 αὐτὰ
2376 2105 2718 2181 φρουρεῖσθαι
2749 2101 3155 2176 δυναμούμενοι.

367 2199 544 2271 atque
573 2187 687 2269 ipsi
718 2186 952 2248 interim
986 2184 1358 2267 eloquiorum
1391 2184 1668 2248 custodia
1718 2203 2163 2269 conservamur,
2198 2207 2307 2251 nec
2339 2207 2457 2252 non
2491 2188 2565 2252 ab
2614 2188 2830 2252 iisdem
2861 2191 2935 2254 ad
2965 2207 3182 2253 eorum
3208 2189 3626 2256 observatores
3650 2192 3745 2256 de-

367 2277 702 2341 fendendos
732 2277 889 2340 vires
912 2275 1263 2357 accipimus.

1958 2412 1988 2492 §
2030 2410 2131 2474 ιιι.

457 2555 709 2619 Nomina
737 2555 935 2637 itaque
963 2554 1237 2635 copulata
1265 2554 1328 2616 in
1354 2572 1537 2619 unum
1569 2552 1628 2613 in
1662 2560 1783 2614 tota
1802 2552 2015 2615 divini-

2176 2556 2249 2612 Τὰ
2281 2557 2378 2628 μὲν
2420 2556 2509 2613 οὖν
2540 2557 2791 2632 ἡνωμένα
2841 2562 2942 2627 τῆς
2988 2556 3122 2624 ὅλης
3170 2556 3426 2626 θεότητὸς
3477 2555 3647 2635 ἐστιν,
3675 2556 3742 2618 ὡς

375 2652 521 2723 tate,
556 2655 618 2708 ut
649 2648 706 2709 in
737 2645 1084 2725 theologicis
1128 2642 1646 2707 informationibus
1679 2643 1907 2722 prolixe
1942 2660 1966 2704 ε

2182 2657 2303 2708 ταῖς
2332 2644 2673 2724 θεολογικατς
2703 2647 3071 2704 ὕποτυπώσεσι
3122 2644 3208 2703 διὰ
3260 2644 3524 2703 πλειόνων
3558 2646 3619 2702 ἐκ
3647 2651 3748 2701 τῶν

371 2737 698 2818 Scripturis
742 2735 927 2799 sacris
985 2737 1538 2813 demonstravimus,
1602 2742 1760 2805 sunt,
1808 2752 1962 2813 supr:

2152 2733 2288 2812 ιγίων
2347 2733 2712 2811 ἀπεδείξαμεν,
2765 2739 2826 2793 τὸ
2886 2736 3254 2816 ὑπεράγαθον,
3339 2738 3427 2792 τὸν
3475 2737 3743 2811 ὁπερθεον,

373 2847 550 2909 qnam
601 2825 820 2906 bonus,
854 2843 1210 2907 supraquam
1247 2826 1407 2887 Deus
1454 2839 1813 2902 supraquam
1865 2821 1964 2883 sub

2215 2824 2552 2903 ὑπερούσιον,
2603 2829 2664 2881 τὸ
2720 2825 3009 2902 ὑπὲρζωον,
3070 2828 3132 2881 τὸ
3170 2825 3486 2905 ὅπέρσοφον,
3523 2827 3613 2881 καὶ
3657 2825 3751 2881 ὅσα

376 2917 615 2995 stantia,
648 2933 1006 2998 supraquam
1062 2915 1293 2989 vivens,
1338 2928 1693 2992 supraquam
1756 2911 1967 2991 sapien:

2161 2935 2194 2977 ,ς
2238 2915 2571 2995 ὑπεροχικῆς
2629 2916 2773 2972 ἐστιν
2823 2917 3172 2997 ἀφαιρέσεως·
3237 2915 3350 2979 μεθ’
3408 2918 3481 2970 ὧν
3542 2916 3636 2971 καὶ
3688 2914 3752 2969 τὰ

376 3018 438 3069 et
466 3024 835 3088 quaecunque
880 3012 1017 3065 sunt
1046 3001 1364 3065 ablationis
1392 3000 1722 3063 secundum
1754 3016 1967 3080 exsupe

2165 3002 2428 3081 ειολογικσὶ
2467 3004 2663 3079 πάντα,
2698 3007 2761 3062 τὸ
2819 3008 3038 3083 αγαθὺν,
3072 3005 3135 3062 τὰ
3192 3003 3380 3077 καλὸν,
3428 3006 3489 3060 τὶ
3559 3006 3648 3077 ὃν,
3697 3006 3756 3060 τὸ

370 3097 649 3172 rantiam;
674 3114 807 3158 cum
832 3093 1044 3176 quibus
1060 3100 1450 3155 numerantur
1463 3096 1661 3152 omnia
1676 3108 1810 3169 quae
1831 3090 1903 3152 ad
1927 3108 1956 3151 r

2165 3092 2379 3170 »ογόνον,
2441 3095 2502 3150 τὸ
2553 3096 2737 3173 σοφὸν,
2800 3097 2888 3151 καὶ
2945 3096 3043 3151 ὃσα
3107 3094 3168 3150 ἐκ
3221 3100 3329 3150 τῶν
3365 3094 3756 3173 ἆγαθοπρεπιῖιν

375 3187 600 3249 tionem
624 3202 816 3247 causae
846 3181 1418 3265 pertinent,bonum,
1456 3180 1792 3259 pulchrum,
1829 3178 1966 3242 exsi:

2165 3186 2261 3248 τῆς
2309 3180 2544 3259 δωρεῶν,
2574 3186 2608 3250 ἡ
2637 3185 2854 3241 πάντων
2903 3184 3112 3259 ἀγαθῶν
3181 3183 3317 3238 αῖτία
3381 3184 3756 3257 κατανομάζε-

374 3275 1099 3353 tens,viviﬁcum,sapiens
1120 3280 1177 3335 et
1200 3289 1568 3352 quascunque
1589 3276 1727 3330 sunt
1748 3287 1817 3331 ex
1841 3268 1965 3330 don;

2167 3289 2204 3325 ι’
2238 3272 2305 3327 τὰ
2334 3270 2389 3327 δὲ
2420 3270 2815 3349 διακεκριμένα,
2850 3274 2912 3328 τὸ
2948 3274 3153 3350 Πατρὸς
3181 3271 3245 3322 80
3274 3272 3587 3348 ὓπερούσιον
3636 3270 3756 3328 ὅνο-

375 3365 506 3446 ejus
537 3382 668 3444 quae
690 3364 1014 3426 bonitatem
1034 3362 1163 3440 ejus
1185 3360 1461 3439 decent,a
1486 3357 1705 3437 quibus
1747 3358 1966 3418 omnia:

2171 3405 2175 3413 .
2206 3362 2295 3416 καὶ
2324 3365 2549 3440 χρῆμα,
2592 3363 2681 3418 καὶ
2714 3363 2856 3442 Υίοῦ,
2891 3363 2977 3418 καὶ
3031 3362 3334 3437 Πνεύματος
3368 3361 3449 3432 81,
3508 3360 3762 3436 οὖδεμιᾶς

376 3454 669 3517 bonorum
700 3471 875 3514 causa
906 3449 1538 3513 nominatur.l)iscreta
1565 3464 1711 3509 vero
1739 3455 1877 3509 sunt
1898 3446 1967 3509 Pa

2196 3450 2401 3514 τούτοις
2455 3451 2831 3531 ἀντιστροφῆς,
2864 3452 2900 3517 ἡ
2930 3449 3071 3516 ὅλως
3125 3451 3437 3517 κοινότητος
3469 3452 3762 3528 ἐπεισαγο-

376 3545 483 3607 tris
531 3540 1099 3622 suprasubstantiale
1156 3557 1376 3601 nomen
1424 3546 1482 3599 et
1524 3556 1643 3615 res,
1681 3546 1738 3598 et
1770 3536 1923 3611 Filii,
1960 3559 1967 3594 ι

2172 3562 2288 3606 νης.
2327 3531 2499 3597 ’Ἔστι
2543 3539 2598 3597 δὲ
2630 3545 2772 3605 αὖθις
2819 3542 2954 3618 πρὸς
3009 3541 3179 3614 τούτῳ
3204 3538 3270 3590 ΒΞ
3297 3538 3709 3618 διακεκριμένον
3732 3542 3763 3608 ἦ

375 3633 635 3716 Spiritus
665 3631 880 3707 sancti,
914 3631 1075 3693 nulla
1106 3636 1166 3691 in
1197 3629 1291 3691 his
1334 3628 1486 3690 facta
1515 3625 1966 3716 reciprocatione

2169 3630 2217 3686 θ’
2246 3632 2390 3704 ἡμᾶς
2435 3629 2614 3697 Ἰησοῦ
2660 3629 2928 3698 παντελὴς
2973 3632 3060 3687 καὶ
3114 3628 3473 3693 ἀναλλοίωτος
3507 3630 3760 3708 ὕπαρξις,

374 3713 486 3788 nec
512 3724 631 3787 ulla
660 3740 901 3803 prorsus
923 3721 1349 3784 communitate
1374 3713 1843 3779 introducta.Est
1866 3733 1965 3796 pra

2169 3717 2315 3774 ὶὸσα
2369 3724 2469 3785 τῆς
2521 3719 2640 3777 κατ’
2693 3720 2855 3788 αὗτὴν
2916 3719 3027 3776 ἐστι
3081 3718 3478 3799 φιλανθρωπίας
3511 3718 3758 3787 οὗσιώδη

379 3824 540 3877 terea
557 3814 815 3876 discreta
843 3829 916 3875 ac
945 3805 1706 3890 distincta,perfecta,sicut
1734 3805 1794 3867 in
1818 3804 2015 3878 nobis,
2108 3809 2401 3888 μυστήρια.

375 3915 433 3967 et
462 3902 854 3966 immutabilis
885 3900 1025 3964 Jesu
1056 3899 1338 3969 essentia,
1374 3905 1433 3958 et
1481 3912 1853 3977 quaecunque
1886 3902 2026 3957 sunt

378 3993 658 4074 mysteria
676 3989 1084 4053 substantialia
1115 3984 1498 4050 humanitatis
1526 3986 1682 4066 ejus.

1977 4114 2006 4194 ς
2051 4110 2153 4175 tv.

456 4289 938 4353 Arbitrorautem
958 4286 1618 4370 expedire,utnnonihil
1632 4287 1808 4350 altius
1837 4304 2003 4349 resu-
2030 4289 2047 4341 1

2183 4290 2284 4363 Χρὴ
2316 4287 2393 4362 δὲ,
2429 4292 2501 4355 ὡς
2559 4292 2742 4370 οἶμαι,
2797 4288 3002 4366 μᾶλλον
3047 4286 3409 4352 ἀναλαϐόντας
3470 4290 3624 4365 ἡμας
3675 4289 3774 4345 τὸν

380 4381 598 4443 mendo
617 4379 1080 4461 perfectissimus
1101 4377 1204 4440 ille
1226 4378 1439 4439 divinae
1462 4375 1696 4438 unionis
1721 4394 1788 4439 ac
1810 4374 1971 4438 distii

2184 4376 2344 4447 ντελῆ
2370 4379 2466 4448 τῆς
2495 4381 2636 4445 θείας
2687 4379 2925 4445 ἐνώαεώς
2986 4401 3043 4435 τε
3087 4380 3175 4435 καὶ
3219 4377 3532 4457 διακρίσεως
3562 4377 3773 4435 ἐκθέσ-

377 4471 594 4535 ctionis
612 4472 823 4533 modus
845 4469 1223 4549 explanetur,
1257 4486 1372 4548 quo
1408 4466 1581 4527 nobis
1609 4466 1797 4528 oratio
1828 4484 1966 4527 omn

2216 4468 2435 4549 τρόπον,
2486 4470 2631 4534 ὅπως
2678 4469 2741 4527 ἂν
2784 4472 2919 4544 ἡμῖν
2969 4469 3287 4531 εὒσύνοπτος
3338 4471 3366 4525 ὁ
3398 4476 3503 4533 πᾶς
3525 4467 3779 4545 ἐγγένη-

376 4561 460 4624 ita
488 4561 565 4622 sit
583 4566 811 4642 aperta,
838 4569 901 4621 ut
922 4558 1259 4621 varietatem
1301 4555 1542 4638 quidem
1579 4574 1816 4618 omnem
1839 4563 1897 4616 et
1917 4554 1967 4616 ol

2219 4556 2399 4635 λόγος,
2435 4561 2495 4615 τὸ
2527 4560 2623 4635 μὲν
2654 4558 2897 4616 ποικίλον
2926 4557 3067 4615 ἅπαν
3112 4562 3200 4614 καὶ
3253 4558 3456 4636 ἀσαφὲς
3518 4557 3781 4614 ἀνταναι-

376 4650 720 4713 scuritatem
752 4648 1050 4729 repudiet,
1076 4647 1356 4708 distincte
1386 4654 1583 4707 autem
1619 4661 1688 4706 ac
1719 4644 1893 4723 plane
1914 4662 1967 4706 οι

2189 4668 2342 4721 ιενος,
2379 4646 2713 4725 εωιακρίτως
2757 4646 2812 4704 δὲ
2857 4648 2946 4704 καὶ
2996 4653 3177 4729 σαφῶς
3233 4650 3320 4704 καῖ
3382 4646 3670 4710 εοότᾶκτως
3708 4646 3780 4701 τὲ

378 4740 638 4818 dineque
660 4757 792 4820 qua:
805 4737 1045 4821 propria
1065 4744 1225 4816 sunt,
1262 4735 1452 4816 quoad
1489 4735 1620 4815 ejus
1642 4732 1770 4795 ﬁeri
1796 4743 1964 4815 potes

2191 4749 2275 4794 εἴα
2312 4738 2446 4794 κατὰ
2489 4736 2706 4811 δύναμιν
2754 4740 3033 4815 δροθετῶν,
3074 4736 3304 4795 Καλοῦσι
3356 4737 3458 4815 γὰρ
3504 4734 3600 4809 83,
3638 4735 3782 4812 ὅπερ

378 4829 644 4891 deﬁniat.
675 4827 1050 4908 Theologicae
1099 4834 1316 4890 nostra:
1375 4823 1711 4887 traditionis
1742 4832 1969 4886 auctori

2220 4826 2274 4882 ἐν
2304 4825 2501 4904 ἑτέροις
2533 4826 2693 4908 ἔφην,
2744 4830 2790 4884 οἱ
2825 4824 2918 4895 τῆς
2948 4823 3067 4885 καθ’
3094 4824 3240 4901 ἡμᾶς
3270 4824 3597 4904 θεολογικῆς
3654 4848 3782 4881 πα-

379 4925 467 4991 (ut
502 4917 642 4980 alibi
658 4917 804 4999 dixi)
833 4916 1060 4978 divinas
1083 4916 1327 4997 quidem
1348 4915 1601 4976 uniones
1617 4924 1827 4975 vocant
1856 4913 1970 4974 abd

2195 4916 2366 4981 ῖόσεως
2395 4918 2698 4996 ίερομύσται
2751 4919 2848 4982 τὰς
2908 4916 3007 4992 μὲν
3054 4915 3269 4979 ἐνώσεις
3315 4917 3412 4978 τὰς
3456 4915 3640 4995 θείας,
3680 4916 3786 4976 τὰς

378 5018 473 5070 tas
492 5007 634 5070 istas
645 5006 1067 5069 collocationes
1092 5004 1223 5083 plus
1244 5022 1418 5085 quam
1434 5001 1750 5065 ineﬁ'abilis
1764 5007 1829 5065 et
1843 5020 1969 5083 sup:

2200 5032 2201 5037 η
2229 5005 2588 5086 θπεραῤῥήτιυ
2633 5009 2718 5065 καὶ
2748 5005 3158 5086 ὑπεραγνώστου
3190 5007 3591 5081 μονιμότητος,
3635 5027 3791 5083 κρυ-

381 5096 620 5159 modum
644 5095 856 5176 ignotae
879 5092 1370 5174 mansionis,quaa
1401 5110 1687 5173 nusquam
1719 5109 1854 5154 sese
1878 5110 1972 5171 pro

2203 5120 2224 5161 ς
2278 5100 2366 5155 καὶ
2436 5098 2847 5177 ἆνεκφοιτήτους
2929 5094 3329 5176 ὅπεριδρύσεις⁸
3393 5116 3488 5156 τας
3549 5091 3794 5169 διακρί-

378 5188 493 5263 dit;
526 5185 943 5248 distinctiones
973 5181 1447 5256 vero,beueﬁcas
1468 5181 1576 5244 Dei
1608 5181 1969 5244 emanationt

2209 5186 2322 5261 ςδὲ,
2363 5187 2449 5250 τὰς
2482 5187 2876 5266 ἆγαθοπρεπετς
2927 5190 3024 5253 τῆς
3083 5184 3361 5265 θεαρχίας,
3416 5180 3701 5261 προόδους
3738 5204 3800 5239 τι

382 5287 441 5339 et
476 5275 1000 5349 manifestationes,
1031 5272 1171 5332 518
1203 5272 1647 5353 assignantque,
1694 5270 1973 5353 Scripturi

2216 5277 2521 5353 ἐκφάνσεῖς·
2557 5278 2645 5361 καί
2674 5299 2824 5354 φασι,
2862 5289 2977 5341 τοϊς
3008 5277 3174 5354 ἱεροῖς
3219 5274 3425 5353 λογίοις
3470 5272 3799 5362 ἑπόμενοι,

1685 5442 1950 5509 νΑΒΙιΕ
1991 5446 2437 5513 LECTIONES.

460 5605 522 5657 7⁷
550 5610 611 5666 οὔ
649 5606 703 5664 δὲ
729 5605 937 5687 ἐιυτόν,
974 5604 1043 5670 Ι).
1123 5603 1191 5687 38
1224 5608 1323 5687 τξῖζν
1351 5604 1503 5687 θείαζν
1532 5601 1733 5687 λέγων,
1962 5608 2026 5661 79
2051 5586 2141 5669 καί
2182 5616 2390 5685 σκοπῷ,
2427 5607 2537 5673 Ch.
2620 5606 2686 5659 80
2712 5609 2774 5665 τὸ
2805 5613 2895 5665 τοῦ
2927 5607 3159 5687 Πατρὸς,
3188 5606 3251 5670 S.
3285 5600 3353 5668 Ρ.
3386 5601 3493 5667 Ch.
3596 5601 3665 5649 31
3710 5610 3811 5663 καί

382 5686 532 5763 ἁγιου
565 5688 891 5764 uisam-.04,
923 5683 986 5748 S.
1022 5687 1091 5750 P.
1123 5684 1194 5748 D.
1228 5684 1334 5749 Ch.
1422 5683 1482 5736 39
1512 5685 1739 5768 τούτοις,
1771 5685 1845 5751 Μ,
1885 5689 2049 5756 Scot,
2138 5690 2201 5742 83
2231 5683 2449 5770 λέγουσε
2496 5690 2617 5769 γάρ,
2653 5686 2713 5750 S.
2750 5688 2794 5751 P
