4064 6206
297 349 414 419 661
786 347 885 415 DE
927 350 1225 414 DIVINIS
1267 348 1719 425 NOMINIBUS,
1767 348 1934 411 CAP.
1982 348 2063 409 ιι.
2113 378 2190 391 -
2246 348 2626 409 PARAPHR.
2676 342 3189 409 PACHYMER/E.
3561 304 3679 413 662

292 491 460 562 ἡμεῖς
506 483 623 544 οὒδὶ
705 482 1150 559 ὑπολαμϐάνομεν
1217 484 1370 541 αὖτὸν
1432 483 1574 540 εἶναι
1628 486 1806 541 ἱκανὸν
1866 486 1933 547 είς

2026 502 2154 543 mus
2185 482 2377 561 ipsum
2414 499 2528 542 non
2558 481 2701 541 satis
2738 479 2993 555 probare
3025 495 3220 557 posse,
3256 498 3319 543 se
3342 481 3515 545 nobis
3538 483 3668 549 hinc

294 581 364 635 τὸ
420 578 642 654 πείθειν,
706 574 786 631 ὅτι
851 573 1025 641 ἀληθῆ
1084 573 1227 651 λέγει
1289 573 1322 628 ἂ
1383 572 1525 651 λέγει
1600 572 1715 629 καθ’
1768 576 1933 648 ἡμῶν

2031 572 2313 634 secndum
2350 574 2650 631 veritatem
2681 570 2966 648 obiicere.
3000 570 3149 632 Nam
3189 570 3240 631 si
3292 572 3425 633 talis
3455 575 3532 636 sit
3562 576 3664 656 qui

296 670 356 725 Εί
386 668 483 742 μὲν
514 667 614 745 γὰρ
645 672 713 741 τῇ
743 662 865 737 θείᾳ
898 669 1079 743 Γρανρῇ
1128 663 1458 737 ἀνθίσταται,
1520 662 1697 740 πόῤῥω
1729 664 1818 718 καὶ
1850 666 1948 729 τῆς

296 756 566 834 ἡμετέρας
639 754 918 834 φιλοσφίας
990 752 1156 809 ἔσται·
1218 752 1305 809 καὶ
1363 753 1406 807 εί
1478 752 1555 826 μὴ
1612 751 1761 825 μέλει
1819 754 1947 809 τού-

292 869 376 920 τῳ
447 850 555 901 τῶν
602 844 755 901 θείων
822 844 1047 922 Λογίων,
1095 848 1210 906 πῶς
1258 841 1321 897 ἅν
1377 840 1604 914 μελήσοι
1671 844 1806 916 ἡμῖν
1850 848 1948 909 τῆς

294 936 499 992 ἐκείνου
556 933 919 1014 χειραγωγίας
978 934 1064 988 καὶ
1120 929 1485 1004 διδασκαλίας
1548 933 1603 987 Ei
1647 929 1701 986 δὲ
1733 929 1949 1011 δέχεται

296 1026 396 1092 τὴν
428 1031 534 1080 τῶν
563 1023 759 1101 λογίων
794 1021 1068 1100 ἀλήθειαν,
1100 1022 1265 1096 ἡμεῖς
1325 1024 1509 1085 αὐτοῖς
1552 1033 1670 1083 τοϊς
1721 1020 1945 1101 λογίοις,

297 1119 374 1181 ὡς
404 1115 585 1172 κανόνι
620 1117 712 1170 καί
758 1116 891 1195 φωτὶ
935 1114 1229 1194 χρώμενοι,
1285 1112 1731 1191 ἀπολογησόμεθα
1782 1115 1944 1192 αύτῷ,

297 1209 371 1271 ὡς
410 1205 440 1271 ii
470 1204 717 1284 θεολογία
746 1206 811 1260 τὰ
844 1204 942 1278 μὲν
988 1210 1094 1259 τῶν
1127 1202 1401 1277 ὀνομάτων
1444 1203 1731 1275 ἡνωμὲνως
1765 1226 1940 1279 παρα-

296 1293 529 1375 δίδωσιν,
584 1297 655 1360 ὡς
685 1294 745 1350 τό
776 1295 929 1367 Θεὸς,
973 1294 1034 1348 τὸ
1089 1292 1306 1371 ἀγαθὸς,
1338 1293 1422 1348 καὶ
1457 1293 1518 1347 τὰ
1550 1291 1728 1367 ὅμοια’
1790 1294 1854 1353 τὰ
1889 1292 1942 1350 δὲ

296 1383 734 1463 διακεκριμένως,
788 1386 861 1447 ὡς
922 1384 982 1439 τὸ
1044 1383 1244 1460 Πατὴρ,
1303 1383 1361 1437 τὸ
1406 1384 1549 1461 Υἱὸς,
1596 1384 1656 1437 τὸ
1705 1389 1936 1457 Πνεῦμα,

295 1477 357 1531 τὸ
385 1476 664 1554 γεννητὸν,
723 1475 785 1530 τὸ
842 1472 1150 1551 ἀγέννητον,
1202 1472 1263 1527 τὸ
1324 1471 1661 1550 ἐκπορευτόν·
1698 1473 1785 1528 καὶ
1839 1474 1939 1553 οὔχ

297 1565 414 1621 οἷόν
473 1585 528 1620 τε
584 1561 701 1620 οὔτε
756 1565 821 1620 τὰ
868 1562 1114 1635 ἡνωμένα
1173 1559 1419 1638 διαιρεῖν,
1474 1561 1588 1617 οὕτε
1634 1562 1700 1617 τὰ
1758 1560 1941 1618 διακε-

296 1653 518 1730 κριμένα
604 1665 853 1733 συγχεῖν,
917 1651 1053 1708 ἀλλὰ
1108 1652 1221 1730 χρὴ
1271 1651 1561 1727 ἑπομένους
1623 1658 1690 1727 τῇ
1748 1652 1938 1710 θεολο-

296 1744 409 1824 γία,
485 1744 751 1799 ἀνανεύειν
833 1741 917 1798 ἐπὶ
1000 1741 1094 1804 τὰς
1171 1740 1310 1806 θείας
1384 1742 1777 1820 φωταγωγίαςο
1851 1745 1938 1798 καὶ

2034 661 2275 721 omnino
2308 660 2491 720 sacris
2523 660 2757 720 Litteris
2790 659 3045 731 resistat,
3072 676 3104 718 a
3129 658 3498 738 philosophia
3519 683 3664 745 quo-

2033 768 2147 829 que
2182 757 2377 809 nostra
2395 750 2599 829 procul
2625 748 2946 810 admodum
2962 748 3174 810 aberit:
3195 758 3253 809 et
3281 749 3393 810 nisi
3426 752 3538 831 ipsi
3563 772 3676 815 cu-

2035 857 2115 899 ra;
2145 839 2261 899 sint
2288 839 2609 916 Scriptura:
2639 838 3144 919 sacrae,quomodo
3168 838 3339 899 nobis
3370 858 3527 903 curae
3555 843 3674 906 erit

2036 930 2319 1007 utipsum
2374 928 2445 989 ad
2497 928 2807 988 scientiam
2858 928 3373 991 manuuucamus‘?
3401 930 3509 991 Sin
3529 930 3672 994 Elo-

2035 1018 2307 1099 quiorum
2339 1017 2647 1079 veritatem
2679 1019 2967 1091 admittat,
3006 1035 3117 1078 nos
3158 1019 3493 1099 Scripturas
3534 1031 3672 1084 tan-

2034 1125 2207 1188 quam
2238 1109 2500 1186 regulam
2534 1108 2845 1187 lucemque
2869 1106 3239 1181 adhibentes,
3276 1109 3674 1188 respondebi-

2031 1216 2161 1258 mus
2194 1198 2497 1277 ipsi,quod
2534 1198 2825 1273 theologia
2843 1196 3128 1258 nonnulla
3154 1198 3395 1276 quidem
3428 1200 3670 1264 nomina

2029 1287 2200 1349 unite
2221 1288 2503 1359 tradat,ut
2530 1287 2996 1366 Deus,bonus,et
3023 1286 3242 1347 similia
3273 1289 3555 1351 nonnulla
3571 1308 3670 1355 ve-

2025 1396 2092 1438 ro
2110 1378 2393 1440 distincte
2408 1396 2511 1439 seu
2529 1378 2784 1455 divisim,
2801 1379 3079 1456 utPatcr,
3108 1376 3333 1458 Filius,
3366 1377 3658 1460 Spiritus,

2025 1467 3052 1546 gem‘tmn,ingenitum,procedens;
3088 1466 3321 1526 etnefas
3334 1468 3410 1528 sit
3429 1470 3517 1529 vel
3538 1469 3668 1529 uni-

2026 1564 2081 1616 ta
2105 1556 2467 1631 distinguere
2487 1556 2574 1617 vel
2609 1556 2886 1617 distincta
2909 1555 3301 1628 confundere,
3330 1556 3435 1618 sed
3460 1555 3668 1638 Scrip-

2024 1646 2172 1705 turis
2195 1646 2548 1725 insistendo,
2575 1646 2647 1707 ad
2671 1645 2896 1706 divinas
2920 1663 3050 1706 esse
3079 1646 3502 1708 illustrationes
3533 1666 3663 1709 sus-

2023 1734 2363 1815 piciendum
2376 1736 2676 1815 ,quoniam
2702 1736 2841 1796 inde
2864 1735 3090 1796 divinas
3105 1736 3548 1815 explanationes
3564 1756 3673 1799 ac-

296 1835 396 1913 γὰρ
442 1836 645 1890 ἐκεῖθεν
702 1834 796 1896 τὰς
839 1829 1172 1895 διδασκαλίας
1228 1829 1653 1910 παραλαϐόντες,
1702 1833 1933 1889 σπεύσο-

2023 1825 2631 1903 cipientes,conamur
2652 1824 2892 1885 easdem
2932 1834 3213 1901 tanquam
3248 1843 3536 1887 canonem
3560 1845 3670 1889 seu

297 1945 396 1997 μεν
448 1924 628 2002 ὥσπερ
686 1922 811 1978 τινὰ
858 1921 1053 1978 κανόνα
1084 1921 1277 1985 ταύτας
1335 1919 1609 2001 φυλάττειν
1640 1922 1728 1977 καὶ
1759 1921 1946 1987 ἄπλη-

296 2014 537 2085 θύντους,
598 2012 682 2068 καὶ
740 2011 1059 2089 ἆμειώτους,
1116 2019 1271 2069 τοῦτο
1329 2010 1429 2088 ipsi?
1461 2009 1570 2065 ἐστι
1612 2013 1702 2066 τοῦ
1727 2012 1945 2067 κανόνος

296 2105 357 2159 τὸ
388 2100 552 2181 ἴδιον,
584 2102 645 2158 τὸ
676 2099 840 2159 πλέον
871 2098 923 2156 δὲ
955 2100 1387 2179 ἆπεριτρὲπτους,
1425 2101 1796 2179 φρουρούμενοι
1847 2103 1944 2176 μὲν

295 2192 347 2248 ἐν
379 2197 446 2268 τῇ
476 2197 673 2272 φρουρᾷ
719 2195 825 2247 τῶν
884 2189 1103 2268 λογίων,
1160 2188 1541 2265 δυναμούμενοι
1572 2190 1648 2266 δὲ,
1683 2194 1756 2256 εἷς
1789 2199 1945 2250 τοῦτο

295 2282 360 2349 δὴ
392 2282 453 2337 τὸ
498 2284 833 2361 φρουρεῖσθαι
864 2281 1017 2353 ἐντῷ
1046 2293 1293 2358 φρουρεῖν
1326 2281 1478 2340 αὕτα,

376 2372 405 2451 §
465 2381 555 2432 lli.
616 2371 691 2429 Τὰ
749 2370 845 2446 μὲν
898 2372 984 2427 οὖν
1043 2368 1315 2444 ἡνωμένα,
1380 2368 1585 2437 δηλαδὴ
1638 2375 1735 2437 τῆς
1810 2370 1942 2438 ὅλης

298 2463 592 2535 Θεότητος,
638 2462 733 2528 τῆς
789 2459 1067 2539 Τριαδικῆς
1128 2457 1375 2534 μονάδος,
1428 2460 1499 2522 ὡς
1560 2460 1611 2516 ὲν
1644 2457 1824 2524 ἄλλοις
1857 2461 1943 2517 εἴ·-

295 2574 487 2627 πομεν,
533 2550 643 2608 ἐστὶ
697 2552 758 2606 τὸ
825 2550 1173 2629 ὒπεράγαθον,
1206 2550 1293 2605 καὶ
1338 2545 1527 2620 τᾶλλα,
1582 2548 1937 2629 προσλαμϐα-

292 2643 523 2717 νομένης
577 2645 674 2707 τῆς
732 2639 861 2718 ὑπὲρ
910 2637 1231 2719 προθέσεως,
1292 2638 1324 2694 ἃ
1380 2636 1445 2705 δὴ
1502 2640 1589 2695 καὶ
1645 2641 1742 2708 τῆς
1800 2647 1939 2701 (me-

292 2733 526 2811 ροχικῆς
586 2729 912 2809 ἀφαιρέσεως
992 2727 1158 2807 λέγει·
1217 2728 1633 2808 ἇφαιρεματικὸν
1692 2732 1790 2808 γὰρ
1848 2734 1938 2787 καὶ

288 2824 351 2878 τὸ
379 2822 658 2895 ἀθάνατον,
715 2820 801 2875 καὶ
851 2822 913 2875 τὸ
960 2816 1227 2897 ἅκτιστον,
1275 2816 1413 2873 ἀλλᾶ
1456 2820 1590 2875 κατὰ
1647 2819 1933 2900 ἀπόφασιν,

289 2910 739 2990 Ἀφαιρεματικὸν
800 2909 885 2964 καὶ
934 2908 994 2964 τὸ
1050 2907 1400 2984 ὒπεράγαθονο
1462 2908 1577 2963 οὖδὲ
1627 2909 1727 2987 γὰρ
1755 2910 1936 2975 eum;

286 3000 486 3078 ἀγαθὸν
541 2999 627 3055 καὶ
685 3000 873 3078 σοφὸν,
945 2995 1066 3053 ἀλλ’
1125 2996 1251 3076 ὅπερ
1320 3003 1484 3054 ταῦτα
1542 2999 1628 3054 καὶ
1685 2999 1937 3079 ἆσυγκρί-

284 3110 420 3167 τως,
506 3090 592 3144 καὶ
676 3086 761 3143 διὰ
836 3091 994 3143 τοῦτο
1070 3086 1410 3166 ὑπεροχικῶς
1492 3086 1588 3155 τήν
1663 3085 1936 3167 ἀφαίρεσιν

2029 1914 2290 1992 regulam
2317 1914 2653 1993 observare,
2674 1915 2817 1974 nihil
2840 1914 3138 1995 addendo,
3176 1915 3324 1976 nihil
3346 1915 3667 1993 demendo,

2030 2004 2142 2064 hoc
2167 2004 2324 2065 enim
2350 2005 2654 2083 proprium
2680 2015 2768 2065 est
2789 2004 3031 2081 regulis;
3057 2016 3117 2065 et
3141 2006 3299 2084 quod
3333 2005 3522 2083 magis
3551 2015 3665 2088 est,

2028 2094 2168 2155 dum
2190 2093 2428 2173 quidem
2456 2094 2584 2154 illas
2607 2094 2910 2154 inviolatae
2932 2092 3664 2174 custodimus,Scriptura-

2028 2202 2157 2245 rum
2176 2182 2286 2264 ipsi
2301 2186 2573 2244 custodia
2590 2184 3066 2254 servamur;dum
3083 2201 3221 2244 vero
3234 2184 3316 2246 ita
3337 2202 3668 2261 servamur,

2028 2275 2394 2353 potentiores
2418 2274 2724 2335 evadimus
2744 2275 2817 2336 ad
2844 2275 3081 2336 easdem
3116 2274 3565 2337 custodiendas.

2106 2365 2134 2444 §
2162 2364 2264 2426 IlI.
2300 2364 2555 2426 Nomina
2588 2365 2763 2442 igitur
2780 2374 2963 2437 unita,
2993 2363 3222 2426 scilicet
3251 2366 3428 2427 totius
3459 2365 3662 2428 Deita-

2029 2453 2122 2525 tis,
2156 2455 2348 2515 Trinae
2369 2454 2631 2523 unitatis,
2665 2454 2970 2517 sicutalibi
3000 2453 3262 2515 diximus
3296 2463 3668 2535 ,suntsupm

2027 2561 2207 2622 quam
2248 2545 2483 2623 bonum,
2512 2554 2569 2606 et
2592 2552 2824 2618 cmtera,
2858 2544 3072 2623 quibus
3105 2544 3444 2624 praepositio
3476 2563 3666 2625 supra

2024 2634 2550 2713 praeponitur,quze
2571 2649 2729 2694 vocat
2748 2634 3063 2694 ablationis
3076 2633 3398 2694 secundum
3415 2651 3669 2715 exsupe-

2022 2723 2297 2791 rantiam;
2319 2724 2610 2803 siquidem
2646 2723 2822 2784 etiam
2844 2721 3161 2784 ablativum
3193 2730 3283 2784 est
3309 2740 3527 2784 nomen
3548 2726 3659 2785 im-

2020 2812 2275 2874 mortale
2286 2821 2343 2872 et
2356 2813 2819 2878 increaIumsed
2841 2812 3165 2875 secundum
3182 2811 3659 2875 afﬁrmationem.

2020 2900 2353 2963 Ablativum
2383 2902 2557 2962 etiam
2575 2909 2664 2964 est
2683 2919 3063 2983 supraquum
3088 2903 3337 2977 bonum;
3358 2921 3476 2964 non
3502 2903 3662 2966 enim

2019 2991 2375 3071 simpliciter
2407 2991 2624 3052 bonum
2679 3000 2736 3053 et
2784 2993 3045 3071 sapiens,
3077 2991 3181 3053 sed
3215 3009 3395 3072 supra
3426 2992 3570 3066 haec,
3607 3002 3665 3057 et

2018 3080 2147 3142 sine
2175 3081 2640 3161 comparatione,
2676 3090 2735 3143 et
2764 3081 2988 3143 idcirco
3020 3081 3373 3161 superlative
3406 3081 3658 3144 ablatio-

285 3178 499 3258 ἔχουσι·
560 3175 675 3252 μεθ’
727 3179 802 3231 ὧν
858 3177 958 3233 εἱσι
1011 3176 1099 3231 καὶ
1154 3177 1222 3233 τὰ
1266 3175 1595 3255 αἰτιολογικά
1623 3197 1635 3210 ⁸
1714 3180 1775 3234 τὸ
1840 3180 1933 3259 γὰρ

2021 3188 2156 3231 nem
2194 3172 2519 3251 continent,
2547 3171 2764 3251 quibus
2794 3171 3263 3234 adnumerantur
3292 3172 3493 3233 omnia
3532 3190 3664 3253 qua

284 3269 509 3346 ἀγαθὸν,
581 3268 669 3323 καὶ
718 3267 779 3322 τὸ
835 3263 1023 3335 καλὸν,
1084 3265 1171 3321 καὶ
1223 3266 1283 3321 τὸ
1365 3267 1447 3340 ὃν,
1520 3265 1601 3322 ὅτι
1652 3268 1715 3323 τὸ
1779 3274 1933 3327 Θεϊον

2021 3259 2094 3321 ad
2121 3262 2413 3323 rationem
2442 3279 2635 3322 causae
2668 3261 2987 3342 pertinent;
3024 3280 3160 3323 nam
3191 3261 3417 3323 bonum
3440 3263 3661 3339 etput-

282 3356 551 3423 ὑπέστησε
595 3352 755 3427 καλὰ,
843 3354 931 3410 καὶ
987 3352 1139 3424 ὅντα,
1197 3355 1284 3410 καὶ
1342 3354 1535 3433 ἀγαθὰ,
1600 3355 1660 3411 ἐκ
1718 3361 1822 3412 τῶν
1855 3359 1935 3413 αἱ·

282 3449 484 3503 ηατῶν
547 3445 679 3501 αὐτὰ
753 3445 1089 3518 ὀνομάζει-αι’
1154 3450 1314 3499 ταῦττ
1389 3445 1454 3502 τὰ
1524 3445 1797 3520 ἡνωμένα.
1862 3448 1933 3506 Τὰ

281 3534 342 3591 δὲ
408 3532 796 3612 διακεκριμένα,
855 3534 917 3590 τὸ
965 3532 1276 3612 ὑπερούσιον
1354 3531 1522 3609 ὄνομα
1583 3541 1673 3591 τοῦ
1722 3537 1931 3609 Πατρὸς

281 3627 351 3681 τὸ
404 3625 718 3702 δπερουσιον
769 3622 933 3698 ὄνομα
989 3629 1083 3679 τοῦ
1139 3622 1277 3701 Γὶοὗ,
1324 3623 1385 3679 τὸ
1413 3624 1722 3700 ὑπερούσιον
1764 3624 1932 3700 ὄνομα

279 3721 379 3771 τοῦ
408 3713 557 3792 ἇγίου
590 3713 912 3786 Πνεύματος⁶
977 3713 1091 3769 οὔτε
1151 3713 1249 3790 γὰρ
1304 3714 1624 3794 ἀναστροφὴ
1686 3714 1746 3770 ἐκ
1800 3716 1927 3771 τού-

282 3827 387 3861 των
424 3803 643 3882 γίνεται,
705 3801 821 3859 οὔτε
851 3800 1121 3869 κοινότης,
1185 3800 1245 3860 Ὀ
1306 3802 1405 3879 γὰρ
1468 3805 1645 3882 Πατὴρ
1691 3805 1845 3879 Θεὸς,
1872 3810 1930 3864 οὗ

281 3893 397 3968 μὴν
428 3894 455 3948 ὁ
485 3893 617 3955 Θεὸς
677 3891 859 3970 Πατὴρ
908 3894 1111 3966 μόνως’
1170 3893 1257 3947 καὶ
1316 3894 1343 3947 ὁ
1393 3893 1511 3956 Υἱὸς
1547 3894 1697 3969 Θεὸς,
1732 3898 1791 3951 οὔ
1822 3896 1928 3969 μὴν

275 3982 337 4038 δὲ
368 3982 461 4039 καί
494 3981 522 4035 ὃ
553 3982 680 4046 Θεὸς
708 3983 829 4044 Υἱὸς
862 3983 1061 4056 μόνως⁶
1124 3981 1319 4056 ὁμοίως
1377 3982 1464 4038 καὶ
1517 3982 1601 4038 ἐπὶ
1660 3990 1753 4039 τοὺ
1782 3984 1933 4062 ἁγίου

276 4071 371 4127 καὶ
420 4072 686 4141 ζωοποιοῦ
745 4072 1075 4143 Πνεύματος.
1136 4068 1362 4148 Εὕρηται
1419 4071 1507 4127 καὶ
1559 4069 1698 4138 ἄλλη
1745 4070 1931 4130 διακε-

276 4161 507 4238 κριμένη
548 4159 791 4238 θεολογία
849 4158 987 4225 ἰδίως
1044 4159 1130 4217 ἐπί
1184 4167 1279 4218 τοῦ
1341 4160 1526 4239 Κυρίου
1560 4163 1711 4237 ἡμῶν
1755 4163 1931 4230 Ἰησοῦ

275 4250 507 4328 Χριστοῧ
561 4252 649 4307 καὶ
707 4257 859 4321 Θεου,
918 4250 954 4318 ἦ
1011 4250 1193 4306 τούτου
1254 4246 1374 4307 καθ’
1427 4252 1574 4325 ἡμᾶς
1624 4250 1842 4331 ὕπαρξις
1894 4256 1927 4323 ἡ

274 4339 574 4408 παντελὴς·
632 4340 800 4418 σάρκα
855 4340 956 4417 γὰρ
1011 4340 1371 4420 ὲψυχωμενην
1398 4341 1487 4396 καὶ
1543 4342 1724 4418 νοερὰν
1754 4365 1926 4419 προσ-

274 4427 521 4487 ελάϐετο·
589 4430 673 4486 καὶ
728 4427 1107 4493 ἀναλλοίωτος·
1169 4430 1198 4486 ’ὂ
1246 4431 1345 4507 γὰρ
1407 4430 1475 4498 ἧν
1531 4431 1712 4505 μείνας
1764 4431 1923 4511 ἀτρὲο

276 4542 459 4599 πτως,
489 4519 520 4575 ὃ
549 4518 641 4575 οὒκ
690 4518 756 4586 ἧν
806 4516 1185 4597 προσελάϐετο,
1246 4517 1492 4585 δηλονότι
1543 4521 1656 4582 υίὸς
1716 4521 1920 4601 ἀνθρώ-

269 4630 401 4685 που,
464 4609 526 4664 τὸ
576 4604 664 4663 ὑπ’
725 4606 904 4687 ἀρχὴν
960 4608 1223 4687 γενέσθαι,
1283 4609 1344 4664 τὸ
1396 4609 1497 4665 ὑπὸ
1553 4608 1769 4689 χρόνον,
1833 4614 1921 4668 καὶ

275 4696 413 4754 τὲλλ
475 4697 539 4753 τὰ
584 4696 905 4775 ἀνθρώπινα,
967 4698 1050 4752 καὶ
1106 4695 1206 4755 ὅσα
1263 4696 1398 4753 ἄλλα
1454 4702 1553 4764 τῆς
1612 4698 1734 4755 κατ’
1766 4703 1923 4760 αὐτὸν

276 4787 671 4867 φάανθρωπίας
731 4787 1021 4864 μυστήρια,
1065 4787 1125 4842 τὸ
1165 4792 1439 4864 πεινῆσαι,
1473 4789 1534 4844 τὸ
1583 4785 1828 4868 διψῆσαι,
1862 4793 1923 4846 τὸ

269 4875 554 4950 κοπιάσαι,
609 4877 696 4932 κᾶὶ
744 4874 939 4955 τᾶλλα,
982 4875 1015 4931 ἅ
1050 4874 1113 4945 δὴ
1146 4899 1305 4957 φησιν
1361 4875 1616 4954 οὖσιώδη,
1651 4877 1923 4936 ἐκϐάλλων

266 4967 373 5035 τὰν
406 4967 540 5023 κατὰ
568 4966 856 5046 φαντασίαι)
886 4963 1057 5032 δόξαν,

358 5146 390 5225 §
419 5147 524 5210 IV.
562 5144 751 5220 Πρέπει
810 5145 1003 5219 τοίνυν,
1066 5142 1425 5207 ἀναλαϐόντας
1456 5146 1547 5202 τόν
1578 5145 1803 5214 ὁλοτελῆ
1825 5148 1924 5215 τῆς

266 5236 416 5297 θείας
465 5232 704 5296 ἐνῶσεώς
760 5254 818 5289 τε
870 5235 955 5289 καὶ
1012 5233 1284 5312 διαρίσεως
1339 5234 1577 5291 ἐκθέσθαι
1633 5237 1719 5293 καὶ
1751 5238 1923 5294 εἰπεῖν

268 5325 496 5401 τρόπον,
528 5322 673 5385 ὅπως
705 5320 865 5390 δῆλος
923 5326 951 5380 ὁ
985 5322 1144 5402 λόγος
1175 5322 1422 5404 γένηται,
1468 5323 1606 5381 ἅπαν
1638 5326 1735 5400 μὲν
1779 5327 1919 5383 ἀσα-

269 5415 368 5494 φὲς
421 5413 652 5492 φεύγων,
684 5413 748 5468 τὰ
787 5410 841 5469 δὲ
878 5414 1012 5469 κατᾶ
1068 5410 1284 5487 δύναμιν
1343 5421 1525 5493 σαφῶς
1584 5417 1921 5492 περιορίζων,

272 5502 509 5563 Καλοῦσι
554 5504 677 5582 γὰρ,
737 5500 867 5582 ὅπερ
923 5505 1012 5559 καὶ
1069 5502 1122 5558 ἐν
1168 5501 1364 5582 ἑτέροις
1410 5508 1588 5580 εἷπον,
1636 5506 1683 5561 οἱ
1715 5506 1778 5561 τὰ
1806 5508 1920 5585 ἱερὰ

270 5590 642 5669 μεμυημένοι,
701 5592 915 5655 ἰνώσεις
950 5592 1047 5668 μὲν
1108 5593 1251 5653 θείας
1294 5594 1389 5657 τὰς
1419 5594 1538 5669 περὶ
1588 5616 1688 5660 της
1745 5598 1920 5660 οὖσίας

266 5682 659 5753 ἀκαταλήπτου
690 5680 934 5761 γνώσεις·
979 5684 1072 5753 τήν
1130 5680 1183 5739 δὲ
1230 5683 1407 5739 οὗσίαν
1458 5684 1619 5752 αὖτὴν
1652 5686 1746 5751 τῆς
1780 5685 1916 5742 ἀκα-

2017 3351 2256 3424 chrum,
2273 3356 2332 3411 et
2350 3356 2767 3432 ens,quoniam
2793 3352 2949 3411 Deus
2973 3370 3043 3413 ea
3066 3369 3198 3431 quas
3219 3357 3361 3413 sunt
3382 3352 3659 3430 pulchra,

2019 3448 2078 3501 et
2107 3440 2416 3519 exsistunt,
2446 3448 2504 3501 et
2533 3441 2690 3501 bona
2708 3447 2865 3519 sunt,
2893 3440 3314 3521 suppeditavit,
3331 3457 3403 3502 ex
3433 3441 3661 3502 effectis

2017 3529 2143 3590 haec
2174 3534 2416 3590 nomina
2442 3529 2708 3609 sortitur;
2739 3547 2871 3609 qua:
2890 3541 3028 3589 sunt
3051 3529 3234 3591 unita.
3262 3531 3526 3593 Discreta
3549 3546 3655 3592 ve-

2012 3635 2081 3680 ro
2112 3626 2249 3678 sunt
2269 3635 2488 3678 nomen
2509 3618 3006 3697 superessentiale
3034 3618 3244 3699 Patris,
3269 3620 3401 3678 5'5!
3434 3636 3656 3681 nomen

2013 3706 2511 3785 superessentiale
2540 3706 2694 3781 Filii,
2732 3724 2952 3768 nomen
2981 3708 3479 3785 superessentiale
3508 3707 3655 3787 Spi-

2014 3795 2163 3857 ritus
2193 3795 2403 3876 sancti;
2431 3813 2505 3857 ex
2528 3796 2619 3857 his
2649 3795 2807 3857 enim
2842 3796 3003 3857 nulla
3032 3796 3098 3857 tit
3125 3797 3537 3877 reciprocatio,
3563 3798 3651 3859 vel

2017 3885 2498 3948 communicatio.
2534 3888 2708 3948 Pater
2729 3886 2889 3946 enim
2920 3888 3099 3958 Deus,
3133 3904 3250 3946 non
3280 3894 3477 3948 tamen
3498 3888 3658 3950 Deus

2016 3975 2208 4037 solum
2246 3978 2440 4049 Pater;
2470 3984 2528 4036 et
2556 3974 2745 4037 Filius
2778 3974 2957 4055 Deus,
2991 3993 3110 4036 non
3143 3984 3342 4037 tamen
3372 3975 3529 4038 Deus
3559 3994 3657 4038 so-

2017 4065 2106 4125 lus
2166 4064 2370 4138 Filius;
2431 4064 2704 4126 similiter
2755 4065 2933 4127 etiam
2994 4066 3070 4126 de
3139 4077 3344 4127 sancto
3400 4073 3460 4127 et
3507 4064 3656 4127 vivi-

2017 4154 2129 4215 ﬁco
2157 4154 2404 4235 Spiritu.
2440 4156 2737 4217 Invenitur
2767 4157 2941 4216 etiam
2975 4155 3085 4216 alia
3115 4155 3385 4233 quaedam
3410 4155 3656 4217 distinc-

2014 4253 2069 4305 ta
2101 4245 2419 4323 theologia,
2456 4264 2585 4325 quae
2616 4245 2853 4326 prepria
2884 4252 2973 4306 est
3005 4243 3255 4307 Domino
3282 4253 3487 4307 nostro
3508 4244 3651 4309 Jesu

2010 4334 2246 4399 Christo
2278 4353 2346 4396 ac
2377 4336 2524 4410 Deo,
2560 4334 2788 4398 scilicet
2838 4334 3098 4415 perfecta
3139 4335 3270 4415 ejus
3316 4335 3649 4397 secundum

2010 4443 2117 4486 nos
2145 4424 2476 4498 existentia,
2516 4425 2808 4505 siquidem
2867 4426 3188 4504 assumpsit
3238 4442 3481 4487 carnem
3515 4424 3649 4487 ani-

2009 4523 2226 4575 matam
2256 4533 2324 4575 ac
2359 4512 2692 4574 intellectus
2722 4513 3099 4593 participem;
3125 4522 3185 4575 et
3233 4513 3646 4591 immutabilis;

2004 4604 2164 4686 quod
2208 4604 2368 4666 enim
2423 4611 2549 4663 erat
2591 4602 3040 4665 immutabiliter
3084 4621 3353 4680 manens,
3388 4602 3448 4665 id
3492 4606 3650 4685 quod

2006 4712 2124 4755 non
2157 4701 2282 4755 erat
2311 4692 2655 4772 assumpsit,
2694 4709 2910 4771 nempe
2940 4692 3101 4754 ﬁlius
3129 4692 3647 4773 hominis,princi-

2005 4780 2086 4861 pii
2117 4780 2520 4860 temporisque
2548 4778 3004 4861 subjectionem,
3031 4781 3265 4858 aliaque
3284 4800 3418 4861 qua:
3440 4782 3648 4844 huma-

2006 4888 2083 4932 na
2132 4878 2292 4949 sunt,
2344 4877 2676 4943 caeteraque
2732 4870 3006 4949 mysteria
3056 4869 3443 4933 humanitatis
3486 4872 3644 4950 eius,

2005 4958 2843 5040 esuriem,sitim,laborem,et
2872 4969 3086 5020 caetera
3107 4979 3239 5041 quae
3259 4960 3404 5024 dicit
3432 4979 3649 5024 essen-

2006 5050 2188 5117 tialia,
2224 5060 2290 5110 ut
2316 5048 2593 5111 excludat
2618 5049 3024 5128 apparentiam
3050 5049 3481 5129 imaginariam.

2087 5141 2114 5219 §
2142 5137 2236 5199 IV.
2271 5138 2517 5218 Expedit
2546 5136 3052 5217 utique,nonnihil
3082 5139 3257 5202 altius
3286 5142 3648 5203 resumenda

2010 5226 2502 5311 perfectissimum
2526 5226 2689 5288 illum
2720 5226 2934 5288 divinae
2957 5227 3197 5290 unionis
3227 5247 3295 5291 ac
3310 5229 3647 5292 distinctio-

2004 5320 2097 5380 nis
2129 5317 2391 5390 modum,
2422 5316 2750 5397 explanari,
2786 5335 2901 5397 quo
2921 5317 3092 5379 nobis
3112 5318 3302 5379 oratio
3323 5319 3397 5379 sit
3420 5325 3643 5398 aperta,

2003 5410 2394 5472 obcuritatem
2428 5408 2666 5486 quidem
2694 5407 3076 5486 fugiens,hzec
3106 5426 3267 5483 vero,
3300 5407 3489 5487 quoad
3521 5408 3646 5469 ﬁeri

2004 5507 2218 5581 potest,
2272 5497 2432 5558 clare
2486 5496 2806 5558 deﬁniens.
2842 5497 3009 5558 Sacri
3058 5495 3219 5559 enim
3252 5496 3551 5576 doctores,
3584 5503 3648 5556 ut

2004 5591 2064 5651 in
2093 5589 2224 5650 aliis
2255 5587 2433 5647 etiam
2465 5583 2846 5657 dixi,divinas
2872 5583 3114 5663 quidem
3149 5584 3402 5648 uniones
3437 5591 3645 5646 vocant

2004 5680 2277 5743 notiones
2306 5675 2440 5736 illas
2470 5673 2685 5734 divina:
2710 5681 2768 5735 et
2797 5674 3427 5754 incomprehensibilis
3444 5690 3645 5737 essen-
