2043 3103
205 172 263 208 667

790 178 820 212 S.
844 178 1018 213 DIONYSII
1033 180 1286 214 AREOPAGszE

1835 179 1892 213 668

204 252 253 282 tus
263 258 322 280 non
333 246 433 280 eduxit
443 258 545 281 secum
559 250 790 291 Patrem,ueque
801 249 957 290 Spiritum,
969 257 1023 280 ne-

1070 249 1190 286 ματικῶν
1206 250 1287 287 μόνον
1301 249 1433 289 ιενώσεων,
1468 248 1537 278 ἀλλὰ
1552 250 1596 278 καί
1611 249 1662 278 τῶν
1683 248 1710 277 ἒν
1726 249 1829 289 ψυχαις
1845 250 1896 278 αὖ·

203 304 261 336 que
274 295 433 336 quidquam
444 293 499 326 sibi
512 294 662 335 proprium
675 295 711 325 iis
730 294 860 335 reliquit,
876 295 927 326 sed
944 295 1023 326 hunc

202 349 355 381 egressum
372 349 389 370 ι
403 339 449 370 sui
464 339 558 380 ipsius
576 340 729 371 mansione
745 340 814 371 fecit
829 341 898 370 554
915 339 1022 370 indivi-

202 385 481 416 vulsum.Czeterum
494 385 621 415 uniones
638 394 795 424 corporum
811 394 876 426 quae
886 385 1022 416 elemen-

202 430 300 461 taliter
313 429 641 470 cousiderantur,atque
653 430 710 460 alio
722 430 848 470 quodam
860 430 946 460 modo
960 439 1023 470 per-

202 475 376 511 miscentur,
387 474 542 505 virtutibus
554 479 582 505 et
594 474 789 514 qualitatibus
799 478 1006 514 permutantur
1019 483 1027 511 ;

202 519 341 550 similiter
357 528 474 559 quoque
485 519 639 550 facultates
653 519 800 550 animales
816 528 900 549 suam
919 519 1029 550 habent

201 564 494 604 diﬂ‘erentiam;quin
511 568 540 594 et
551 563 724 602 angelorum
749 573 815 594 cum
840 563 948 594 divinis
963 563 1028 595 illu-

202 609 394 639 strationibus
421 608 570 639 unitiones
598 618 650 648 pro
668 608 806 639 ordinum
835 608 1024 648 propriorum

202 658 285 693 parte
299 663 333 684 ac
350 654 540 693 proportione
559 654 641 684 fiunt.
663 653 803 684 Divinittis
830 662 898 684 vero
917 657 1026 684 sanctae

202 698 401 736 Trinitatis,et
412 698 555 739 quidquid
569 698 634 738 ejus
646 698 787 734 est,nullo
799 698 943 729 (lictorum
958 707 1024 728 mo-

202 743 240 773 do
256 743 446 782 dissecta,aut
459 752 477 773 a
498 752 530 773 se
543 743 672 781 diversa,
686 742 791 773 merito
806 746 944 773 censetur
960 751 1027 773 esse

203 797 292 826 supra
303 788 374 818 istas
387 787 792 827 uniones.Supercollocatur
802 788 880 817 enim
895 790 965 817 unio
977 796 1025 818 su-

203 831 455 872 persubst-antialis
466 841 524 862 non
537 835 647 862 tantum
659 829 925 871 corporeis,verum
937 831 1024 862 etiam

203 876 240 906 iis
256 885 321 915 quae
345 879 374 907 in
398 876 643 915 animabus,quin
657 880 686 906 et
705 876 734 906 in
752 876 887 916 ipsismet
912 877 1027 916 angelis

1066 300 1141 332 ταῖς,
1160 295 1203 323 καὶ
1219 294 1321 332 μᾶλλον
1337 294 1363 322 ἐν
1378 295 1471 326 αὐτοῖς
1487 301 1546 326 τοῖς
1575 295 1712 334 ἀγγέλοις,
1729 295 1761 325 ἃς
1777 294 1810 328 δί,
1827 295 1898 323 ἑνώ-

1066 350 1122 371 σεις
1144 339 1214 371 θείας
1237 339 1332 379 ἔχωσι
1348 340 1381 373 τὴ
1411 341 1583 379 ὑπερουράνια
1612 343 1699 380 φῶτα,
1732 341 1756 367 οἱ
1773 340 1895 380 ἄγγελοι,

1066 385 1187 425 ἆμιγῶς,
1202 385 1370 424 ἄσλγχύτως,
1388 386 1430 413 καὶ
1453 385 1649 424 ὑπερκοομίως,
1680 384 1730 413 ὅλα
1751 384 1784 412 δι’
1799 384 1872 412 ὅλων
1891 407 1897 414 .

1070 431 1100 458 οὗ
1118 430 1169 468 γὰρ
1205 430 1320 468 μερικῶς
1344 428 1542 468 ὲπιϐραϐεύεται
1570 430 1672 461 τούτοις
1697 431 1715 463 ἡ
1731 429 1865 467 ἕλλαμψις
1889 454 1897 469 ,

1070 473 1138 502 ἀλλ’
1152 474 1294 514 ὁλοτελῶς,
1314 475 1335 502 εἰ
1351 474 1472 503 κὰκεῖνοὶ
1498 475 1563 513 πρὸς
1580 475 1609 502 τὸ
1624 474 1732 503 δυνατὸν
1748 475 1792 502 καὶ
1816 475 1897 512 μόνον

1071 521 1203 550 ἐνοῦνται,
1221 518 1343 560 ”δ.ιαπερ,
1360 519 1436 555 ἡλίου
1452 518 1583 551 ὁλοτελῶς
1602 519 1813 557 ἐπιλάμποντος,
1830 519 1896 547 ἕκα-

1070 575 1132 592 στον
1160 565 1226 603 πρὸς
1254 564 1284 591 τὸ
1299 563 1408 592 δυνατὸν
1424 575 1470 593 του
1496 565 1582 603 φωτὸς
1597 563 1807 602 μεταλαμϐάνει,
1826 564 1895 593 οὕτω

1067 610 1112 637 καὶ
1128 610 1171 637 ἐπὶ
1194 616 1251 641 τοϊς
1261 609 1384 648 ἀγγέλοις
1402 609 1515 648 γίνεται,
1532 609 1599 637 κατὰ
1613 610 1662 643 τήν
1684 608 1827 647 ἀναλογίαν
1842 609 1893 637 αὖ-

1067 657 1132 693 τῶν,
1149 655 1197 686 τῆς
1213 655 1281 686 θείας
1305 654 1348 682 καὶ
1369 654 1554 693 ὺπέρηρμένης
1577 654 1696 685 ξενώσεως
1720 655 1892 693 μετέχουσιν.

1068 697 1151 727 ’Ἔστι
1167 698 1294 737 διάκρισις
1310 698 1337 726 ἓν
1352 705 1413 729 ταῖς
1428 697 1588 737 θεολογίαις,
1605 699 1656 738 οὐχ
1671 699 1702 732 ἢν
1719 699 1822 739 ἔφημεν
1841 699 1893 736 μό-

1068 754 1111 771 νον
1142 744 1277 782 πρότερον,
1304 743 1344 771 ὅτι
1373 743 1536 783 ἀπδγχύτως
1566 745 1600 775 εἷς
1624 750 1696 783 τρεῖς
1719 743 1894 774 ἰ’ποστάσεις

1068 787 1227 826 διακέκριται
1257 787 1409 825 ἁδιαιρέτως
1439 789 1526 821 ἣθεία
1556 790 1600 816 καὶ
1627 788 1700 821 ἀπλῆ
1728 789 1816 826 φύε-ις’
1834 787 1895 816 ἀλλ’

1068 833 1108 860 ὅτι
1123 833 1166 860 καὶ
1195 833 1224 860 τί)
1239 836 1284 860 τοῦ
1312 834 1412 871 Πιτρὸς
1435 833 1559 872 αὔλημα,
1577 832 1701 866 δηλονότι
1716 834 1733 867 ἡ
1758 833 1894 871 θεογὸνῖα,

1068 880 1116 907 οὒκ
1147 877 1309 916 ἀντιστρέφει
1332 879 1397 915 πρὸς
1428 877 1522 906 τᾶλλα.
1556 877 1630 910 Μόνη
1659 878 1709 916 γὰρ
1736 877 1812 915 πηγὴ
1841 879 1894 910 τῆς

204 921 468 961 contingunt,quas
484 922 586 961 utique
603 921 717 952 divinas
732 920 858 951 uniones
876 920 927 952 illa
941 921 1013 951 lumi

1069 922 1222 961 ὒπερουσίου
1250 923 1376 955 θεότητος
1404 923 1418 950 ὁ
1454 923 1566 960 Πατὴρ,
1609 922 1795 961 φυλαττόντων
1839 925 1893 949 τῶν

204 966 285 995 naria
296 966 528 1007 supercoelestia,
540 967 654 997 scilicet
662 965 1020 1005 angeli,impermiste,in-

204 1010 369 1051 confuse,et
381 1011 732 1051 supermundialitertota
746 1019 778 1040 se
790 1010 857 1040 totis
873 1010 1021 1047 obtinent;

205 1064 263 1085 non
287 1055 366 1086 enim
396 1056 558 1095 partialiter
580 1056 628 1087 his
654 1055 810 1086 illustratio
835 1055 1020 1095 conceditur,

203 1100 255 1130 sed
273 1101 393 1131 omnino
409 1101 533 1139 integre,
553 1101 793 1140 tametsiquoque
804 1109 856 1140 pro
870 1105 956 1139 captu
968 1109 1020 1130 suo

203 1144 345 1175 duntaxat
370 1146 521 1176 uniantur.
537 1145 789 1182 Qurmadmodum
812 1145 874 1175 sole
900 1144 1021 1175 omnino

1063 968 1152 1006 ὕμνων
1174 966 1287 999 εὒσεϐὡς
1299 968 1330 995 τὰ
1345 968 1431 995 οἰκεῖα
1448 967 1547 1005 ἑκάστῃ
1564 968 1617 996 τῶν
1638 969 1790 1007 θεαρχικῶν
1805 966 1893 995 ’Υπο-

1064 1012 1195 1043 στάσεων,
1211 1011 1276 1040 Ἰδού
1290 1013 1333 1039 κᾶἷ
1349 1012 1423 1050 ἑτέρα
1446 1011 1587 1051 διάκρισις,
1611 1012 1674 1039 καθ’
1695 1011 1727 1044 ἥν
1756 1011 1891 1050 διακέκρὲ-

1063 1068 1106 1086 ται
1122 1059 1135 1085 ὁ
1164 1058 1255 1095 Πατὴρ
1281 1059 1334 1084 τῶν
1363 1058 1499 1096 αἱτιατὼν,
1529 1058 1588 1087 Υἱοῦ
1602 1068 1630 1085 τε
1647 1057 1690 1085 καὶ
1712 1057 1864 1093 Πνεύματος
1881 1079 1890 1087 .

1064 1103 1144 1130 Αὗται
1159 1102 1207 1139 μὲν
1223 1104 1247 1129 <17
1264 1102 1322 1130 κατ’
1339 1101 1441 1135 ἐκείνην
1463 1102 1511 1135 τὴν
1528 1102 1641 1141 ὂίρῤητόν
1671 1102 1784 1141 φυτικὴν
1819 1101 1890 1129 ἔνω-

1065 1157 1104 1173 σιν
1121 1145 1228 1178 ὲνώτεις
1244 1157 1272 1174 τε
1290 1146 1333 1173 καὶ
1348 1145 1504 1184 διακρίσεις.

204 1189 336 1229 perfecte
355 1190 547 1222 illucescente
563 1190 709 1230 quidlibet
725 1199 776 1230 pro
792 1193 879 1228 captu
895 1198 948 1219 suo
965 1190 1064 1220 lumen
1082 1190 1248 1230 participat,
1262 1193 1302 1220 ita
1316 1190 1404 1220 etiam
1419 1190 1450 1220 in
1461 1190 1576 1229 angelis
1588 1189 1744 1230 contingit,
1760 1189 1831 1221 dum
1844 1199 1890 1221 se—

203 1234 333 1265 cundum
349 1236 568 1275 proportionem
586 1244 668 1266 suam
686 1234 792 1266 divinae
809 1234 888 1265 illius
905 1238 934 1264 et
963 1234 1215 1273 supereminentis
1231 1234 1349 1265 uniouis
1367 1235 1524 1274 participes
1552 1235 1707 1266 exsistunt.
1725 1235 1776 1266 Est
1801 1234 1887 1265 etiam

203 1279 356 1310 distinctio
383 1280 413 1310 in
430 1280 549 1319 divinis,
568 1289 628 1311 non
659 1289 693 1310 ea
708 1284 819 1310 tantum
842 1288 930 1319 quam
958 1279 1040 1318 prius
1070 1279 1210 1316 diximus,
1228 1279 1309 1318 quod
1334 1279 1491 1310 inconfuse
1515 1280 1543 1310 in
1565 1284 1626 1310 tres
1650 1279 1794 1310 Personas
1809 1278 1887 1309 indi-

203 1323 291 1355 vidua
320 1324 506 1365 simplexque
535 1329 640 1355 natura
665 1324 763 1355 divina
792 1324 949 1359 dividatur,
982 1333 1086 1354 verum
1116 1323 1207 1355 etiam
1235 1323 1330 1355 Patris
1352 1325 1445 1364 notio,
1462 1324 1577 1355 scilicet
1606 1324 1698 1355 activa
1715 1324 1769 1355 Dei
1797 1333 1889 1363 gene—

202 1368 289 1405 ratio,
306 1378 373 1400 cum
390 1369 455 1399 aliis
471 1379 529 1400 non
546 1373 745 1400 convertatur.
761 1370 847 1400 Pater
863 1368 941 1398 enim
958 1368 1039 1399 solus
1054 1368 1120 1399 fons
1135 1373 1181 1399 est
1196 1369 1460 1408 superessentialis
1477 1369 1610 1406 Deitatis,
1629 1369 1758 1409 qualibet
1774 1368 1891 1400 divina-

202 1423 269 1444 rum
286 1414 485 1445 Personarum
503 1415 692 1454 proprietatis
709 1422 769 1444 suae
785 1413 888 1443 laudes
911 1413 1051 1452 religiose
1066 1414 1321 1445 conservantibus.
1347 1414 1426 1445 Ecce
1443 1414 1531 1445 etiam
1560 1414 1649 1445 aliam
1665 1413 1891 1444 distinctionem

203 1458 369 1489 secundum
399 1468 488 1497 quam
505 1461 591 1490 Pater
605 1459 641 1489 ab
665 1458 779 1489 effectis
793 1457 857 1488 Filii
886 1463 915 1488 et
930 1457 1057 1498 Spiritus
1087 1459 1181 1490 sancti
1196 1459 1401 1499 distinguitur.
1418 1458 1470 1490 Hae
1490 1458 1609 1499 quidem
1637 1463 1706 1489 sunt
1723 1459 1846 1489 uniones
1861 1462 1892 1489 et

203 1503 410 1535 distinctiones
426 1504 456 1534 in
472 1504 522 1535 illa
541 1503 684 1535 inelIabili
700 1504 811 1534 unione
826 1503 965 1535 naturali.

243 1547 360 1588 §V.Est
381 1548 469 1580 etiam
487 1549 650 1580 secundum
661 1548 747 1579 aliam
763 1548 908 1579 rationem
924 1548 1023 1579 divina

1105 1549 1119 1589 Ξ
1137 1550 1172 1580 V.
1190 1549 1273 1579 ’Ἔστι
1289 1551 1332 1578 καὶ
1347 1550 1409 1578 κατ’
1424 1549 1503 1578 ἄλλον
1529 1550 1608 1588 λόγον
1628 1550 1684 1577 θεία
1716 1548 1855 1587 διάκρισις,
1873 1551 1890 1584 ἡ

204 1592 367 1633 distinctio,
384 1593 433 1624 illa
449 1593 502 1625 Dei
515 1598 634 1633 propter
654 1593 864 1623 abundantiam
883 1592 1024 1623 bonitatis

203 1638 350 1668 emanatio
365 1638 400 1669 ad
417 1638 595 1678 multiplices
613 1643 672 1669 tam
685 1637 842 1668 invisibilis
855 1646 941 1677 quam
958 1637 1024 1668 visi-

204 1682 271 1713 bilis
285 1687 430 1714 crenturaa
444 1683 664 1714 formas.Porro
679 1682 877 1723 providentia:
891 1682 1025 1721 benigni-

204 1731 338 1766 tatesque
350 1728 520 1764 creationis,
532 1727 616 1758 trime
632 1728 736 1758 unitati
752 1731 820 1758 sunt
834 1736 1020 1758 communes.

202 1771 246 1803 Ne
261 1772 444 1812 itaque.cum
460 1773 566 1803 audies
581 1772 816 1812 distinctionem,
832 1771 1022 1802 existimave-

202 1818 254 1857 ris,
264 1818 314 1848 uni
326 1827 445 1857 quoque
458 1817 596 1848 Personae
608 1817 695 1848 alicui
712 1817 835 1848 seorsim
853 1820 1023 1856 competere

204 1862 384 1893 creationem
398 1862 661 1902 providentiamve,
675 1861 726 1893 sed
743 1861 952 1892 distinctiones
968 1870 1021 1900 ap-

204 1906 323 1946 pellavit
343 1907 546 1938 emanationes
576 1907 736 1937 creationis
761 1915 796 1937 ac
820 1905 1021 1946 providentiae,

205 1956 342 1991 tanquam
359 1952 521 1983 effusiones
535 1952 676 1983 bonitatis
691 1961 707 1982 a
723 1951 806 1982 beata
823 1956 853 1980 ot
869 1950 1024 1980 inconfusa

204 1996 347 2027 Trinitate
363 1996 700 2036 distinctas,secundum
714 2005 786 2035 quas
800 2006 815 2026 a
830 1995 1020 2035 participatis,

204 2040 319 2070 scilicet
333 2040 430 2077 donis,
449 2045 478 2071 et
491 2040 747 2080 participantibus,
762 2040 877 2070 scilicet
893 2039 1020 2077 ell'ectis,

201 2084 360 2115 laudantur
374 2093 409 2115 ea
418 2094 482 2125 quae
497 2085 716 2124 imparticipate
735 2084 1022 2124 participantur.lm-

200 2129 374 2169 participate
389 2136 488 2160 autem
507 2129 699 2170 participatur
711 2129 799 2166 Deus,
816 2130 886 2160 555
902 2129 952 2169 qui
966 2138 1022 2160 na-

202 2178 266 2204 tura
278 2183 330 2204 sua
345 2174 376 2205 in
390 2174 485 2205 tribus
493 2174 628 2206 subsistit
637 2174 791 2211 Personis;
802 2174 951 2215 siquidem
966 2174 1021 2205 hoc

1066 1594 1108 1623 διὰ
1123 1594 1223 1628 πλῆθος
1240 1595 1402 1634 ἀγαθότηιος
1415 1594 1526 1633 πρόοδος
1551 1595 1597 1623 τοῦ
1613 1595 1678 1622 Θεοῦ
1701 1595 1738 1625 είς
1754 1594 1807 1627 τὴν
1836 1605 1889 1622 πο-

1065 1638 1177 1667 λυειόίλν
1205 1642 1254 1672 τῆς
1278 1639 1449 1678 δημιουργίας
1477 1640 1527 1672 τῆς
1563 1639 1675 1677 ἀοράτου
1704 1639 1748 1666 καὶ
1775 1639 1887 1677 ὁρατῆς.

1066 1684 1154 1713 Κοιναὶ
1183 1683 1210 1712 δὲ
1239 1685 1288 1712 εἱσι
1313 1687 1360 1716 τῆς
1376 1683 1584 1722 τρισυποστᾶτου
1602 1682 1691 1714 ἐνέδος
1707 1684 1733 1710 αἱ
1756 1681 1888 1720 δημιουρ-

1065 1730 1136 1767 γικαὶ
1152 1729 1270 1768 πρόνοιαί
1291 1739 1320 1756 τε
1350 1730 1393 1757 καὶ
1408 1728 1583 1767 ἆγαθότητες.
1608 1728 1652 1761 Μὴ
1678 1731 1741 1766 γοὺν
1769 1727 1886 1765 ἀκούσῃς

1065 1773 1207 1812 δῖακρισιν,
1232 1774 1274 1802 καὶ
1290 1774 1414 1813 νομίσῃς,
1437 1774 1477 1801 ὅτι
1500 1772 1699 1812 διακέκριμὲνος
1716 1774 1774 1810 μία.
1802 1771 1886 1800 ἰ’πὸ-

1065 1829 1156 1850 στασις
1186 1818 1244 1858 ἔχει
1266 1819 1315 1852 τὴν
1344 1817 1547 1857 δημιουργίαινῆ
1575 1818 1625 1851 τὴν
1654 1818 1790 1857 πρόνοιαν·
1813 1816 1884 1844 ἀλλὰ

1065 1862 1209 1899 διακρίσεις
1226 1865 1303 1891 εἷπον
1320 1863 1365 1893 τὰς
1382 1861 1508 1901 προόδους
1522 1862 1569 1895 τῆς
1592 1861 1764 1900 δημιουργίας
1778 1862 1823 1890 καὶ
1837 1862 1886 1894 τῆς

1065 1908 1198 1946 προνοίας,
1215 1908 1251 1939 ὣς
1266 1918 1339 1939 τινας
1369 1908 1461 1947 χύσεις
1490 1907 1653 1946 ἆγαθότητος
1684 1906 1887 1943 διακεκριμένοις

1065 1952 1118 1980 ἀπὸ
1142 1955 1192 1985 τῆς
1208 1952 1335 1991 μακαρίας
1353 1953 1394 1980 γαὶ
1409 1951 1561 1991 ἀσυγχύτου
1584 1950 1705 1991 Τριάδος,
1722 1949 1780 1979 καθ’
1795 1951 1827 1982 ἃς
1859 1950 1888 1978 ἐκ

1064 2000 1117 2024 τῶν
1131 1997 1266 2037 μετοχῶν,
1284 1996 1407 2029 δηλονότι
1424 1999 1475 2024 τῶν
1488 1995 1604 2035 δωρεῶν,
1620 1996 1664 2024 καὶ
1679 1996 1732 2024 τῶι
1755 1995 1889 2035 μετεχόν-

1064 2045 1128 2081 τῶν,
1145 2044 1198 2069 τῶν
1221 2042 1343 2069 αἱτιατῶν
1366 2040 1500 2080 δηλονότι,
1528 2042 1650 2078 ὑμνεῖται
1673 2041 1705 2068 τὰ
1735 2039 1887 2077 ὰμεθέκτως

1064 2086 1246 2126 μετεχόμενα.
1276 2086 1463 2126 Μετεχόμενον
1479 2085 1506 2113 δὲ
1528 2086 1598 2113 ἐστιν
1612 2085 1763 2116 ἆμεθέκτως
1778 2085 1795 2118 ἡ
1817 2095 1891 2123 τρισ-

1063 2132 1209 2163 υπόστατος
1239 2131 1313 2171 φύσίς
1342 2132 1355 2158 ὁ
1383 2132 1459 2165 Θεὸς,
1491 2131 1535 2158 καὶ
1555 2133 1632 2158 τοῦτο
1660 2130 1709 2168 γὰρ
1747 2130 1836 2158 κοινὸν
1857 2132 1889 2166 τῇ

1064 2175 1113 2213 ὅλῃ
1127 2176 1245 2212 Θεότητι,
1261 2186 1291 2203 το
1307 2178 1393 2203 πᾶσαν
1409 2175 1491 2208 αὒτὴν
1526 2173 1593 2207 ὅλην
1622 2173 1664 2214 ὑφ’
1693 2174 1806 2203 ἔκαστοι)
1832 2177 1885 2201 τῶν

201 2218 254 2249 toti
269 2218 412 2249 divinitati
428 2228 586 2250 commune
602 2223 781 2256 est,omnem
795 2219 888 2259 ipsam
903 2223 993 2249 totam
1005 2229 1021 2250 a

1065 2220 1233 2259 μετεγόντων
1250 2220 1423 2259 μετέχεσθαι,
1446 2220 1488 2247 καὶ
1513 2218 1560 2247 οὒκ
1585 2218 1611 2246 ἐν
1628 2218 1714 2256 μέρει,
1742 2219 1765 2245 εἰ
1797 2218 1888 2246 καὶτὰ

199 2263 332 2304 quolibet
360 2264 600 2304 participantium
632 2264 813 2304 participari,
841 2267 869 2294 et
901 2274 960 2294 non
989 2263 1019 2294 in

200 2312 295 2348 parte,
313 2308 430 2339 tametsi
446 2309 651 2349 partieipantia
676 2309 841 2340 secundum
870 2309 1020 2349 propriam

199 2353 367 2385 facultatem
386 2363 449 2383 eam
461 2353 908 2394 participent,quemadmodum
924 2353 1019 2388 valida

198 2407 270 2428 voce
286 2398 422 2434 excitata,
442 2402 602 2437 praesentes
624 2407 727 2429 omnes
751 2407 804 2438 pro
817 2398 955 2429 facultate
970 2407 1022 2428 sua

201 2442 337 2473 eamdem
355 2443 533 2482 percipiunt,
548 2447 577 2474 et
594 2443 649 2483 vir,
664 2447 692 2474 et
706 2447 827 2483 puer,et
844 2442 952 2473 bruta:
971 2443 1023 2474 sed

203 2487 246 2518 illi
260 2487 380 2525 quidem
393 2487 584 2527 valentius,hi
597 2497 666 2519 vero
678 2488 844 2525 remissius,
858 2487 1022 2518 secundum

201 2532 346 2563 facultatis
361 2532 503 2563 audiendi
514 2533 785 2573 efﬁcaciam.Atque
795 2532 1025 2563 communicabi-

200 2577 237 2608 lis
253 2581 296 2608 est
311 2587 376 2614 vox,
394 2582 423 2608 et
438 2577 467 2608 in
493 2587 525 2608 se
550 2578 614 2616 ipsa
640 2576 935 2608 incommunicabilis
959 2587 1025 2608 ma-

200 2631 288 2652 nens.
314 2621 380 2659 Vel,
394 2623 478 2661 juxta
508 2622 643 2663 exempla
666 2622 828 2662 proposita,
845 2622 924 2653 sicut
940 2622 1026 2653 lineae

201 2672 283 2698 recte
298 2666 568 2698 acircumferentia
595 2672 697 2698 centro
721 2667 826 2698 circuli
848 2667 1024 2707 incidentes,

202 2711 276 2743 illud
288 2711 404 2752 integre
420 2711 609 2752 participant,
623 2716 653 2743 et
664 2721 722 2742 non
739 2720 773 2742 ex
788 2711 1024 2751 parte,quoniam

200 2757 441 2796 punctum,quod
460 2761 489 2788 et
501 2761 636 2788 centrum
653 2760 796 2796 est,parte
812 2760 904 2794 caret;
920 2763 950 2787 et
963 2756 1024 2786 sic-

202 2805 234 2831 ut
250 2810 285 2831 ea
301 2809 366 2840 qua)
380 2810 521 2841 expressa
536 2804 605 2831 sunt
626 2800 755 2832 totaliter
770 2804 799 2832 et
814 2809 874 2831 non
889 2809 924 2831 ex
940 2803 1026 2841 parto

201 2844 337 2884 sigillum
355 2846 620 2886 participant.Dum
634 2850 731 2877 autem
748 2845 883 2886 exempla
899 2845 1023 2886 profert,

1062 2264 1212 2305 μετέχοντα
1227 2265 1296 2293 κατὰ
1310 2265 1359 2298 τὴν
1383 2264 1480 2293 οἰκείαν
1496 2264 1641 2303 μετέχουσι
1657 2262 1777 2300 δύναμιν,
1797 2263 1888 2301 ὥσπερ

1062 2309 1149 2349 φωνῆς
1166 2309 1286 2348 μεγάλης
1305 2308 1452 2347 γενομένης
1469 2307 1582 2340 ἅπαντες
1609 2307 1770 2347 μετέχουσιν
1793 2308 1816 2336 οἱ
1832 2318 1887 2335 πα-

1062 2354 1151 2393 ρόντες
1172 2354 1239 2382 κατὰ
1254 2354 1303 2386 τὴν
1324 2354 1422 2381 οἰκείαν
1447 2352 1568 2390 δύναμιν,
1591 2352 1636 2380 καί
1666 2352 1741 2390 ἀνὴρ,
1759 2352 1808 2379 καί
1836 2352 1887 2386 νή-

1063 2409 1135 2437 πιον,
1154 2399 1197 2426 καὶ
1214 2397 1297 2437 ἄλογα
1315 2408 1321 2415 ·
1352 2397 1411 2426 ἀλλ’
1428 2398 1452 2425 οἱ
1484 2398 1534 2434 μὲν
1555 2396 1793 2436 ἐρρωμενέστερον,
1810 2398 1833 2424 οἱ
1860 2395 1887 2424 δὲ

1065 2441 1239 2481 ἂμυδρότερον
1268 2445 1332 2481 πρὸς
1347 2442 1395 2476 τὴν
1411 2444 1458 2475 τῆς
1478 2442 1636 2477 ἀκουστικῆς
1657 2440 1805 2480 ἐνέργειαν,
1835 2439 1887 2471 Καὶ

1065 2487 1121 2515 ’ἐστι
1136 2487 1278 2524 μεθεκτικὴ
1294 2488 1311 2521 ἡ
1327 2489 1415 2526 φωνὴ,
1428 2485 1468 2526 ἐφ’
1485 2486 1581 2519 ἑαυτῆς
1596 2485 1741 2523 ἀμέθεκτος
1758 2485 1887 2522 μένουσα,

1066 2531 1122 2572 "H,
1137 2532 1205 2560 κατὰ
1220 2532 1251 2560 τὰ
1272 2532 1433 2566 ὑποκείμενα
1468 2529 1678 2569 παραδείγματα,
1710 2530 1799 2569 ὥσπερ
1824 2530 1888 2558 κέν-

1067 2588 1128 2616 τρου
1153 2576 1249 2605 κύκλου
1279 2577 1303 2604 at!
1332 2576 1385 2604 ἀπὸ
1411 2575 1461 2610 τῆς
1491 2575 1655 2615 περιφερείας
1676 2575 1889 2611 προαπίπτουσαι

1067 2623 1164 2651 εὖθεται
1180 2622 1243 2659 πρὸς
1260 2625 1336 2649 ἰοῦῐο
1352 2621 1448 2651 ὃλικῶς
1466 2620 1622 2659 μετέλουτι,
1648 2621 1691 2646 καὶ
1713 2620 1760 2647 οὒκ
1788 2619 1814 2646 ὲν
1838 2621 1889 2656 μέ-

1067 2674 1116 2706 ρει⁶
1133 2666 1229 2705 ἀμερὲς
1245 2667 1293 2704 γὰρ
1310 2668 1338 2693 τὸ
1355 2673 1480 2704 σημεῖον,
1499 2666 1511 2692 ὃ
1540 2664 1572 2697 δὴ
1589 2665 1631 2692 καὶ
1646 2665 1676 2692 τὶ)
1693 2664 1799 2702 κέντρον
1822 2664 1887 2692 ἐστί’

1067 2712 1110 2740 καὶ
1125 2711 1213 2750 ὥςπερ
1229 2711 1259 2738 ταὶ
1276 2711 1467 2746 ἐκντυπώχιαια
1484 2709 1592 2745 ολικῶς,
1621 2710 1663 2737 καὶ
1685 2709 1732 2736 οὒκ
1760 2709 1787 2736 ἐν
1815 2708 1889 2746 μέρει

1066 2757 1115 2789 τῆς
1132 2755 1275 2796 σφραγῖδος
1296 2756 1466 2794 μετέχουσιν,
1489 2755 1573 2782 [Sindi]
1597 2753 1622 2781 δὲ
1643 2754 1674 2781 τὰ
1690 2753 1889 2792 παραδείγματα

1065 2800 1256 2839 ὑπερκειμένην
1289 2799 1402 2827 δείκνυσι
1434 2800 1498 2835 πρὸς
1522 2802 1603 2826 ταῦτα
1625 2798 1674 2831 τὴν
1699 2801 1747 2831 τῆς
1763 2798 1889 2830 θεότητος

1066 2845 1203 2883 ἆμεθεξίαν
1222 2855 1229 2862 ·
1247 2845 1312 2872 διότι
1343 2845 1400 2872 οὔτε
1424 2844 1513 2883 statui,
1537 2846 1617 2876 αὖτῆς
1634 2843 1714 2880 ἐστιν,
1731 2844 1767 2873 ὡς
1784 2843 1826 2871 ἐπὶ
1842 2846 1888 2870 τοῦ
