4028 6212
295 394 414 468 669
799 399 899 466 DE
943 400 1239 465 DIVINIS
1282 392 1735 480 NOMINIBUS,
1783 400 1946 464 CAP.
1993 400 2072 464 ΙΙ.
2121 434 2197 449 -—
2239 404 2600 467 PARAPHB
2636 451 2652 485 ,
2699 400 3186 469 PACHYMEILE
3553 395 3674 464 670

292 540 520 616 σημείου
553 537 670 597 οὔτε
703 536 842 605 ἄλλη
874 560 955 604 τις
986 539 1260 618 συμμιγὴς
1292 541 1533 596 κοινωνία
1567 541 1695 617 πρὸς
1726 539 1790 596 τὰ
1821 560 1940 614 μετ-

2029 537 2291 608 declarat
2320 539 2647 603 divinitatis
2675 539 3344 622 imparticipabilitatem
3377 540 3505 603 haec
3535 537 3668 621 ipsa

289 634 513 713 έχοντα,
547 634 621 695 ὡς
665 631 779 688 ἔστι
830 632 928 698 τῆς
987 630 1299 710 σφραγῖδος·
1362 632 1482 688 κατ’
1542 633 1718 688 οὖσίαν
1764 633 1861 711 γὰρ
1905 633 1939 697 ἡ

2029 645 2305 709 superare
2339 632 2614 711 quoniam
2650 650 2846 711 neque
2885 640 3070 693 tactus
3116 634 3246 712 ejus
3276 636 3392 712 est,
3426 631 3581 693 sicut
3604 629 3664 689 in

288 725 479 789 θεότης
512 725 571 778 0-3
604 722 917 801 μετέχεται,
953 723 1237 796 μεθεκτικὴ
1284 720 1339 777 δέ
1383 723 1524 778 ἐστιν
1570 724 1625 778 ἓν
1655 727 1731 795 τῷ
1757 720 1811 786 ἒξ
1841 724 1938 778 αῦ-

285 817 388 879 τῆς
420 812 563 868 εἶναι
595 812 662 868 τὰ
704 817 900 889 πάντα,
951 812 1036 867 καὶ
1091 809 1179 867 ὑπ’
1226 811 1388 878 αῦτῆς
1431 811 1741 891 συνέχεσθαι
1774 812 1847 874 εἰς
1877 813 1937 868 τὸ

289 902 459 963 εἶναι,

370 1172 398 1252 §
422 1169 520 1236 VI.
547 1173 725 1231 Καίτοι
749 1172 877 1251 φαίη
901 1193 1005 1238 τις,
1027 1174 1099 1233 ὡς
1123 1170 1215 1227 οῦκ
1240 1169 1379 1227 ἔστιν
1407 1174 1440 1239 ἡ
1474 1173 1693 1251 σφραγὶς
1714 1175 1769 1229 ἒν
1793 1171 1938 1234 ὅλοις

284 1277 406 1328 τοῖς
437 1262 739 1339 ἑκμαγείοις
773 1265 805 1327 ἡ
839 1264 993 1331 αὒτήο
1028 1267 1129 1318 ποῦ
1177 1261 1278 1334 μὲν
1308 1263 1406 1337 γὰρ
1438 1260 1665 1337 ἀκριϐῶς
1699 1259 1937 1341 ἐγκεχά-

287 1374 504 1430 ρακται,
538 1359 640 1407 ποῦ
669 1350 723 1406 δὲ
756 1351 1003 1429 μετρίωςο
1039 1354 1125 1406 καὶ
1159 1349 1304 1428 λέγει
1336 1350 1473 1407 λύων
1506 1354 1533 1407 ὁ
1596 1350 1824 1428 ⁹¹Αγιος,
1859 1352 1939 1407 ὄτι

286 1450 448 1499 τοῦτο
503 1440 708 1515 μᾶλλόν
738 1440 849 1496 ἔστι
883 1442 1242 1517 παρατατιιιὸν
1284 1447 1389 1496 τῶν
1432 1439 1758 1517 λεγομένων,
1793 1440 1873 1497 ὅτι
1904 1445 1939 1512 ἡ

288 1532 391 1608 μὲν
450 1531 669 1609 σφραγὶς
710 1532 743 1597 ἡ
776 1532 909 1599 αὒτή
942 1531 1105 1585 ἐστιν’
1157 1532 1192 1597 ἡ
1224 1527 1278 1585 δὲ
1310 1535 1417 1585 τῶν
1448 1531 1787 1609 μετεχόντων
1818 1529 1939 1586 δια-

286 1619 424 1697 φορὰ
454 1618 679 1694 ἀνόμοια
711 1631 859 1674 ποιεῖ
888 1632 1036 1674 ποιεῖ
1063 1620 1127 1673 τὰ
1161 1618 1515 1691 ἓκτυπώματα
1536 1624 1632 1685 τῆς
1668 1620 1825 1686 αὕτῆς
1856 1615 1943 1675 καὶ

2022 730 2239 798 puncto
2272 739 2466 801 neque
2496 722 2612 784 alia
2660 721 2879 802 quaevis
2930 723 3101 784 mista
3149 721 3490 785 communio
3521 737 3655 781 cum

2022 808 2504 891 participante,ut
2525 812 2582 871 in
2613 811 2832 890 sigillo;
2856 831 2992 895 nam
3023 811 3304 874 divinitas
3331 809 3664 873 secundum

2021 896 2406 960 substantiam
2444 918 2562 961 non
2598 901 3127 981 participatur,sed
3157 909 3247 963 est
3278 898 3663 981 participans,

2021 987 2082 1048 in
2112 996 2403 1065 quantum
2431 1008 2498 1051 ex
2532 1008 2602 1052 ea
2630 998 2763 1052 sunt
2781 990 2981 1052 omnia
3001 999 3059 1054 et
3079 991 3152 1053 ab
3173 991 3299 1072 ipsa
3321 990 3515 1053 in‘suo
3534 1006 3667 1050 esse

2023 1078 2432 1143 continentur.

2102 1168 2516 1247 §VI.Atdicet
2536 1170 2775 1251 aliquis,
2815 1171 3072 1250 sigillum
3100 1170 3319 1233 intotis
3360 1171 3667 1253 expressis

2023 1257 2229 1336 ﬁguris
2259 1278 2375 1320 non
2402 1279 2534 1322 esse
2554 1260 3111 1341 idem;quandoque
3140 1260 3299 1323 enim
3332 1270 3537 1324 exacte
3560 1280 3670 1323 ex-

2025 1365 2292 1427 pressum
2326 1358 2437 1424 est,
2462 1351 2825 1428 quandoque
2854 1369 2993 1412 vero
3026 1350 3428 1425 mediocriter;
3470 1351 3672 1431 aitque

2024 1444 2264 1499 sanctus
2295 1435 2471 1499 Pater
2502 1438 2559 1499 id
2605 1438 2863 1513 solvens,
2912 1438 3094 1519 magis
3127 1456 3196 1500 ea
3223 1458 3355 1519 quae
3384 1439 3671 1501 dicuntur

2024 1526 2403 1602 conﬁrmare;
2437 1528 2719 1607 quoniam
2752 1528 3011 1607 sigillum
3044 1529 3203 1590 idem
3228 1529 3452 1605 est,sed
3479 1529 3669 1592 diver.

2024 1614 2170 1675 sitas
2203 1616 2794 1690 communicantium,
2832 1620 3007 1679 unius
3036 1637 3104 1679 ac
3135 1618 3405 1696 ejusdem
3459 1620 3671 1697 primi-

286 1715 419 1784 μιᾶς
450 1708 794 1787 ἀρχετυπίας·
834 1708 955 1764 οἷον
1010 1709 1052 1763 εἶ
1110 1707 1278 1781 ἆπλᾶ,
1312 1709 1399 1763 καὶ
1456 1707 1753 1780 εὖτύπωτα,
1787 1709 1822 1776 ἢ
1855 1710 1940 1765 καὶ

2029 1702 2157 1764 tivae
2183 1704 2746 1775 foriiire,dissimiles
2776 1707 2972 1768 reddit
2994 1707 3221 1785 efﬁgies
3249 1729 3261 1771 :
3284 1716 3349 1770 ut
3373 1707 3423 1768 si
3445 1708 3670 1788 simpli-

286 1799 410 1855 λεϊν
442 1799 526 1855 καὶ
561 1797 840 1876 ἁχάρακτα
895 1798 1001 1853 ἀπὸ
1032 1796 1210 1852 ἄλλων
1255 1798 1727 1874 προηγησαμενωο
1759 1820 1939 1877 χαρα-

2029 1796 2111 1853 cia
2143 1798 2501 1867 formatuque
2518 1798 2723 1865 facilia,
2747 1799 2833 1856 vel
2851 1802 3017 1856 etiam
3035 1801 3251 1865 mollia,
3277 1800 3517 1872 aliisque
3530 1800 3670 1871 ﬁgu-

284 1889 526 1966 κτήρων,
560 1888 647 1942 καὶ
678 1887 814 1961 μήτε
850 1885 1056 1963 σκληρὰ
1086 1888 1173 1942 καὶ
1203 1887 1478 1962 ἀντίτυπα,
1514 1890 1588 1950 ὡς
1631 1887 1940 1953 κατεσκλη-

2029 1885 2109 1947 ris
2138 1905 2207 1946 ac
2238 1886 2445 1947 formis
2474 1893 2760 1967 carentia,
2793 1908 2925 1969 qua;
2975 1908 3169 1969 neque
3198 1889 3349 1952 dura
3375 1891 3518 1969 sint,
3554 1910 3665 1953 ne-

286 1980 401 2040 κὼς
431 1979 618 2054 κηρὸς,
668 1978 804 2050 μήτε
849 1975 1009 2031 πάλιν
1059 1974 1366 2054 εὖδιάχυτα,
1414 1978 1486 2039 ὡς
1532 1976 1939 2054 κατατετηγμέ-

2029 1993 2141 2053 que
2169 1975 2545 2050 reluctantia,
2583 1985 2645 2038 ut
2675 1978 2969 2041 exsiccata
3000 1998 3159 2059 cera;
3214 1999 3410 2060 neque
3452 1982 3667 2042 iterum

287 2089 380 2130 νος
410 2072 480 2142 τῇ
506 2065 696 2144 θέρμῃ,
741 2067 967 2138 καθαρὸν
1015 2064 1116 2128 ἕξει
1168 2068 1257 2121 τὸν
1305 2067 1491 2123 τύπον
1526 2068 1571 2121 εἰ
1600 2065 1653 2122 δέ
1682 2089 1732 2122 τι
1763 2064 1940 2122 ἐλλεί-

288 2177 405 2228 πει,
450 2162 605 2211 τοῦτο
638 2154 812 2210 αἴτιον
842 2155 877 2221 ἢ
911 2162 999 2209 τοῦ
1029 2154 1286 2232 ἀσαφοῦς,
1320 2156 1356 2223 ἢ
1388 2166 1479 2213 τοῦ
1524 2156 1940 2231 παρακεκομμέ-

288 2268 408 2319 von,
445 2243 481 2311 ἦ
512 2268 659 2306 τινος
692 2243 880 2323 ἄλλοι),
913 2243 1012 2299 ὅσα
1044 2242 1404 2319 ὲπισυμϐαίνει
1432 2243 1515 2300 διὰ
1546 2246 1642 2311 τὴν
1671 2251 1776 2299 τῶν
1809 2268 1937 2315 μετ-

291 2335 537 2415 εχόντων
606 2332 1109 2400 ἀνεπιτηδειότητα,
1171 2336 1368 2390 Σκόπει
1417 2336 1505 2390 καὶ
1565 2334 1745 2409 ἑτέραν
1802 2336 1941 2391 θείαν

280 2420 551 2500 διάκρισιν
601 2424 700 2490 τὴν
740 2427 837 2489 τῆς
896 2423 1343 2499 ἐνανθρωπήσεως
1397 2430 1489 2479 τοῦ
1538 2423 1729 2500 Λόγου,
1765 2425 1941 2479 καὶτὸ

288 2513 483 2582 δρᾶσαι
542 2514 628 2568 καὶ
686 2515 899 2584 παθεῖν,
935 2512 1031 2568 ὅσα
1081 2514 1154 2577 ὣς
1212 2511 1482 2589 ἅνθρωπος
1512 2514 1598 2567 καί
1630 2509 1810 2588 ἔδρασε
1853 2515 1941 2568 καὶ

286 2603 452 2659 ἔπαθε
510 2604 785 2675 θαυμαστά
842 2603 927 2657 καὶ
986 2599 1276 2678 παράδοξα⁶
1328 2604 1527 2665 τοῦτοις
1571 2602 1670 2678 γάρ
1702 2604 1727 2656 ὁ
1759 2603 1940 2677 Πατὴρ

288 2694 473 2749 καὶτὸ
516 2697 727 2764 Πνεῦμα
757 2693 1210 2760 κεκοινωνήκασιν
1263 2692 1306 2747 εἰ
1356 2692 1435 2764 μὴ
1496 2712 1577 2753 τις
1628 2690 1773 2746 εἴποι
1805 2691 1943 2746 κατὰ

288 2784 389 2849 τὴν
420 2780 788 2861 φιλάνθρωπον
831 2779 1067 2838 εὖδοκίαν
1123 2782 1210 2837 καὶ
1252 2781 1530 2858 βούλησιν,
1573 2783 1661 2837 καὶ
1720 2781 1854 2835 κατὰ
1884 2782 1942 2835 τὸ

289 2872 694 2948 συνεργάζεσθαι
744 2874 819 2944 τῷ
848 2871 954 2943 Υἱῷ
989 2871 1083 2935 τὰς
1109 2872 1451 2945 θεοσημείας,
1490 2869 1642 2929 Οὕτω
1696 2870 1821 2948 γοῦν
1852 2872 1938 2926 καὶ

286 2962 456 3033 ἡμεῖς
509 2960 680 3023 καθὼς
731 2962 797 3015 τὰ
851 2964 970 3016 θεῖα
1029 2959 1243 3038 ἔχουσιν
1304 2959 1553 3027 ἀληθείας
1588 2961 1676 3016 καὶ
1706 2963 1935 3039 φύσεως,

287 3052 378 3107 καὶ
408 3050 556 3106 ξνοῦν
585 3057 660 3124 τῷ
688 3049 834 3128 λόγῳ
864 3051 951 3106 καὶ
981 3049 1262 3128 διακρίνειν
1294 3048 1613 3125 σπεύδομεν.

371 3318 402 3397 §
438 3316 564 3379 VII.
596 3316 766 3375 Ἀλλὰ
817 3320 1012 3375 τούτων
1050 3320 1147 3393 μὲν
1180 3326 1286 3375 τῶν
1316 3320 1554 3375 ἐνώσεων
1599 3318 1686 3373 διαὶ
1738 3314 1942 3388 διακρί-

290 3429 427 3464 σεων
475 3407 600 3469 ὅσας
636 3410 801 3470 αἰτίας
832 3412 1148 3484 θεοπρεπεϊς
1196 3408 1247 3464 ἐν
1304 3421 1425 3473 ταῖς
1477 3411 1645 3483 ἱεραῖς
1704 3414 1942 3484 Γραφαῖς

322 3501 337 3522 9
666 3497 679 3515 θ
772 3496 814 3517 ν’
1003 3496 1068 3517 5"!
1258 3498 1272 3519 \
1336 3499 1350 3518 ί
1410 3498 1421 3515 ρ
1615 3494 1634 3512 ἢ
1737 3494 1788 3515 rp

290 3500 620 3576 ευρήκαμεν,
664 3518 715 3551 εν
766 3497 948 3561 αλλοις
1005 3516 1103 3571 ιοιᾳ
1159 3519 1275 3572 περι
1332 3519 1561 3561 ειιαστης
1609 3494 1943 3572 οιελαοομεν,

294 3588 364 3643 τὰ
408 3587 507 3661 μὲν
565 3587 970 3666 ἀναπτύξαντες,
1028 3595 1148 3644 νοῦν
1194 3587 1462 3643 ἀθόλωτον
1505 3586 1944 3662 προσαγαγόντες

289 3690 406 3741 τοῖς
467 3689 653 3753 φανοτς
706 3691 998 3755 γραφικοῖς
1055 3678 1334 3750 θεάμασιν,
1401 3674 1561 3753 (οὕτω
1610 3676 1709 3752 γάρ
1750 3676 1777 3729 ὁ
1808 3674 1942 3749 ἱερὸς

288 3766 611 3822 ἀναπτύσσει
659 3767 748 3821 καὶ
796 3765 1073 3843 ἑρμηνεῦει
1135 3763 1307 3843 νοῦς·)
1366 3777 1482 3829 τοῖς
1534 3762 1611 3842 δὲ,
1647 3764 1719 3826 ὡς
1752 3784 1944 3837 μυστι-

288 3854 416 3916 κοῖς
477 3855 564 3909 καὶ
606 3856 735 3931 ὑπὲρ
788 3856 970 3932 νοεράν
1019 3855 1309 3932 ἐνέργειαν,
1351 3854 1652 3927 ὲνωθέντες,
1700 3850 1945 3918 δηλονότι

287 3950 421 4021 σιγῇ
466 3946 554 4000 καὶ
609 3943 953 4020 ἀκαταληψὲᾳ
1000 3947 1327 4020 τιμήσαντες
1364 3948 1458 4002 οὐκ
1486 3942 1661 4006 ἄλλως
1694 3942 1794 4020 γάρ
1825 3954 1943 4005 τοϊς

288 4035 549 4097 τοιούτοις
604 4031 879 4090 ἐπιϐάλλει
937 4037 963 4091 ὁ
1007 4037 1145 4111 ἱερὸς
1208 4040 1326 4097 νοῦς
1378 4033 1412 4102 ἢ
1456 4033 1592 4088 κατὰ
1646 4033 1941 4088 ἀπόπαυσιν

290 4123 474 4188 πάσης
503 4124 764 4191 κινήσεως
798 4127 1053 4192 νοητικῆς
1108 4130 1211 4179 τῶν
1264 4122 1432 4179 ὄντων
1464 4129 1619 4178 τοῦτο
1651 4122 1749 4199 γὰρ
1780 4119 1941 4186 δηλοῖ

286 4215 351 4269 τὸ
384 4212 513 4291 ὑπὲρ
568 4214 748 4285 νοερὰν
804 4213 1091 4293 ἐνέργειαν,
1146 4214 1415 4270 τουτέστιν
1475 4211 1598 4268 ὅταν
1629 4219 1704 4284 τῷ
1736 4210 1941 4266 ﬁmu-

288 4301 485 4373 λήπτῳ
512 4309 604 4359 τοῦ
635 4310 766 4359 Θεοῦ
797 4306 1050 4359 πάντοθεν
1108 4302 1427 4382 περισχεθῇ,
1486 4303 1604 4357 τότε
1657 4298 1941 4373 καταλαμ-

2024 2064 2199 2140 lluxa,
2238 2077 2304 2125 ut
2334 2084 2470 2127 cera
2494 2085 2613 2147 prae
2634 2068 2831 2130 calore
2862 2067 3199 2147 liquefacta,
3238 2068 3482 2131 nitidam
3523 2069 3672 2148 ﬁgu-

2023 2171 2148 2214 ram
2197 2154 2471 2216 habitura
2522 2166 2682 2236 sunt;
2734 2158 2823 2217 sin
2872 2167 3067 2220 autem
3122 2158 3348 2236 aliquid
3389 2158 3665 2228 defuerit,

2024 2243 2137 2305 hoc
2172 2263 2354 2306 causa
2384 2244 2496 2306 erit
2527 2246 2613 2307 vel
2665 2246 3071 2320 obscuritatis,
3121 2248 3209 2310 vel
3243 2248 3537 2328 falsitatis,
3576 2249 3667 2310 vel

2023 2331 2268 2395 alterius
2300 2335 2725 2415 defectus,quae
2749 2346 2989 2416 propter
3022 2338 3488 2416 ineptituzlinem
3526 2356 3666 2416 par-

2026 2425 2397 2503 ticipantium
2450 2427 2747 2487 accidunt.
2799 2427 3061 2490 Observa
3092 2428 3271 2491 etiam
3302 2429 3477 2490 aliam
3512 2429 3670 2490 divi-

2028 2532 2163 2574 nam
2190 2514 2639 2578 distinctionem
2676 2516 2854 2578 Verbi
2887 2518 3177 2579 incarnati
3210 2526 3326 2579 tam
3358 2522 3416 2579 in
3437 2517 3668 2596 agendo

2024 2621 2197 2682 quam
2251 2604 2527 2682 patiendo
2560 2604 2852 2667 mirabilia
2879 2617 2937 2668 et
2985 2606 3380 2686 obstupenda,
3416 2624 3567 2685 quae,
3606 2605 3669 2667 in

2026 2704 2306 2771 quantum
2332 2694 2536 2767 homo,
2572 2703 2630 2755 et
2660 2696 2779 2773 egit
2808 2704 2867 2758 et
2893 2696 3156 2775 pertulit;
3182 2697 3274 2757 his
3306 2695 3464 2757 enim
3488 2698 3672 2758 etPa-

2028 2790 2118 2842 ter
2145 2791 2202 2841 et
2223 2782 2478 2861 Spiritus
2505 2802 2620 2844 non
2652 2787 3191 2859 communicarunt,
3216 2786 3327 2845 nisi
3357 2784 3506 2846 forte
3530 2784 3668 2865 quis

2022 2868 2255 2944 dixerit,
2288 2871 2614 2933 secundum
2644 2872 2962 2952 benignum
2999 2875 3438 2952 beneplacitum
3470 2891 3540 2936 ac
3565 2892 3669 2934 vo-

2022 2960 2335 3034 luntatem,
2389 2970 2447 3022 et
2493 2961 2554 3022 in
2609 2961 2823 3023 divinis
2868 2964 3054 3042 signis
3085 2963 3232 3025 Filio
3264 2962 3667 3043 cooperando.

2022 3052 2147 3113 Nos
2180 3050 2378 3126 itaque
2408 3050 2685 3114 similiter
2714 3070 2813 3115 res
2842 3052 3075 3115 divinas
3102 3070 3381 3115 sermone
3402 3053 3667 3131 conjun-

1957 3185 2001 3238 ο
2025 3157 2166 3218 gere
2193 3139 2677 3238 distinguereque
2708 3142 3050 3238 satagimus,
3088 3151 3261 3222 prout
3305 3160 3441 3204 vere
3470 3160 3539 3204 ac
3570 3160 3673 3203 na-

2027 3240 2159 3291 tura
2189 3247 2293 3290 sua
2319 3231 2499 3292 unita;
2529 3239 2666 3292 sunt
2693 3250 2762 3293 ac
2792 3231 3111 3294 dictinctze.

2106 3318 2245 3378 556
2275 3319 2303 3398 §
2336 3318 2459 3382 VII.
2508 3318 2626 3383 Sed
2661 3321 2868 3382 harum
2903 3323 3187 3382 unionum
3221 3340 3289 3383 ac
3326 3320 3665 3382 distinctio-

2030 3426 2167 3468 num
2202 3426 2587 3489 quascunque
2646 3409 2706 3470 in
2745 3411 2930 3471 sacris
2964 3409 3197 3472 Litteris
3252 3410 3515 3472 rationes
3549 3409 3666 3471 Deo

2029 3508 2459 3559 consentaneas
2507 3499 2865 3580 reperimus,
2896 3498 3038 3561 alibi
3070 3518 3338 3561 seorsum
3375 3500 3663 3579 explicui-

2034 3604 2186 3661 mus,
2225 3588 2437 3665 partim
2486 3589 2732 3665 quidem
2769 3607 2867 3650 eas
2899 3588 3294 3667 enucleando,
3329 3608 3397 3650 ac
3452 3606 3665 3667 purum

2027 3675 2454 3757 tranquillumq
2470 3697 2542 3739 ue
2567 3679 2829 3739 animum
2865 3696 3147 3757 perquam
3171 3676 3383 3737 lucidis
3405 3676 3674 3753 Scriptw

2027 3782 2225 3825 rarum
2246 3773 2481 3826 contem
2492 3764 2850 3839 plationibus
2879 3765 3246 3826 admovendo
3264 3766 3373 3841 (sic
3389 3764 3547 3827 enim
3565 3784 3674 3827 eas

2028 3871 2199 3914 mens
2228 3872 2396 3916 sacra
2433 3854 2686 3935 explicat
2717 3864 2777 3916 et
2808 3855 3492 3935 interpretatur),partim
3529 3872 3667 3916 vero

2028 3961 2136 4004 ceu
2172 3944 2638 4023 mysticis,supra
2662 3943 2878 4005 mentis
2899 3944 3076 4006 etiam
3103 3944 3512 4023 Operationem
3544 3944 3673 4004 uni-

2032 4034 2094 4112 ti,
2120 4033 2360 4095 silentio
2392 4033 2621 4095 scilicet
2651 4044 2709 4094 et
2738 4032 3328 4113 incomprehensibili
3361 4032 3536 4094 modo
3565 4034 3674 4094 ho-

2026 4141 2233 4183 norem
2264 4124 2647 4186 exhibentes.
2673 4126 2843 4186 Mens
2874 4124 3031 4184 enim
3068 4142 3237 4184 sacra
3268 4142 3383 4184 non
3405 4122 3668 4185 aliteriis

2027 4211 2281 4273 intendit
2311 4232 2484 4292 quam
2523 4232 2626 4293 per
2646 4232 2885 4274 omnem
2913 4212 3309 4276 cessationem
3348 4212 3671 4292 motus,qui

2027 4301 2097 4361 ad
2144 4302 2556 4380 intelligendas
2586 4320 2682 4363 res
2713 4302 2878 4372 facit;
2912 4303 3027 4364 hoc
3074 4296 3240 4363 enim
3276 4302 3542 4363 declarat
3593 4303 3670 4362 il-

285 4389 435 4446 6άνει
494 4392 672 4454 ποσῶς
720 4393 776 4448 τὸ
830 4394 1174 4467 ζητούμενον.
1218 4392 1394 4447 Πάντα
1427 4390 1525 4467 γᾶρ
1560 4391 1622 4445 τὰ
1654 4393 1775 4445 θεῖα
1821 4388 1940 4444 ὀθό-

2029 4391 2127 4452 lud
2160 4391 2316 4471 quod
2349 4393 2518 4466 dixit,
2542 4410 2733 4472 supra
2757 4394 2972 4455 mentis
3016 4394 3454 4471 operationem,
3488 4390 3547 4453 id
3579 4401 3674 4455 est

287 4503 457 4559 ματα,
492 4482 580 4537 καὶ
612 4481 707 4537 ὅσα
762 4484 894 4556 ἡμῖν
943 4482 1334 4561 πεφανέρωται,
1368 4493 1487 4542 ταῖς
1523 4491 1788 4557 μετοχαϊς
1835 4478 1938 4551 μό·-

2033 4483 2266 4560 quando
2302 4481 2562 4562 undique
2604 4482 2710 4544 Dei
2758 4481 3478 4560 incomprehensibilitate
3510 4500 3671 4541 com-

287 4592 404 4633 ναις
455 4571 833 4647 γινώσκονται,
881 4571 996 4627 καθ’
1056 4571 1117 4634 ἂς
1179 4570 1484 4648 μετέχομεν
1542 4568 1748 4644 ἀμιγὼς
1783 4567 1940 4639 ἤμετς

2034 4569 2447 4651 prehenditur,
2475 4581 2614 4632 tunc
2640 4571 2975 4652 assequitur
2996 4569 3153 4650 quod
3175 4571 3496 4650 quaerebat.
3521 4568 3668 4632 Nam

283 4666 379 4716 τοῦ
410 4659 561 4715 Θεοῦ·
597 4662 656 4715 ὲκ
685 4660 785 4738 γὰρ
815 4663 917 4716 τῶν
967 4666 1218 4739 μετοχῶν
1274 4665 1373 4714 τῶν
1427 4659 1526 4713 ὑπὸ
1559 4664 1644 4712 τοῦ
1676 4663 1805 4712 Θεοῦ
1834 4655 1940 4713 δω-

2029 4658 2224 4718 omnia
2241 4658 2437 4719 divina
2464 4660 2796 4733 nomina,et
2816 4678 3183 4740 quaecunque
3198 4658 3672 4739 uobisapparue-

287 4748 725 4827 ρουμὲνωνήμϊν
781 4751 867 4805 καὶ
926 4750 1019 4815 τᾶς
1072 4751 1190 4828 περὶ
1244 4748 1376 4805 Θεοῦ
1428 4746 1713 4820 ὀνομασίας
1750 4747 1941 4803 ποιού-

288 4840 447 4912 μεθα,
484 4837 622 4894 Λῦτᾶ
654 4836 708 4894 δὲ
738 4838 801 4894 τὰ
828 4842 948 4895 θεῖα
979 4840 1143 4895 ὁποῖά
1188 4837 1317 4894 ποτέ
1381 4836 1493 4892 ἐστι
1543 4838 1678 4890 κατὰ
1732 4834 1830 4902 τήι
1861 4836 1941 4890 οἶ-

286 4928 433 4985 Λείαν
465 4929 641 5008 φύσιν,
672 4930 801 5006 ὃπῦρ
834 4936 951 4986 νοῦν
998 4928 1092 4984 καὶ
1146 4934 1320 4985 πᾶσαν
1380 4927 1557 4983 οὖσὲαν
1602 4924 1761 4979 ἐστίν’
1823 4924 1945 4981 οἷον

286 5019 330 5073 εἰ
361 5017 463 5083 τὴν
496 5019 805 5095 ῦπερούσιον
861 5018 1208 5097 κρυφιότητα,
1258 5018 1347 5074 τὸν
1401 5016 1554 5083 Θεὸν,
1615 5013 1942 5087 ὀνομάζομεν

286 5108 322 5173 ἦ
371 5108 526 5180 Θεὸν,
561 5106 597 5174 ἢ
643 5109 809 5186 ζωὴν,
844 5108 880 5177 ἢ
917 5107 1102 5186 τᾶλλα,
1140 5106 1284 5163 οὐδὲν
1315 5104 1491 5182 ἕτερον
1537 5109 1753 5177 νοοῦμεν
1784 5102 1818 5170 ἢ
1850 5103 1940 5164 τὰς

284 5198 360 5260 εἰς
408 5197 555 5271 ἡμᾶς
608 5196 1002 5274 ἀγαθοπρεπεϊς
1055 5196 1323 5271 δυνάμεις,
1360 5197 1472 5254 καθ’
1508 5198 1571 5260 ἃς
1603 5196 1939 5271 ἐκθεούμεθα,

284 5285 322 5352 ἢ
352 5286 819 5359 οὖσιοποιούμεθα,
919 5286 1338 5360 ζωοποιοῦμεθι,
1394 5289 1484 5343 καὶ
1540 5285 1713 5343 τᾶλλα
1754 5287 1942 5360 ὁμοιο-

285 5374 528 5453 τρόπως.
608 5375 746 5441 Αῦτὴ
795 5373 849 5432 δὲ
902 5375 938 5441 ἦ
1002 5375 1113 5432 θεία
1170 5375 1517 5454 ὑπερύπαρξις
1571 5376 1705 5432 οὕτω
1761 5375 1941 5436 ποσῶς

284 5464 680 5542 ὑμνηθήσεται,
738 5462 863 5520 ὅταν
929 5464 1105 5532 πάσης
1170 5466 1430 5543 ἐνεργείας
1509 5464 1941 5542 δραστικωτάτης

283 5554 376 5609 καὶ
408 5558 592 5629 νοερᾶς
640 5552 988 5628 ἀπολυθεῖσα,
1034 5553 1234 5611 τούτων
1286 5555 1441 5625 ἡμῶν
1475 5553 1549 5610 ’ἕν
1596 5560 1661 5628 τῇ
1689 5560 1779 5610 τοῦ
1810 5554 1943 5625 ἤμει

278 5642 438 5718 τὲρου
494 5648 584 5698 νοῦ
638 5639 933 5718 ἀδιακρισίᾳ
985 5641 1192 5709 δέξηται
1256 5644 1393 5715 ἡμᾶς
1447 5641 1532 5697 διὰ
1583 5647 1738 5719 σιγῆς
1794 5642 1943 5716 αγίας

280 5728 675 5793 ἰπιόάλλοντας
707 5732 833 5791 ταῖς
865 5734 1068 5789 ἒκεϊθεν
1103 5731 1455 5809 ἐκφοιτώσαις
1499 5729 1743 5809 δωρεαῖς·
1791 5731 1947 5785 τοῦτο

2025 4755 2187 4827 runt,
2206 4748 2346 4809 solis
2380 4749 2932 4827 participationihus
2957 4758 3417 4827 cognoscuntur,
3445 4766 3664 4809 secun-

2027 4836 2165 4896 dum
2190 4856 2338 4918 quas
2359 4836 2729 4917 impermiste
2756 4837 2940 4898 Deum
2965 4836 3406 4916 participamus;
3444 4854 3575 4898 nam
3601 4857 3669 4898 ex

2029 4925 2577 5007 participationibus
2606 4946 2789 5007 quaaa
2824 4929 2942 4989 Deo
2987 4925 3158 4987 nobis
3206 4926 3524 5006 donantur,
3564 4929 3668 4990 Dei

2028 5034 2267 5095 quoque
2292 5017 2533 5077 nomina
2555 5016 2997 5095 componimus.
3032 5014 3212 5076 Porro
3243 5015 3448 5097 quales
3489 5016 3668 5097 ipsae—

2027 5112 2147 5166 met
2180 5124 2278 5165 res
2312 5106 2524 5167 divinae
2548 5106 2666 5166 sint
2693 5107 3025 5167 secundum
3052 5114 3316 5166 naturam
3351 5123 3672 5179 suam,om-

2027 5211 2159 5253 nem
2186 5202 2445 5255 mentem
2470 5203 2529 5254 et
2552 5194 2869 5256 essentiam
2907 5194 3166 5270 excedit;
3209 5195 3366 5255 velut
3408 5213 3541 5255 cum
3567 5212 3667 5254 ar-

2025 5301 2238 5345 canum
2264 5282 2406 5344 illud
2427 5282 3368 5364 superessentiale,Deum,Deum
3399 5282 3669 5343 nomina-

2028 5390 2179 5446 mus,
2216 5372 2304 5433 vel
2335 5372 2534 5444 vitam,
2573 5372 2660 5433 vel
2694 5373 2833 5451 alia,
2864 5371 3013 5433 nihil
3053 5371 3212 5432 aliud
3254 5370 3665 5449 intelligimus,

2026 5480 2204 5542 quam
2236 5463 2323 5523 vel
2352 5462 2635 5541 benignas
2668 5462 2725 5523 in
2759 5480 2863 5523 nos
2893 5461 3499 5533 virtutes,secunduin
3521 5479 3669 5539 quas

2024 5550 2397 5632 deiﬁcamur,
2433 5552 2521 5614 vel
2569 5550 3110 5613 substantiﬁcamur
3156 5548 3244 5608 vel
3276 5547 3665 5622 viviﬁcamur,

2025 5647 2201 5718 atque
2226 5640 2339 5701 alia
2356 5640 2791 5721 similiteersa
2816 5658 2947 5703 vero
2971 5638 3169 5700 divina
3189 5655 3548 5718 supraquam
3573 5657 3671 5700 ex-

2026 5729 2294 5790 sistentia
2340 5731 2427 5793 sic
2459 5729 2896 5811 quodammodo
2930 5726 3290 5809 laudabitur,
3325 5726 3562 5809 quando
3592 5727 3666 5791 ab
