4064 6206
311 319 420 392 671

1513 337 1574 400 S.
1623 338 1802 402 DION
1813 339 1966 401 YSlI
2009 339 2517 404 AREOPAGszE

3549 337 3668 405 6'72

312 465 574 534 eiﬁcacia
605 472 768 536 omni
796 471 1157 537 validissima
1187 481 1245 537 et
1276 473 1637 555 intelligente
1667 473 1937 536 absoluta

2031 474 2119 552 γὰρ
2175 476 2284 530 ἔστι
2344 475 2430 530 καὶ
2485 476 2518 542 ἡ
2566 471 2622 528 ἐν
2677 472 2912 551 ἀγνωσία
2963 473 3182 552 γνῶσις,
3229 471 3285 530 ὲν
3329 477 3365 552 ᾖ
3423 471 3668 548 ὸῦδεμίαν

309 559 596 640 suscipiet
627 583 734 624 nos
765 566 822 624 in
873 577 1073 626 sancto
1105 564 1364 638 silentio,
1415 571 1676 628 mentem
1711 563 1784 625 iis
1813 579 1945 642 quae

309 646 472 710 illinc
503 663 852 731 promanant
883 653 1054 715 donis
1084 653 1437 735 adjicientes
1470 674 1483 714 :
1521 655 1646 715 haec
1679 654 1836 715 enim
1859 662 1946 713 est

309 739 561 816 cognitio
593 741 651 802 in
686 743 1080 820 ignoratione,
1125 745 1184 806 in
1217 763 1333 826 qua
1377 743 1596 806 nullam
1643 742 1945 804 cernimus

309 827 397 887 vel
429 827 894 906 deiﬁcationem,
930 835 1015 894 vel
1033 833 1251 910 vitam,
1285 833 1376 895 vel
1407 832 1794 896 substantiam
1815 849 1947 912 quae

309 916 483 996 plane
512 918 727 982 similis
765 924 838 984 sit
886 941 1078 985 causae
1109 924 1226 998 isti,
1262 943 1394 1000 quae
1425 923 1656 984 cunctis
1687 939 1790 1001 per
1813 939 1944 982 om-

307 1023 444 1066 nem
475 1009 886 1074 excellentiam
919 1013 1243 1078 antecellit.
1279 1011 1634 1075 Veneranda
1658 1029 1948 1090 sacroque

309 1111 524 1174 pavore
553 1097 731 1179 digna
751 1109 886 1162 sunt
912 1110 1129 1166 sancta;
1173 1102 1481 1166 Trinitatis
1505 1101 1770 1178 nomina;
1802 1119 1948 1181 quo-

305 1183 464 1247 niam
501 1187 677 1250 Paier
705 1199 799 1252 est
819 1190 1098 1254 divinitas
1119 1191 1568 1272 fontalis,Filius
1597 1209 1733 1251 vero
1765 1207 1944 1251 sanc-

309 1283 521 1356 tusque
547 1276 799 1358 Spiritus
828 1289 964 1342 sunt
995 1281 1259 1362 quaedam
1310 1280 1580 1361 germina
1631 1298 1698 1340 ac
1743 1281 1940 1352 ﬂores,

306 1382 373 1425 ac
404 1365 630 1429 lumina
679 1371 1220 1450 superessentialia.
1254 1370 1537 1435 Germina
1574 1368 1842 1450 quidem,
1878 1385 1946 1429 ex

306 1451 535 1517 visione
587 1455 871 1519 olivarum
929 1460 1326 1522 Zacharizeh:
1385 1459 1607 1520 lumina
1656 1475 1822 1530 vero,
1870 1476 1942 1519 ex

2027 563 2233 640 ὁρῶμεν
2297 562 2332 630 ἦ
2389 562 2601 636 θέωσιν,
2659 562 2694 630 ἧ
2751 563 2916 640 ζωὴν,
2979 563 3177 637 οὖσίαν,
3241 562 3277 629 ἡ
3309 585 3388 624 τις
3439 561 3674 641 ἀκριϐῶς

2027 651 2396 722 ἐξισωθήσεται
2426 659 2491 729 τῇ
2539 653 2674 710 κατὰ
2717 659 2889 710 πᾶσαν
2925 655 3197 732 ὅπεροχήν
3243 651 3547 728 ἐξῃρημένη
3586 655 3681 709 aii-

2027 743 2132 814 τίᾳ.
2193 743 2268 799 Τὰ
2301 740 2560 818 σεϐάσμιοι
2609 743 2696 798 καὶ
2748 743 2938 822 φρικτὰ
2987 743 3070 799 ἐπὶ
3118 748 3220 810 τῆς
3261 742 3414 819 ἁγίας
3455 743 3678 820 masc;

2027 833 2287 911 ὀνόματα,
2351 831 2432 888 ὅτι
2475 832 2678 908 πηγαία
2705 833 2892 898 θεότης
2927 833 2953 888 ὃ
2983 833 3163 910 Πατήρ
3198 848 3211 862 ⁸
3277 835 3304 888 ὁ
3350 831 3404 888 δὲ
3439 835 3558 894 Υἱὸς
3587 833 3680 888 καὶ

2029 923 2088 976 τὸ
2119 921 2268 998 ἅγιον
2303 927 2510 995 Πνεῦμα
2553 919 2794 1000 βλαστοὶ,
2827 923 2915 978 καί
2957 921 3113 992 ἄνθη,
3151 923 3236 978 καὶ
3265 928 3414 1001 φῶτα
3448 922 3678 1000 ὑστερού-

2029 1033 2138 1070 σια.
2175 1009 2398 1068 Βλαστοὶ
2449 1011 2569 1086 μὲν,
2621 1011 2725 1067 ἀπὸ
2782 1016 2880 1078 τῆς
2929 1018 3034 1068 τῶν
3063 1010 3256 1068 ἐλαιῶν
3289 1011 3546 1074 ὀπτασίας
3581 1019 3676 1070 τοῦ

2029 1101 2296 1182 Ζαχαρίου
2331 1118 2345 1133 ·
2392 1108 2542 1180 φῶτα
2571 1099 2624 1156 δὲ
2683 1099 2744 1158 ἐκ
2775 1101 2866 1158 106
2899 1099 3148 1161 Ἰακώϐου
3185 1101 3410 1182 ἀδελφοῦ
3439 1111 3534 1161 106
3569 1111 3682 1160 Κυ-

2028 1192 2163 1264 ρίου,
2197 1192 2341 1270 παρὰ
2377 1189 2480 1268 [ἵσ.
2513 1189 2656 1270 περὶ]
2682 1198 2776 1248 τοῦ
2818 1193 3020 1271 Πατρὸς
3043 1193 3147 1248 τῶν
3179 1191 3367 1272 φώτων
3399 1189 3673 1270 λέγοντος.

2028 1288 2202 1338 Ταῦια
2247 1287 2370 1358 γοῦν
2394 1283 2459 1338 τὰ
2503 1281 2740 1354 ὀνόματα
2770 1281 2912 1360 παρὰ
2942 1282 3040 1350 τῆς
3093 1284 3312 1361 Γραφῆς
3364 1279 3678 1360 παρελάϐο-

2030 1391 2128 1444 μεν
2161 1391 2172 1402 ·
2207 1369 2352 1434 ὅπως
2395 1369 2451 1426 δὲ
2483 1377 2646 1427 ταῦτα
2695 1369 2867 1442 ἐστιν,
2903 1369 3020 1428 οὔτε
3065 1372 3232 1427 simia
3266 1369 3382 1428 οἷ’)τε
3425 1372 3673 1438 ἐννοῆσαι

2029 1457 2270 1523 δυνατόν,

305 1541 568 1622 Epistola
608 1547 810 1608 Jacobi
864 1547 1063 1611 fratris
1113 1549 1349 1612 Domini
1419 1549 1459 1629 ¹,
1492 1547 1592 1629 qui
1637 1547 1713 1608 de
1765 1547 1938 1609 Patre
1972 1546 2268 1609 luminum
2315 1550 2678 1611 mentionem
2725 1549 2886 1613 facit.
2939 1547 3076 1610 Haec
3127 1549 3323 1628 itaque
3373 1547 3618 1610 nomina
3647 1567 3682 1610 a

306 1631 631 1714 Scripturis
675 1635 861 1698 sacris
889 1637 1276 1720 accepimus;
1331 1656 1586 1719 quonam
1640 1647 1835 1699 autem
1883 1643 2056 1717 pacto
2109 1654 2245 1700 sese
2303 1637 2578 1714 habeant,
2617 1657 2813 1720 neque
2871 1637 3071 1720 eloqui
3102 1655 3295 1718 neque
3343 1637 3684 1716 intelligere

303 1723 594 1785 valemus.
851 1750 853 1752 ·

387 1811 586 1891 §Vlll.
619 1813 905 1878 Caeterum
939 1817 1221 1878 hactenus
1253 1835 1428 1878 omne
1481 1817 1694 1878 mentis
1727 1824 1942 1878 nostrae

2104 1818 2132 1898 ἓ
2163 1815 2312 1881 νΙΙΙ.
2345 1816 2506 1879 Ἀλλ’
2538 1817 2667 1900 ἂχρι
2697 1820 2884 1875 τούτου
2914 1815 3181 1895 προϐαίνει
3212 1821 3244 1885 ἦ
3275 1819 3372 1884 τῆς
3402 1819 3678 1896 ἡμετέρας

309 1901 568 1964 studium
599 1905 708 1966 hoc
723 1907 1274 1987 spectat,quomodo
1301 1926 1368 1967 ex
1388 1907 1494 1967 hac
1516 1907 1868 1987 paternitate
1881 1925 1946 1966 ac

2035 1913 2214 1985 νοερᾶς
2247 1907 2506 1984 ἐνεργείας
2533 1905 2865 1982 ὃ·3ναμις,ὅτι
2897 1906 2956 1962 ἐκ
2985 1907 3182 1972 ταύτης
3215 1907 3310 1974 τῇς
3342 1905 3684 1984 πατρότητος

311 1991 600 2054 ﬂliatione
622 1995 815 2056 omnis
835 1997 1152 2075 paternitas
1173 1997 1232 2056 in
1257 1996 1405 2058 crelo
1435 2005 1494 2057 et
1537 2002 1593 2054 in
1621 2003 1777 2056 terra
1805 1997 1946 2054 557

2032 1998 2119 2052 καὶ
2149 1999 2246 2064 τῆς
2276 1997 2520 2063 υἰότητος
2565 2002 2707 2052 πᾶσα
2761 1996 2954 2075 πατριὰ
2986 1997 3038 2050 ἒν
3069 1999 3271 2073 οὖρανῷ
3301 1997 3386 2051 καὶ
3445 1996 3530 2052 ἐπὶ
3573 2003 3680 2076 γῆς

300 2081 663 2158 nominetur;
687 2103 756 2146 ex
787 2105 898 2162 qua
915 2086 1072 2160 ﬁt,ut
1093 2085 1440 2166 spiritaliter
1453 2103 1520 2148 ac
1540 2085 1946 2146 doctrinaliter

2031 2086 2343 2160 ὀνομάζεται
2378 2090 2392 2113 ⁸
2423 2085 2474 2152 ἐξ
2517 2090 2582 2154 ἧς
2619 2091 2989 2160 πνευματικῶς
3033 2087 3119 2142 καὶ
3171 2081 3557 2150 διδασκαλικῶς
3589 2089 3681 2144 καὶ

301 2168 476 2230 etiam
509 2171 591 2232 dii
623 2183 680 2235 et
703 2175 950 2236 deorum
979 2183 1177 2254 patres
1195 2175 1378 2236 divini
1407 2193 1474 2236 ac
1507 2174 1700 2236 sancti
1733 2174 1864 2246 viri,
1885 2183 1943 2236 et

2031 2177 2134 2232 θεοὶ
2165 2178 2250 2231 καὶ
2271 2179 2401 2232 θεῶν
2426 2185 2673 2254 πατὲρες,
2724 2178 2769 2231 οἱ
2827 2175 2962 2231 θεῖοι
3013 2175 3098 2230 καὶ
3149 2175 3278 2250 ἱεροὶ
3335 2172 3543 2252 ἄνδρες,
3592 2172 3680 2232 καὶ

303 2258 549 2321 deorum
587 2261 690 2323 lilii
723 2264 826 2339 qui
855 2265 914 2326 in
937 2283 1104 2327 sacra
1127 2265 1394 2326 doctrina
1417 2265 1754 2342 proficiunt,
1781 2283 1940 2324 nun-

303 2357 617 2428 cupentur.
654 2351 804 2424 Quid
835 2361 1030 2414 autem
1057 2363 1144 2416 est
1176 2353 1590 2434 spiritaliter?
1631 2353 1688 2413 id
1735 2361 1823 2414 est
1851 2353 1938 2414 in-

305 2455 592 2519 corporee
643 2450 696 2503 et
757 2442 1254 2518 immaterialiter,
1306 2463 1376 2504 ac
1429 2443 1935 2514 intellectualiter,

305 2527 449 2590 viris
479 2529 758 2592 nimirum
792 2533 1010 2594 sanctis
1060 2551 1128 2594 ex
1179 2541 1380 2595 sancto
1433 2533 1676 2613 quidem
1721 2533 1940 2613 Spiritu

307 2617 527 2699 divino,
562 2621 662 2700 qui
692 2631 780 2683 est
811 2641 988 2702 supra
1021 2641 1258 2684 omnem
1293 2623 1845 2683 immaterialitatem
1877 2641 1945 2682 ac

306 2705 769 2784 deiﬁcationem,
823 2712 1188 2774 divinitatem
1223 2713 1374 2774 hanc
1414 2731 1480 2773 ac
1505 2711 1942 2792 spiritalilateui

307 2797 762 2877 accipientibus;
794 2820 864 2862 ex
903 2803 1073 2864 Patre
1105 2821 1242 2863 vero
1271 2821 1336 2863 ac
1369 2801 1540 2876 Filio,
1579 2804 1679 2878 qui
1714 2821 1818 2882 per
1845 2819 1943 2864 ex-

306 2887 643 2950 cellentiam
702 2909 940 2952 omnem
1003 2893 1412 2972 paternitatem
1473 2909 1540 2951 ac
1595 2893 1940 2954 (iliationem

309 2987 611 3057 superant,
646 2981 977 3042 istiusmodi
1009 2991 1222 3043 statum
1271 2982 1780 3062 participantibus.
1817 2979 1944 3042 Non

309 3067 468 3129 enim
504 3075 594 3129 est
645 3069 904 3148 perfecta
955 3071 1283 3132 similitudo
1331 3071 1556 3132 effectis
1607 3071 1822 3133 creatis
1875 3070 1946 3131 ad

2024 2269 2153 2320 θεῶν
2184 2267 2284 2321 υἱοὶ
2332 2264 2385 2320 ἐν
2433 2271 2498 2340 τῇ
2565 2267 2677 2343 ἱερᾷ
2731 2263 3036 2336 διδασκαλίᾳ
3097 2261 3498 2341 προσϐαίνοντες
3557 2267 3675 2320 ὀνο-

2026 2355 2303 2430 μάζονται.
2359 2355 2418 2412 Τί
2461 2356 2583 2432 γοῦν
2638 2353 2753 2410 ἔστι
2801 2355 2859 2410 τὸ
2919 2374 3288 2427 πνευματικῶς
3323 2369 3339 2428 ;
3373 2352 3676 2428 ἀσωματως

2025 2443 2229 2511 δηλαδὴ
2259 2447 2346 2500 καὶ
2404 2444 2602 2524 ἆὺλως,
2633 2445 2722 2500 καὶ
2783 2444 3010 2516 νοητῶς,
3047 2443 3106 2499 ἐκ
3135 2443 3233 2517 μὲν
3267 2449 3358 2499 τοῦ
3387 2445 3676 2522 θεαρχικοῦ

2027 2535 2327 2608 Πνεύματος
2356 2542 2449 2591 106
2467 2535 2594 2612 ὑπὲρ
2625 2539 2799 2590 πᾶσαν
2828 2533 3009 2590 ἆυλίαν
3039 2532 3186 2594 ὄντος
3221 2533 3310 2588 καὶ
3354 2533 3562 2602 θέωσιν,
3615 2536 3676 2589 τὸ

2025 2625 2132 2680 θεοὶ
2177 2623 2277 2704 [ῗσ.
2313 2624 2476 2704 θεῖον]
2507 2626 2592 2680 καὶ
2646 2625 2708 2679 τὸ
2751 2623 3110 2698 πνευματικὸν
3159 2621 3538 2697 λαμϐανόντων
3571 2623 3678 2679 τῶν

2027 2717 2178 2792 ἱερῶν
2205 2712 2492 2791 ἂνδρῶΨέκ
2521 2712 2574 2770 δὲ
2605 2723 2696 2772 τοῦ
2729 2715 2938 2792 Πατρὸς
2971 2715 3056 2768 καὶ
3084 2719 3176 2769 τοῦ
3209 2713 3350 2786 Υἱοῦ,
3383 2719 3488 2768 τῶν
3510 2715 3677 2786 ὑπερ-

2030 2811 2234 2884 οχικῶς
2264 2801 2604 2880 ἐξῃρημένων
2637 2803 2820 2868 πάσης
2875 2808 3098 2880 πατριᾶς
3145 2803 3231 2858 καὶ
3282 2803 3550 2880 υἱότητος,
3582 2805 3680 2868 τὰς

2026 2891 2234 2950 τοιάσδε
2265 2895 2481 2973 σχέσεις
2525 2889 3004 2972 προσδεχομένων.
3068 2888 3196 2949 Οὗδέ.
3228 2892 3326 2969 γὰρ
3358 2891 3493 2947 ἐστιν
3525 2893 3679 2971 ἀχρὶ-

2028 2981 2128 3050 ϐὴς
2165 2985 2422 3058 ὁμοιότης
2467 2996 2585 3045 τοῖς
2619 2983 2878 3046 αἴτια-τοϊς
2908 2982 3182 3060 κτίσμασι,
3218 2981 3304 3036 καὶ
3331 2993 3450 3044 τοϊς
3471 2983 3674 3056 αἰτίοις,

2031 3085 2152 3136 ταῖς
2182 3076 2520 3151 θεαρχικαϊς,
2555 3073 2714 3150 φημὶ,
2747 3069 3121 3128 ὒποστάσεσιν.
3156 3067 3276 3124 ἀλλ’
3322 3067 3438 3148 ἔχει
3469 3071 3568 3144 μὲν
3599 3073 3664 3126 τὰ

309 3173 538 3227 causas,
575 3157 824 3239 divinas,
859 3160 1126 3236 inquam,
1159 3179 1465 3240 personas;
1497 3162 1598 3222 sed
1626 3160 1798 3221 habet
1824 3162 1946 3241 qui-

2035 3163 2294 3236 κτίσματα
2350 3163 2443 3224 τὰς
2477 3158 2826 3240 ἐνδεχομένας
2885 3158 3090 3223 εἰκόνας
3133 3158 3194 3214 ἐκ
3235 3166 3327 3215 τοῦ
3357 3167 3510 3215 Θεοῦ·
3545 3161 3676 3216 αὐτὰ

309 3246 444 3308 dem
469 3256 777 3324 creaturae,
811 3249 1006 3328 quoad
1042 3250 1167 3310 ﬁeri
1223 3258 1439 3330 potest,
1485 3249 1775 3329 imagines
1815 3249 1943 3330 Dei;

309 3337 452 3414 ipsa;
475 3355 613 3398 vero
641 3357 834 3400 causa:
867 3339 1105 3419 penitus
1135 3339 1207 3400 ab
1241 3339 1469 3400 ell'ectis
1501 3340 1717 3400 creatis
1751 3357 1951 3400 exem-

309 3434 424 3506 ptae
463 3425 718 3508 sunt.Et,
769 3437 833 3490 ut
879 3429 1132 3490 terrenis
1175 3431 1464 3510 exemplis
1493 3439 1644 3508 utar,
1676 3429 1947 3509 volupta-

311 3525 397 3578 tes
426 3535 495 3578 ac
524 3516 766 3580 dolores
816 3519 1054 3580 efficere
1108 3519 1409 3590 dicuntur,
1444 3527 1508 3580 ut
1538 3517 1812 3579 homines
1843 3521 1946 3578 lie-

309 3614 506 3668 tentur
535 3607 634 3669 vel
695 3608 1023 3690 tristentur,
1055 3619 1257 3669 tamen
1292 3607 1432 3687 ipsa;
1465 3606 1791 3686 voluptates
1823 3626 1938 3668 non

309 3694 589 3758 dicuntur
631 3698 835 3777 laetari,
886 3717 998 3760 nec
1047 3699 1281 3760 dolores
1325 3697 1649 3758 tristantur.
1692 3699 1759 3758 Et
1789 3697 1942 3776 ignis

310 3786 602 3865 calefacit,
639 3795 696 3848 et
725 3789 942 3860 adurit,
979 3797 1180 3850 tamen
1209 3807 1322 3848 non
1358 3787 1571 3854 caleﬁt,
1606 3805 1717 3848 nec
1745 3787 1940 3848 aduri-

311 3877 660 3939 tur.ldcirco
693 3883 800 3938 etsi
825 3884 957 3957 quis
989 3879 1161 3938 vitam
1197 3877 1415 3948 vivere,
1448 3885 1506 3938 et
1538 3893 1641 3955 per
1671 3895 1736 3936 se
1767 3875 1938 3937 vitam

309 3963 961 4040 dixerit,etilluminari
993 3967 1052 4027 id
1087 3966 1246 4046 quod
1280 3984 1386 4042 per
1416 3983 1480 4025 se
1505 3965 1704 4026 lumen
1729 3975 1947 4034 est,na-

309 4073 600 4134 quaquam
627 4055 864 4136 proprie
887 4055 1118 4116 locutus
1142 4054 1344 4124 fuerit,
1371 4054 1696 4115 secundum
1722 4061 1946 4116 rectam

309 4142 572 4205 veritatis
602 4143 1041 4206 rationemznisi
1072 4143 1223 4203 forte
1247 4144 1374 4204 haec
1405 4141 1521 4202 alio
1557 4141 1727 4203 modo
1759 4143 1940 4224 dicat,

2032 3249 2085 3306 δὲ
2137 3251 2199 3306 τα
2249 3249 2398 3305 αἴτια
2456 3249 2728 3312 παντελῶς
2787 3250 2890 3304 τῶν
2933 3248 3180 3303 αἴτιατῶν
3211 3246 3514 3320 κτισμάτων
3547 3247 3675 3322 ἑξῄ-

2033 3340 2241 3416 ρὴνται,
2277 3340 2375 3398 Καὶ
2403 3339 2494 3394 ἵνα
2525 3339 2815 3418 χρήσωμαι
2860 3349 2978 3400 τοῖς
3035 3337 3252 3414 γηίνοις
3305 3334 3673 3414 παραδείγμα-

2033 3454 2138 3510 σιν,
2171 3429 2353 3498 ἡδοναι
2384 3429 2658 3496 ποιητικαὶ
2715 3435 2806 3484 τοῦ
2859 3425 3098 3500 ἥδεσθαι,
3133 3429 3221 3482 καὶ
3261 3425 3422 3483 λόπαι
3451 3432 3543 3481 106
3573 3425 3676 3480 λυσ-

2031 3521 2246 3577 πεϊσθαί
2277 3521 2405 3576 εἰσιν
2443 3537 2458 3554 ·
2491 3519 2640 3574 αὐταὶ
2669 3515 2724 3573 δὲ
2759 3521 2809 3572 αἱ
2861 3515 3042 3585 ἡδοναὶ
3074 3517 3132 3572 0'6
3163 3515 3406 3592 λόγονται
3433 3513 3672 3586 ἣδεσθαι,

2029 3609 2144 3668 οὔδε
2186 3614 2236 3664 αι
2297 3607 2454 3666 λῦπαι
2501 3607 2810 3668 λυποῦνται,
2877 3607 2970 3664 Καὶ
3015 3606 3076 3661 τὸ
3135 3605 3234 3684 πῦρ
3265 3603 3525 3682 θερμαίνει
3588 3605 3678 3659 καὶ

2033 3701 2192 3772 καίει,
2226 3701 2286 3756 o6
2340 3699 2669 3776 θερμαίνεται
2727 3695 2780 3752 δὲ
2839 3697 2925 3752 καὶ
2967 3695 3195 3755 καίεται.
3246 3695 3343 3750 Διά
3399 3700 3556 3750 τοῦτο
3589 3695 3674 3751 καὶ

2031 3788 2083 3844 εἴ
2115 3811 2192 3853 τις
2225 3811 2354 3867 φαιη
2389 3793 2485 3859 ζῆν
2515 3788 2610 3856 τὴν
2641 3793 2877 3858 ζωοῦσαν
2932 3787 3020 3848 καὶ
3051 3783 3352 3864 αὒτοζιιιὴν,
3381 3785 3470 3840 καὶ
3501 3785 3673 3862 φωτὶ-

2032 3881 2204 3949 ζεσθαι
2237 3881 2297 3934 τὺ
2327 3877 2592 3956 αὖτόφως,
2627 3880 2721 3934 οὒκ
2763 3873 2910 3932 εἴποι
2964 3876 3151 3950 κυρίως
3217 3875 3350 3930 κατὰ
3401 3873 3491 3928 τὸν
3524 3874 3676 3950 ὀρθὸν

2027 3973 2124 4033 τῆς
2155 3967 2402 4034 ἀληθείας
2433 3966 2615 4044 λόγον,
2649 3967 2692 4022 εἰ
2735 3967 2812 4041 μὴ
2849 3987 2944 4022 που
2975 3963 3090 4020 καθ’
3123 3961 3302 4042 ἕτερον
3345 3963 3568 4040 τρόπον,
3591 3959 3678 4016 ὅτι

2027 4061 2314 4132 περισσῶς,
2339 4057 2426 4111 καὶ
2457 4051 2743 4128 οὖσιωδιῖις,
2775 4055 2862 4109 καί
2893 4055 2951 4109 οὗ
2977 4051 3114 4108 διατά
3145 4050 3415 4130 μετοχὴν,
3439 4052 3542 4128 πρὸ
3576 4055 3682 4105 τῶν

2030 4147 2275 4200 αἰτιατῶν
2309 4143 2467 4200 ἔνεισι
2511 4151 2676 4201 ταῦτα
2719 4156 2837 4206 τοῖς
2872 4141 3090 4206 αἰτίοις.

311 4231 466 4312 quod
519 4231 802 4294 nimirum
861 4231 1290 4308 abundantius,
1324 4239 1382 4292 et
1424 4231 1755 4293 secundum
1807 4235 2156 4306 essen-tiam,
2190 4243 2308 4295 non
2365 4240 2562 4296 autem
2609 4230 2938 4294 secundum
2991 4227 3525 4312 participationem,
3562 4246 3688 4309 pra:

312 4320 542 4384 effectis
572 4321 699 4384 bsic
731 4319 915 4384 insint
947 4327 1160 4384 causis.

393 4411 422 4492 §
451 4412 554 4474 ιχ.
600 4411 757 4483 Quin
800 4413 974 4472 etiam
1009 4411 1166 4490 quod
1200 4417 1289 4471 est
1321 4415 1609 4472 universas
1642 4411 1946 4490 theologia:

2113 4413 2264 4490 §lX.
2301 4411 2467 4470 Ἀλλὰ
2517 4415 2606 4470 καὶ
2671 4413 2732 4469 τὸ
2787 4409 3174 4488 ἐκφανέστλτον
3226 4407 3440 4474 ἆπσέσης
3491 4405 3687 4464 θεολο-

315 4499 858 4564 manifestissimum
870 4499 900 4564 J
907 4520 1010 4562 esu
1025 4500 1406 4562 humanitatis
1426 4501 1767 4581 mysterium
1783 4505 1952 4578 (quo-

314 4589 470 4651 niam
503 4589 682 4653 etiam
717 4591 1032 4654 manifeste
1071 4607 1138 4651 ac
1169 4607 1307 4652 vere
1335 4589 1644 4652 nobiscum
1676 4609 1950 4652 commu-

314 4680 783 4760 nicavit),tamen
806 4681 863 4741 id
889 4681 1080 4761 ipsum
1106 4679 1278 4740 etiam
1299 4679 1601 4740 ineffabile
1619 4688 1709 4741 est
1729 4698 1953 4742 sermo-

318 4769 374 4830 ni
394 4771 641 4844 omni,et
663 4776 822 4832 omni
845 4769 1034 4832 menti
1061 4768 1732 4850 inconceptibile,etiam
1763 4769 1952 4850 primo

314 4867 368 4919 et
394 4859 808 4940 antiquissimo
829 4860 1063 4938 angelo,
1097 4857 1333 4921 scilicet
1356 4858 1699 4920 sublissimo
1728 4859 1955 4938 primo-

320 4967 434 5028 que
465 4949 684 5020 ordini;
725 4950 840 5011 hoc
884 4949 1044 5009 enim
1089 4951 1353 5011 Joannes
1396 4947 1498 5008 ille
1540 4947 1846 5026 theologus
1893 4947 1956 5009 in

317 5038 667 5118 Apocalypsi
709 5040 783 5100 (le
821 5037 1350 5118 antiquioribusiis
1372 5037 1598 5114 angelis
1628 5037 1821 5098 tradit.
1847 5036 1956 5098 At—

321 5147 434 5208 que
457 5147 590 5189 eum
615 5128 851 5208 quidem
877 5145 1116 5188 carnem
1141 5127 1556 5206 assumpsisse,
1579 5126 1821 5206 mystice
1850 5144 1960 5187 ac-

317 5218 608 5300 cepimus,
643 5217 746 5278 scd
781 5217 1081 5296 quomodo
1126 5237 1193 5278 ex
1239 5216 1522 5296 virgineis
1571 5217 1954 5296 sanguinibus

317 5310 619 5384 aliaquam
647 5314 870 5368 natura:
893 5305 1734 5388 legesiteiformatus,aliaque
1757 5305 1957 5366 omnia

320 5415 451 5478 quae
471 5397 542 5460 ad
568 5405 792 5460 natura;
816 5394 848 5459 J
857 5414 959 5458 esu
981 5395 1438 5476 explicationem
1480 5401 1768 5475 spectant,
1804 5413 1956 5474 quo-

321 5487 498 5550 modo
517 5487 577 5550 in
603 5485 836 5550 duabus
864 5484 1093 5548 naturis
1123 5483 1421 5564 cognitus,
1454 5492 1512 5545 et
1549 5495 1730 5565 prout
1759 5481 1961 5545 homi-

404 5675 432 5720 ιι
460 5673 636 5738 Zach.
670 5688 748 5750 IV,
782 5671 839 5734 3.
926 5672 939 5708 ¹
968 5669 1095 5734 Jac.
1127 5687 1167 5746 ι,
1207 5669 1306 5734 17.

2033 4504 2149 4582 γίας
2181 4505 2240 4559 τὸ
2292 4507 2390 4572 τῆς
2435 4501 2611 4569 Ἰησοῦ
2645 4499 3028 4580 φιλανθρωπίας
3073 4499 3388 4576 μυστήριον²
3437 4495 3556 4576 (ὅτι
3591 4497 3682 4552 καὶ

2035 4598 2271 4674 φανερῶς
2302 4593 2391 4650 καί
2421 4592 2682 4660 ἀληθινῶς
2717 4589 2988 4664 ὡμίλησεν
3018 4587 3211 4664 ἡμῖν’)
3253 4585 3389 4642 ἀλλὰ
3415 4587 3504 4642 καὶ
3529 4591 3688 4642 τοῦτο

2037 4683 2258 4762 ἄῤῥητόν
2321 4684 2432 4739 ἐστι
2479 4680 2624 4760 λόγῳ
2681 4680 2858 4753 παντί,
2915 4679 3002 4734 καὶ
3047 4676 3317 4753 ἄγνωστον
3368 4681 3441 4750 νῷ
3499 4675 3682 4748 παντὶ,

2036 4761 2124 4829 καὶ
2176 4775 2318 4846 αὖτῷ
2367 4776 2443 4844 τῷ
2503 4773 2781 4850 πρωτίστῳ
2855 4768 2944 4824 καί
3020 4763 3365 4844 πρεσϐυτάτῳ
3439 4761 3680 4842 ἀγγέλῳ,

2037 4861 2282 4928 δηλονότι
2339 4869 2407 4936 τῇ
2459 4859 2772 4936 ὑψηλοτάτη
2829 4859 2918 4913 καί
2956 4857 3140 4936 πρώτῃ
3191 4853 3357 4936 τάξει.
3395 4853 3551 4930 Λέγει
3583 4853 3686 4936 γὰρ

2038 4945 2126 4999 καί
2157 4946 2183 4999 ὁ
2237 4929 2482 5018 θεολᾶγος
2507 4929 2775 5006 ’Ἶῶάννης
2835 4937 2889 4993 ἐν
2941 4929 3010 5012 τῇ
3051 4929 3418 5008 Ἀποκαλύψει
3451 4929 3686 5011 πρεσϐυὲ-

2039 5031 2215 5111 τέρους
2270 5030 2548 5109 ἀγγέλους.
2611 5029 2716 5092 Καί
2761 5031 2820 5084 τὸ
2881 5027 2977 5102 μὲν
3040 5027 3376 5103 σαρκωθῆναι
3411 5027 3686 5098 μυστικῶς

2040 5121 2479 5202 παρειλήφαμεν,
2534 5121 2594 5174 τὸ
2643 5116 2688 5174 δ’
2747 5115 2890 5180 ὅπως
2949 5117 3008 5172 ἐκ
3067 5119 3400 5193 παρθενικῶν
3445 5112 3686 5186 αἱμάτων

2037 5212 2199 5292 ἐτὲρω
2233 5198 2370 5282 παρὰ
2400 5215 2497 5276 τὴν
2558 5208 2708 5288 φύσιν
2740 5210 2918 5281 θεσμῴ
2977 5203 3322 5263 διεπλάττετο
3351 5249 3368 5282 ,
3399 5202 3488 5257 καί
3517 5198 3689 5257 τᾶλλα

2038 5289 2212 5360 πάντα
2259 5299 2356 5367 τῆς
2414 5289 2587 5365 Ἰησοῦ
2647 5297 3010 5376 φύσιολογίας,
3080 5301 3192 5358 πῶς
3285 5294 3340 5348 ἐν
3400 5289 3510 5347 δυσί
3565 5303 3690 5356 ταῖς

2040 5393 2220 5472 φύσεσι
2282 5389 2689 5468 γνωριζόμενος,
2741 5387 2827 5443 καί
2902 5386 3040 5442 κατὰ
3100 5384 3374 5459 ἄνθρωπον
3436 5379 3691 5460 ἔπραττε,

2043 5471 2129 5538 καί
2173 5478 2300 5560 ὺπέρ
2333 5478 2602 5559 ἄνθρωπον
2645 5475 2876 5556 ἐνήργει,
2934 5473 3110 5554 ’ἐτέρου
3161 5472 3324 5552 λόγου
3379 5471 3468 5527 καί
3507 5471 3686 5550 κρείτ-
