4086 6206
368 311 489 387 673
852 312 952 386 DE
1020 308 1319 389 DIVINIS
1357 305 1807 398 NOMINIBUS,
1851 304 2016 381 CAP.
2064 305 2145 381 II.
2193 352 2269 365 —
2314 305 2731 403 PARAPHR.,
2790 314 3254 390 PAHYMERAE.
3619 322 3737 394 674

367 481 519 526 τονος
568 457 603 527 ἦ
675 459 791 517 καθ’
846 460 990 534 ἡμᾶς
1043 457 1130 513 καὶ
1186 457 1284 525 τὴν
1335 454 1601 533 ἡμετέραν
1686 452 2012 531 ἀνθρωπίνην

2111 471 2231 515 aem
2264 472 2330 516 se
2358 451 2696 534 gesserit,et
2715 471 2896 533 supra
2921 455 3220 519 hominem
3254 478 3433 541 opera
3453 460 3732 541 ediderit,

368 548 612 625 δύναμιν.
671 552 728 606 Ei
781 557 905 627 γοῦν
960 549 1048 604 ἐπὶ
1100 546 1305 610 τούτοις
1361 542 1557 624 ἄῤῥῃτά
1604 546 1702 601 εἰσι
1752 545 1817 600 τὰ
1867 546 2012 613 φεο-

2111 544 2274 621 longe
2302 543 2550 607 alterius
2592 552 2651 605 et
2696 544 3120 624 praestantioris
3169 551 3464 612 sermonis
3493 569 3592 612 res
3622 567 3736 630 εει,

375 639 577 717 πρεπῆ,
614 637 646 695 ἅ
690 637 753 707 δὴ
792 640 878 695 διαὶ
934 637 1033 704 τὴν
1066 637 1339 713 θεολογίαν
1384 636 1769 715 ἐκφανεστέραν
1799 633 2008 713 ἔχουσι,

369 730 420 786 τί
475 728 664 811 φήσειέ
723 751 804 793 τις
886 728 1003 811 περὶ
1058 732 1156 793 τῆς
1206 726 1464 811 μακαρίας
1519 721 2015 811 -Τριάδος.;ῗξι“αιξτα

369 801 507 878 ἡμῖν
535 831 591 866 τε
616 809 668 865 ἐν
700 809 881 873 ἄλλοις
914 801 1153 885 εἴρηται,
1205 801 1294 863 καὶ
1343 801 1421 879 τῷ
1486 801 1680 879 κλεινῴ
1734 806 1890 880 ’ἡμῶν
1930 801 2013 859 δι-

371 896 623 972 δασκάλῳ
666 906 743 973 τῷ
773 898 1019 976 μακαρίῳ
1048 895 1306 975 Ἰεροθέῳ,
1341 894 1401 952 ὅν
1467 894 1601 968 μετὰ
1658 895 1750 950 τὸν
1810 891 2014 949 Παυλον

369 985 684 1046 διδάσκαλον
713 986 1039 1053 ἐπλούτησεν
1066 1007 1078 1020 ·
1114 986 1246 1064 ἅπερ
1304 985 1533 1065 ἐκεῖνος,
1578 983 1691 1039 εἴτε
1746 980 1852 1038 ἀπὸ
1910 988 2014 1037 τῶν

367 1077 524 1155 ἱερῶν
579 1084 801 1158 Γραφῶν
854 1075 1201 1156 παρείληφεν,
1258 1072 1371 1131 εἴτε
1403 1075 1487 1130 καὶ
1538 1075 1599 1129 ἐκ
1628 1072 1725 1140 τῆς
1775 1075 1893 1148 περὶ
1921 1072 2013 1134 τὰς

372 1166 583 1246 Γρανρὴ
632 1166 849 1243 ἐρεύνης
899 1165 1250 1245 συνεώρακεν,
1322 1163 1384 1220 ἐκ
1434 1163 1528 1231 τῆς
1572 1161 1781 1229 πολλῆς
1813 1183 2015 1239 γυμνα-

2105 643 2511 723 (ιυιιῐηγιιοειιηδ
2530 633 2680 694 ratio
2709 642 2811 723 aut
2834 633 3081 697 facultas
3102 636 3334 701 ἵει-ι,Αά
3364 639 3488 701 Ι]ωο
3510 640 3733 723 itaque,

2098 720 2147 781 si
2179 720 2498 785 ineﬂ‘abilia
2529 730 2665 785 sunt
2696 721 2914 805 divina,
2959 733 3021 785 ut
3064 744 3192 807 qua:
3223 728 3593 791 subtiliorem
3614 720 3742 793 ham

2101 808 2277 871 beant
2308 811 2688 892 theologiam,
2720 813 2859 893 quid
2893 813 3053 875 dicet
3072 816 3205 897 quis
3233 815 3308 878 de
3338 814 3506 879 beata
3541 815 3739 881 Trini-

2102 898 2492 992 tate‘tV‘erum
2527 901 2653 964 haec
2684 922 2714 961 a
2750 900 2922 964 nobis
2953 906 3128 967 etiam
3160 905 3300 967 alibi
3357 906 3517 968 dicta
3576 918 3738 992 sunt,

2100 995 2160 1049 et
2206 988 2280 1051 ab
2311 989 2527 1070 inclyto
2558 1000 2924 1074 praeceptore
2955 1002 3157 1055 nostro
3187 995 3356 1057 beato
3389 988 3738 1072 Hierotheo,

2100 1079 2239 1138 558
2261 1097 2438 1159 quem
2475 1087 2604 1160 post
2642 1088 2914 1142 sanctum
2946 1080 3193 1143 Paulum
3228 1082 3436 1146 habuit
3468 1103 3737 1166 praecep—

2098 1173 2316 1243 torem;
2353 1187 2486 1248 qua)
2516 1168 2642 1244 ille,
2676 1169 2806 1231 sive
2838 1189 2872 1232 a
2901 1171 3230 1247 Scripturis
3270 1176 3455 1236 sacris
3484 1194 3739 1256 accepe-

371 1256 489 1321 σίας
519 1257 607 1312 καὶ
648 1252 859 1334 τριϐῆς,
906 1254 1023 1310 εἴτε
1064 1257 1152 1310 καὶ
1198 1253 1258 1310 ἔκ
1288 1275 1426 1317 τινος
1486 1252 1691 1326 ἐμυήθη
1748 1250 2010 1329 θειοτέρας

2111 1264 2207 1331 rat,
2240 1258 2361 1321 sive
2418 1277 2485 1321 ex
2522 1259 2866 1323 earumdem
2919 1261 3293 1343 indagationc
3338 1265 3528 1329 fuerat
3591 1250 3741 1327 con-

371 1345 670 1425 ἐπιπνοίας,
722 1345 783 1401 οὗ
810 1344 973 1421 μόνον
1017 1344 1220 1419 μαθών,
1254 1341 1390 1402 ἀλλὰ
1421 1344 1507 1399 καὶ
1559 1341 1737 1398 παθών
1774 1358 1789 1376 '
1846 1343 1920 1403 ὡς
1952 1340 2012 1399 ὀύ

2111 1346 2502 1428 emplatus,et
2525 1349 2812 1411 exercitio
2842 1340 3085 1429 usuque
3108 1351 3385 1429 plurimo,
3406 1353 3527 1417 sive
3557 1354 3736 1417 etiam

368 1432 627 1497 διδακτῶς
717 1433 803 1490 διὰ
878 1432 1056 1512 λόγων
1131 1434 1231 1501 τὴν
1287 1435 1405 1511 περῖ
1480 1432 1672 1489 τούτων
1730 1428 2010 1505 δεξάμενος

2111 1435 2382 1526 diviniori
2412 1437 2611 1518 aliqua
2641 1428 3041 1504 insinuatione
3063 1428 3273 1504 doctus
3306 1453 3456 1526 erat,
3492 1463 3609 1506 non
3638 1463 3742 1506 so-

368 1524 591 1601 μύησιν,
651 1522 789 1581 ἆλλᾶ
846 1528 914 1599 τῇ
968 1526 1081 1595 θείᾳ
1136 1521 1399 1598 ἐλλάμψει
1457 1520 2019 1613 τυπωθεὶῗς,ᾃκαὶλοῖον

2111 1525 2226 1587 lum
2260 1526 2519 1602 discens,
2559 1538 2620 1589 et
2652 1528 2881 1609 patiens
2934 1530 3154 1602 divina.
3189 1541 3253 1597 ut
3284 1534 3386 1613 qui
3437 1520 3554 1595 non
3590 1533 3739 1596 doc-

366 1613 716 1689 ἐνσημανθεὶς
774 1617 840 1689 τῇ
880 1610 1081 1685 διανοίᾳ
1140 1614 1241 1680 την
1296 1615 1493 1690 γνῶσιν
1534 1612 1637 1669 τῶν
1666 1611 1805 1684 ἥπερ
1834 1610 2014 1690 φύσιν,

2111 1616 2396 1678 trinaliter
2440 1635 2549 1698 per
2595 1618 2775 1680 verba
2821 1619 3149 1683 doctrinam
3203 1610 3409 1685 eorum
3443 1625 3741 1697 hauserat,

371 1703 582 1772 Ταύτὴν
638 1704 739 1781 γὰρ
795 1703 895 1770 τὴν
946 1707 1053 1758 τῶν
1106 1701 1379 1779 θειοτέρων
1437 1699 1634 1774 μυῆσιν
1689 1699 2019 1775 συμπάθειαν

2111 1705 2208 1766 sed
2241 1706 2436 1769 divina
2467 1706 2862 1771 illustrations
2910 1729 3273 1791 expressam,
3309 1721 3369 1775 et
3391 1713 3571 1776 veluti
3603 1713 3747 1775 insi-

370 1791 650 1869 ἐκάλεσεν,
674 1791 837 1870 ἤγουν
880 1790 1230 1852 συνδιάθεσιν,
1274 1791 1378 1850 Καὶ
1436 1788 1527 1848 ἵνα
1582 1790 1647 1847 τὰ
1702 1789 1877 1847 πολλᾶ
1933 1793 2018 1845 καὶ

2111 1794 2353 1875 gnitam,
2390 1797 2449 1859 in
2485 1805 2682 1859 mente
2708 1788 3225 1880 superant—uralem
3253 1801 3509 1865 habebat
3536 1803 3742 1881 cogni-

372 1883 610 1959 μακάρια
665 1889 771 1939 τῶν
812 1880 1014 1940 ἐκείνου
1064 1886 1342 1960 παρῶμεν,
1388 1879 1443 1935 ἐν
1488 1878 1796 1959 ἐλαχιστοις
1840 1899 2018 1956 παρα-

2111 1886 2355 1948 tionem.
2389 1884 2554 1948 lianc
2587 1878 2800 1948 autem'
2842 1906 3042 1952 rerum
3089 1891 3418 1953 divinarum
3455 1878 3747 1955 eruditio-

368 1974 585 2049 θώμεθα
661 1972 794 2052 ἅπερ
874 1972 1005 2051 φησὶ
1046 1973 1161 2050 περὶ
1216 1981 1308 2029 τοῦ
1395 1971 1581 2050 Κυρίου
1634 1970 1789 2045 ἡμῶν
1841 1967 2020 2035 Ἰησοῦ

374 2068 603 2140 Χριστοῦ
645 2064 732 2117 καὶ
790 2069 922 2119 Θεοῦ
977 2062 1030 2118 ἐν
1102 2074 1224 2122 ταῖς
1299 2059 1649 2132 Θεολογικαῖς
1727 2059 2017 2138 στοιχειώ-

376 2175 548 2211 σεσιν.

1063 2420 1336 2502 Ἰεροθέου.

453 2534 591 2616 ςΧ.
648 2534 869 2616 Ἐφεξῆς
927 2533 981 2591 δὲ
1040 2535 1274 2601 ἐκτίθησι
1345 2534 1478 2607 πρὸς
1550 2533 1695 2612 ῥῆμα
1774 2534 1861 2590 καὶ
1923 2536 2019 2600 τὴν

367 2634 463 2684 τοῦ
491 2628 642 2705 ἁγίου
670 2626 899 2706 γραφήν,
950 2624 1003 2682 ἐν
1026 2628 1110 2690 οῖς
1139 2626 1167 2679 ὃ
1211 2626 1469 2703 μακάριος
1517 2624 1689 2703 λέγει,
1724 2625 2016 2702 παριστῷν,

370 2714 453 2773 ὅτι
482 2717 570 2772 καὶ
598 2717 626 2772 ὁ
695 2718 813 2780 Υἱὸς
874 2716 941 2772 τὰ
992 2715 1164 2770 πάντα
1190 2714 1327 2770 ἐστὶν
1369 2714 1423 2769 ἐν
1477 2720 1628 2787 πᾶσι,
1687 2714 1773 2770 καὶ
1812 2712 2020 2792 κεφαλὴ

370 2805 585 2862 πάντων
616 2805 751 2862 κατὰ
778 2807 871 2861 τὸν
929 2794 1278 2879 Ἀπὸστολον,
1312 2802 1394 2860 ὅτι
1428 2804 1641 2860 πάντων
1701 2804 1811 2859 ἐστὶ
1870 2801 2016 2872 πλή-

370 2916 528 2971 ρωμα
559 2896 646 2951 καὶ
694 2894 978 2975 συνοχεὺς,
1022 2894 1109 2948 καὶ
1165 2892 1407 2964 διασώζει
1451 2894 1543 2949 καὶ
1591 2894 1923 2974 περισφίγγει
1955 2893 2019 2947 τὰ

371 2983 515 3062 μέρη
544 3007 614 3060 τῃ
645 2983 862 3050 ὃλότητι
895 3003 910 3019 ⁸
987 2984 1074 3041 καὶ
1105 2981 1222 3039 οὔτε
1281 2984 1442 3061 μέρος
1506 2983 1645 3039 ἐστὶν
1701 2982 1819 3039 οὔτε
1869 2981 2015 3062 ὅλον,

368 3075 503 3152 ὑπὲρ
532 3076 696 3131 ταῦτα
726 3075 825 3152 γὰρ
860 3089 874 3103 ⁸
910 3072 1047 3130 ἀλλὰ
1083 3074 1169 3130 καὶ
1206 3071 1328 3130 ὅλον
1386 3075 1474 3130 καὶ
1517 3073 1702 3152 μέρος,
1737 3076 1811 3136 ὡς
1843 3094 2018 3133 συνει-

2104 1993 2240 2037 nem
2274 1979 2594 2053 συμπάθειαν
2630 1996 2736 2039 seu
2769 1983 3218 2043 consensionem
3259 1981 3598 2062 appellavit.
3631 1983 3746 2045 At-

2104 2076 2319 2147 que,ut
2344 2066 2600 2146 plurima
2626 2086 2812 2149 eaque
2840 2068 3181 2133 beatissima
3209 2070 3367 2135 illius
3388 2071 3751 2136 documenta

2104 2164 2504 2237 transeamus,
2540 2157 2742 2236 paucis
2773 2157 3161 2240 subjiciamus
3191 2180 3260 2223 ea
3289 2179 3417 2241 qua:
3450 2162 3523 2223 de
3556 2161 3752 2223 Domi-

2112 2266 2187 2307 no
2220 2256 2419 2308 nostro
2451 2245 2591 2310 Jesu
2625 2246 2856 2310 Christo
2887 2267 2956 2313 ac
2988 2248 3108 2312 Deo
3141 2251 3197 2312 in
3235 2249 3601 2332 Theologicis
3632 2251 3748 2314 ele-

2104 2339 2320 2399 mentis
2352 2339 2547 2400 tradit.

2764 2431 3103 2495 Hierothei.

2186 2528 2215 2598 Ξ
2250 2526 2325 2588 Χ.
2360 2523 2589 2587 Deinde
2611 2543 2748 2586 vero
2786 2525 2858 2588 ad
2907 2525 3149 2587 verbum
3184 2526 3425 2607 exponit
3452 2525 3738 2608 scriptum

2103 2614 2403 2695 quoddam
2435 2614 2626 2675 sancti
2658 2612 2991 2690 Hierothei,
3034 2615 3096 2677 in
3124 2635 3240 2697 quo
3273 2618 3482 2678 beatus
3509 2617 3610 2679 ille
3635 2618 3735 2693 ait,

2103 2703 2477 2765 ostendendo
2507 2703 2807 2780 quomodo
2837 2715 2896 2766 et
2928 2704 3110 2767 Filius
3139 2705 3342 2767 omnia
3374 2706 3434 2768 in
3468 2707 3743 2768 omnibus

2104 2801 2165 2854 et
2195 2800 2371 2873 caput
2401 2793 2667 2855 omnium
2700 2795 2797 2874 sit,
2831 2794 3157 2857 secundum
3189 2794 3563 2875 Apostolum;
3596 2815 3749 2873 quo-

2102 2885 2259 2948 niam
2293 2884 2558 2947 omnium
2592 2894 2681 2947 est
2711 2886 3015 2965 plenitudo
3066 2895 3126 2949 et
3171 2905 3477 2969 compago,
3510 2900 3569 2951 et
3601 2908 3750 2951 con-

2103 2986 2297 3038 servat
2325 2994 2394 3039 ac
2422 2978 2695 3056 astringit
2737 2984 2935 3058 partes
2973 2986 3117 3054 toto,
3154 2986 3210 3039 et
3241 2997 3434 3059 neque
3469 2997 3606 3060 pars
3661 2987 3755 3042 est

2105 3084 2301 3148 neque
2358 3073 2568 3145 totum,
2624 3066 2764 3148 quia
2813 3067 2907 3130 his
2951 3068 3226 3149 superior
3254 3077 3365 3142 est;
3403 3077 3661 3131 attamen
3692 3078 3753 3132 et

375 3162 565 3245 ληφὼς
595 3165 659 3221 τὰ
698 3166 917 3223 πάντα]
952 3166 1039 3222 καὶ
1071 3164 1324 3244 ὑπερέχει
1356 3169 1425 3241 τῇ
1470 3164 1646 3244 φύσει,
1679 3165 1769 3221 καὶ
1797 3162 2019 3243 προέχει

2111 3165 2294 3219 totum
2330 3165 2513 3238 est,et
2544 3166 2991 3238 pars,tanquam
3024 3158 3333 3220 continens
3363 3158 3659 3235 universa,
3696 3168 3754 3221 et

385 3260 465 3329 τῷ
495 3255 671 3334 αἰτίῳ,
711 3254 809 3312 καῖ
847 3253 1050 3320 τέλειος
1077 3254 1132 3309 ἐν
1174 3255 1293 3319 τόῐς
1326 3252 1567 3311 ἀτελέσιν
1597 3257 1730 3328 ἡμῖν
1774 3253 1909 3329 ἐστι,
1943 3251 2020 3312 καῖ

2113 3247 2477 3327 suprababet
2504 3253 2803 3318 natura,et
2832 3245 3144 3310 anteba'uet
3172 3255 3235 3309 ut
3257 3265 3459 3325 causa;
3487 3258 3545 3311 et
3567 3249 3756 3330 perfe-

371 3341 569 3411 ἆτελὴς
622 3343 677 3399 ἐν
706 3358 825 3409 τοῖς
881 3343 1103 3407 τελείοις
1149 3342 1420 3422 ἀγγέλοις,
1466 3345 1540 3409 ὡς
1583 3341 1875 3422 ὑπερτελὴς
1940 3344 2020 3401 καί

2113 3346 2245 3400 ctus
2279 3343 2371 3399 est
2423 3336 2485 3397 iu
2531 3337 2899 3417 imperfectis
2930 3336 3126 3418 nobis,
3175 3346 3233 3399 et
3281 3337 3664 3419 imperfectus
3694 3340 3754 3400 in

372 3431 705 3511 προτέλειος,
737 3435 826 3490 καὶ
869 3433 1133 3509 μηδεμίαν
1180 3432 1325 3512 ἔχων
1370 3434 1638 3511 σύγκρισιν
1681 3438 1779 3500 τῆς
1821 3431 2027 3488 τέλειός

372 3544 536 3589 τητος
587 3523 718 3601 ¹πρὸς
780 3523 963 3586 αὐτούς
998 3539 1012 3553 ⁶
1039 3526 1126 3579 καὶ
1170 3521 1312 3585 εἶδος
1343 3526 1448 3579 τῶν
1502 3520 1771 3599 ἀνειέέων,
1819 3524 1892 3585 ὡς
1922 3520 2024 3590 δη-

373 3613 626 3690 μιουργὸς
658 3614 745 3669 καὶ
787 3612 935 3693 ἀρχὴ
993 3614 1190 3676 παντὸς
1232 3611 1429 3687 εἴδους,
1477 3614 1563 3670 καὶ
1607 3611 1834 3674 ἀνείδεος
1894 3614 2023 3691 πρὸς

375 3701 652 3780 σύγκρισιν
734 3707 840 3760 τῶν
889 3701 1381 3779 εἰδοπεποιημένων
1415 3753 1432 3778 ,
1494 3703 1568 3768 ὡς
1623 3702 1754 3781 ὑπὲρ
1835 3711 2021 3763 ταὺτα.

375 3792 538 3849 Οὸσία
616 3797 776 3850 πᾶσιν
833 3790 1211 3852 ἐπιϐατεύοοσα
1266 3792 1334 3860 τῆ
1393 3792 1578 3871 προνίᾳ
1612 3840 1659 3872 υ,
1719 3792 1808 3849 καὶ
1862 3790 2023 3849 πάλιν

374 3879 681 3959 ἐξῃρημένη
738 3882 950 3959 ἀπάσης
1010 3883 1187 3946 οὕσίας
1238 3888 1308 3959 τῇ
1353 3882 1502 3959 φύσει
1540 3901 1553 3915 ·
1612 3882 1782 3945 πάσας
1847 3881 2023 3961 ἀρχὰς

374 3973 466 4027 καὶ
508 3970 681 4037 τάξεις
722 3975 1052 4051 περιορίζων,
1101 3974 1189 4029 καὶ
1235 3972 1411 4039 πασας
1470 3968 1877 4050 ὕπεριδρυμένος
1936 3972 2024 4028 καὶ

375 4060 556 4141 ἀρχῆς
615 4063 701 4118 καὶ
757 4060 979 4127 τάξεώς.
1058 4063 1155 4121 Καὶ
1185 4061 1376 4139 μέτρον
1477 4059 1588 4117 ἐστὶ
1646 4064 1751 4116 των
1808 4059 1973 4119 ὄντων
1998 4108 2019 4135 ,

375 4148 562 4218 ἐπειδή
622 4150 676 4206 ἔν
724 4151 868 4224 αύτῷ
923 4151 1097 4209 πάντα
1154 4150 1478 4230 πεπέραςται
1513 4165 1529 4182 ⁸
1592 4152 1682 4207 καὶ
1738 4153 1891 4226 αἰὼν,
1934 4153 2023 4210 καὶ

378 4240 508 4319 ὅπερ
551 4242 737 4321 αἰῶνα,
770 4244 843 4307 ὡς
903 4245 1107 4300 αἰώνων
1165 4244 1394 4314 ποιητής
1427 4257 1442 4272 ⁸
1497 4241 1677 4321 ὥσπερ
1732 4241 1932 4307 τέλειος
1966 4245 2022 4299 ἓν

377 4342 498 4394 τοῖς
528 4328 763 4410 ἀτελέσι,
796 4332 884 4388 καὶ
939 4330 995 4387 ἐν
1036 4343 1155 4397 τοῖς
1184 4331 1405 4394 τελείοις
1436 4329 1660 4410 ἀτελής,
1691 4331 1765 4394 ὡς
1795 4330 2022 4410 ὑπερτέ-

378 4414 523 4482 λειος
556 4436 571 4451 ⁸
630 4418 769 4477 οὕτω
829 4419 1040 4499 πλήρης
1072 4420 1126 4477 ἐν
1154 4434 1273 4487 τοῖς
1306 4419 1528 4499 ἐνδεέσι,
1561 4422 1649 4476 καὶ
1678 4418 2023 4500 ὕπερπλήρης

380 4507 434 4563 ἐν
460 4521 577 4576 τοῖς
607 4508 836 4590 πλήρεσι
868 4529 884 4546 ⁸
919 4514 1007 4569 καὶ
1061 4510 1227 4568 τᾶλλα
1254 4512 1386 4589 ὑπὲρ
1417 4521 1603 4584 ταῦτα,
1649 4511 1740 4566 ’ἱνα
1783 4511 1860 4586 μὴ
1907 4510 2024 4568 καθ’

379 4594 601 4656 ἕκαστον
629 4598 896 4680 λέγωάεν.
951 4590 1119 4659 ’Ὅθεν
1161 4602 1249 4657 καὶ
1318 4601 1433 4658 ἐπεὶ
1489 4599 2025 4674 ἡμῖν’κεκοινώνηκε

381 4690 575 4765 σαρκὸς
622 4691 710 4748 καὶ
757 4690 1014 4767 αἳματος,
1071 4692 1159 4747 καὶ
1210 4688 1423 4757 ἀληθῶς
1496 4688 1755 4763 οὔσιώθη,
1798 4691 1885 4747 καὶ
1927 4688 2025 4746 ἄν-

379 4779 587 4855 θρωπος
618 4777 977 4860 ἐχρημάτισε,
1023 4778 1206 4859 πάλιν,
1269 4778 1365 4835 ιιᾶν
1393 4779 1597 4842 τούτοις
1656 4778 1772 4859 ἔχει
1804 4779 1871 4834 τὰ
1928 4784 2027 4847 τῆς

379 4867 632 4934 θεότητος
663 4870 956 4949 αὐχήματα
986 4866 1189 4943 τέλεια,
1223 4868 1280 4924 οὗ
1315 4868 1476 4943 μόνον
1522 4865 1635 4924 καθ’
1672 4867 2023 4926 ὅᾶναλλοιώ-

380 4976 484 5020 τως
515 4960 897 5034 κεκοινώνηκε,
932 4956 1096 5034 μηδὲν
1145 4957 1421 5022 πεπονθώς
1465 4958 1607 5037 παρὰ
1648 4957 1746 5026 τῆς
1778 4960 2021 5038 χείρονος

380 5046 788 5125 ἂνθρωπότητος
834 5050 908 5113 εἰς
962 5048 1061 5116 τὴν
1099 5050 1256 5105 αὐτοῦ
1295 5048 1546 5121 θεότητα,
1606 5046 1726 5104 ἀλλ’
1758 5047 1786 5104 ὃ
1816 5070 1890 5123 τι,
1938 5051 2025 5106 καὶ

379 5136 442 5192 τὸ
472 5136 685 5195 πάντων
715 5137 1048 5213 καινότατον,
1109 5137 1163 5194 ἐν
1224 5150 1341 5201 τοῖς
1398 5149 1644 5217 φυσικοῖς
1672 5138 1829 5213 ἡμῶν
1858 5139 2023 5218 ὑπερ-

382 5225 518 5304 φυὴς
561 5227 655 5303 ἦν,
698 5229 953 5301 πεζεύων,
1014 5226 1133 5285 ἀλλ’
1193 5228 1371 5284 ἐπάνω
1432 5224 1736 5286 εὐδιαλύτου
1779 5226 1965 5292 ὕδατος
2015 5246 2029 5260 ⁸

378 5314 589 5390 ἐσθίων,
650 5315 787 5373 ἀλλὰ
846 5315 1009 5380 τόσας
1065 5314 1322 5397 χιλιάδας
1379 5314 1653 5397 χορτάζων

387 5404 542 5479 ἡμῶν
572 5404 623 5471 ἐξ
653 5407 808 5483 ἡμῶν
834 5405 1002 5487 ἔχων,
1033 5409 1120 5464 καὶ
1163 5407 1300 5481 ὑμᾶς
1329 5404 1631 5486 ὒπερέχων.

2045 4548 2094 4601 D

2114 3427 2394 3508 perfectis
2422 3425 2964 3507 angelis,tanquam
2988 3445 3343 3508 supraquam
3368 3428 3757 3508 perfectus,et

2117 3518 2342 3580 nullam
2375 3515 2600 3579 habens
2636 3517 3145 3598 comparationem
3181 3516 3564 3597 perfectionis
3585 3516 3655 3578 ad
3675 3516 3754 3579 il-

2109 3605 2223 3679 los;
2254 3613 2312 3667 et
2341 3606 2532 3667 forma
2562 3624 2763 3668 rerum
2794 3605 3160 3686 informium,
3208 3615 3485 3686 tanquam
3514 3608 3758 3669 Greater

2108 3695 2471 3776 principium
2524 3695 2718 3757 omnis
2758 3695 2991 3768 formae,
3018 3703 3077 3756 et
3100 3694 3231 3756 sine
3261 3695 3451 3756 forma
3477 3702 3755 3775 respectu

2109 3802 2313 3847 rerum
2342 3784 2815 3861 informatarum,
2849 3792 3053 3865 utpote
3080 3802 3262 3865 supra
3288 3783 3567 3846 formam.
3589 3783 3752 3846 Sub-

2108 3873 2327 3937 stantia
2356 3881 2599 3936 cunctas
2638 3875 3002 3935 substantias
3058 3872 3391 3955 pervadens
3419 3890 3526 3936 sua
3556 3875 3753 3954 provi-

2106 3965 2337 4042 dentia,
2371 3971 2430 4027 et
2473 3972 2681 4027 natura
2709 3983 2817 4027 sua
2838 3981 3046 4026 rursus
3087 3962 3160 4026 ab
3205 3963 3365 4025 omni
3423 3962 3757 4029 substantia

2110 4063 2414 4137 exempta;
2449 4062 2661 4119 cuncta
2692 4054 2983 4137 principia
3030 4053 3392 4135 ordinesque
3434 4053 3752 4135 deﬁniens,

2105 4156 2165 4211 et
2220 4164 2399 4227 supra
2429 4164 2607 4209 omne
2663 4145 3021 4226 principium
3051 4144 3444 4225 ordinemque
3500 4143 3757 4206 colloca-

2107 4237 2306 4299 tus.Et
2322 4252 2526 4297 rerum
2549 4244 2639 4297 est
2661 4233 3248 4317 mensura,quoniam
3275 4234 3336 4296 in
3359 4238 3489 4317 ipso
3508 4234 3754 4296 univer—

2106 4342 2174 4388 sa
2208 4324 2692 4402 terminantur;et
2724 4323 3006 4387 saeculum
3031 4332 3093 4387 et
3113 4340 3292 4404 supra
3314 4323 3762 4398 saeculum,tan-

2108 4433 2288 4497 quam
2314 4423 2523 4477 auctor
2543 4414 2927 4492 saeculorum;
2949 4413 3118 4495 quasi
3143 4413 3439 4494 perfectus
3458 4418 3519 4474 in
3544 4412 3764 4492 imper-

2109 4504 2305 4586 fectis,
2338 4512 2397 4566 et
2429 4507 2487 4565 in
2525 4503 2805 4585 perfectis
2837 4503 3243 4585 imperfectus,
3292 4503 3511 4584 quippe
3542 4518 3756 4582 supra-

2110 4613 2291 4675 quam
2317 4594 2647 4675 perfectus;
2676 4603 2952 4675 tanquam
2985 4591 3199 4674 plenus
3228 4592 3291 4655 in
3323 4592 3754 4673 indigentibus,

2110 4695 2171 4747 et
2201 4702 2564 4766 supraquam
2598 4684 2809 4766 plenus
2839 4684 2900 4744 in
2934 4683 3147 4764 plenis,
3184 4690 3246 4746 et
3275 4699 3640 4764 quascunque
3660 4696 3760 4742 su-

2110 4792 2217 4857 pra
2249 4774 2375 4837 haec
2397 4784 2564 4850 sunt,
2606 4792 2682 4837 ne
2715 4772 2948 4854 singula
2976 4790 3418 4837 recenseamus.
3443 4768 3594 4833 Hinc
3617 4788 3762 4851 quo-

2112 4863 2484 4944 niam_etiam
2519 4863 2833 4926 nobiscum
2864 4863 2925 4925 in
2958 4880 3138 4928 carne
3184 4872 3244 4927 et
3279 4861 3569 4942 sanguine
3598 4878 3761 4923 como

2108 4954 2524 5030 municavit,et
2545 4972 2685 5017 vere
2713 4953 3101 5017 substantiam
3127 4963 3388 5017 nostram
3413 4949 3759 5032 assumpsit,

2106 5053 2167 5109 et
2189 5046 2368 5108 homo
2388 5046 2580 5108 dictus
2604 5053 2929 5119 est,rursus
2952 5046 3126 5106 etiam
3151 5044 3214 5106 in
3239 5043 3317 5108 iis
3341 5042 3518 5106 habet
3535 5040 3759 5122 perfec-

2124 5142 2181 5197 ta
2209 5135 2480 5216 quaedam
2529 5135 2779 5213 vestigia
2823 5134 3174 5208 divinitatis;
3208 5152 3330 5197 non
3377 5131 3569 5196 solum
3599 5126 3759 5210 quod

2120 5226 2404 5289 divinitas
2464 5226 2595 5289 sine
2652 5224 2774 5287 ulla
2829 5224 3243 5288 inmutatione
3284 5224 3425 5292 ’559
3453 5220 3761 5285 nobiscum

1703 5334 1717 5349 -
1765 5317 1938 5375 πάντα
1968 5319 2033 5376 τὰ
2124 5315 2882 5396 communicarit,nihilque
2915 5333 2951 5376 a
2979 5315 3171 5377 viliori
3202 5313 3565 5377 humanitate
3597 5325 3765 5389 passa

2114 5416 2416 5484 sit;verum
2430 5405 2786 5487 etiam,quod
2804 5406 2971 5467 novis
2990 5403 3266 5468 omnibus
3279 5400 3535 5465 maxime
3544 5413 3762 5461 novum

380 5499 499 5584 est,
530 5493 593 5555 in
623 5493 991 5557 naturalibus
1029 5494 1249 5559 nostris
1276 5493 1755 5577 supernaturalis
1785 5507 2108 5584 exstiterit.
2145 5502 2486 5577 ambulans:
2522 5495 2627 5559 εθίί
2659 5513 2840 5576 supra
2863 5513 3079 5573 εαυειιη
3113 5494 3328 5557 ﬂuxam
3364 5511 3381 5571 ἱ
3413 5488 3760 5564 comedens»

376 5581 491 5691 sed
634 5583 822 5691 millia
850 5584 1103 5691 satiaris,
1120 5585 1335 5691 ‘omnia
1355 5568 1558 5691 nostra
1579 5602 1651 5647 ex
1686 5587 1862 5691 nobis
1890 5568 2320 5691 étQHA-{nos
2350 5568 2713 5691 excellenter
2734 5568 2993 5688 habens.

462 5672 628 5755 ΞΧῘ.
671 5676 892 5736 Τούτων
936 5677 1034 5755 μὲν
1084 5675 1203 5743 ἃλις
1229 5693 1246 5713 ο
1302 5675 1388 5732 ἐπὶ
1430 5671 1484 5731 δὲ
1544 5684 1640 5734 τοῦ
1690 5674 1854 5758 λόγου
1912 5714 2044 5755 σχο-

2208 5634 3178 5776 ξίηοιίο
3221 5678 3517 5742 sermonis
3572 5663 3761 5740 nostri
