4064 6206
284 277 477 370 677,

771 276 869 357 DE
912 277 1207 356 DIVINIS
1247 280 1694 374 NOMINIBUS,
1738 288 1903 359 CAP.

2019 341 2034 357 .
2095 325 2168 339 -
2220 282 2634 377 PARAPHR.,
2689 284 3179 364 PACHYMEM

3538 291 3658 370 678

281 449 460 510 ριστος
540 427 595 484 ἐν
654 440 772 492 τοῖς
845 440 1161 506 μεριστοϊς,
1229 425 1495 503 ἡνωμένος
1565 427 1734 502 ἑαυτῷ
1804 430 1929 507 ὑπὲρ

2014 428 2530 511 impleretur,cum
2565 448 2741 492 omne
2763 435 2883 496 tam
2914 451 3095 496 unum
3119 453 3297 515 quam
3336 438 3663 502 multitudi-

279 518 494 577 ἅπασαν
537 519 743 575 ἕνωσιν·
797 520 883 575 καὶ
941 517 1141 596 ἀμιγὴς
1195 516 1366 593 μένων
1423 530 1541 581 τοῖς
1587 516 1814 582 πολλοῖς
1847 520 1929 575 καὶ

279 607 641 682 ἀπλήθυντος,
676 611 748 672 ὡς
791 609 852 665 τὸ
884 613 994 687 φῶς
1044 614 1135 665 τοῦ
1188 606 1357 683 ἡλίου²
1413 605 1640 672 πολλοὺς
1683 608 1925 687 φωτίζον,

278 698 427 775 μένει
480 698 537 756 ἓν
584 699 673 756 καὶ
727 696 1079 767 ἂπλήθυντον.
1145 698 1241 755 Καὶ
1299 696 1452 754 τοῦτο
1510 697 1782 776 ὑπερφυῶς
1840 696 1929 751 ἐν·

274 791 476 860 νοήσας
529 790 558 845 ὸ
612 790 789 850 κοινὸς
839 789 996 860 ἡμῶν
1052 784 1365 848 διδάσκαλος
1422 786 1552 861 ἐμοῦ
1601 807 1657 842 τε
1700 788 1787 843 καὶ
1839 791 1932 843 τοῦ

273 878 541 956 ἡμετέρου
621 878 983 955 καθηγεμόνος
1059 878 1151 933 τοῦ
1226 873 1462 953 μεγάλου
1541 873 1817 954 Ἰεροθέου,
1872 877 1933 932 τὸ

276 968 392 1049 ιρῶς
427 973 519 1025 τοῦ
567 967 794 1045 κόσμου,
843 966 916 1029 ὡς
978 962 1288 1025 διδάσκαλος
1337 964 1429 1022 τοῦ
1456 966 1681 1040 κόσμου,
1714 968 1801 1021 καὶ
1832 987 1938 1041 μα-

275 1057 448 1125 θητὴς
475 1056 568 1114 τοῦ
597 1057 788 1134 κυρίως
820 1064 912 1114 τοῦ
941 1053 1142 1130 κόσμου
1174 1056 1373 1135 φωτὸς,
1419 1056 1447 1110 ὁ
1499 1054 1666 1132 μέγας
1733 1053 1935 1114 nam:

278 1169 447 1227 φημι,
513 1143 637 1202 τάδε
712 1146 871 1225 φησὶν
941 1143 1152 1208 ὲνθὲως·
1225 1141 1333 1199 Κᾶν
1396 1144 1501 1200 θεοὶ
1572 1141 1761 1200 πολλοὶ
1838 1145 1929 1200 καὶ

284 1238 455 1316 κύριοι
511 1238 610 1291 ὦσι
685 1235 821 1291 κατὰ
896 1233 1078 1313 χάριν,
1140 1234 1187 1290 oi
1239 1235 1375 1289 θεῖοι
1450 1231 1663 1310 ἄγγελοι
1737 1235 1823 1289 καὶ
1884 1233 1927 1288 οἱ

284 1327 415 1403 ἱεροὶ
447 1323 651 1403 ἄνδρες
710 1321 828 1379 ἀλλ’
886 1324 1019 1397 ἡμῖν
1075 1334 1156 1387 εἷς
1196 1323 1325 1385 Θεὸς
1382 1321 1592 1389 ἀληθῶς
1649 1324 1677 1379 δ
1724 1322 1924 1400 Πιτὴρ,

288 1417 317 1472 ὁ
373 1417 516 1488 Υἱὸς,
547 1415 635 1471 καί
665 1414 725 1470 τὸ
756 1411 912 1490 ἅγιον
946 1410 1180 1487 Πνεῦμα,
1215 1412 1288 1474 ὡς
1316 1412 1453 1467 κατᾶ
1481 1409 1761 1486 μετάδοσιν
1790 1411 1927 1486 ἆμε-

288 1527 467 1583 ριστον
526 1505 609 1559 καὶ
663 1501 983 1559 ἀσκέδαστον
1041 1505 1138 1568 τῆς
1215 1499 1515 1575 ἐπωνυμίας
1581 1501 1677 1569 τῆς
1736 1500 1930 1563 οἰκείας

285 1595 543 1662 θεότητος
601 1594 688 1649 val
743 1589 1053 1669 κυριότητος
1109 1602 1224 1655 τοῖς
1284 1588 1509 1653 πολλοῖς
1561 1588 1929 1664 μεταδίδωσιν,

291 1687 356 1741 0-3
396 1679 992 1761 κατακερματιζομένης
1055 1679 1152 1747 τῆς
1208 1679 1458 1746 θεότητος
1513 1682 1583 1743 εἰς
1629 1680 1767 1757 μέρη
1805 1683 1930 1735 θεο-

289 1775 498 1853 τήτων,
530 1774 605 1838 ὡς
635 1771 833 1851 χρυσὸς
866 1770 938 1833 εἷς
990 1769 1311 1846 νομίσματα·
1365 1767 1481 1825 οὔτε
1546 1772 1653 1825 τῶν
1713 1767 1927 1825 πολλῶν

288 1864 425 1921 θεῶν
454 1860 903 1938 συμπληρούντων
953 1869 1054 1926 τὴν
1108 1860 1270 1926 αὖτὴν
1325 1859 1576 1936 θεότητα,
1626 1860 1686 1915 ’ὃν
1730 1856 1924 1937 τρόπον

289 1955 361 2010 τὰ
388 1951 565 2011 πολλὰ
608 1948 729 2019 εἴδη
780 1950 873 2006 τόν
919 1948 1009 2005 ἕνα
1039 1947 1262 2024 κόσμον·
1313 1946 1449 2005 ἀλλὰ
1491 1947 1812 2017 πληθύεσθαι
1843 1947 1927 2004 λέ-

287 2058 447 2121 γεται
491 2042 682 2105 50ch
726 2046 801 2114 τῷ
848 2036 966 2096 καθ’
1026 2036 1245 2095 ἕκαστον
1292 2041 1365 2101 εἱς
1423 2038 1751 2117 παραγωγὴν
1821 2043 1925 2094 τῶν

284 2135 457 2191 ὄντων
510 2128 806 2210 βουλήματι
860 2141 1242 2206 προνοητικαϊς
1291 2124 1530 2203 προύδοις
1603 2126 1924 2184 πολλαπλα-

286 2224 624 2298 σιαζόμενος,
654 2220 801 2294 μένει
849 2216 904 2273 δὲ
946 2218 1242 2295 ἀμερίστως
1299 2216 1459 2273 πάλιν
1503 2216 1578 2276 ἔν.
1628 2219 1727 2273 Διὰ
1775 2223 1929 2273 τοῦτο

287 2316 379 2372 καὶ
447 2314 533 2369 ἐπὶ
587 2314 694 2367 τῶν
747 2309 923 2382 θείων,
998 2306 1365 2381 ἐπικρατοῦσιν
1439 2308 1489 2363 αἱ
1553 2305 1766 2368 ἑνώσεις
1823 2312 1930 2362 τῶν

287 2402 621 2482 διακρίσεων,
655 2399 721 2455 τὰ
751 2397 957 2459 ὲνιαίως
1004 2394 1250 2463 δηλονότι
1303 2399 1389 2451 καὶ
1447 2393 1744 2467 μοναδικῶς
1789 2399 1927 2451 θεω-

290 2494 544 2571 ρούμενα·
607 2492 664 2547 οὗ
717 2488 816 2565 γὰρ
863 2486 924 2542 ἐκ
978 2483 1194 2543 πολλῶν
1250 2486 1495 2564 συνήχθη
1539 2486 1603 2543 τὰ
1662 2490 1758 2550 τῆς
1798 2490 1927 2557 μιᾶς

290 2583 548 2645 θεότητος
593 2582 691 2635 καὶ
740 2575 1071 2654 κυριότητος,
1108 2572 1227 2629 ἀλλ’
1281 2573 1341 2628 ἐκ
1385 2580 1478 2630 τοῦ
1526 2574 1721 2641 ταύτης
1755 2595 1929 2647 μονα-

294 2672 465 2743 διχοῡ,
522 2671 550 2725 ὁ
604 2667 660 2722 ἐν
721 2666 935 2729 ἐκείνοις
1008 2662 1317 2737 πληθυσμὸς
1391 2667 1689 2741 θεωρεῖται,
1765 2662 1931 2719 Ἀλλᾶ

295 2767 455 2819 τοῦτο
500 2760 597 2833 μὶν
645 2756 740 2813 ἐπὶ
771 2761 875 2811 τῶν
907 2753 1079 2810 θείων’
1134 2752 1229 2808 ἐπὶ
1284 2752 1337 2807 δὲ
1386 2759 1493 2808 τῶν
1524 2749 1639 2808 καθ’
1697 2753 1841 2826 ἡμᾶς
1870 2754 1930 2808 τὸ

294 2849 534 2907 ἒναντίον
578 2849 798 2924 γίνεται·
831 2841 975 2899 οόδὲν
1027 2842 1125 2919 γὰρ
1178 2844 1345 2898 αὐτῶν
1396 2841 1537 2898 ἐστιν
1565 2842 1685 2906 ὶνᾶς
1718 2843 1929 2921 κυρίως²

296 2938 417 2995 ἀλλ’
468 2938 519 2993 αἰ
572 2934 860 3013 διακρίσεις
910 2938 1017 2988 τῶν
1070 2932 1353 3009 στοιχείων
1409 2938 1756 3010 προῦποῦσαι,
1804 2932 1930 2987 σόν-

295 3027 483 3107 δρομοι
541 3026 813 3103 γινόμεναι
854 3026 941 3079 καὶ
997 3021 1269 3095 ἐνούμεναι
1313 3019 1555 3096 δευτέρας
1591 3022 1683 3085 τὰς
1728 3021 1789 3077 ἐκ
1834 3027 1932 3088 τῆς

296 3117 585 3177 συνθέσεως
635 3113 847 3176 ἔνώσεις
896 3111 1222 3189 ἐργάζονται,
1256 3108 1385 3167 Ἐπὶ
1418 3109 1472 3165 δὲ
1506 3110 1609 3166 τῶν
1654 3110 1805 3165 θείων
1837 3114 1931 3165 καὶ

294 3211 358 3264 τὸ
388 3207 445 3263 ἓν
476 3207 715 3284 πρόεστι,
767 3207 853 3260 καὶ
897 3204 1034 3278 μετὰ
1076 3200 1175 3267 τὴν
1227 3201 1301 3264 εἷς
1339 3201 1433 3262 τὰς
1479 3200 1775 3280 εὗεργεσίας
1818 3198 1935 3255 διά-

296 3318 493 3376 κοισιν,
524 3293 683 3354 πάλιν
733 3292 787 3349 ἕν
841 3293 927 3350 καὶ
984 3289 1112 3365 ὑπὲρ
1150 3291 1211 3346 τὸ
1259 3288 1315 3344 ἓν
1376 3289 1546 3365 μένει,
1605 3290 1806 3352 Ταύτας
1852 3289 1937 3346 καὶ

296 3389 462 3463 ἡμεῖς
513 3386 606 3447 τὰς
659 3383 839 3443 κοινὰς
873 3386 971 3448 τῆς
1032 3379 1162 3446 ὅλης
1220 3378 1472 3445 θεότητος
1514 3379 1600 3434 καὶ
1659 3378 1935 3453 ἡνωμένας

2015 538 2149 580 nem
2185 519 2496 600 producat,
2533 519 2822 600 perficiat,
2860 529 2919 583 et
2952 522 3276 599 contineat,
3311 527 3510 589 multis
3542 536 3656 591 tam

2014 609 2238 688 angelis
2268 628 2442 691 quam
2468 608 2814 671 hominibus
2840 626 2913 672 ex
2936 609 3125 691 ipsius
3144 612 3528 679 deiﬁcatione
3544 618 3661 679 diis

2015 696 2203 772 iactis,
2230 698 2403 778 juxta
2431 698 2718 779 cujusque
2741 698 3091 762 deiformem
3114 700 3657 784 facultatemgquam

2013 803 2047 848 a
2076 785 2194 850 Deo
2214 787 2534 868 accipiunt.
2572 786 3103 868 Hincitaque,dum
3136 793 3469 872 quemlibet
3491 795 3660 859 deiti-

2015 884 2130 957 Cat,
2164 874 2393 938 videtur
2421 877 2857 959 quodammodo
2891 878 3168 956 distingui
3193 882 3659 961 etmultiplicari

2018 964 2175 1026 Deus
2208 963 2632 1040 ;nihilominus
2655 966 2989 1028 Archideus
3022 986 3176 1029 unus
3210 979 3300 1031 est
3323 969 3666 1047 Deus,indi-

2018 1054 2234 1116 viduus
2253 1054 2311 1116 in
2336 1054 2610 1129 dividuis,
2636 1054 2836 1115 unitus
2868 1055 2927 1115 in
2972 1059 3295 1138 semetipso
3322 1078 3501 1142 supra
3523 1081 3661 1124 om.

2011 1163 2149 1208 nem
2172 1150 2449 1205 unionem
2463 1156 2544 1234 ;et
2567 1143 2977 1234 impermistus
2997 1155 3196 1210 manet
3230 1149 3662 1234 multis,neque

2013 1232 2848 1315 multiplicatur,sicutlumen
2866 1233 3009 1297 solis
3033 1236 3174 1297 dum
3201 1236 3415 1301 multos
3436 1232 3663 1303 illumi—

2013 1330 2343 1397 nat,manet
2385 1328 2668 1397 unum,et
2686 1340 2804 1384 non
2839 1323 3291 1404 multiplicatur.
3329 1328 3499 1402 Quod
3526 1350 3663 1394 cum

2015 1413 2253 1492 egregie
2283 1420 2487 1473 nosset
2507 1412 2844 1475 communis
2876 1422 3095 1490 noster,
3132 1433 3301 1480 meus
3335 1417 3579 1496 inquam
3601 1430 3661 1483 et

2014 1504 2396 1583 praeceptoris
2425 1500 2541 1563 mei
2574 1502 2769 1579 magni
2802 1501 3107 1565 Hierothei
3142 1521 3491 1588 praeceptor,
3553 1510 3658 1590 qui

2014 1592 2167 1655 sicut
2197 1598 2286 1652 est
2315 1590 2523 1652 doctor
2552 1591 2775 1665 mundi,
2808 1592 2894 1653 sic
2929 1601 2985 1654 et
3006 1593 3103 1656 lux
3128 1595 3357 1669 mundi,
3386 1607 3445 1661 et
3467 1597 3659 1662 disci-

2016 1681 2187 1761 pulus
2212 1680 2342 1759 ejus
2362 1679 2469 1770 qui
2490 1697 2624 1770 vere
2646 1680 2743 1742 lux
2767 1682 3656 1770 estmundi,magnus,inquam,

1953 1800 1988 1851 ες
2017 1771 2256 1849 Paulus,
2289 1768 2572 1860 divinitus
2604 1769 2728 1860 haec
2758 1770 2840 1831 ait
2890 1792 2903 1833 :
2938 1770 3078 1834 Etsi
3104 1773 3223 1834 sint
3252 1775 3342 1838 dit
3372 1768 3578 1860 multi,
3607 1786 3663 1841 et

2008 1859 2244 1923 domini
2276 1857 2454 1921 multi
2482 1857 2813 1920 secundum
2836 1860 3106 1938 gratiam,
3125 1870 3189 1926 ut
3216 1865 3411 1944 angeli
3446 1857 3658 1948 divini,

2006 1948 2237 2029 virique
2265 1952 2489 2023 sancti;
2546 1948 2722 2010 nobis
2767 1956 2969 2011 tamen
3014 1969 3151 2013 vere
3192 1970 3353 2017 unus
3384 1964 3475 2018 est
3510 1956 3665 2019 Deus

2009 2038 2199 2101 Pater
2228 2040 2341 2112 k,et
2370 2036 2553 2098 Filius
2569 2045 2628 2098 et
2651 2036 2906 2119 Spiritus
2922 2043 3298 2122 sanctus,qui
3330 2046 3664 2110 secundum

2010 2127 2321 2191 indivisam
2354 2137 2409 2188 et
2442 2126 2849 2189 indistinctam
2897 2131 3499 2196 communicationem
3548 2155 3664 2198 no-

2012 2216 2192 2278 minis
2218 2214 2472 2297 propriae
2515 2215 2859 2294 divinitatis,
2890 2225 2949 2280 et
2978 2218 3423 2299 dominationis,
3457 2225 3660 2290 multis

2013 2326 2077 2368 se
2096 2306 2526 2385 communicat,
2567 2308 2814 2369 minime
2851 2315 3046 2370 tamen
3108 2309 3169 2371 in
3218 2321 3416 2390 partes
3464 2314 3662 2379 deita-

2015 2404 2138 2457 tum
2188 2394 2418 2457 Deitate
2471 2394 2743 2468 discissa,
2781 2397 2933 2458 sicut
2983 2415 3191 2460 aurum
3224 2405 3284 2462 in
3340 2420 3656 2485 nummos;

2016 2502 2208 2565 neque
2250 2484 2456 2575 multis
2480 2484 2595 2545 diis
2628 2486 2760 2575 ejus
2787 2486 3156 2549 divinitatem
3191 2484 3657 2575 complentibus,

2014 2573 2510 2654 quemadmodum
2540 2574 2742 2636 multae
2756 2577 2990 2655 species
3016 2595 3201 2639 unum
3230 2573 3675 2659 mundum;sedl

2016 2663 2397 2742 multiplicari
2421 2662 2644 2724 dicitur
2665 2661 2821 2725 Deus
2843 2666 3174 2727 secundum
3206 2669 3535 2747 quamlibet
3565 2689 3662 2735 res

2016 2753 2382 2833 producendi
2413 2753 2797 2827 voluntatem,
2835 2755 3095 2833 providis
3114 2758 3247 2818 541
3285 2760 3667 2839 processibus

2019 2841 2467 2922 multiplicatus,
2504 2851 2703 2904 manet
2726 2854 2925 2906 tamen
2959 2850 3016 2907 in
3049 2864 3114 2910 se
3140 2846 3286 2926 quid
3309 2868 3494 2911 unum
3518 2852 3663 2913 abs-

2015 2951 2130 3014 que
2152 2931 2464 2994 divisione.
2494 2931 2722 2995 [dcirco
2747 2934 2922 2995 etiam
2954 2934 3013 2996 in
3042 2936 3259 2998 divinis
3284 2939 3538 3003 uniones
3560 2960 3661 3003 su-

2020 3031 2229 3103 perant
2259 3021 2696 3096 distinctiones,
2729 3040 2862 3103 quae
2892 3024 3125 3087 scilicet
3170 3031 3342 3091 unice
3373 3035 3431 3090 et
3459 3029 3667 3095 solita-

1954 3160 1994 3211 ϐ
2018 3112 2108 3173 rie
2125 3119 2505 3211 _spectaiitur;
2542 3129 2660 3172 non
2679 3119 2837 3211 enim
2867 3131 2988 3211 una
3007 3115 3206 3211 Deitas
3228 3125 3291 3211 et
3310 3127 3571 3198 potestas
3593 3138 3669 3182 ex

2022 3200 2221 3291 multis
2241 3200 2498 3291 conﬂata
2528 3201 2755 3291 est,_sed
2787 3219 2855 3263 ex
2878 3202 3068 3291 hujus
3100 3206 3670 3291 singularitate,quaa

2020 3287 2081 3349 in
2107 3288 2226 3377 illis
2252 3287 2691 3360 est,multitudo
2721 3290 3239 3355 consideratur.Et
3272 3297 3395 3358 haec
3427 3287 3670 3377 quidem

2021 3376 2220 3454 quoad
2250 3376 2453 3438 divina
2488 3398 2503 3453 ;
2532 3377 2593 3438 in
2624 3379 2844 3440 nostris
2874 3391 3069 3443 autem
3096 3384 3277 3445 rebus
3308 3376 3670 3449 contrarium

297 3475 581 3555 διακρίσεις
657 3478 752 3529 καὶ
820 3472 1116 3549 εὒεργεσιας
1188 3474 1518 3547 πειραθῶμεν
1591 3470 1821 3541 ὑμνῆσαι
1880 3471 1929 3523 ὲκ

2019 3466 2259 3546 accidit;
2296 3467 2457 3528 nulla
2489 3467 2648 3528 enim
2687 3471 2744 3529 in
2785 3468 2931 3549 ipsis
2966 3472 3206 3553 proprie
3237 3481 3326 3535 est
3348 3475 3673 3551 unitas;sed

300 3572 408 3624 των
438 3566 493 3621 ἐν
523 3577 639 3628 τοῖς
672 3562 882 3640 Λογίοις
913 3564 1238 3637 θεωνυμιῶν,
1286 3559 1471 3614 τούτον
1510 3556 1929 3636 προδιεγνωσμέ-

2023 3558 2464 3636 ρτωεχὶειθιιιεε
2480 3556 2914 3620 elementorum
2933 3561 3515 3644 distinctiones,dum
3534 3584 3676 3627 con-

300 3680 413 3731 νου,
445 3657 521 3718 ὡς
551 3654 602 3711 εἴ
642 3676 694 3710 τι
718 3652 779 3709 ἃν
820 3652 1007 3718 κέηται
1060 3648 1273 3728 ὅνομαι,
1334 3648 1421 3704 καὶ
1459 3649 1553 3721 μία
1604 3646 1802 3713 ἑκάστη
1835 3653 1929 3703 τῶν

2022 3653 2268 3707 currunt
2294 3654 2355 3706 et
2385 3647 2844 3717 uniuntur,alias
2867 3646 2950 3710 ex'
2964 3653 3396 3730 compositione
3418 3652 3672 3716 uniones

303 3739 703 3824 ’ὶ“ποστάσεων,
735 3742 856 3800 ἄνευ
879 3738 1085 3809 δηλαδὴ
1126 3741 1201 3794 ὧν
1257 3735 1704 3816 προῦπεστείλατο
1732 3735 1929 3806 ἱδιοτή-

2024 3733 2306 3797 eiﬁciunt.
2340 3737 2402 3796 In
2453 3735 2675 3797 divinis
2706 3754 2844 3799 vero
2889 3747 3179 3801 et-unum
3227 3742 3577 3824 praaexistit,
3613 3752 3673 3806 et
3766 3794 3771 3803 .

298 3859 432 3916 των,
492 3823 846 3913 πατρότητοε,
914 3831 1181 3903 υἱότητος,
1242 3826 1625 3905 ἐκπορεόσεως,
1687 3825 1771 3883 ἐπὶ
1839 3832 1929 3895 τῆς

2025 3823 2327 3907 postillam
2352 3827 2408 3887 in
2434 3824 2731 3888 beneﬁcia
2754 3827 3448 3905 distinctionem,iterum
3473 3823 3675 3895 manet
3734 3854 3737 3857 ·

299 3928 438 3993 ὅλης
463 3926 713 3992 θεότητος
747 3922 1160 4002 ἓκληφθήσεται.

2020 3932 2201 3977 unum
2240 3924 2297 3976 et
2316 3932 2675 3996 supraquam
2705 3916 3038 3981 unum.Has
3070 3919 3245 3981 etiam
3272 3939 3381 3982 nos
3404 3940 3676 3985 commu-

304 4035 434 4080 mes
466 4012 648 4079 t0tius
669 4012 937 4091 Deitatis,
962 4017 1021 4072 et
1050 4007 1245 4071 unitas
1272 4005 1686 4068 distinctiones
1715 4024 1786 4069 ac
1816 4004 2267 4072 bencticientias
2297 4022 2333 4066 ο
2359 4004 2576 4066 divinis
2609 4006 2949 4068 nominibus
2974 4008 3141 4087 juxta
3172 4007 3508 4090 Scripturas
3540 4011 3671 4073 lau-

303 4108 450 4169 dare
472 4102 846 4183 conabimur,
877 4098 1054 4162 modo
1080 4097 1138 4159 id
1162 4104 1298 4160 ante
1338 4096 1638 4175 cognitum
1670 4096 1768 4169 sit,
1800 4099 1960 4178 quod
2004 4098 2054 4160 si
2084 4094 2240 4177 quod
2287 4112 2506 4156 nomen
2540 4106 2796 4174 ponatur
2838 4097 3017 4159 etiam
3048 4099 3369 4178 cujuslibet
3398 4099 3677 4165 Personae

305 4199 440 4260 sine
484 4190 970 4276 praprietatibus,
1001 4207 1056 4252 v.
1089 4207 1147 4268 ε.
1181 4186 1579 4276 paternitatis,
1612 4185 1935 4266 ﬁliationis,
1970 4183 2390 4272 processionis,
2422 4182 2641 4265 quibus
2687 4185 2761 4248 ad
2792 4201 3017 4249 certam
3043 4188 3303 4271 aliquam
3362 4192 3674 4255 contrahi-

304 4292 430 4362 tur,
462 4274 526 4347 in
559 4274 684 4348 tota
716 4281 848 4364 ipsa
875 4278 1186 4343 divinitate
1214 4274 1622 4358 accipiendum
1653 4292 1810 4340 esse.

388 4448 417 4490 ι
446 4444 470 4509 ι
501 4446 641 4511 Cor.
673 4461 797 4521 vni,
824 4443 884 4525 5,
919 4443 978 4505 6.
