4086 6206
242 338 373 421 689
722 343 821 405 on
863 326 1161 407 DIVINIS
1201 341 1655 426 NOMINIBUS,
1699 345 1865 408 CAP.
1916 346 2028 408 111.
2083 376 2160 388 —
2205 344 2594 412 PARAPHR.
2647 342 3205 433 PAGHYMER/E._
3534 354 3656 434 690

274 481 379 540 Καὶ
409 480 511 558 γὰρ
555 479 711 558 εἴπερ
741 477 946 545 ἐκεῖνος
1007 481 1123 559 περὶ
1170 480 1368 537 τούτων
1424 479 1919 559 λεπτομερεστέρως

2004 480 2399 560 theologicum
2422 482 3227 563 conscripserimus.Etenim
3261 486 3311 549 si
3340 487 3441 550 ille
3462 487 3537 551 de
3554 488 3650 553 his

255 571 301 637 ³η
332 569 486 636 ξίωτε
518 568 771 643 διελθεῖν,
805 573 900 629 οὐκ
928 569 992 625 ἂν
1022 572 1185 646 ἡμεῖς
1238 574 1310 633 εἷς
1354 581 1605 631 τοσοῦτον
1645 573 1680 640 ἢ
1730 572 1919 647 μανίας

2004 571 2370 633 enucleatius
2395 569 2697 632 disserere
2736 571 3049 645 voluisset,
3104 592 3411 655 nunquam
3441 596 3511 640 ea
3543 596 3653 641 nos

243 660 290 729 ἢ
320 659 657 726 σκαιότητος
689 658 1044 735 ἐληλύθαμεν,
1092 662 1165 723 ὡς
1197 661 1437 727 οἰηθῆναι
1496 659 1774 718 ἐπιϐαλεῖν
1802 674 1919 729 τοῖς

2004 659 2238 722 insania
2268 658 2629 721 stoliditasve
2660 661 2939 740 cepisset,
2962 670 3026 727 ut
3053 664 3155 727 illo
3180 665 3414 729 doctius
3442 686 3553 730 nos
3573 669 3650 732 de

240 749 418 812 θείοις
479 748 1061 828 ἐπιστημονικώτερον,
1127 749 1233 807 ὥσε
1291 748 1365 813 δῖς
1422 751 1487 807 τὰ
1540 752 1672 810 αὖτὰ
1713 750 1915 829 λέγειν,

254 841 350 897 καὶ
426 836 631 896 ἀδικεῖν
690 838 842 917 φίλον
904 835 1016 914 ἅμα
1074 840 1160 895 καὶ
1217 837 1553 896 διδάσκαλον·
1626 840 1714 898 καὶ
1768 842 1912 916 ἡμᾶς

249 929 425 1003 τέως,
470 929 594 991 τοὺς
649 929 785 1003 μετά
814 929 908 985 τὸν
939 928 1199 1007 μακάριον
1257 930 1467 985 Παῦλον
1494 929 1913 1004 μαθητευθέντας

250 1023 429 1097 αὐτῷ,
489 1019 808 1098 ὑφαρπάζειν
864 1019 930 1075 τά
988 1017 1189 1075 ἐκείνου
1231 1020 1319 1074 καὶ
1372 1021 1447 1082 ὡς
1501 1017 1615 1075 ἴδια
1667 1020 1913 1098 γράφειν.

253 1108 413 1167 Ἀλλ’
469 1106 652 1175 ἐπειδὴ
704 1105 1065 1187 πρεσϐυτικῶς
1123 1109 1211 1165 καὶ
1263 1111 1697 1183 ἐπιστημονικῶς
1758 1112 1913 1166 εἶπεν

257 1199 504 1278 ἐκεῖνος,
565 1199 654 1254 καί
700 1197 985 1273 συντόμους
1028 1199 1117 1255 καὶ
1173 1196 1556 1278 κεφαλαιώδεις
1618 1200 1711 1263 τὰς
1762 1197 1910 1254 διδα-

260 1286 485 1354 σκαλίας
541 1288 873 1363 πεπωίηκευ,
931 1286 1347 1365 ἐγκελευόμενος
1396 1287 1514 1345 καθ’
1562 1288 1782 1345 ἕκαστον
1826 1290 1914 1344 καὶ

258 1381 423 1453 ἡμῖν,
457 1378 546 1434 καί
599 1390 715 1439 τοῖς
760 1376 957 1455 ἑτέροις
989 1382 1093 1435 τῶν
1150 1376 1406 1434 νεοτελῶν
1438 1383 1627 1458 ψυχῶν
1660 1375 1914 1434 διδασκά-

258 1466 406 1539 λοις,
452 1465 563 1523 καθ’
615 1466 737 1523 ὅσον
787 1465 861 1523 ἔνι
918 1464 1205 1532 ἀναπτύξαι
1236 1469 1323 1524 καὶ
1372 1466 1637 1547 διακρῖναι
1667 1468 1758 1533 τὰς
1788 1489 1915 1523 συν-

2002 749 2219 811 divinis
2249 749 2414 826 loqui
2442 766 2618 829 posse
2651 757 3021 833 putaremus,
3044 762 3220 835 atque
3251 755 3399 818 adeo
3431 756 3525 819 bis
3544 776 3651 820 ea-

2002 838 2137 901 dem
2164 838 2585 918 repetendo,et
2614 840 2805 900 amico
2827 840 3005 903 simul
3030 851 3087 905 et
3118 846 3471 925 praeceptori
3498 845 3651 910 hanc

1997 927 2276 1007 injuriam
2312 927 2668 1007 faceremus,
2700 937 2787 1009 ut,
2821 949 2956 992 cum
2987 934 3117 1011 ejus
3153 944 3280 1014 post
3318 936 3648 1000 B.Paulum

1999 1017 2281 1099 discipuli
2314 1016 2629 1092 fuerimus,
2658 1018 2788 1098 ejus
2811 1022 3030 1100 scripta
3054 1024 3225 1085 nobis
3251 1043 3358 1104 per
3390 1025 3650 1106 plagium

2002 1108 2141 1167 548
2172 1125 2620 1188 usurparemus;
2654 1109 2759 1170 sed
2802 1110 3084 1191 quoniam
3131 1113 3231 1174 ille
3279 1113 3537 1193 graviter
3580 1123 3642 1178 et

1997 1198 2144 1260 scite
2172 1197 2248 1258 de
2279 1197 2372 1259 his
2424 1196 2702 1275 loquens,
2765 1200 3121 1279 compendio
3185 1211 3243 1264 et
3298 1204 3640 1266 summatim

1998 1286 2301 1348 doctrinas
2331 1305 2465 1347 suas
2498 1287 2765 1360 tradidit,
2811 1288 3034 1367 jubens
3064 1309 3193 1364 nos,
3226 1291 3489 1372 aliosque
3521 1311 3628 1354 ru-

1998 1375 2229 1437 diorum
2262 1375 2459 1437 adhuc
2484 1376 2827 1439 animorum
2862 1389 3284 1460 praeceptores,
3305 1381 3636 1463 sigillatim,

2001 1465 2195 1547 quoad
2230 1466 2357 1527 ﬁeri
2392 1472 2608 1546 potest,
2635 1466 2956 1546 explanare
2986 1487 3054 1531 ac
3085 1468 3450 1549 distinguere
3480 1490 3641 1534 com-

259 1558 493 1623 οπτικάς
547 1558 636 1613 καὶ
678 1554 747 1612 δι’
803 1555 979 1635 ὀλίγον
1030 1555 1311 1636 ἐκφράσεις
1348 1562 1443 1624 τῆς
1476 1557 1671 1622 ἐνιαίας
1717 1556 1918 1614 ἐιείνου

2004 1555 2319 1636 pendiosas
2346 1554 2475 1616 illas
2503 1555 2832 1636 brevesque
2860 1560 3266 1621 enarrationes
3291 1560 3470 1622 unita:
3495 1561 3649 1623 illius

259 1648 355 1703 vari.
414 1647 744 1725 νοερωτάτης
804 1643 1102 1721 δυνάμεωςο
1178 1648 1265 1703 καὶ
1326 1645 1587 1712 πολλάκις
1646 1648 1786 1722 ἡμᾶς
1843 1648 1918 1711 εἰς

2004 1665 2068 1707 ac
2098 1644 2595 1724 spiritualissimee
2634 1646 2889 1721 virtutis;
2916 1647 3059 1727 quin
3087 1658 3142 1711 et
3168 1648 3295 1729 ipse
3332 1658 3389 1711 tu
3409 1668 3650 1732 quoque

262 1737 395 1794 αὒτὸ
422 1743 576 1792 τοῦτο
622 1738 709 1793 καὶ
769 1737 831 1792 σὺ
861 1735 1214 1816 προέτρεψας,
1252 1735 1672 1800 ἀνταποστείλας
1703 1737 1790 1793 καὶ
1818 1739 1917 1805 τὴν

2004 1734 2344 1815 frequenter
2393 1753 2501 1795 nos
2542 1735 2615 1795 ad
2668 1736 2782 1796 hoc
2828 1736 3179 1799 adhortatus
3208 1757 3295 1811 es,
3333 1747 3391 1801 et
3423 1739 3647 1802 librum

261 1824 447 1905 βίϐλον
478 1826 655 1888 αὒτοῦ.
692 1827 864 1904 Ταύτῃ
897 1847 976 1881 τοι
1029 1826 1115 1882 καὶ
1162 1829 1324 1900 ἡμεῖς
1356 1828 1447 1883 τὸν
1497 1826 1595 1893 μὲν
1624 1825 1777 1904 ἅγιον
1804 1823 1916 1884 ἰε-

262 1919 467 1997 ρὸθεον,
502 1919 574 1979 ὡς
603 1915 820 1973 τελείων
850 1913 1098 1973 διανοιῶν
1156 1914 1492 1991 διδάσκαλον,
1528 1929 1645 1979 τοῖς
1692 1915 1915 1981 τελείοις

262 2007 605 2086 ἀφορίζομεν,
641 2007 729 2062 καὶ
787 2005 850 2062 τὰ
906 2005 1108 2062 ἐκείνου
1151 2004 1335 2085 λόγια,
1365 2007 1440 2070 ὡς
1470 2004 1686 2083 δεύτερα
1736 2005 1913 2084 λόγια.

261 2098 398 2162 πρὸς
427 2097 492 2153 τὰ
533 2099 653 2152 θεῖα
681 2096 770 2151 καὶ
800 2094 909 2161 ίερά
966 2096 1072 2151 τῶν
1128 2095 1441 2153 ἀποστόλων
1473 2095 1911 2175 παραγγέλματα,

263 2186 491 2266 ἔχομεν·
527 2199 641 2249 τοῖς
674 2182 873 2242 δὲκαθ’
906 2186 1049 2260 ἡμᾶς
1108 2184 1321 2242 ἀτελέσι
1372 2186 1438 2242 τὰ
1493 2189 1613 2243 θεῖα
1665 2183 1918 2263 παραδώ-

263 2298 453 2356 σομεν,
486 2274 785 2352 ἀναλόγως
815 2287 933 2337 τοῖς
991 2272 1333 2340 διδασκάλοις
1390 2279 1527 2350 ἡμῖν
1577 2276 1698 2341 τοὺς
1732 2279 1916 2351 μαθη-

262 2368 359 2429 τάς
392 2364 632 2446 ἔχοντες.
668 2364 896 2422 Ὀπόσον
924 2361 978 2419 δὲ
1011 2363 1129 2442 ἔχει
1178 2364 1383 2427 ἐκεῖνος
1414 2366 1476 2422 τὸ
1532 2363 1757 2444 τέλειον,
1791 2365 1845 2421 ἐν
1873 2369 1918 2438 ᾧ

268 2457 448 2529 ἐστιᾷι
480 2455 684 2532 ἑτέρους
716 2455 812 2523 τὴν
867 2455 1083 2533 στερεὰν
1127 2455 1353 2535 τροφὴν,
1386 2453 1519 2510 ὅπου
1551 2476 1611 2533 γε
1641 2455 1727 2512 καὶ
1756 2457 1919 2531 ἡμεῖς

268 2547 534 2626 λεγόμεθα
564 2547 781 2623 τέλειοι,
815 2549 889 2610 ὡς
920 2553 1019 2614 τῆς
1049 2547 1302 2614 τοιαύτης
1335 2554 1550 2625 στερεᾶς
1584 2552 1785 2626 τροφῆς
1818 2568 1918 2624 μευ

272 2635 629 2714 ταλαμϐάνειν
682 2636 992 2713 ἠξιωμένοις
1042 2636 1241 2716 Ὀρθῶς
1294 2636 1380 2694 οὖν
1438 2636 1663 2712 εἴπομεν
1692 2638 1777 2716 τὸ,
1822 2638 1920 2704 τὴν

274 2732 372 2805 μέν
433 2727 759 2795 αὖτοπτικὴν
825 2731 910 2785 καὶ
962 2726 1415 2797 ἀνεπικάλυπτον,
1448 2728 1537 2783 καὶ
1588 2726 1920 2806 ἐμφανεστέ-

273 2840 369 2898 ραν
427 2816 774 2897 κατανόησιν,
844 2819 930 2873 καὶ
988 2818 1087 2884 τὴν
1161 2814 1506 2896 κεφαλαιώδη
1559 2813 1920 2890 διδασκαλίαν,

2003 1826 2129 1903 ejus
2158 1822 2326 1884 nobis
2346 1823 2653 1885 remisisti.
2678 1823 3048 1905 Quapropter
3079 1846 3186 1889 nos
3203 1848 3440 1910 quoque
3471 1847 3649 1893 sanc-

2005 1924 2125 1974 tum
2159 1913 2574 1993 Hierotheum,
2611 1921 2889 1994 tanquam
2928 1916 3319 1994 perfectarum
3354 1919 3641 1982 mentium

2002 2015 2455 2084 praeceptorem,
2494 2004 2773 2083 perfectis
2798 2006 3260 2088 assignamus,et
3284 2009 3468 2087 ipsius
3494 2009 3652 2072 dicta

2004 2104 2279 2174 tanquam
2312 2094 2499 2155 altera
2529 2094 2790 2167 oracula,
2838 2097 3168 2158 secundum
3217 2098 3412 2160 divina
3442 2118 3649 2162 sacra-

2001 2204 2114 2265 que
2129 2184 2530 2265 apostolorum
2555 2185 3192 2264 scripta,:estimamus;
3225 2207 3334 2249 nos
3358 2208 3495 2250 vero
3529 2207 3646 2250 no-

1999 2274 2076 2335 tri
2106 2273 2404 2336 similibus
2430 2273 2802 2351 imperfectis
2824 2292 2921 2336 res
2942 2275 3168 2337 divinas
3193 2277 3650 2355 explicabimus;

2000 2362 2172 2425 nobis
2200 2363 2668 2444 praeceptoribus
2694 2382 2811 2426 non
2846 2364 3153 2427 absimiles
3183 2366 3505 2447 discipulos
3536 2369 3650 2430 ha-

2002 2452 2484 2526 bentesQuantae
2499 2471 2636 2513 vero
2659 2454 2785 2532 ipse
2802 2463 2890 2515 est
2903 2454 3456 2533 perfectionis,cum
3472 2457 3649 2519 etiam

2003 2542 2151 2605 alios
2189 2541 2380 2603 solido
2420 2541 2553 2603 cibo
2606 2542 2851 2622 nutriat,
2882 2562 3017 2605 cum
3052 2564 3159 2606 nos
3189 2546 3365 2607 etiam
3401 2546 3651 2626 perfecti

2003 2632 2400 2713 appellemur,
2424 2630 2474 2692 si
2508 2630 2839 2693 istiusmodi
2894 2634 3085 2695 solido
3130 2634 3261 2697 cibo
3290 2636 3445 2696 vesci
3478 2635 3649 2698 nobis

2006 2721 2269 2785 licuerit?
2313 2722 2526 2785 Merito
2557 2721 2754 2801 itaque
2783 2722 3060 2799 dicimus,
3107 2724 3177 2784 ad
3228 2730 3414 2805 ipsam
3448 2744 3556 2804 per
3586 2743 3654 2788 se

2009 2812 2419 2886 intuitionem,
2455 2818 2515 2872 et
2562 2830 2679 2872 non
2713 2812 3028 2874 reVelatam
3066 2815 3648 2894 manifestioremque

272 2904 631 2986 πρεσϐυτικῆς
686 2905 888 2963 δεῖσθαι
948 2905 1243 2980 δυνάμεως·
1306 2905 1405 2973 τὴν
1480 2903 1536 2962 δὲ
1603 2903 1919 2985 διασάφησιν

2008 2900 2559 2981 intelligentiam,et
2586 2902 2968 2964 summariam
3002 2902 3329 2965 doctrinam
3363 2904 3537 2966 senili
3560 2904 3652 2965 fa-

273 2999 359 3055 καὶ
389 2996 684 3072 ἐκμάθησιν
731 2996 980 3073 ἁρμόζειν
1039 2999 1155 3061 τοῖς
1208 2995 1508 3075 ὑφειμένοις
1559 2998 1717 3071 ἡμῖν.
1768 2992 1919 3052 Ἐπι-

2009 2992 2232 3054 cullate
2258 3010 2406 3072 opus
2431 2991 3075 3068 esse,e.\planationem
3096 3002 3290 3055 autem
3315 3002 3372 3056 et
3395 2994 3650 3074 eXplica-

272 3088 565 3181 τετήρηται
621 3092 742 3163 γεῦν
803 3088 965 3166 ἡμῖν,
996 3084 1132 3141 ὥστε
1163 3084 1261 3141 ὅσα
1314 3083 1380 3152 δη
1436 3087 1618 3163 σαφῶς
1661 3085 1804 3161 παρά
1834 3086 1919 3141 τοῦ

2011 3081 2229 3143 tionem
2248 3080 2419 3142 nobis
2437 3080 2895 3142 utinferioribus
2909 3082 3649 3148 convenire.0bservatum

276 3177 417 3235 θείου
478 3166 727 3254 ἰεροθέου
783 3173 1172 3255 διηυκρίνηται,
1235 3172 1486 3249 μηδόλως
1536 3173 1919 3254 ἐγκεχειρηκέε

2010 3178 2205 3251 itaque
2227 3190 2259 3232 a
2288 3169 2482 3243 nobis,
2516 3179 2577 3230 ut
2611 3189 2977 3252 quaecunque
3017 3174 3176 3234 clare
3202 3192 3235 3235 a
3265 3174 3398 3235 divo
3430 3173 3651 3236 Hiero-

275 3290 358 3324 ναι
389 3268 477 3324 καὶ
506 3269 621 3323 οἷον
666 3267 932 3344 φαίνεσθαι
983 3264 1347 3343 ταῦτολογεῖν*
1382 3265 1448 3320 τὰ
1499 3262 1552 3320 δὲ
1598 3267 1919 3330 συνοπτικῶςΙ

2007 3261 2147 3323 theo
2178 3259 2455 3321 distincta
2485 3267 2620 3321 sunt
2651 3278 2725 3320 ne
2756 3261 2996 3340 quidem
3030 3265 3272 3325 omnino
3323 3262 3651 3341 attingere-

278 3356 537 3436 εἰρημένα
611 3354 793 3429 ἐκείνῳ
848 3353 1026 3435 (τοῦτο
1098 3355 1198 3432 γάρ
1280 3352 1465 3419 ἔξωθεν
1527 3352 1919 3430 προσληπτέον]

2012 3368 2249 3424 mus,ne
2283 3348 2727 3429 quodammodo
2759 3349 2919 3410 idem
2952 3352 3162 3413 iterato
3202 3354 3401 3415 dicere
3425 3353 3655 3415 videre-

275 3446 619 3521 λεπτοτέραις
690 3445 907 3509 ἐννοίαις
963 3445 1250 3525 ἐκφαίνειν·
1324 3445 1478 3500 τοῦτο
1542 3443 1642 3521 γάρ
1698 3444 1809 3499 ἐστι
1867 3444 1927 3498 τὸ

279 3536 635 3610 ζητούμενον,
690 3533 720 3591 ὂ
777 3534 832 3590 ἐν
888 3541 964 3609 τῷ
1000 3533 1141 3591 τέλει
1194 3539 1284 3590 τοῦ
1311 3531 1473 3611 λογου
1520 3534 1786 3611 ἐπήγαγε,
1821 3539 1925 3590 Νῦν

277 3625 337 3683 δὲ
381 3628 455 3690 εἷς
505 3628 627 3689 τοὺς
677 3623 922 3689 ἐπαίνους
980 3630 1071 3681 τοῦ
1127 3620 1311 3701 ἀνδρὸς
1356 3620 1625 3695 εἰσελθὼν,
1661 3622 1810 3686 ὃπως
1839 3622 1927 3677 καὶ

277 3717 446 3774 ὁποῖα
498 3715 633 3783 ἦσαν
691 3714 757 3771 τὰ
795 3711 920 3793 παρ’
976 3715 1134 3771 αὐτοῦ
1179 3712 1481 3789 ὑμνούμενα
1540 3711 1594 3767 ἐν
1636 3718 1714 3785 τῷ
1762 3717 1929 3789 καιρῷ

280 3811 384 3875 τῆς
430 3806 584 3884 ἀγίας
617 3803 875 3861 Θεοτόκου
933 3804 1264 3882 κοιμήσεως,
1297 3801 1434 3859 κατά
1476 3799 1766 3862 ἐνδιάθετον
1788 3801 1932 3879 σχῆ-

279 3919 381 3976 μα,
410 3899 678 3975 τεχνικῶς
734 3893 852 3950 οἷον
906 3891 1190 3951 ἐπελάθετο
1232 3897 1330 3959 τῆς
1363 3898 1456 3948 τοῦ
1486 3889 1646 3968 λόγου
1685 3890 1929 3969 συμφρά-

280 4009 442 4061 σεως,
474 3986 560 4042 καὶ
591 4001 774 4064 φησιν’
809 3981 960 4040 Ἐπεὶ
1011 3982 1100 4039 καὶ
1144 3979 1268 4060 παρ’
1319 3983 1503 4045 αὺτοῖς
1562 3994 1679 4043 τοῖς
1737 3978 1932 4051 θεολή-

280 4098 440 4140 πτοις
470 4074 727 4153 πατράσιν
762 4071 874 4153 (ὅτε
919 4072 1269 4149 ωμπαρῆμεν
1329 4070 1544 4134 ἐκείνοίς
1578 4071 1666 4127 καὶ
1710 4068 1929 4148 ἡμεῖς,)

267 4170 326 4224 ἐν
373 4171 452 4239 τῷ
504 4170 672 4240 καιρῷ
718 4167 818 4230 τῆς
850 4163 1156 4238 κοιμήσεως
1216 4166 1314 4229 τῆς
1372 4162 1633 4238 παναγίας
1687 4161 1917 4217 Δεσποί-

2010 3458 2301 3521 mur;quae
2318 3458 2456 3501 vero
2483 3442 2610 3520 ipse
2628 3441 3050 3519 compendiose
3074 3443 3463 3519 tradidit(hoc
3491 3441 3652 3503 enim

2009 3529 2431 3609 excipiendum
2449 3528 2559 3609 est)
2586 3527 3007 3592 minutioribus
3023 3530 3435 3611 intelligentiis
3454 3531 3654 3612 expla-

2010 3637 2308 3695 naremus,
2334 3638 2468 3679 nam
2497 3619 2609 3680 hoc
2661 3627 2750 3680 est
2804 3620 2959 3700 quod
3003 3622 3312 3699 quaaritur,
3348 3628 3412 3680 ut
3442 3620 3499 3682 in
3535 3620 3653 3682 [ine

2011 3709 2294 3771 orationis
2316 3707 2748 3771 addidit.Nunc
2768 3727 2904 3770 vero
2928 3708 3034 3771 viri
3049 3709 3250 3770 laudes
3268 3709 3647 3788 aggrediens,

2013 3817 2267 3880 quanam
2299 3800 2615 3872 ratione,et
2649 3798 2849 3874 qualia
2869 3798 2941 3859 ab
2971 3799 3100 3878 ipso
3132 3806 3350 3860 sanctae
3381 3797 3652 3878 Deiparaa

2014 3886 2469 3950 obdormitionis
2501 3896 2768 3967 tempore
2799 3886 3027 3948 laudata
3072 3886 3478 3967 sint,ostendit
3506 3887 3651 3950 arti-

2016 3979 2220 4041 ﬁciose
2242 3976 2662 4057 ipsaloquendi
2691 3977 3253 4047 formula,orationis
3272 3995 3341 4039 ea
3356 3976 3652 4057 composi-

2017 4071 2234 4131 tionem
2268 4068 2552 4143 elfugere,
2581 4075 2636 4127 et
2660 4067 2741 4128 ait
2774 4089 2787 4127 :
2825 4066 2967 4128 Cum
3001 4067 3270 4129 [’atribus
3302 4067 3420 4127 illis
3451 4067 3647 4129 divino

2002 4158 2225 4239 Spiritu
2255 4157 2466 4218 alllatis
2492 4157 2574 4236 (et
2601 4176 2707 4218 nos
2729 4157 2841 4238 ipsi
2859 4156 3227 4229 adessemus)
3255 4165 3522 4236 tempore
3545 4155 3651 4219 ob-

263 4281 364 4324 νης
412 4259 570 4330 ἡμῶν
626 4256 897 4332 θεοτοκου,
959 4249 1128 4309 ἐδόκει
1195 4251 1249 4307 δὲ
1297 4251 1434 4308 κατὰ
1464 4250 1560 4318 τὴν
1587 4251 1727 4307 θείαν
1758 4251 1919 4325 ὑμνῆ-

2004 4247 2378 4309 dormitionis
2409 4247 2798 4309 sanctissimae
2818 4247 3073 4308 dominae
3098 4257 3313 4309 nostrre
3347 4246 3644 4326 Deiparae,

259 4370 353 4403 σαι
399 4347 518 4409 τοὺς
549 4344 804 4423 ἱεράοχας
836 4344 910 4406 ὡς
938 4339 1161 4405 ἕκαστος
1193 4341 1325 4421 εἶχε
1346 4338 1613 4414 δυνάμεως
1645 4340 1740 4407 την
1768 4337 1919 4396 ἀπει-

2004 4338 2443 4418 placuissetque
2485 4346 2617 4414 post
2662 4343 2991 4399 contuitum
3022 4339 3247 4399 sanctis
3280 4335 3651 4400 antistitibus

256 4435 551 4515 po36v1pov
610 4433 914 4512 ἀγαθότητα
975 4435 1073 4499 της
1125 4434 1422 4510 θεαρχικῆς
1468 4429 1767 4499 ἀσθενείας,
1823 4432 1917 4497 τῆς

2007 4446 2113 4509 pro
2143 4426 2298 4488 virili
2321 4428 2538 4515 cuique
2556 4426 2926 4499 suo,inﬁnita
2949 4427 3212 4507 potentia
3239 4425 3543 4515 praeditam
3565 4425 3652 4486 di-

257 4514 508 4584 ἒκουσίου
536 4521 783 4591 δηλονότι
824 4526 917 4578 τοῦ
965 4525 1096 4577 Θεοῦ
1153 4518 1281 4600 ἄχρι
1313 4520 1508 4598 σαρκὸς
1539 4520 1705 4598 χωρὶς
1736 4518 1915 4597 ἀμαρ-

2004 4517 2151 4579 vina;
2198 4514 2630 4577 imbecillitatis
2682 4515 3009 4577 bonitatem
3058 4516 3424 4591 collaudare,
3460 4514 3518 4576 id
3560 4522 3651 4576 est

252 4616 378 4681 τίας
429 4609 880 4690 συγκαταϐςίσεως
916 4657 933 4689 ,
989 4611 1203 4667 πάντων
1263 4609 1471 4688 ἐκράτει
1536 4613 1642 4664 τῶν
1693 4610 1916 4687 ἱερομυ-

2004 4604 2386 4669 voluntariam
2411 4604 2984 4667 condescensionem
3004 4605 3109 4670 Dei
3140 4605 3406 4687 usquead
3432 4620 3650 4684 corpus

256 4706 401 4764 στῶν
430 4706 458 4761 ὁ
488 4703 656 4783 μέγας
701 4699 978 4779 ’ἱερόθεος,
1031 4696 1156 4763 ὅλος
1205 4697 1280 4756 ὢν
1338 4698 1516 4776 ὥσπερ
1573 4695 1804 4771 ἔκδημος
1854 4696 1914 4754 ἐκ

2004 4694 2218 4776 absque
2240 4706 2512 4776 peccato,
2536 4702 2783 4756 caeteros
2802 4695 3147 4757 sacerdotes
3167 4694 3488 4775 superabat
3515 4710 3651 4783 ma-

258 4803 357 4854 τοῡ
402 4782 679 4872 σώματος,
711 4789 836 4852 ὅλος
882 4788 1220 4864 ἐξιστάμενος
1248 4791 1437 4847 ἑαυτοῦ
1465 4786 1519 4842 ἐν
1548 4799 1667 4851 τοῖς
1697 4785 1907 4867 ὕμνοις,

2004 4803 2142 4865 guns
2166 4784 2709 4863 Hierotheus,totus
2728 4783 3164 4864 quodammodo
3197 4803 3229 4846 a
3262 4800 3513 4862 corpore
3535 4782 3646 4843 ab-

261 4886 355 4942 καὶ
398 4883 626 4962 πάσχων
656 4880 755 4948 τὴν
792 4879 924 4957 πρὸς
970 4880 1035 4935 τὰ
1063 4878 1367 4954 ὑμνούμενα
1411 4876 1717 4955 κοινωνίαν,
1775 4876 1922 4953 παρά

265 4974 486 5031 πάντων
542 4972 630 5028 καὶ
679 4976 787 5026 τῶν
847 4969 1127 5047 γνωρίμων
1185 4969 1273 5024 καὶ
1332 4970 1439 5023 τῶν
1494 4966 1574 5035 μὴ
1643 4965 1922 5044 γνωρίμων

266 5062 568 5130 θεόληπτος
598 5060 861 5140 ἐχρίνετο.
898 5057 963 5113 Ἦ
994 5063 1119 5135 γοῦν
1162 5062 1319 5113 τοῦτο
1367 5054 1538 5133 λέγει,
1594 5055 1736 5134 παρά
1781 5055 1924 5111 πάν-

269 5175 381 5210 των
435 5152 526 5208 καὶ
573 5156 674 5207 τῶν
709 5145 1081 5226 γινωσκόντων
1135 5146 1221 5203 καὶ
1286 5150 1389 5202 τῶν
1435 5145 1512 5220 μὴ
1554 5142 1922 5225 γινωσκόντων

268 5242 455 5299 αὖτόνο
486 5240 547 5319 ἢ,
581 5238 709 5315 ὅπερ
752 5239 841 5295 καὶ
896 5248 1165 5314 κρεῖττον,
1226 5238 1287 5294 οὗ
1348 5235 1447 5313 γὰρ
1492 5234 1640 5309 εἶπε,
1674 5233 1771 5290 οὒκ
1801 5235 1922 5311 ἐγι-

267 5331 529 5405 νώσκετο,
578 5326 698 5384 ἀλλ’
763 5329 858 5386 οὔκ
936 5323 1347 5402 ἐπεγινώσκετο·
1422 5321 1742 5403 ἐγινώσκετο
1822 5321 1920 5397 μὲν

267 5420 418 5500 λέγει
476 5418 599 5497 παρ’
660 5418 897 5491 ἐκείνων,
954 5411 1199 5481 δηλονότι
1258 5410 1458 5476 οἵτινες
1504 5411 1791 5491 ἐγίνωσκον
1820 5411 1919 5500 τὴν

2007 4874 2407 4948 ductus,totus
2430 4882 2594 4935 extra
2615 4892 2680 4935 se
2719 4873 2944 4952 positus
2986 4874 3046 4935 in
3088 4873 3324 4955 hymnis
3352 4892 3421 4935 ac
3451 4872 3649 4935 laudi-

2007 4963 2468 5043 bus,rerumque
2494 4981 2640 5043 quas
2689 4962 2967 5026 laudabat
2992 4966 3358 5025 consortium
3394 4962 3646 5043 patiens,

2007 5053 2081 5115 ab
2103 5052 2384 5115 omnibus
2408 5062 2523 5114 tam
2550 5052 2707 5114 notis
2731 5070 2907 5133 quam
2934 5053 3155 5133 ignotis
3180 5053 3378 5114 divino
3392 5052 3653 5115 Numine

2008 5142 2236 5206 adlatus
2249 5142 2743 5207 censebatur.Vel
2758 5143 2957 5220 itaque
2980 5143 3093 5205 hoc
3115 5142 3361 5216 dicit,ab
3374 5140 3651 5204 omnibus

2007 5241 2123 5294 tam
2143 5233 2218 5295 iis
2239 5235 2342 5315 qui
2366 5233 2558 5313 ipsum
2586 5234 2726 5295 549
2742 5241 3235 5313 noverant,quam
3259 5232 3360 5312 qui
3392 5249 3510 5292 non
3536 5247 3651 5290 no-

2005 5332 2234 5402 verant;
2258 5323 2353 5386 vel
2385 5323 2603 5405 potius,
2637 5342 2755 5384 non
2787 5323 2935 5385 dixit
2960 5322 3126 5401 quod
3161 5316 3653 5399 noscebatur,sed

2005 5430 2124 5473 non
2155 5412 2647 5494 cognoscebalur;
2671 5411 2967 5494 siquidem
2999 5411 3071 5472 ab
3103 5408 3470 5489 illis,iuquit,
3503 5423 3650 5469 nos-

266 5496 377 5568 τῶν
431 5496 736 5588 λεγομένων
791 5503 1029 5579 δύναμιν*
1092 5505 1186 5561 οὒκ
1230 5502 1657 5581 ἐπεγιγνώσκετο
1700 5500 1755 5558 δὲ
1787 5499 1914 5581 παρ’

2004 5500 2272 5584 cebatur,
2308 5505 2407 5583 qui
2452 5502 2720 5565 videlicet
2750 5508 3035 5563 noverant
3081 5517 3284 5560 eorum
3318 5514 3456 5588 quae
3477 5496 3650 5588 diee-

270 5584 520 5671 ἐκείνων,
537 5597 734 5659 οἵτινες
794 5599 895 5671 οὖψ
953 5596 1060 5651 οἷοί
1101 5615 1159 5650 τε
1208 5592 1345 5660 ἦσαν
1378 5589 1655 5649 ἐπιϐαλεῖν
1690 5595 1767 5665 τῷ
1794 5589 1915 5667 ὕψει

2004 5588 2221 5651 bantur
2241 5593 2527 5667 valorem;
2550 5606 2669 5652 non
2695 5587 3163 5669 cognoscebamr
3184 5595 3379 5647 autem
3404 5584 3478 5646 ab
3504 5584 3643 5659 illis,

270 5690 382 5747 τῶν
421 5688 625 5766 ὕμνων,
678 5678 951 5767 Ἐφαίνετο
999 5691 1122 5762 γοῦν
1183 5681 1477 5749 θεόληπτος
1529 5680 1793 5745 κάκείνοις
1830 5681 1915 5738 καί

2004 5680 2102 5760 qui
2134 5680 2383 5743 istarum
2407 5679 2650 5747 laudum
2674 5678 3086 5741 celsitudinem
3113 5675 3400 5754 attingere
3424 5693 3542 5736 non
3555 5693 3653 5736 va-
