4028 6212
243 373 362 442 697

1289 376 1390 439 DE
1434 374 1734 441 DIVINIS
1774 373 2222 455 NOMINIBUS,
2267 375 2435 438 CAP.
2482 369 2588 438 IV.

3511 369 3630 437 698

1840 507 1870 589 δ
1912 505 2015 570 ιιι.

330 647 388 705 Εἰ
423 643 474 703 ts
507 647 595 704 καὶ
650 645 781 727 ὑπὲρ
836 646 1011 707 πάντα
1067 645 1133 703 τὰ
1188 644 1315 702 ὅντα
1382 646 1521 704 ἐστὶν
1580 645 1786 726 (ὣσπερ
1815 646 1964 705 οὖνιι

246 734 390 815 ἔστι)
443 737 699 817 τάγαθὸν,
759 736 847 793 καὶ
890 738 950 792 τὸ
1008 733 1236 793 ἀνείδεον
1267 733 1551 794 εἴδοποιετ⁸
1586 739 1673 794 καὶ
1702 737 1756 794 ἐν
1801 737 1900 793 αὒ-

245 832 328 899 τῷ
374 827 524 902 μόνῳ
578 827 675 883 καὶ
723 828 785 882 τὸ
841 825 1107 883 ἀνούσιον·
1169 826 1345 890 οὐσίας
1399 824 1689 904 ὑπερϐολή.
1722 828 1900 885 καὶτὸ

246 914 422 987 ἄζωον
476 916 812 995 ὑπερέχουσα
872 916 1010 987 ζωήο
1042 914 1135 971 καὶ
1178 916 1229 972 τὸ
1272 914 1427 972 ἄνουν
1486 916 1821 997 ὑπερέχουσα
1847 913 1901 957 8³

249 1007 431 1086 σοφία,
483 1005 579 1062 καὶ
638 1004 736 1062 ὅσα
792 1005 847 1061 ἐν
904 1004 1119 1083 τάγαθῷ
1174 1004 1269 1072 τῆς
1321 1009 1426 1060 τῶν
1478 1004 1721 1061 ἀνειδὲων
1750 1005 1896 1062 ἐστὶν

249 1094 586 1175 ὓπεροχικῆς
644 1094 930 1160 εἰδοποίας’
1001 1096 1095 1151 καί
1151 1095 1195 1150 εἰ
1247 1096 1464 1171 θεμιτὸν
1506 1095 1688 1175 φάναι,
1723 1096 1895 1174 τάγα-

248 1190 343 1243 θοῦ
412 1192 503 1242 τοῦ
573 1186 700 1260 ὑπὲρ
778 1187 949 1242 πάντα
1008 1186 1073 1242 τὰ
1130 1182 1281 1264 ὅντα,
1340 1185 1433 1242 καΐ
1514 1187 1640 1242 αὒτὸ
1701 1186 1778 1261 μὴ
1839 1186 1899 1242 ὃν

250 1276 478 1355 ἐφίεται,
545 1275 641 1332 καῖ
701 1274 993 1355 φιλονεικεῖ
1062 1295 1177 1338 πως
1237 1274 1291 1330 ἐν
1342 1275 1554 1353 τάγαθῷ
1609 1275 1704 1331 καὶ
1772 1278 1898 1336 αὖτό

249 1366 421 1444 εἶναι,
508 1371 585 1439 τῷ
667 1362 832 1431 ὄντως
917 1363 1237 1444 ὓπερουαίῳ,
1318 1366 1454 1423 κατὰ
1530 1365 1631 1434 τὴν
1688 1366 1900 1423 πάντων

250 1455 549 1538 ἀφαίρεσιν.

2066 644 2235 720 Quod
2257 647 2532 710 siautem
2559 665 2741 731 supra
2767 665 2864 710 res
2893 664 3101 711 omnes
3121 648 3201 710 sit
3224 647 3334 728 (uti
3358 665 3494 711 vere
3513 649 3632 729 est)

1984 734 2207 798 bonum
2250 738 2468 816 ipsum,
2504 745 2566 801 et
2605 739 2767 816 quod
2809 741 3063 802 informe
3094 746 3204 819 est,
3238 738 3451 814 forma;
3481 738 3625 802 etin

1981 830 2111 907 ipso
2141 826 2269 887 solo
2300 826 2359 888 id
2390 827 2548 908 quod
2581 829 2917 892 substantia
2948 837 3137 898 caret.
3162 826 3514 892 substantiae
3538 834 3632 891 est

1981 914 2368 987 excellentia;
2391 917 2549 998 quod
2573 918 2833 980 inanime
2856 926 2968 993 est,
3001 920 3121 980 vita
3143 926 3233 981 est
3258 917 3628 997 praestantis-

1980 1005 2154 1080 sima;
2178 1012 2236 1066 et
2262 1006 2421 1085 quod
2457 1007 2673 1068 mentis
2703 1026 2918 1087 expers
2940 1016 3052 1088 est,
3072 1007 3212 1068 555
3236 1024 3516 1086 suprema
3538 1012 3632 1071 est

1979 1094 2293 1173 sapientia,
2322 1101 2379 1156 et
2409 1114 2780 1178 quaecunque
2803 1099 2863 1158 in
2890 1095 3047 1158 bono
3077 1102 3239 1175 sunt,
3260 1114 3461 1159 rerum
3490 1104 3630 1159 sunt

1980 1186 2327 1249 informium
2381 1189 2891 1267 supereminentis
2948 1189 3404 1259 etformationis;
3447 1197 3527 1269 et,
3574 1189 3628 1252 si

1982 1276 2148 1339 dictu
2179 1277 2265 1338 fas
2294 1278 2393 1357 sit,
2420 1277 2567 1340 illud
2587 1278 2787 1356 ipsum
2813 1279 2972 1360 quod
3007 1298 3124 1341 non
3146 1287 3261 1354 est,
3284 1278 3446 1342 illius
3466 1278 3629 1357 quod

1983 1384 2166 1446 supra
2192 1384 2291 1429 res
2320 1386 2528 1429 omnes
2557 1377 2669 1443 est,
2704 1369 2845 1430 doni
2878 1369 3180 1431 desiderio
3210 1369 3624 1450 tenetur,quin

1985 1456 2162 1519 etiam
2196 1454 2258 1517 in
2290 1457 2446 1519 bono
2475 1476 2613 1521 vere
2633 1458 3187 1541 supersubstantiali
3217 1477 3324 1542 per
3351 1459 3620 1523 omnium

1989 1545 2351 1610 ablationem
2387 1563 2525 1611 esse
2553 1549 2887 1613 contendit.

1861 1710 1890 1792 §
1931 1707 2034 1773 1v.

335 1857 492 1916 Ἀλλ’
545 1860 676 1940 ὅπερ
750 1862 897 1935 ἡμᾶς
978 1860 1032 1916 ἐν
1090 1860 1239 1935 μέσῳ
1311 1857 1653 1939 παραδραμὸν
1722 1859 1905 1917 διαπέ-

2068 1860 2208 1943 Sed,
2242 1861 2399 1944 quod
2433 1864 2490 1924 in
2525 1862 2723 1925 medio
2766 1862 3216 1944 praeterlapsum
3263 1883 3372 1927 nos
3413 1865 3642 1944 effuge-

250 1970 441 2028 φευτε,
500 1950 599 2006 καΐ
669 1955 776 2006 τῶν
827 1950 1078 2029 οὐρανίων
1131 1950 1317 2030 ἀρχῶν
1386 1950 1480 2005 καί
1557 1949 1911 2023 ἀποπερατώ-

1999 1961 2104 2032 rat,
2147 1953 2480 2016 caelestium
2525 1953 2704 2015 etiam
2752 1953 3188 2033 principiorum
3222 1961 3284 2016 et
3312 1955 3645 2017 subtermi-

251 2062 391 2097 σεων
419 2036 475 2079 ⁸4
505 2041 641 2096 αἰτία
669 2038 919 2118 τάγαθὸν,
947 2043 1043 2107 τῆς
1074 2039 1326 2104 ἀναυξοῦς
1354 2038 1449 2094 καί
1472 2037 1611 2100 ὅλως
1636 2040 1732 2097 καί
1756 2039 1912 2097 ἀναλ-

1999 2043 2305 2104 nationum
2332 2059 2512 2105 causa
2534 2048 2627 2106 est
2658 2043 2904 2119 bonum,
2932 2046 3073 2105 item
3100 2043 3447 2106 substantias
3469 2044 3646 2126 hujus

250 2130 481 2186 λοιώτου
528 2130 727 2196 ταύτης
785 2129 962 2193 οὐσίας
1020 2129 1105 2209 85,
1136 2130 1366 2185 καὶτῶν
1398 2129 1644 2208 ἀψόφων,
1678 2131 1723 2186 εἰ
1774 2128 1911 2186 οὕτω

1999 2131 2256 2193 scelestis
2280 2150 2413 2213 qua:
2445 2151 2562 2193 non
2594 2141 2843 2211 augetur
2891 2150 3086 2214 neque
3122 2134 3426 2215 minuitur,
3460 2142 3519 2195 et
3542 2153 3648 2214 pe-

258 2222 369 2301 χρὴ
427 2220 611 2297 φάναι,
643 2225 743 2287 τῆς
775 2219 1150 2298 παμμεγέθους
1209 2219 1582 2296 οὒρανοπορίας
1613 2221 1903 2294 κινήσεων,

1999 2222 2149 2283 nitus
2192 2241 2306 2283 non
2339 2221 2623 2303 variatur,
2660 2232 2719 2284 et
2752 2230 3016 2283 motuum
3064 2222 3327 2285 caelestis
3356 2223 3643 2286 curriculi

251 2310 351 2367 καὶ
383 2312 489 2365 τῶν
520 2310 771 2388 ἀστρῲων
801 2307 1024 2383 τάξεων,
1059 2313 1152 2365 καί
1186 2310 1533 2386 εὖπρεπειῶν,
1565 2312 1658 2365 καὶ
1690 2310 1902 2390 φώτων,

251 2400 350 2456 καὶ
380 2397 651 2478 ἱδρύσεων,
697 2397 794 2455 καὶ
825 2403 924 2475 τῆς
974 2398 1125 2454 ἐνίων
1182 2398 1416 2476 ἀστέρων
1444 2397 1509 2448 86
1542 2397 1904 2475 μεταϐατικῆς

254 2489 664 2567 πολδκινησίας,
699 2487 792 2543 καί
824 2491 922 2556 τῆς
952 2494 1058 2544 τῶν
1112 2486 1203 2543 δύο
1244 2489 1563 2568 φωστᾶρων,
1599 2489 1685 2551 οὓς
1713 2490 1779 2546 τὰ
1804 2488 1905 2545 λό-

256 2601 349 2657 για
378 2579 542 2636 καλεῖ
590 2578 881 2655 μεγάλους,
935 2577 1040 2635 ἀπὸ
1091 2584 1198 2636 τῶι
1244 2581 1416 2635 asta»,
1446 2582 1519 2645 εἷς
1550 2582 1615 2636 τὰ
1644 2581 1775 2639 αὔτα
1800 2602 1904 2637 πε-

255 2668 495 2749 ρισδικῆς
552 2668 1062 2747 ἀποκαταστάσεως,
1139 2664 1256 2724 καθ’
1332 2666 1391 2733 ἂς
1463 2670 1518 2725 αἱ
1588 2668 1715 2746 παρ’
1771 2671 1909 2744 ἡμῖν

254 2760 453 2836 ἡμέραι
484 2760 577 2815 καί
624 2760 804 2821 νύκτες
859 2758 1184 2837 ὁριζόμεναι,
1233 2758 1321 2814 καὶ
1369 2763 1560 2833 μῆνες,
1594 2760 1686 2815 καὶ
1738 2758 1911 2816 ἑνιαυο

258 2849 343 2906 τοὶ
403 2848 777 2927 μετρούμενοι,
839 2849 931 2909 τὰς
995 2854 1088 2903 τοῦ
1116 2848 1316 2927 χρόνου
1376 2851 1471 2905 καί
1502 2855 1608 2905 τῶν
1637 2849 1690 2905 ἐν
1727 2850 1910 2930 χρόνῳ

1990 2310 2334 2385 vastissimi,
2369 2330 2485 2372 non
2520 2311 2895 2390 sonantium,
2930 2311 2978 2372 si
3006 2312 3084 2373 ita
3118 2311 3283 2390 loqui
3317 2321 3639 2393 oportet,et

1993 2398 2269 2461 ordinum
2285 2400 2392 2462 stel
2405 2400 2617 2475 larum,
2630 2409 2685 2462 et
2699 2400 3302 2482 pulchritudinum,et
3317 2402 3634 2477 luminum,

1993 2498 2050 2550 et
2080 2489 2425 2551 intixionum
2458 2508 2691 2565 earum,
2720 2498 2777 2552 et
2809 2490 3152 2572 multiplicis
3182 2509 3392 2553 cursus
3426 2510 3640 2570 vagan-

1993 2584 2067 2639 tis
2090 2577 2483 2655 quorumdam
2509 2577 2804 2661 siderum,
2838 2585 2899 2643 et
2937 2580 3195 2641 duorum
3230 2580 3635 2662 luminarium,

1994 2684 2124 2749 quae
2145 2669 2451 2747 Scriptura
2479 2677 2647 2731 vocat
2682 2688 2892 2746 magna
2919 2683 2971 2749 ιι,
3004 2670 3374 2743 circuitus,et
3398 2669 3636 2747 eodem,

1993 2757 2152 2818 unde
2185 2756 2446 2838 profecta
2478 2769 2640 2833 sunt,
2679 2758 3065 2840 reversionis,
3095 2758 3313 2839 quibus
3345 2758 3500 2839 apud
3531 2776 3642 2820 nos

1992 2846 2124 2908 dies
2154 2857 2212 2910 et
2246 2855 2449 2909 noctes
2481 2848 2949 2932 distinguuntur;
2976 2857 3035 2911 et
3060 2867 3296 2911 menses
3325 2856 3507 2926 atque
3528 2867 3640 2910 an-

255 2937 515 3000 κδκλικάς
568 2936 801 3004 κινήσεις
856 2936 1182 3016 ἀφορίζουσι,
1236 2936 1323 2992 καὶ
1370 2936 1433 2986 87
1475 2936 1772 3018 ἀριθμοῦσι,
1813 2939 1908 2994 καί

1999 2937 2051 2997 ni
2084 2937 2313 3001 ἀεῦηίιί
2344 2937 2507 3017 ipsos
2536 2949 2730 3000 motus
2762 2939 3075 3019 temporis.
3105 2946 3163 3000 et
3189 2956 3398 3001 eorum
3425 2956 3560 3017 qua;
3581 2937 3645 3000 in

255 3029 510 3087 τάττουσι
568 3030 664 3084 καὶ
721 3025 1027 3105 συνέχουσι.
1089 3025 1151 3082 Τί
1202 3022 1246 3080 δ’
1301 3024 1367 3076 88
1420 3026 1482 3082 Ξὶν
1524 3049 1602 3089 τις
1633 3028 1761 3100 φαίη
1793 3029 1908 3106 περὶ

1999 3035 2260 3107 tempore
2284 3028 2678 3101 sunt,circulo
2703 3026 3001 3090 confectos
3024 3027 3645 3107 distinguunt,nume-

259 3119 425 3184 αὑτῆς
486 3114 604 3173 καθ’
656 3116 821 3179 ατῦτήν
869 3120 968 3182 τῆς
1012 3114 1244 3184 ἡλιακῆς
1300 3116 1544 3193 ἀκτῖνοςς
1571 3115 1631 3172 ἐκ
1679 3116 1910 3194 τάγαθοῦ

1999 3116 2433 3188 rant,ordinant
2455 3127 2513 3179 et
2536 3118 2866 3181 continent.
2885 3117 3036 3191 Quid
3067 3127 3266 3179 autem
3292 3117 3532 3181 dicatur
3570 3116 3647 3179 de

258 3210 361 3287 γὰρ
388 3210 453 3263 τὸ
488 3212 625 3285 φῶς,
660 3205 755 3261 καῖ
788 3206 942 3261 εἰκὼν
992 3210 1092 3271 τῆς
1152 3205 1508 3283 ἀγαθότητος·
1543 3205 1621 3262 διὸ
1649 3206 1744 3263 καῖ
1789 3229 1907 3286 φω-

1999 3206 2251 3286 ipsomet
2281 3206 2450 3267 radio
2482 3207 2654 3269 solis?
2701 3226 2735 3270 a
2788 3227 3019 3269 summo
3064 3208 3223 3269 enim
3254 3207 3411 3269 bono
3444 3207 3646 3269 lumen

258 3302 582 3371 τωνυμικῶς
611 3296 859 3378 ὑμνεῖται
889 3295 1220 3371 τάγαθὸν,ὡς
1252 3294 1306 3351 ἐν
1339 3295 1500 3352 εἰκόνι
1522 3298 1584 3352 τὸ
1616 3295 1911 3375 ἀρχέτυπον

2000 3295 2419 3377 proﬁciscitur,
2455 3305 2513 3357 et
2538 3296 2736 3375 imago
2782 3296 3063 3359 bonitatis
3107 3305 3216 3378 est;
3253 3297 3644 3377 quamobrem

258 3387 670 3465 έκφιινόμενον.
733 3374 825 3446 Ὠς
886 3385 986 3461 γὰρ
1016 3385 1050 3452 ἡ
1081 3390 1181 3452 τῆς
1238 3384 1453 3440 πάντων
1490 3384 1733 3442 ἐπέκεινα
1789 3387 1913 3442 θεό-

1999 3374 2239 3447 nomine
2286 3384 2528 3447 luminis
2561 3374 2780 3448 bonum
2810 3388 3108 3463 laudatur,
3144 3374 3425 3464 tanquam
3458 3404 3648 3468 appa-

257 3497 423 3542 τητος
457 3475 725 3553 ἀγαθότης
776 3473 882 3528 ἀπὸ
912 3478 1016 3528 τῶν
1068 3473 1352 3530 ἀνωτάτων
1382 3473 1446 3523 89
1477 3474 1569 3529 καί
1616 3473 1914 3550 πρεσϐυτά-

257 3588 366 3622 των
395 3565 613 3636 οὒσιῶν,
668 3563 795 3643 ἄχρι
855 3568 959 3618 τῶν
1003 3562 1250 3643 ἐσχάτων
1301 3561 1499 3635 διήκει,
1534 3568 1619 3621 καὶ
1674 3564 1750 3620 ἔτι
1785 3565 1916 3638 ὑπὲρ

259 3656 439 3717 πάσας
492 3652 633 3732 ἐστὶ,
697 3654 835 3727 μήτε
906 3657 1012 3707 τῶν
1068 3653 1177 3708 ἄνω
1233 3655 1539 3733 φθανουσῶν
1596 3657 1761 3720 αὒτῆς
1818 3655 1916 3721 τὴν

257 3743 570 3823 ὑπεροχὴν,
628 3743 770 3817 μήτε
828 3743 933 3796 τῶν
975 3741 1121 3797 κάτω
1152 3743 1254 3808 τὴν
1313 3745 1581 3822 περιοχὴν
1612 3741 1917 3802 διαϐαινου-

260 3835 397 3905 σῶν,
431 3831 570 3887 ἀλλά
602 3834 690 3888 καὶ
738 3832 950 3910 φωτίζει
1004 3832 1073 3886 τὰ
1128 3829 1388 3904 δυνάμεθα
1421 3833 1617 3905 πάντα,
1675 3843 1767 3889 καί
1817 3833 1919 3901 δη-

260 3934 545 4001 μιουργεῖ,
576 3921 670 3979 καί
711 3928 846 3992 ζωοϊ
892 3919 987 3976 καὶ
1035 3919 1269 4000 συνέχει,
1303 3922 1391 3976 καὶ
1420 3919 1799 4000 τελετιουργετ,
1834 3926 1920 3980 καὶ

260 4013 463 4088 μέτρον
520 4010 637 4067 ἐστὶ
690 4016 797 4066 τῶν
847 4008 1038 4081 ὄντων,
1099 4011 1188 4065 καὶ
1237 4010 1387 4088 αίὼν,
1440 4011 1527 4067 καὶ
1558 4012 1797 4087 ἀριθμὸς,
1833 4014 1922 4069 καὶ

258 4100 435 4180 τάξις,
497 4102 586 4156 καὶ
643 4099 899 4178 περιοχὴ,
960 4100 1047 4155 καὶ
1104 4098 1267 4172 αἰτία,
1331 4100 1418 4155 καὶ
1476 4098 1652 4165 τέλος·
1688 4100 1826 4159 οὕτω
1855 4099 1919 4169 δὴ

262 4195 353 4247 καὶ
397 4192 434 4258 ἡ
464 4192 563 4256 τῆς
611 4190 750 4253 θείας
801 4188 1130 4265 ἀγιθότητος
1182 4186 1420 4266 ἐμφανής
1477 4190 1655 4269 εἰκὼν,
1685 4193 1712 4247 ὁ
1753 4193 1919 4270 μέγας

262 4281 450 4360 οὗτος,
522 4280 608 4335 καὶ
664 4276 1005 4355 ὁλολαμπὴς,
1070 4277 1153 4332 καὶ
1212 4276 1472 4355 ἀείφωτος
1533 4277 1707 4360 ἥλιος,
1790 4283 1925 4337 κατὰ

262 4369 573 4428 πολλοστὸν
629 4368 906 4447 ἀπήχτ.μα
966 4366 1218 4444 τάγαθοῦ,
1273 4368 1359 4422 καὶ
1416 4367 1587 4423 πάντα
1642 4370 1739 4426 ὅσα
1770 4371 1926 4445 μετὲ-

1997 3488 2125 3537 reat
2157 3476 2413 3555 primum
2449 3475 3269 3556 exemplainimagine.Sicut
3292 3476 3453 3537 enim
3479 3476 3643 3536 boni-

2001 3575 2090 3627 tas
2122 3567 2441 3628 divinitatis
2467 3584 2597 3646 quae
2618 3584 2798 3645 supra
2822 3565 3024 3626 omnia
3055 3574 3165 3638 est,
3198 3583 3233 3626 a
3263 3563 3560 3644 supremis
3590 3582 3648 3637 ει

2003 3655 2477 3737 provectissimis
2499 3655 2847 3716 substantiis
2870 3673 3056 3734 usque
3082 3655 3154 3715 ad
3183 3662 3474 3715 extremas
3506 3670 3648 3733 per-

2001 3743 2250 3826 vadit,et
2278 3744 2472 3806 adhuc
2495 3762 2675 3824 supra
2700 3763 2910 3805 omnes
2930 3744 3126 3818 est,ita
3151 3750 3213 3804 ut
3242 3761 3436 3824 neque
3466 3761 3652 3823 supe-

1959 3858 1966 3865 ·
2002 3838 2193 3895 riores
2224 3834 2501 3915 usquead
2535 3833 2701 3894 illius
2723 3833 3135 3895 excellentiam
3169 3832 3652 3914 pertingantmec

2007 3924 2317 3986 inferiores
2339 3924 2470 4004 ejus
2497 3923 2783 3985 ambitum
2813 3931 3248 4005 pertranseant;
3286 3923 3430 4000 quin
3458 3921 3653 4002 potius

2003 4020 2204 4075 omnia
2229 4032 2359 4096 quae
2386 4011 2709 4075 illuminari
2741 4022 2986 4092 possunt
3016 4011 3336 4093 illuminat,
3369 4020 3430 4072 et
3459 4020 3648 4087 creat,

2003 4111 2064 4164 et
2094 4104 2269 4166 vitam
2298 4105 2419 4180 dat,
2461 4112 2520 4165 et
2566 4102 2921 4178 continet,et
2969 4102 3221 4187 perficit,
3278 4110 3337 4163 et
3379 4118 3657 4163 mensura

2004 4202 2093 4255 est
2130 4211 2335 4255 eorum
2370 4212 2504 4273 qua)
2536 4202 2697 4265 sunt,
2724 4204 2783 4254 et
2812 4210 3026 4267 aevum,
3053 4202 3112 4253 et
3144 4209 3454 4265 numerus,
3487 4199 3544 4251 et
3567 4209 3656 4252 or-

2006 4282 2106 4356 do,
2140 4290 2199 4343 et
2227 4284 2595 4362 complexus,
2629 4295 2688 4343 et
2718 4290 3100 4362 causa,atque
3128 4282 3301 4355 ﬁnis;
3356 4279 3444 4343 sic
3474 4279 3654 4342 etiam

2006 4371 2219 4448 ingens
2247 4372 2384 4447 iste,
2415 4382 2474 4434 et
2507 4381 2667 4436 totus
2704 4372 3053 4452 splendidus
3081 4390 3150 4433 ac
3181 4388 3422 4452 semper
3453 4371 3659 4432 lucens

264 4483 393 4542 χειν
458 4462 617 4517 αὐτοῦ
682 4457 921 4528 δύναται,
1004 4457 1239 4535 φωτίζει,
1302 4455 1390 4511 καὶ
1473 4457 1915 4535 ὑπερηπλωμένω

2010 4461 2099 4523 sol
2124 4462 2317 4541 imago
2350 4480 2630 4543 expressa
2662 4470 2748 4523 est
2775 4462 2994 4523 divinat
3024 4460 3326 4533 bonitatis,
3362 4469 3661 4541 quatenus

265 4535 393 4631 ἔχεὶ
435 4549 499 4605 τὸ
552 4553 686 4627 φῶς,
719 4548 795 4610 εἷς
850 4546 1025 4603 πάντα
1083 4542 1323 4609 ἐξαπλῶν
1350 4545 1440 4601 τὸν
1473 4546 1662 4620 ὁρατὸν
1697 4546 1915 4625 κόσμον,

2015 4535 2595 4632 tenuissimum-quid
2622 4550 2782 4611 illius
2808 4549 2949 4613 boni
2973 4551 3032 4612 in
3059 4568 3130 4612 eo
3155 4550 3357 4631 procul
3380 4535 3658 4623 resonat,

265 4639 386 4696 ἄνω
431 4658 491 4693 τε
554 4638 639 4694 καὶ
699 4636 869 4711 κάτω,
931 4635 1023 4700 τὰς
1079 4638 1187 4689 τῶν
1246 4634 1449 4692 οἰκείων
1484 4635 1708 4712 ἀκτίνων
1738 4639 1926 4717 αὐγάς,

264 4729 370 4787 καὶ
405 4729 458 4784 εἴ
490 4727 538 4783 τί
566 4727 739 4783 αὐτῶν
770 4729 829 4785 οὗ
876 4724 1123 4803 μετέχει,
1176 4729 1331 4781 τοῦτο
1390 4725 1450 4780 οὐ
1504 4730 1604 4792 τῆς
1660 4724 1928 4799 ἀδρενείας

264 4821 301 4888 ἦ
331 4824 435 4895 τῇς
465 4814 808 4897 βραχύτητός
868 4814 981 4871 ἐστι
1034 4813 1130 4880 τῆς
1187 4813 1511 4890 φωτιστικῆς
1569 4814 1727 4873 αὑτοῦ
1758 4815 1930 4875 8:186-

266 4930 439 4979 σεως,
474 4905 612 4962 ἀλλά
658 4908 767 4961 τῶι
813 4903 898 4962 διὰ
936 4900 1283 4983 φωτοληψίας
1341 4901 1818 4973 ἀνεπιτηδειότησα
1850 4911 1928 4982 μή

268 4994 695 5069 ἀνσπλουμὲνων
745 4992 811 5045 90
854 4995 925 5056 εἰς
981 4992 1076 5057 τὴν
1128 4992 1303 5069 φωτὸς
1354 4992 1657 5064 μετουσίαν.
1711 4993 1928 5070 Ἀμέλει

266 5085 455 5145 πολλᾶ
500 5090 608 5141 τῶν
662 5082 827 5149 οὕτως
888 5081 1127 5161 ἐχόντων
1177 5080 1210 5147 ἡ
1263 5081 1422 5143 ἀκτὸς
1476 5078 1835 5163 διαϐαίνουσα,
1866 5087 1933 5143 τὰ

266 5175 397 5254 μετ’
457 5175 642 5232 ἱκεϊνα
691 5174 927 5254 φωτίζει,
977 5170 1065 5227 καὶ
1119 5166 1266 5225 οὐδέν
1312 5171 1423 5226 ἔστι
1474 5176 1579 5226 τῶν
1639 5173 1844 5251 ὁρατῶν
1875 5178 1934 5232 οὗ

358 5351 391 5382 ιι
423 5334 578 5399 Gen.
609 5351 652 5412 ι,
686 5332 784 5398 l6.

2013 4640 2435 4715 etomniaquae
2457 4658 2592 4703 eum
2618 4640 2974 4721 participare
3014 4646 3265 4720 possunt
3296 4638 3568 4718 illustrat,
3604 4646 3665 4700 et

2013 4729 2215 4791 lumen
2247 4729 2426 4792 habet
2449 4748 2627 4810 supra
2663 4738 2999 4804 extensum,
3036 4728 3195 4810 quod
3227 4730 3288 4790 in
3318 4732 3661 4790 universum

2013 4819 2299 4880 mundum
2334 4818 2431 4900 qui
2456 4819 2749 4899 cernitur,
2783 4826 2906 4879 tum
2936 4819 3332 4899 superiorem,
3365 4827 3485 4880 tum
3520 4816 3666 4878 infe-

2011 4907 2255 4983 riorem,
2280 4909 2597 4988 splendore
2634 4909 2935 4969 radiorum
2965 4925 3209 4969 suorum
3262 4906 3662 4987 multiplicat;

2013 5008 2075 5060 et
2095 4996 2144 5058 si
2169 4996 2313 5077 quid
2338 5016 2472 5058 eum
2498 5017 2617 5058 non
2648 4997 3118 5078 participat,non
3150 5007 3243 5060 est
3261 4995 3324 5059 in
3350 5015 3532 5060 causa
3554 4996 3665 5056 im-

2015 5084 2312 5148 becillitas
2344 5096 2448 5147 aut
2477 5086 2738 5148 tenuitas
2778 5085 3069 5149 facultatis
3119 5085 3523 5161 illuminandi,
3558 5084 3664 5146 sed

2019 5177 2213 5257 potius
2228 5193 2357 5239 rem
2383 5175 2568 5257 ipsam
2589 5192 2709 5243 non
2731 5193 2864 5239 esse
2885 5177 3223 5259 expeditam
3249 5175 3323 5239 ad
3347 5177 3664 5257 participa-

1612 5420 1867 5487 VARLE
1917 5423 2360 5493 LECTIONES.

349 5561 421 5611 es
465 5558 865 5641 sangvis”.
917 5551 1507 5641 __8_“67tortepﬂ(§fl8wy
1537 5555 1690 5641 legit
1718 5558 2010 5622 Maximus
2052 5559 2442 5625 Scholiastes.
2490 5561 2593 5641 ,85
2640 5562 2839 5641 vigata:
2888 5561 2985 5641 γει
3036 5559 3266 5641 adpotus,
3313 5555 3383 5618 D.
3435 5556 3663 5641 194.780.

258 5642 332 5696 οε
361 5642 604 5714 ἑνιαίων,
632 5638 709 5700 δέ
731 5638 827 5701 Sc.

268 5728 445 5802 τάτω,
482 5721 554 5783 D.
590 5716 656 5784 Ρ.
740 5718 806 5771 90
834 5713 1274 5796 ἀναπαυομένων,
1310 5713 1403 5778 8,
1472 5760 1480 5763 .

913 5635 976 5686 ⁸⁷
1008 5631 1385 5724 ἀφορίζουσιρὲ
1418 5635 1531 5716 καί,
1551 5631 1630 5699 ΜΖ
1662 5636 1815 5703 forte
1836 5663 1891 5698 τε
1921 5641 2268 5724 legendum.
2353 5642 2418 5693 83
2446 5640 2500 5701 δέ
2530 5660 2649 5706 non
2674 5631 2848 5708 estin
2879 5639 2942 5710 S.
2976 5643 3043 5706 P.
3069 5631 3171 5705 Sc’.
3205 5636 3340 5706 Sar.
3424 5638 3489 5693 89
3516 5640 3669 5697 ἀνω·-
