4086 6206
442 319 559 392 699
1625 333 1689 401 S.
1733 335 1915 402 DION
1924 336 2074 401 YSII
2115 335 2624 403 AREOPAGITIE
3685 338 3801 410 700

436 463 660 528 tionem
692 462 956 539 luminis,
983 465 1124 549 quia
1154 485 1273 530 non
1301 469 1378 531 sit
1407 469 1626 534 idonea
1649 472 1720 534 ad
1744 472 2063 536 admitten-

2155 471 2232 548 μὴ
2273 471 2567 552 ἐφικθετται
2600 473 2735 530 κατὰ
2784 472 2847 530 τὸ
2900 477 2996 541 τῆς
3051 471 3244 540 οἰκείας
3284 469 3482 552 αἴγλης
3528 473 3806 554 ὑπερϐάλ-

436 554 577 617 dum
612 557 778 618 illud.
813 557 896 618 Ac
939 575 1143 621 revera
1182 559 1326 620 554
1371 562 1560 623 multa
1603 568 1688 625 sic
1733 573 1895 645 sunt,
1942 582 2063 644 qua:

2156 561 2249 620 λον
2281 561 2527 640 μέγεθος.
2562 561 2732 620 Ἀλλὰ
2770 563 2854 620 καῗ
2885 563 3015 642 πρὸς
3049 565 3147 631 τὴν
3192 563 3398 641 γένεσιν
3451 571 3554 620 τῶν
3615 565 3810 633 αἰσθη-

432 647 636 709 radius
659 647 799 708 solis
823 651 1408 727 praetergressusjlla
1439 671 1567 734 quae
1600 655 1754 716 ultra
1784 661 1924 716 sunt
1945 654 2063 715 illu-

2156 659 2262 709 τῶν
2315 652 2582 727 σωμάτων
2641 652 3022 729 συμϐάλλεται,
3058 655 3146 711 καὶ
3195 657 3329 732 πρὸς
3371 655 3512 726 ζωὴν
3559 657 3695 712 αὒτὰ
3727 680 3815 712 κι-

431 737 718 811 minat,et
750 736 896 797 nihil
929 746 1016 798 est
1040 757 1243 800 eorum
1273 760 1408 817 quae
1448 744 1614 804 cerni
1647 751 1915 822 possunt,
1951 763 2068 823 quo

431 844 551 887 non
585 824 881 905 pertingat
927 827 1016 888 sol
1062 827 1280 908 ingenti
1317 833 1364 891 vi
1398 833 1734 912 splendoris
1766 833 1879 894 sui.
1915 833 2074 906 Quin

429 913 607 976 etiam
639 915 712 976 ad
744 921 939 978 ortum
979 935 1296 995 corporum
1321 921 1432 982 sub
1463 941 1706 984 sensum
1734 922 2074 984 cadentium

431 1005 684 1080 confert,
709 1013 770 1068 et
801 1023 868 1067 ea
900 1015 1098 1070 movet
1125 1008 1198 1070 ad
1231 1009 1429 1085 vitam,
1467 1012 1670 1088 nutrit,
1706 1021 1901 1092 auget.
1931 1030 2074 1094 per-

428 1095 573 1168 ﬁcit,
606 1105 667 1156 et
698 1104 926 1175 purgat,
961 1116 1028 1160 ac
1061 1109 1326 1176 renovat;
1359 1109 1416 1163 et
1441 1121 1716 1164 mensura
1742 1113 1836 1168 est
1857 1121 1923 1165 ac
1957 1123 2072 1164 nu-

432 1201 636 1246 merus
669 1191 1079 1264 tempestatum
1126 1207 1194 1251 ac
1229 1189 1486 1272 dierum,
1537 1200 1594 1252 et
1645 1193 1840 1255 omnis
1883 1191 2072 1254 nostri

431 1275 756 1354 temporis:
787 1276 896 1338 hoc
929 1277 1085 1338 enim
1119 1287 1208 1340 est
1237 1279 1380 1341 illud
1411 1281 1636 1355 lumen,
1667 1283 1896 1344 tametsi
1931 1292 2070 1345 tunc

429 1382 560 1454 non
607 1371 733 1424 erat
777 1367 1110 1444 liguratum,
1167 1369 1324 1448 quod
1372 1370 1518 1432 dixit
1569 1371 1802 1433 divinus
1844 1370 2068 1454 Moyses

428 1452 770 1515 distinxisse
821 1454 962 1516 illud
1019 1458 1274 1535 primum
1321 1459 1551 1520 dierum
1585 1452 2064 1524 nostrorumtri-

427 1542 836 1624 duum.Atque
857 1554 916 1604 ut
941 1547 1138 1606 omnia
1159 1545 1388 1610 bonitas
1416 1549 1485 1611 ad
1507 1569 1571 1611 se
1593 1552 1902 1622 convertit,
1940 1552 2065 1631 pri-

427 1649 803 1720 maque.qum
825 1634 1088 1713 dispersa
1115 1639 1810 1720 sunt,colligit.tanquam
1849 1641 2068 1702 unilica

2159 755 2242 798 νεῖ
2289 743 2376 799 καὶ
2415 741 2590 820 τρέφει
2640 745 2728 799 καὶ
2787 741 2945 817 αὔξει,
3003 745 3092 800 καὶ
3137 743 3354 819 τελειοτ,
3407 745 3496 802 καὶ
3545 748 3809 824 καθαίρει,

2159 832 2246 888 καὶ
2301 831 2540 887 ἀνανεοϊ·
2597 833 2684 889 καὶ
2739 831 2930 912 μέτρον
2993 832 3124 913 ἰστὶ,
3203 834 3289 890 καὶ
3350 832 3570 909 ἂριθμὸς
3633 835 3806 912 ὡρῶν,

2158 922 2398 1000 ἡμερῶν,
2431 922 2518 977 καὶ
2575 922 2772 986 παντός
2827 930 2919 980 τοῦ
2976 921 3090 978 καθ’
3120 925 3265 997 ἡμᾶς
3316 923 3511 1002 χρόνου
3563 925 3626 979 τὸ
3676 929 3807 1000 φῶς

2159 1011 2284 1068 αὖτὸ
2333 1011 2433 1090 γὰρ
2489 1031 2600 1067 εστι
2629 1012 2692 1068 τὸ
2720 1011 2858 1091 φὼς,
2886 1013 2928 1068 εἰ
2958 1013 3046 1070 καὶ
3100 1013 3221 1070 τότε
3272 1011 3693 1094 ἀσχημάτιστον
3724 1013 3810 1088 ἧν,

2161 1101 2289 1180 ὅπερ
2322 1104 2350 1158 6
2391 1105 2535 1165 θεῖος
2594 1100 2694 1180 ἔφη
2754 1107 2977 1184 Μωσῆς,
3021 1103 3110 1160 καὶ
3156 1103 3318 1171 αὐτὴν
3368 1101 3580 1171 ἐγεὶνην
3644 1104 3810 1180 ὁρίσαι

2154 1193 2254 1260 τὴν
2283 1191 2500 1267 πρώτην
2528 1191 2635 1248 τῶδ
2663 1191 2780 1248 καθ’
2810 1194 2954 1267 ἡμᾶς
3009 1194 3220 1271 ἡμερῶν
3280 1189 3494 1271 τριάδα.
3538 1193 3641 1250 Καὶ
3696 1194 3809 1249 ὣσ-

2152 1302 2250 1360 περ
2309 1281 2481 1337 πάντα
2537 1282 2667 1359 πρὸς
2721 1279 2913 1348 ἑαυτὴν
2949 1283 2977 1350 ἧ
3010 1282 3274 1360 ἆγαθότης
3331 1281 3662 1362 ἑπιστρέρει,
3723 1284 3810 1338 καὶ

2151 1370 2590 1451 ἀρχισυναγωγός
2643 1369 2752 1426 ἔστι
2793 1373 2898 1426 τῶν
2937 1369 3355 1446 ἐσκεδασμένων,
3389 1371 3461 1434 ὡς
3511 1371 3806 1449 ἐναρχικὴ,

2148 1463 2234 1516 καὶ
2262 1461 2506 1522 ἓιοποιὸς
2555 1457 2768 1538 θεότης,
2831 1458 2924 1515 καΐ
2981 1460 3153 1516 πάντα
3185 1464 3346 1526 αὐτῆς
3391 1462 3462 1524 ὡς
3494 1460 3710 1540 ἀρχῆς,
3741 1461 3809 1525 ὡς

2150 1555 2410 1629 συνοχῆς,
2443 1552 2513 1614 ὡς
2562 1547 2745 1611 τέλους
2808 1548 3030 1628 ἐφίεται·
3097 1552 3183 1606 καὶ
3239 1551 3466 1628 τάγαθὸν
3530 1551 3682 1606 ἐστιν
3720 1550 3811 1628 (ὣς

2149 1640 2212 1696 τὰ
2245 1638 2400 1715 λόγια
2431 1637 2614 1717 φησιν)
2650 1637 2700 1704 ἐξ
2749 1638 2806 1694 οὗ
2835 1639 2898 1694 τὰ
2948 1640 3119 1696 πάντα
3167 1639 3370 1705 ὑπέστη
3398 1638 3478 1712 9³,
3509 1641 3604 1696 καὶ
3637 1639 3802 1718 ἔστιν,

427 1719 703 1782 divinitas
735 1729 796 1782 et
819 1723 1176 1805 principium
1214 1729 1480 1808 unitatis,
1514 1719 1835 1805 omniaque
1879 1731 2063 1809 ipsam

2149 1731 2220 1791 ὡς
2282 1728 2333 1794 ἐξ
2396 1728 2560 1792 αἰτίας
2625 1728 2914 1789 παντελοῦς
2975 1727 3314 1806 παρη-(μένα,
3384 1729 3471 1784 καὶ
3522 1729 3581 1783 ἐν
3645 1733 3693 1802 ᾧ
3747 1729 3812 1784 τὰ

425 1817 488 1870 ιιι
519 1809 895 1891 principium,
933 1823 993 1874 ut
1019 1802 1417 1896 complexum,
1451 1802 1513 1877 ut
1535 1818 1711 1880 linem
1737 1802 2062 1898 appetunt;

2151 1819 2322 1873 πάντα
2381 1816 2722 1895 συνέστηκεν,
2783 1818 2854 1878 ὡς
2931 1816 2984 1872 ἐν
3044 1822 3512 1895 παντοκρατορικῷ
3583 1818 3810 1891 πυθμένι

3869 45 3986 224 ,ς

425 1901 770 1984 bonumque
802 1904 946 1966 illud
981 1917 1070 1966 est
1101 1910 1192 1985 (ut
1221 1906 1526 1984 Scriptura
1582 1928 1748 1971 sacra
1795 1912 2062 1973 testatur)

2150 1907 2508 1986 φρουρούμενα
2579 1908 2666 1962 καὶ
2745 1905 3184 1982 διακρατούμενα,
3248 1910 3334 1964 καὶ
3414 1909 3487 1970 είς
3548 1907 3578 1963 ὅ
3632 1907 3699 1959 99
3750 1910 3812 1964 τα
3908 1954 3918 1962 .

423 2009 492 2054 ex
527 2011 642 2072 quo
675 1993 874 2054 omnia
925 1999 1338 2068 constiterunt,
1391 2007 1448 2058 et
1491 2000 1664 2060 veluti
1699 2019 1732 2060 a
1766 2002 2063 2080 perfectis-

2151 1997 2321 2052 πάντα
2377 1995 2768 2074 ἐπιστρέφεται,
2831 1996 3065 2072 καθάπερ
3095 1994 3148 2038 9³
3203 1999 3274 2063 εἷς
3331 1999 3528 2053 οἰκεῖοι
3597 1998 3810 2070 ἑκάστῳ

425 2082 574 2142 sima
624 2098 798 2145 causa
853 2086 1137 2164 producta
1187 2099 1350 2161 sunt,
1385 2097 1442 2149 et
1473 2089 1530 2148 in
1564 2108 1678 2168 qua
1738 2096 2063 2151 consistunt

2149 2085 2330 2166 πέρας,
2366 2089 2450 2141 καὶ
2496 2086 2555 2141 οὗ
2587 2085 2784 2165 ἐφίεται
2817 2087 3012 2159 πάντα,
3046 2088 3111 2142 τὰ
3143 2087 3238 2160 μὲν
3270 2089 3421 2166 νοερὰ
3471 2091 3562 2144 καὶ
3610 2087 3806 2164 λογικὰ

425 2172 726 2243 universa,
776 2182 1051 2255 tanquam
1103 2177 1162 2237 in
1217 2176 1399 2238 fundo
1457 2191 1674 2241 cuncta
1722 2179 2063 2242 continente

2148 2176 2476 2254 γνωστικῶς,
2539 2176 2603 2230 τὰ
2661 2173 2714 2231 δὲ
2764 2177 3040 2241 αἰσθητικὰ
3097 2177 3442 2243 αἰσθητικῶς,
3498 2179 3565 2235 τὰ
3613 2177 3672 2233 δὲ
3717 2179 3799 2233 αἷ-

425 2262 742 2342 custodita,
777 2274 1198 2345 contentaque;
1240 2276 1299 2330 et
1342 2268 1412 2328 ad
1460 2269 1618 2344 quod
1671 2269 1893 2348 omnia,
1929 2279 2060 2330 tan-

425 2368 601 2432 quam
630 2352 700 2413 ad
721 2353 895 2414 finem
922 2373 1174 2436 quaeque
1197 2376 1392 2433 suum,
1418 2359 2064 2440 convertuntur,quod-

423 2458 542 2520 que
573 2451 859 2522 appetunt
896 2445 1187 2528 universa,
1213 2449 1501 2528 spiritalia
1525 2449 1764 2529 quidem
1792 2449 2058 2511 ratione-

427 2549 543 2610 que
573 2533 797 2595 utentia
827 2533 1113 2610 scienter,
1147 2537 1391 2599 sensilia
1422 2556 1558 2600 vero
1590 2539 1910 2612 sensiliter;
1931 2558 2062 2619 quae

423 2631 618 2684 autem
655 2643 871 2685 sensus
901 2634 1040 2688 sunt
1071 2627 1357 2706 expertia,
1403 2627 1609 2691 innato
1653 2635 1816 2689 motu
1869 2627 2060 2690 vitalis

422 2712 825 2792 appetitionis,
860 2723 918 2775 et
960 2734 1093 2795 qua}
1125 2716 1238 2777 vita
1269 2732 1490 2789 carent,
1545 2735 1611 2778 ac
1646 2718 2058 2780 tantummodo

426 2800 732 2875 exsistunt,
771 2805 825 2864 vi
857 2809 1108 2885 quadam
1134 2807 1204 2868 atl
1230 2807 1416 2869 solius
1447 2805 1722 2870 essentia;
1753 2807 2061 2886 participa-

426 2890 648 2953 tionem
694 2912 990 2974 propensa
1020 2905 1177 2959 sunt.
1216 2896 1435 2959 Eadem
1471 2897 1815 2960 clarissimae
1844 2898 2057 2958 simili-

424 2979 645 3043 tudinis
663 2984 891 3046 ratione
913 2984 1008 3047 lttx
1032 3005 1269 3066 quoque
1301 2987 1526 3066 colligit
1552 2988 1958 3068 convertitque
1987 2987 2060 3048 ad

423 3085 489 3132 se
519 3069 719 3133 omnia
743 3090 874 3152 quas
897 3071 1191 3148 videntur,
1219 3093 1348 3155 quae
1381 3082 1712 3149 moventur,
1739 3092 1870 3154 qua:
1898 3073 2065 3135 illus-

2148 2267 2382 2335 σθήσεως
2441 2265 2658 2342 ἄμοιρα,
2724 2271 2790 2340 τῇ
2860 2263 3074 2344 ἐμφύτῳ
3142 2266 3348 2333 κινήσει
3402 2271 3499 2332 τῆς
3561 2271 3799 2337 ζωτικῆς

2147 2355 2398 2433 ἐφέσεωςο
2449 2355 2515 2410 τὰ
2574 2352 2629 2409 δὲ
2681 2353 2823 2424 ἆζωα
2863 2355 2947 2410 καὶ
2996 2354 3156 2428 μόνον
3186 2353 3330 2430 ὄντα,
3369 2360 3434 2430 τῇ
3457 2357 3593 2433 πρὸς
3628 2358 3800 2429 μόνην

2185 2443 2196 2460 κ
2327 2444 2340 2460 ς
2433 2441 2485 2464 ΙΝ
2637 2443 2645 2456 '
2711 2441 2730 2463 Γ
3010 2441 3045 2464 κν
3100 2441 3112 2462 Ι
3317 2453 3333 2466 ν
3416 2445 3428 2458 ι
3521 2445 3536 2464 κ
3682 2444 3696 2464 θ
3743 2445 3757 2464 \

2143 2465 2243 2510 την
2293 2457 2522 2509 ουσιωοη
2583 2446 2786 2516 μεθεςιν
2843 2442 3261 2509 ἒπιτηοειοτητι.
3301 2453 3442 2501 luta
3485 2465 3582 2500 τον
3639 2465 3798 2500 αυτον

2143 2537 2240 2600 τῆς
2274 2533 2535 2612 ἐμφανοῦς
2568 2531 2766 2593 sixdvoc
2825 2530 3009 2608 λόγον,
3055 2534 3141 2587 καὶ
3193 2532 3252 2587 τὸ
3303 2538 3414 2609 φῶς
3463 2533 3683 2610 συνάγει
3713 2533 3800 2590 καὶ

2143 2625 2440 2703 ἐπιστρέφει
2473 2625 2600 2702 πρὸς
2633 2623 2786 2680 ἐαυτὸ
2818 2625 2991 2680 πάντα
3022 2625 3084 2680 τὰ
3115 2622 3240 2679 ὄντα
3269 2622 3352 2703 θι,
3387 2626 3444 2680 τὰ
3467 2627 3702 2703 δρῶντα,
3731 2625 3798 2680 τὰ

2143 2718 2448 2793 κινούμενα,
2493 2718 2557 2772 τὰ
2597 2717 2952 2796 φωῑιζόμενα,
3001 2715 3065 2772 τοὶ
3108 2719 3520 2796 θερμαινόμενα,
3555 2718 3624 2775 τὰ.
3656 2717 3796 2782 ὅλως

2144 2809 2243 2864 ὑπὸ
2271 2811 2378 2863 τῶν
2404 2808 2562 2864 abre-3
2601 2814 2958 2887 μαρμαρυγῶν
2990 2807 3336 2884 συνεγόμενα·
3372 2805 3450 2864 διὸ
3481 2810 3571 2866 καὶ
3604 2808 3787 2887 ἥλιος,

2145 2897 2224 2954 ὅτι
2258 2898 2426 2954 παίντα
2458 2897 2627 2964 eam
2658 2911 2827 2969 ποιεῖ,
2873 2898 2960 2953 καὶ
3008 2897 3221 2974 συνάγει
3254 2897 3318 2952 τὰ
3346 2895 3789 2972 διεσκεδασμέναι,

2147 2990 2244 3046 Καὶ
2295 2988 2466 3044 πάντα
2517 2992 2674 3046 αὐτοῦ
2721 2989 2788 3045 τὰ
2830 2986 3051 3046 αἰσθητὰ
3094 2985 3316 3066 ἐφίεται,
3350 2986 3384 3054 ἢ
3416 2989 3489 3049 ὡς
3521 2997 3617 3046 τοῦ
3649 2989 3796 3066 ὁρᾷν,

2147 3077 2182 3146 ἢ
2239 3078 2310 3141 ὡς
2358 3085 2451 3134 τοῦ
2499 3081 2783 3150 κινεῖσθαι,
2842 3077 2931 3132 καὶ
2996 3078 3330 3156 φωτίζεσθαι,
3383 3077 3468 3133 καὶ
3511 3079 3793 3155 θερμαίνε-

426 3170 680 3231 trantur.
729 3180 863 3239 qua:
891 3162 1214 3236 calescunt,
1240 3183 1489 3246 quaeque
1531 3164 1851 3227 universim
1883 3163 2063 3226 radiis

2148 3170 2286 3246 σθαι,
2320 3168 2408 3223 καὶ
2439 3166 2578 3231 ὅλως
2611 3166 2924 3247 συνέχεσθαι
2961 3167 3092 3244 πρὸς
3142 3165 3232 3222 τοῦ
3288 3167 3464 3246 φωτὸς
3515 3166 3792 3245 ἐφιέμενα,

424 3252 553 3329 ejus
587 3252 1086 3331 perstringuntur;
1111 3255 1267 3316 unde
1297 3255 1445 3323 ἥλιος
1470 3273 1574 3316 seu
1600 3255 1940 3327 sol,nomen
1968 3253 2063 3314 ha-

2154 3257 2250 3314 Καὶ
2281 3257 2340 3313 οὗ
2369 3254 2538 3324 δήπου
2596 3257 2732 3334 φημὶ
2764 3257 2897 3312 κατὰ
2929 3256 3018 3311 τὸν
3071 3259 3168 3324 τῆς
3210 3253 3571 3322 παλαιότητος
3605 3254 3792 3334 λόγον,

425 3338 547 3415 bet,
583 3343 739 3420 quod
772 3344 971 3404 omnia
1001 3343 1178 3407 faciat
1207 3344 1403 3418 ἀολλῆ,
1431 3344 1492 3405 id
1521 3352 1612 3405 est
1641 3342 1838 3404 omnia
1869 3349 2060 3404 servet

2148 3343 2223 3401 ὅτι
2257 3348 2373 3409 Θεὸς
2405 3347 2478 3403 ὢν
2525 3348 2552 3402 6
2599 3345 2754 3412 ἥλιος
2805 3347 2888 3401 ναὶ
2926 3343 3244 3424 δημιουργὸς
3290 3342 3436 3401 τοῦδε
3468 3353 3560 3402 τοῦ
3594 3346 3794 3411 παντὸς

423 3428 607 3509 salva,
653 3435 710 3490 et
753 3441 1068 3511 congreget
1098 3433 1389 3516 dispersa.
1423 3433 1492 3494 Et
1525 3435 1724 3496 omnia
1755 3450 1888 3512 qua:
1916 3449 2058 3492 sen-

2148 3433 2282 3498 ίδίως
2343 3435 2674 3514 ἐπιτροπεύει
2733 3437 2824 3491 τὸν
2882 3434 3091 3514 ἐμφανῆ
3140 3434 3367 3508 κόσμον,
3410 3431 3528 3490 ἀλλ’
3589 3434 3671 3490 ὅτι
3727 3435 3793 3490 τα

425 3519 613 3583 tiendi
644 3520 758 3582 vim
792 3521 1010 3584 habent
1057 3543 1190 3586 eum
1241 3531 1548 3604 appetunt,
1579 3522 1670 3589 vel
1704 3532 1770 3582 ut
1800 3521 2055 3596 videant,

2148 3523 2338 3602 ἀόρατα
2391 3532 2482 3582 τοῦ
2562 3531 2693 3582 Θεοῦ
2749 3523 2856 3580 ἀπὸ
2913 3524 3133 3585 κτίσεως
3186 3524 3388 3597 κόσμου
3447 3537 3566 3588 τοῖς
3625 3525 3790 3593 ποιή-

427 3610 515 3672 vel
547 3618 610 3672 ut
633 3623 998 3693 moveantur,
1025 3621 1082 3674 et
1110 3613 1544 3685 illuminentur,
1579 3621 1636 3673 et
1668 3611 2060 3691 calescant,et

2148 3634 2273 3687 μασι
2326 3613 2582 3686 νοούμενα
2651 3615 2962 3692 καθορᾶται,
3024 3611 3052 3678 ἤ
3107 3632 3162 3669 τε
3200 3609 3362 3676 ἀιδιος
3414 3615 3569 3670 αὐτοῦ
3625 3610 3789 3670 δύναο

426 3697 684 3782 denique
714 3710 776 3762 ut
819 3702 1236 3765 contineantur
1279 3714 1336 3766 et
1388 3709 1811 3764 conserventur
1839 3718 1872 3760 a
1903 3701 2054 3761 luce.

2148 3724 2234 3776 μις
2271 3704 2360 3758 καὶ
2389 3701 2622 3769 θειότης.

425 3787 555 3852 Non
603 3790 716 3854 hoc
745 3791 897 3866 dico,
935 3801 996 3854 ut
1045 3799 1363 3873 antiquitas
1391 3791 1786 3862 existimabat,
1823 3789 1979 3867 quod
2011 3789 2099 3850 sol
2149 3791 2221 3851 sit
2252 3790 2430 3853 Deus.
2467 3799 2526 3853 et
2571 3797 2782 3852 auctor
2815 3788 3094 3861 universi,
3127 3788 3232 3870 qui
3262 3790 3421 3852 hunc
3473 3789 3788 3865 mundum,

425 3898 601 3961 quem
629 3879 950 3954 cernimus,
987 3883 1226 3964 proprie
1255 3881 1569 3962 gubernet,
1605 3879 1711 3942 sed
1746 3885 1961 3960 potius,
1985 3879 2143 3959 quod
2175 3879 2520 3942 invisibilia
2577 3879 2716 3959 Dei,
2745 3896 2781 3940 ο
2811 3887 3097 3942 creatura
3137 3881 3376 3962 mundi,
3408 3897 3523 3961 per
3559 3898 3627 3942 ea
3657 3896 3792 3961 qua

420 3969 587 4048 facta
615 3979 776 4044 sum,
811 3971 1111 4036 intellecta
1143 3973 1623 4052 conspiciuntur,
1656 3971 2016 4050 sempiterna
2049 3987 2285 4052 quoque
2313 3972 2444 4041 eius
2473 3970 2671 4033 virtus
2699 3977 2753 4032 et
2783 3970 3081 4032 divinitas
3109 3975 3158 4030 °.

2040 4131 2182 4211 δν.

504 4293 540 4373 §
572 4291 873 4359 V.Verum
899 4293 974 4356 de
1005 4293 1097 4358 his
1130 4293 1188 4355 in
1221 4293 1542 4375 symbolice
1572 4293 2063 4372 theologiaNunc

2225 4290 2392 4349 ἈΛλὰ
2445 4299 2610 4349 ταῦτα
2663 4293 2760 4366 μὲν
2818 4295 2873 4348 ἓν
2923 4298 2992 4368 τῇ
3045 4290 3342 4369 συμϐολικῇ
3388 4289 3653 4369 θιολογίᾳ.
3692 4298 3791 4350 Νῦν

423 4391 619 4444 autem
673 4384 1018 4446 intellectile
1046 4383 1182 4445 boni
1217 4402 1249 4445 a
1279 4384 1413 4446 luce
1457 4402 1671 4444 nomen
1695 4382 1866 4445 nobis
1896 4382 2060 4443 cele-

2148 4382 2198 4440 δὲ
2255 4384 2354 4449 την
2411 4383 2606 4450 νοητὴν
2656 4385 2886 4460 τάγαθοῦ
2943 4383 3292 4463 ’.ρωτωνυμίαν
3321 4383 3458 4456 ἡμῖν
3499 4380 3790 4455 ὑμνητέον,

421 4471 711 4534 brandum
751 4482 926 4555 est,et
957 4474 1280 4536 dicendum
1314 4473 1474 4554 quod
1507 4473 1558 4534 is
1582 4473 1682 4554 qui
1716 4471 1910 4533 bonus
1945 4479 2060 4552 est,

2148 4474 2233 4530 καὶ
2269 4471 2478 4550 ῥητέον,
2515 4472 2595 4527 ὅτι
2627 4476 2738 4551 φῶς
2792 4473 2986 4538 νοητὸν
3017 4473 3044 4528 6
3075 4472 3272 4550 ἀγαθὸς
3324 4471 3536 4550 ὶεγεται
3587 4471 3672 4526 διὰ
3733 4471 3790 4526 τὸ

422 4560 519 4624 lux
538 4561 897 4626 intellectilis
918 4564 1136 4626 dicitur
1158 4564 1296 4644 quia
1320 4582 1557 4625 omnem
1581 4570 1839 4624 mentem
1858 4579 2060 4642 supra-

423 4653 723 4715 caelestem
765 4654 974 4734 implet
1007 4654 1233 4717 lumine
1280 4653 1632 4729 intellectili;
1659 4670 1899 4714 omnem
1918 4649 2058 4711 555

422 4751 620 4804 autem
643 4744 1030 4824 ignorantiam
1049 4755 1104 4808 et
1121 4761 1393 4805 errorem
1418 4762 1489 4805 ex
1513 4741 1791 4804 omnibus
1813 4741 2053 4814 animis,

423 4831 485 4893 in
512 4833 729 4909 quibus
759 4845 872 4906 est,
910 4834 1098 4915 ejicit,
1123 4833 1340 4915 etipsis
1372 4833 1650 4894 omnibus
1681 4832 1884 4893 lumen
1917 4848 2059 4892 san-

424 4928 584 4984 ctum
621 4922 902 5004 impertit,
938 4943 1263 5004 eorumque
1307 4923 1512 4986 oculos
1542 4921 1829 4984 mentales
1859 4941 1892 4981 a
1920 4920 2062 4982 cali-

423 5011 561 5091 gine
591 5030 660 5073 ex
695 5015 1023 5093 ignorantia
1047 5013 1405 5076 circumfusa
1434 5020 1800 5092 repurgat,et
1825 5010 2060 5085 liberat,

2143 4563 2315 4619 πάντα
2369 4561 2465 4636 μὲν
2521 4561 2893 4641 δπερουρανιον
2937 4569 3054 4619 νοῦν
3105 4559 3569 4636 ἐμπιμπλάναιθῦ
3597 4561 3789 4628 νοητοῦ

2142 4650 2342 4732 φωτός·
2399 4657 2573 4707 πᾶσαν
2643 4649 2698 4706 δὲ
2751 4649 2967 4727 ἄγνοιαν
3021 4651 3112 4707 καὶ
3159 4649 3369 4717 πλάνην
3426 4648 3661 4706 ἐλαύνειν
3731 4648 3787 4705 ἐκ

2143 4740 2349 4815 πασῶν,
2385 4739 2479 4804 αῖς
2511 4737 2570 4795 ἂν
2602 4737 2882 4817 ἐγγένηται
2937 4743 3169 4817 ψυχαῖς,
3202 4740 3289 4795 καὶ
3348 4739 3542 4801 πάσαις
3597 4742 3782 4799 αὐταῖς

2143 4830 2316 4908 φωτὸς
2373 4830 2510 4905 ἱεροῦ
2568 4825 2924 4901 μεταδιδόναι,
3001 4829 3090 4883 καὶ
3163 4827 3281 4890 τοὺς
3344 4828 3552 4905 νοεροὺς
3613 4828 3782 4885 αὒτῶν

2143 4917 2440 4995 ὀφθαλμοὺς
2500 4917 2863 4995 ἀνακαθαίρειν
2907 4914 2974 4966 96
3027 4922 3121 4983 τῆς
3175 4919 3550 4996 περικειμένης
3597 4920 3782 4979 αὐταῖς

2145 5008 2206 5064 ἐκ
2250 5012 2350 5075 τῆς
2401 5007 2614 5086 ἀγνοίας
2673 5005 2898 5086 ἀχλύος,
2935 5007 3019 5065 καὶ
3069 5005 3341 5064 ἀνακινεῖν
3390 5009 3478 5064 καὶ
3509 5005 3782 5062 ἀναπτύσ-

425 5109 484 5165 et
514 5101 753 5176 excitat,
790 5113 968 5181 atque
997 5103 1188 5185 aperit
1223 5103 1403 5164 multa
1457 5103 1741 5182 gravitate
1786 5099 2063 5164 tenebra-

2148 5120 2258 5154 σειν
2327 5102 2403 5170 τῷ
2459 5095 2644 5168 πολλῷ
2701 5095 2848 5173 βάρει
2903 5102 2998 5153 τοῦ
3057 5094 3276 5158 σκότους
3347 5095 3779 5172 σδμμεμυκότας⁹

423 5210 556 5256 rum
575 5212 951 5276 compressos
972 5180 1519 5274 etclausoszdatque
1543 5192 1802 5273 primum
1823 5189 2063 5273 quidem

2149 5188 2237 5244 καὶ
2289 5184 2623 5263 μετατιδόναι
2662 5190 2844 5264 πρῶτα
2891 5183 2989 5259 μὲν
3029 5181 3094 5234 97
3126 5180 3326 5262 αἴγλης
3387 5184 3625 5262 μετρίας⁶
3665 5183 3783 5241 εἶτα

507 5363 530 5391 °
561 5355 739 5421 Rom.
771 5373 816 5438 ι,
846 5354 952 5420 20.

1729 5430 1993 5497 νΑΒΙᾹΞ
2037 5427 2480 5496 LECTIONES.

500 5595 551 5640 9‘
585 5599 755 5654 πάντα
779 5600 866 5654 καί
895 5598 1121 5676 ὑπέστη,
1155 5595 1224 5658 D.
1310 5595 1377 5646 99
1403 5598 1475 5660 sic
1496 5595 1591 5676 ὅν,
1625 5597 1687 5658 S.
1724 5596 1791 5658 P.
1876 5593 1942 5644 93
1971 5596 2058 5651 καὶ
2101 5592 2357 5676 καθίξπερ,
2392 5587 2461 5653 Ρ.
2633 5589 2699 5676 τὲ
2726 5589 2852 5646 ὄντα
2901 5601 3022 5648 non
3051 5583 3273 5648 habent
3301 5583 3365 5650 S.
3398 5586 3465 5650 P.
3499 5580 3600 5650 SC.
3651 5581 3777 5649 Sar.

421 5671 488 5732 95
514 5678 809 5760 ἰμπιπλᾶν,
841 5677 908 5742 Ρ.
941 5667 1292 5761 ἐμπιπλάναι,
1331 5679 1398 5741 Ο,
1483 5675 1549 5728 96
1576 5667 1974 5757 ἀποκαθαίρειν,
2011 5677 2081 5740 D.
2164 5672 2228 5724 97
2261 5667 2471 5752 πρῶτον
2505 5670 2628 5754 μέν,
2660 5667 2730 5760 D,
