  <div class='ocr_page' id='page_1' title='image "/cluster/home/n/w/nwhite01/storage/ocr_20150623/3/hvd.32044029831450/372.png"; bbox 0 0 4028 6212; ppageno 0'>
   <div class='ocr_carea' id='block_1_1' title="bbox 234 334 3627 425">
    <p class='ocr_par' dir='ltr' id='par_1_1' title="bbox 234 334 3627 425">
     <span class='ocr_line' id='line_1_1' title="bbox 234 334 3627 425; baseline -0.002 -5"><span class='ocrx_word' id='word_1_1' title='bbox 234 346 362 422; x_wconf 78' lang='lat'><strong>705</strong></span> <span class='ocrx_word' id='word_1_2' title='bbox 1275 342 1376 417; x_wconf 86' lang='lat' dir='ltr'><strong>DE</strong></span> <span class='ocrx_word' id='word_1_3' title='bbox 1420 338 1721 417; x_wconf 79' lang='lat' dir='ltr'><strong>DIVINIS</strong></span> <span class='ocrx_word' id='word_1_4' title='bbox 1762 338 2214 425; x_wconf 86' lang='lat' dir='ltr'><strong>NOMINIBUS,</strong></span> <span class='ocrx_word' id='word_1_5' title='bbox 2261 344 2425 412; x_wconf 83' lang='lat' dir='ltr'><strong>CAP.</strong></span> <span class='ocrx_word' id='word_1_6' title='bbox 2470 342 2579 413; x_wconf 85' lang='lat' dir='ltr'><strong>IV.</strong></span> <span class='ocrx_word' id='word_1_7' title='bbox 3508 334 3627 412; x_wconf 82' lang='lat'><strong>706</strong></span> 
     </span>
    </p>
   </div>
   <div class='ocr_carea' id='block_1_2' title="bbox 238 481 1907 570">
    <p class='ocr_par' dir='ltr' id='par_1_2' title="bbox 238 484 1901 570">
     <span class='ocr_line' id='line_1_2' title="bbox 238 484 1901 570; baseline -0.004 -21"><span class='ocrx_word' id='word_1_8' title='bbox 238 492 296 549; x_wconf 71' lang='grc' dir='ltr'>ἓν</span> <span class='ocrx_word' id='word_1_9' title='bbox 325 490 611 557; x_wconf 68' lang='grc' dir='ltr'>ταύτότητι</span> <span class='ocrx_word' id='word_1_10' title='bbox 654 490 773 570; x_wconf 77' lang='grc' dir='ltr'>περὶ</span> <span class='ocrx_word' id='word_1_11' title='bbox 801 490 863 546; x_wconf 77' lang='grc' dir='ltr'>τὸ</span> <span class='ocrx_word' id='word_1_12' title='bbox 891 492 991 558; x_wconf 78' lang='grc' dir='ltr'>τῆς</span> <span class='ocrx_word' id='word_1_13' title='bbox 1019 487 1347 556; x_wconf 73' lang='grc' dir='ltr'>ταύτότητος</span> <span class='ocrx_word' id='word_1_14' title='bbox 1398 484 1593 544; x_wconf 72' lang='grc' dir='ltr'>αἵτιων</span> <span class='ocrx_word' id='word_1_15' title='bbox 1622 484 1784 543; x_wconf 77' lang='grc' dir='ltr'>καλὸν</span> <span class='ocrx_word' id='word_1_16' title='bbox 1815 487 1901 543; x_wconf 86' lang='grc' dir='ltr'><strong>καὶ</strong></span> 
     </span>
    </p>
   </div>
   <div class='ocr_carea' id='block_1_3' title="bbox 1991 481 3624 570">
    <p class='ocr_par' dir='ltr' id='par_1_3' title="bbox 1991 481 3624 567">
     <span class='ocr_line' id='line_1_3' title="bbox 1991 481 3624 567; baseline 0.001 -20"><span class='ocrx_word' id='word_1_17' title='bbox 1991 483 2480 559; x_wconf 81' lang='lat' dir='ltr'><strong>manent,circnln</strong></span> <span class='ocrx_word' id='word_1_18' title='bbox 2511 483 2732 546; x_wconf 90' lang='lat' dir='ltr'><strong>bonum</strong></span> <span class='ocrx_word' id='word_1_19' title='bbox 2766 487 2825 545; x_wconf 85' lang='lat' dir='ltr'><strong>et</strong></span> <span class='ocrx_word' id='word_1_20' title='bbox 2854 481 3193 565; x_wconf 89' lang='lat' dir='ltr'><strong>pulchrum,</strong></span> <span class='ocrx_word' id='word_1_21' title='bbox 3217 483 3487 567; x_wconf 79' lang='lat' dir='ltr'><strong>ejusdem</strong></span> <span class='ocrx_word' id='word_1_22' title='bbox 3507 496 3624 550; x_wconf 85' lang='lat' dir='ltr'><strong>sta-</strong></span> 
     </span>
    </p>
   </div>
   <div class='ocr_carea' id='block_1_4' title="bbox 237 577 1907 661">
    <p class='ocr_par' dir='ltr' id='par_1_4' title="bbox 237 577 1466 661">
     <span class='ocr_line' id='line_1_4' title="bbox 237 577 1466 661; baseline -0.001 -23"><span class='ocrx_word' id='word_1_23' title='bbox 237 582 467 661; x_wconf 71' lang='grc' dir='ltr'>ἀγαθὸν,</span> <span class='ocrx_word' id='word_1_24' title='bbox 497 577 888 650; x_wconf 73' lang='grc' dir='ltr'>ἂκαταλήκτως</span> <span class='ocrx_word' id='word_1_25' title='bbox 916 577 976 629; x_wconf 69' lang='grc' dir='ltr'><strong>ίθ</strong></span> <span class='ocrx_word' id='word_1_26' title='bbox 1004 578 1466 659; x_wconf 75' lang='grc' dir='ltr'>περιχορεύοντες.</span> 
     </span>
    </p>
   </div>
   <div class='ocr_carea' id='block_1_5' title="bbox 1991 577 3059 661">
    <p class='ocr_par' dir='ltr' id='par_1_5' title="bbox 1991 581 3059 655">
     <span class='ocr_line' id='line_1_5' title="bbox 1991 581 3059 655; baseline -0.003 -18"><span class='ocrx_word' id='word_1_27' title='bbox 1991 582 2081 637; x_wconf 86' lang='lat' dir='ltr'><strong>tus</strong></span> <span class='ocrx_word' id='word_1_28' title='bbox 2107 592 2346 637; x_wconf 88' lang='lat' dir='ltr'><strong>causam</strong></span> <span class='ocrx_word' id='word_1_29' title='bbox 2371 591 2611 655; x_wconf 78' lang='lat' dir='ltr'><strong>semper</strong></span> <span class='ocrx_word' id='word_1_30' title='bbox 2639 591 2706 636; x_wconf 89' lang='lat' dir='ltr'><strong>se</strong></span> <span class='ocrx_word' id='word_1_31' title='bbox 2732 581 3059 638; x_wconf 74' lang='lat' dir='ltr'><strong>versantes.</strong></span> 
     </span>
    </p>
   </div>
   <div class='ocr_carea' id='block_1_6' title="bbox 1865 734 2051 815">
    <p class='ocr_par' dir='ltr' id='par_1_6' title="bbox 1865 734 2051 815">
     <span class='ocr_line' id='line_1_6' title="bbox 1865 734 2051 815; baseline 0.011 -19"><span class='ocrx_word' id='word_1_32' title='bbox 1865 734 1896 815; x_wconf 83' lang='lat'>§</span> <span class='ocrx_word' id='word_1_33' title='bbox 1940 736 2051 799; x_wconf 84' lang='lat' dir='ltr'><strong>1x.</strong></span> 
     </span>
    </p>
   </div>
   <div class='ocr_carea' id='block_1_7' title="bbox 336 896 1907 982">
    <p class='ocr_par' dir='ltr' id='par_1_7' title="bbox 336 897 1907 982">
     <span class='ocr_line' id='line_1_7' title="bbox 336 897 1907 982; baseline -0.006 -21"><span class='ocrx_word' id='word_1_34' title='bbox 336 903 545 982; x_wconf 74' lang='grc' dir='ltr'>Ψυχῆς</span> <span class='ocrx_word' id='word_1_35' title='bbox 601 899 657 958; x_wconf 80' lang='grc' dir='ltr'><strong>δὲ</strong></span> <span class='ocrx_word' id='word_1_36' title='bbox 716 901 924 969; x_wconf 89' lang='grc' dir='ltr'>κίνησίς</span> <span class='ocrx_word' id='word_1_37' title='bbox 968 902 1101 978; x_wconf 79' lang='grc' dir='ltr'>ἐστι,</span> <span class='ocrx_word' id='word_1_38' title='bbox 1137 899 1361 972; x_wconf 77' lang='grc' dir='ltr'>κυκλικὴ</span> <span class='ocrx_word' id='word_1_39' title='bbox 1395 903 1492 976; x_wconf 79' lang='grc' dir='ltr'>μὲν</span> <span class='ocrx_word' id='word_1_40' title='bbox 1520 901 1555 969; x_wconf 81' lang='grc' dir='ltr'><strong>ἠ</strong></span> <span class='ocrx_word' id='word_1_41' title='bbox 1607 901 1679 964; x_wconf 88' lang='grc' dir='ltr'><strong>εἰς</strong></span> <span class='ocrx_word' id='word_1_42' title='bbox 1722 897 1907 966; x_wconf 76' lang='grc' dir='ltr'>ἑαυτὴν</span> 
     </span>
    </p>
   </div>
   <div class='ocr_carea' id='block_1_8' title="bbox 1991 896 3628 982">
    <p class='ocr_par' dir='ltr' id='par_1_8' title="bbox 2077 896 3628 980">
     <span class='ocr_line' id='line_1_8' title="bbox 2077 896 3628 980; baseline 0.003 -20"><span class='ocrx_word' id='word_1_43' title='bbox 2077 898 2276 961; x_wconf 85' lang='lat' dir='ltr'><strong>Animi</strong></span> <span class='ocrx_word' id='word_1_44' title='bbox 2306 898 2505 961; x_wconf 88' lang='lat' dir='ltr'><strong>anime</strong></span> <span class='ocrx_word' id='word_1_45' title='bbox 2538 909 2735 961; x_wconf 88' lang='lat' dir='ltr'><strong>motus</strong></span> <span class='ocrx_word' id='word_1_46' title='bbox 2764 896 3118 960; x_wconf 89' lang='lat' dir='ltr'><strong>orbicularis</strong></span> <span class='ocrx_word' id='word_1_47' title='bbox 3147 904 3239 960; x_wconf 89' lang='lat' dir='ltr'><strong>est</strong></span> <span class='ocrx_word' id='word_1_48' title='bbox 3266 898 3395 980; x_wconf 87' lang='lat' dir='ltr'><strong>ejus</strong></span> <span class='ocrx_word' id='word_1_49' title='bbox 3419 899 3492 962; x_wconf 90' lang='lat' dir='ltr'><strong>ab</strong></span> <span class='ocrx_word' id='word_1_50' title='bbox 3522 920 3628 965; x_wconf 81' lang='lat' dir='ltr'><strong>ex-</strong></span> 
     </span>
    </p>
   </div>
   <div class='ocr_carea' id='block_1_9' title="bbox 241 986 1907 1072">
    <p class='ocr_par' dir='ltr' id='par_1_9' title="bbox 241 988 1907 1072">
     <span class='ocr_line' id='line_1_9' title="bbox 241 988 1907 1072; baseline -0.005 -22"><span class='ocrx_word' id='word_1_51' title='bbox 241 991 452 1058; x_wconf 78' lang='grc' dir='ltr'>εἴσοόος</span> <span class='ocrx_word' id='word_1_52' title='bbox 496 992 604 1049; x_wconf 74' lang='grc' dir='ltr'>ἀπὸ</span> <span class='ocrx_word' id='word_1_53' title='bbox 631 997 739 1049; x_wconf 86' lang='grc' dir='ltr'><strong>τῶν</strong></span> <span class='ocrx_word' id='word_1_54' title='bbox 795 991 919 1072; x_wconf 75' lang='grc' dir='ltr'>ἔξω,</span> <span class='ocrx_word' id='word_1_55' title='bbox 951 993 1040 1049; x_wconf 81' lang='grc' dir='ltr'><strong>καὶ</strong></span> <span class='ocrx_word' id='word_1_56' title='bbox 1068 998 1172 1049; x_wconf 90' lang='grc' dir='ltr'><strong>τῶν</strong></span> <span class='ocrx_word' id='word_1_57' title='bbox 1203 1000 1398 1072; x_wconf 84' lang='grc' dir='ltr'>νοερῶν</span> <span class='ocrx_word' id='word_1_58' title='bbox 1429 992 1594 1058; x_wconf 75' lang='grc' dir='ltr'>αὐτῆς</span> <span class='ocrx_word' id='word_1_59' title='bbox 1628 988 1907 1063; x_wconf 59' lang='grc' dir='ltr'>δυνάμεων</span> 
     </span>
    </p>
   </div>
   <div class='ocr_carea' id='block_1_10' title="bbox 1991 986 3632 1072">
    <p class='ocr_par' dir='ltr' id='par_1_10' title="bbox 1996 986 3632 1071">
     <span class='ocr_line' id='line_1_10' title="bbox 1996 986 3632 1071; baseline 0.002 -21"><span class='ocrx_word' id='word_1_60' title='bbox 1996 988 2217 1050; x_wconf 90' lang='lat' dir='ltr'><strong>traneis</strong></span> <span class='ocrx_word' id='word_1_61' title='bbox 2248 988 2307 1049; x_wconf 93' lang='lat' dir='ltr'><strong>in</strong></span> <span class='ocrx_word' id='word_1_62' title='bbox 2339 988 2726 1069; x_wconf 73' lang='lat' dir='ltr'><strong>semetipsum</strong></span> <span class='ocrx_word' id='word_1_63' title='bbox 2782 987 3080 1049; x_wconf 74' lang='lat' dir='ltr'><strong>introitus.</strong></span> <span class='ocrx_word' id='word_1_64' title='bbox 3120 986 3632 1071; x_wconf 85' lang='lat' dir='ltr'><strong>spiritualiumque</strong></span> 
     </span>
    </p>
   </div>
   <div class='ocr_carea' id='block_1_11' title="bbox 240 1076 1907 1164">
    <p class='ocr_par' dir='ltr' id='par_1_11' title="bbox 240 1077 1907 1164">
     <span class='ocr_line' id='line_1_11' title="bbox 240 1077 1907 1164; baseline -0.006 -20"><span class='ocrx_word' id='word_1_65' title='bbox 240 1089 277 1155; x_wconf 81' lang='grc' dir='ltr'><strong>ἡ</strong></span> <span class='ocrx_word' id='word_1_66' title='bbox 313 1084 548 1155; x_wconf 75' lang='grc' dir='ltr'>ἒνοειδῆς</span> <span class='ocrx_word' id='word_1_67' title='bbox 592 1083 872 1160; x_wconf 79' lang='grc' dir='ltr'>συνέλιξις,</span> <span class='ocrx_word' id='word_1_68' title='bbox 923 1086 1101 1164; x_wconf 77' lang='grc' dir='ltr'>ὥσπερ</span> <span class='ocrx_word' id='word_1_69' title='bbox 1158 1084 1213 1141; x_wconf 83' lang='grc' dir='ltr'><strong>’ἐν</strong></span> <span class='ocrx_word' id='word_1_70' title='bbox 1263 1107 1365 1141; x_wconf 87' lang='grc' dir='ltr'>τινι</span> <span class='ocrx_word' id='word_1_71' title='bbox 1400 1082 1586 1156; x_wconf 78' lang='grc' dir='ltr'>κύκλῳ</span> <span class='ocrx_word' id='word_1_72' title='bbox 1633 1082 1695 1137; x_wconf 76' lang='grc' dir='ltr'>τὸ</span> <span class='ocrx_word' id='word_1_73' title='bbox 1727 1077 1907 1136; x_wconf 84' lang='grc' dir='ltr'>ἀπλα-</span> 
     </span>
    </p>
   </div>
   <div class='ocr_carea' id='block_1_12' title="bbox 1991 1076 3630 1164">
    <p class='ocr_par' dir='ltr' id='par_1_12' title="bbox 1995 1076 3630 1158">
     <span class='ocr_line' id='line_1_12' title="bbox 1995 1076 3630 1158; baseline 0.004 -21"><span class='ocrx_word' id='word_1_74' title='bbox 1995 1076 2182 1157; x_wconf 91' lang='lat' dir='ltr'><strong>ipsius</strong></span> <span class='ocrx_word' id='word_1_75' title='bbox 2207 1077 2547 1140; x_wconf 77' lang='lat' dir='ltr'><strong>facultatum</strong></span> <span class='ocrx_word' id='word_1_76' title='bbox 2592 1077 2873 1139; x_wconf 89' lang='lat' dir='ltr'><strong>unimoda</strong></span> <span class='ocrx_word' id='word_1_77' title='bbox 2905 1076 3166 1151; x_wconf 81' lang='lat' dir='ltr'><strong>inflexio,</strong></span> <span class='ocrx_word' id='word_1_78' title='bbox 3198 1096 3331 1158; x_wconf 65' lang='lat' dir='ltr'><strong>qua:</strong></span> <span class='ocrx_word' id='word_1_79' title='bbox 3368 1082 3538 1158; x_wconf 85' lang='lat' dir='ltr'><strong>quasi</strong></span> <span class='ocrx_word' id='word_1_80' title='bbox 3569 1080 3630 1143; x_wconf 92' lang='lat' dir='ltr'><strong>in</strong></span> 
     </span>
    </p>
   </div>
   <div class='ocr_carea' id='block_1_13' title="bbox 242 1164 1907 1255">
    <p class='ocr_par' dir='ltr' id='par_1_13' title="bbox 242 1169 1907 1255">
     <span class='ocr_line' id='line_1_13' title="bbox 242 1169 1907 1255; baseline -0.006 -22"><span class='ocrx_word' id='word_1_81' title='bbox 242 1178 334 1241; x_wconf 78' lang='grc' dir='ltr'>νὲς</span> <span class='ocrx_word' id='word_1_82' title='bbox 366 1178 500 1253; x_wconf 75' lang='grc' dir='ltr'>αὐτῇ</span> <span class='ocrx_word' id='word_1_83' title='bbox 530 1174 865 1255; x_wconf 78' lang='grc' dir='ltr'><strong>δωρουμένη,</strong></span> <span class='ocrx_word' id='word_1_84' title='bbox 898 1176 985 1233; x_wconf 87' lang='grc' dir='ltr'><strong>καὶ</strong></span> <span class='ocrx_word' id='word_1_85' title='bbox 1016 1176 1121 1231; x_wconf 73' lang='grc' dir='ltr'><strong>ὰπὸ</strong></span> <span class='ocrx_word' id='word_1_86' title='bbox 1150 1177 1255 1231; x_wconf 84' lang='grc' dir='ltr'><strong>τῶν</strong></span> <span class='ocrx_word' id='word_1_87' title='bbox 1285 1173 1504 1231; x_wconf 80' lang='grc' dir='ltr'><strong>πολλῶν</strong></span> <span class='ocrx_word' id='word_1_88' title='bbox 1564 1177 1673 1228; x_wconf 86' lang='grc' dir='ltr'><strong>τῶν</strong></span> <span class='ocrx_word' id='word_1_89' title='bbox 1722 1169 1907 1237; x_wconf 76' lang='grc' dir='ltr'>ἔξωθεν</span> 
     </span>
    </p>
   </div>
   <div class='ocr_carea' id='block_1_14' title="bbox 1991 1164 3631 1255">
    <p class='ocr_par' dir='ltr' id='par_1_14' title="bbox 1995 1164 3631 1232">
     <span class='ocr_line' id='line_1_14' title="bbox 1995 1164 3631 1232; baseline 0.002 -3"><span class='ocrx_word' id='word_1_90' title='bbox 1995 1166 2218 1230; x_wconf 87' lang='lat' dir='ltr'><strong>circulo</strong></span> <span class='ocrx_word' id='word_1_91' title='bbox 2248 1168 2425 1229; x_wconf 81' lang='lat' dir='ltr'><strong>fixum</strong></span> <span class='ocrx_word' id='word_1_92' title='bbox 2450 1175 2508 1231; x_wconf 89' lang='lat' dir='ltr'><strong>et</strong></span> <span class='ocrx_word' id='word_1_93' title='bbox 2527 1166 2600 1230; x_wconf 88' lang='lat' dir='ltr'><strong>ab</strong></span> <span class='ocrx_word' id='word_1_94' title='bbox 2624 1167 2783 1228; x_wconf 80' lang='lat' dir='ltr'><strong>omni</strong></span> <span class='ocrx_word' id='word_1_95' title='bbox 2806 1184 3012 1227; x_wconf 92' lang='lat' dir='ltr'><strong>errore</strong></span> <span class='ocrx_word' id='word_1_96' title='bbox 3036 1164 3292 1229; x_wconf 90' lang='lat' dir='ltr'><strong>liberum</strong></span> <span class='ocrx_word' id='word_1_97' title='bbox 3326 1179 3551 1230; x_wconf 89' lang='lat' dir='ltr'><strong>motum</strong></span> <span class='ocrx_word' id='word_1_98' title='bbox 3576 1171 3631 1232; x_wconf 91' lang='lat' dir='ltr'><strong>ei</strong></span> 
     </span>
    </p>
   </div>
   <div class='ocr_carea' id='block_1_15' title="bbox 240 1255 1907 1345">
    <p class='ocr_par' dir='ltr' id='par_1_15' title="bbox 240 1259 1905 1345">
     <span class='ocr_line' id='line_1_15' title="bbox 240 1259 1905 1345; baseline 0.001 -24"><span class='ocrx_word' id='word_1_99' title='bbox 240 1266 416 1334; x_wconf 70' lang='grc' dir='ltr'>αῦτῆν</span> <span class='ocrx_word' id='word_1_100' title='bbox 501 1264 888 1345; x_wconf 70' lang='grc' dir='ltr'><strong>ἐπιστρέφουσα</strong></span> <span class='ocrx_word' id='word_1_101' title='bbox 970 1265 1064 1321; x_wconf 89' lang='grc' dir='ltr'><strong>καί</strong></span> <span class='ocrx_word' id='word_1_102' title='bbox 1149 1264 1469 1342; x_wconf 77' lang='grc' dir='ltr'>συνάγουσα,</span> <span class='ocrx_word' id='word_1_103' title='bbox 1552 1261 1762 1338; x_wconf 77' lang='grc' dir='ltr'>πρῶτον</span> <span class='ocrx_word' id='word_1_104' title='bbox 1833 1259 1905 1322; x_wconf 83' lang='grc' dir='ltr'><strong>εἰς</strong></span> 
     </span>
    </p>
   </div>
   <div class='ocr_carea' id='block_1_16' title="bbox 1991 1255 3635 1345">
    <p class='ocr_par' dir='ltr' id='par_1_16' title="bbox 1991 1255 3635 1337">
     <span class='ocr_line' id='line_1_16' title="bbox 1991 1255 3635 1337; baseline 0.002 -19"><span class='ocrx_word' id='word_1_105' title='bbox 1991 1256 2220 1332; x_wconf 83' lang='lat' dir='ltr'><strong>tribuit,</strong></span> <span class='ocrx_word' id='word_1_106' title='bbox 2246 1263 2306 1320; x_wconf 89' lang='lat' dir='ltr'><strong>et</strong></span> <span class='ocrx_word' id='word_1_107' title='bbox 2334 1276 2366 1319; x_wconf 90' lang='lat' dir='ltr'><strong>a</strong></span> <span class='ocrx_word' id='word_1_108' title='bbox 2391 1255 2589 1318; x_wconf 88' lang='lat' dir='ltr'><strong>multis</strong></span> <span class='ocrx_word' id='word_1_109' title='bbox 2616 1255 2796 1318; x_wconf 84' lang='lat' dir='ltr'><strong>rebus</strong></span> <span class='ocrx_word' id='word_1_110' title='bbox 2825 1256 3127 1318; x_wconf 80' lang='lat' dir='ltr'><strong>extraneis</strong></span> <span class='ocrx_word' id='word_1_111' title='bbox 3159 1256 3352 1337; x_wconf 92' lang='lat' dir='ltr'><strong>ipsum</strong></span> <span class='ocrx_word' id='word_1_112' title='bbox 3386 1278 3635 1321; x_wconf 89' lang='lat' dir='ltr'><strong>conver-</strong></span> 
     </span>
    </p>
   </div>
   <div class='ocr_carea' id='block_1_17' title="bbox 242 1345 1907 1435">
    <p class='ocr_par' dir='ltr' id='par_1_17' title="bbox 242 1352 1905 1435">
     <span class='ocr_line' id='line_1_17' title="bbox 242 1352 1905 1435; baseline -0.005 -22"><span class='ocrx_word' id='word_1_113' title='bbox 242 1356 469 1431; x_wconf 61' lang='grc' dir='ltr'>ἒαυτὶν,</span> <span class='ocrx_word' id='word_1_114' title='bbox 533 1356 656 1412; x_wconf 73' lang='grc' dir='ltr'>εἶτα</span> <span class='ocrx_word' id='word_1_115' title='bbox 711 1357 784 1420; x_wconf 80' lang='grc' dir='ltr'>ὡς</span> <span class='ocrx_word' id='word_1_116' title='bbox 842 1352 1044 1421; x_wconf 84' lang='grc' dir='ltr'>ἐνοειδῆ</span> <span class='ocrx_word' id='word_1_117' title='bbox 1100 1354 1431 1435; x_wconf 73' lang='grc' dir='ltr'><strong>γενομένην,</strong></span> <span class='ocrx_word' id='word_1_118' title='bbox 1515 1353 1706 1408; x_wconf 77' lang='grc' dir='ltr'>ἐνοῦσα</span> <span class='ocrx_word' id='word_1_119' title='bbox 1781 1362 1905 1412; x_wconf 78' lang='grc' dir='ltr'>ταῖς</span> 
     </span>
    </p>
   </div>
   <div class='ocr_carea' id='block_1_18' title="bbox 1991 1345 3631 1435">
    <p class='ocr_par' dir='ltr' id='par_1_18' title="bbox 1992 1345 3631 1429">
     <span class='ocr_line' id='line_1_18' title="bbox 1992 1345 3631 1429; baseline 0.002 -22"><span class='ocrx_word' id='word_1_120' title='bbox 1992 1346 2061 1408; x_wconf 90' lang='lat' dir='ltr'><strong>tit</strong></span> <span class='ocrx_word' id='word_1_121' title='bbox 2086 1366 2155 1409; x_wconf 92' lang='lat' dir='ltr'><strong>ac</strong></span> <span class='ocrx_word' id='word_1_122' title='bbox 2185 1346 2412 1426; x_wconf 82' lang='lat' dir='ltr'><strong>colligit</strong></span> <span class='ocrx_word' id='word_1_123' title='bbox 2471 1346 2728 1428; x_wconf 91' lang='lat' dir='ltr'><strong>primum</strong></span> <span class='ocrx_word' id='word_1_124' title='bbox 2780 1345 2851 1407; x_wconf 90' lang='lat' dir='ltr'><strong>ad</strong></span> <span class='ocrx_word' id='word_1_125' title='bbox 2900 1364 2987 1415; x_wconf 86' lang='lat' dir='ltr'><strong>se.</strong></span> <span class='ocrx_word' id='word_1_126' title='bbox 3036 1345 3281 1422; x_wconf 89' lang='lat' dir='ltr'><strong>deinde,</strong></span> <span class='ocrx_word' id='word_1_127' title='bbox 3318 1347 3484 1427; x_wconf 86' lang='lat' dir='ltr'><strong>quasi</strong></span> <span class='ocrx_word' id='word_1_128' title='bbox 3505 1348 3631 1429; x_wconf 88' lang='lat' dir='ltr'><strong>jam</strong></span> 
     </span>
    </p>
   </div>
   <div class='ocr_carea' id='block_1_19' title="bbox 242 1436 1907 1519">
    <p class='ocr_par' dir='ltr' id='par_1_19' title="bbox 242 1439 1904 1519">
     <span class='ocr_line' id='line_1_19' title="bbox 242 1439 1904 1519; baseline -0.005 -17"><span class='ocrx_word' id='word_1_129' title='bbox 242 1446 461 1506; x_wconf 78' lang='grc' dir='ltr'>ἑνιαίως</span> <span class='ocrx_word' id='word_1_130' title='bbox 492 1444 792 1519; x_wconf 71' lang='grc' dir='ltr'>ἡνωμέναις</span> <span class='ocrx_word' id='word_1_131' title='bbox 823 1441 1097 1519; x_wconf 72' lang='grc' dir='ltr'>δυνάμεσι,</span> <span class='ocrx_word' id='word_1_132' title='bbox 1156 1445 1246 1500; x_wconf 86' lang='grc' dir='ltr'><strong>καὶ</strong></span> <span class='ocrx_word' id='word_1_133' title='bbox 1293 1441 1463 1504; x_wconf 69' lang='grc' dir='ltr'>οὕτως</span> <span class='ocrx_word' id='word_1_134' title='bbox 1523 1441 1609 1497; x_wconf 74' lang='grc' dir='ltr'>ἐπὶ</span> <span class='ocrx_word' id='word_1_135' title='bbox 1638 1442 1700 1496; x_wconf 79' lang='grc' dir='ltr'><strong>τὸ</strong></span> <span class='ocrx_word' id='word_1_136' title='bbox 1743 1439 1904 1495; x_wconf 73' lang='grc' dir='ltr'>καλὸν</span> 
     </span>
    </p>
   </div>
   <div class='ocr_carea' id='block_1_20' title="bbox 1991 1436 3635 1519">
    <p class='ocr_par' dir='ltr' id='par_1_20' title="bbox 1991 1436 3635 1517">
     <span class='ocr_line' id='line_1_20' title="bbox 1991 1436 3635 1517; baseline 0.002 -19"><span class='ocrx_word' id='word_1_137' title='bbox 1991 1437 2162 1498; x_wconf 90' lang='lat' dir='ltr'><strong>unius</strong></span> <span class='ocrx_word' id='word_1_138' title='bbox 2194 1436 2356 1498; x_wconf 92' lang='lat' dir='ltr'><strong>modi</strong></span> <span class='ocrx_word' id='word_1_139' title='bbox 2388 1436 2694 1517; x_wconf 75' lang='lat' dir='ltr'><strong>eﬂectum,</strong></span> <span class='ocrx_word' id='word_1_140' title='bbox 2727 1436 3066 1515; x_wconf 85' lang='lat' dir='ltr'><strong>conjunctis</strong></span> <span class='ocrx_word' id='word_1_141' title='bbox 3099 1455 3217 1497; x_wconf 93' lang='lat' dir='ltr'><strong>uno</strong></span> <span class='ocrx_word' id='word_1_142' title='bbox 3250 1436 3425 1498; x_wconf 93' lang='lat' dir='ltr'><strong>modo</strong></span> <span class='ocrx_word' id='word_1_143' title='bbox 3459 1438 3635 1501; x_wconf 84' lang='lat' dir='ltr'><strong>facul-</strong></span> 
     </span>
    </p>
   </div>
   <div class='ocr_carea' id='block_1_21' title="bbox 243 1528 1898 1615">
    <p class='ocr_par' dir='ltr' id='par_1_21' title="bbox 243 1528 1898 1615">
     <span class='ocr_line' id='line_1_21' title="bbox 243 1528 1898 1615; baseline -0.005 -23"><span class='ocrx_word' id='word_1_144' title='bbox 243 1536 337 1592; x_wconf 82' lang='grc' dir='ltr'><strong>καὶ</strong></span> <span class='ocrx_word' id='word_1_145' title='bbox 394 1534 593 1612; x_wconf 82' lang='grc' dir='ltr'>ἀγαθὸν</span> <span class='ocrx_word' id='word_1_146' title='bbox 657 1540 1087 1615; x_wconf 85' lang='grc' dir='ltr'>χειραγωγοῦσα,</span> <span class='ocrx_word' id='word_1_147' title='bbox 1143 1534 1205 1588; x_wconf 73' lang='grc' dir='ltr'><strong>τὸ</strong></span> <span class='ocrx_word' id='word_1_148' title='bbox 1264 1533 1394 1612; x_wconf 75' lang='grc' dir='ltr'>ὑπὲρ</span> <span class='ocrx_word' id='word_1_149' title='bbox 1450 1532 1624 1588; x_wconf 61' lang='grc' dir='ltr'>πάντα</span> <span class='ocrx_word' id='word_1_150' title='bbox 1658 1530 1724 1587; x_wconf 77' lang='grc' dir='ltr'>τὰ</span> <span class='ocrx_word' id='word_1_151' title='bbox 1753 1528 1898 1599; x_wconf 74' lang='grc' dir='ltr'>ὄντα,</span> 
     </span>
    </p>
   </div>
   <div class='ocr_carea' id='block_1_22' title="bbox 242 1618 1896 1702">
    <p class='ocr_par' dir='ltr' id='par_1_22' title="bbox 242 1618 1896 1702">
     <span class='ocr_line' id='line_1_22' title="bbox 242 1618 1896 1702; baseline -0.002 -21"><span class='ocrx_word' id='word_1_152' title='bbox 242 1625 337 1681; x_wconf 83' lang='grc' dir='ltr'><strong>καὶ</strong></span> <span class='ocrx_word' id='word_1_153' title='bbox 376 1623 432 1680; x_wconf 80' lang='grc' dir='ltr'>ἓν</span> <span class='ocrx_word' id='word_1_154' title='bbox 481 1624 570 1679; x_wconf 87' lang='grc' dir='ltr'><strong>καὶ</strong></span> <span class='ocrx_word' id='word_1_155' title='bbox 647 1624 860 1702; x_wconf 69' lang='grc' dir='ltr'>ταύτὸν,</span> <span class='ocrx_word' id='word_1_156' title='bbox 943 1624 1031 1679; x_wconf 89' lang='grc' dir='ltr'><strong>καὶ</strong></span> <span class='ocrx_word' id='word_1_157' title='bbox 1086 1620 1321 1702; x_wconf 75' lang='grc' dir='ltr'>ἄναρχον</span> <span class='ocrx_word' id='word_1_158' title='bbox 1372 1623 1460 1678; x_wconf 84' lang='grc' dir='ltr'><strong>καὶ</strong></span> <span class='ocrx_word' id='word_1_159' title='bbox 1523 1618 1896 1685; x_wconf 81' lang='grc' dir='ltr'>ἀτελεύτητον.</span> 
     </span>
    </p>
   </div>
   <div class='ocr_carea' id='block_1_23' title="bbox 245 1705 1901 1791">
    <p class='ocr_par' dir='ltr' id='par_1_23' title="bbox 245 1705 1901 1791">
     <span class='ocr_line' id='line_1_23' title="bbox 245 1705 1901 1791; baseline -0.005 -19"><span class='ocrx_word' id='word_1_160' title='bbox 245 1705 593 1776; x_wconf 73' lang='grc' dir='ltr'>Ἐλικοειδῶς</span> <span class='ocrx_word' id='word_1_161' title='bbox 650 1710 704 1768; x_wconf 73' lang='grc' dir='ltr'><strong>δὲ</strong></span> <span class='ocrx_word' id='word_1_162' title='bbox 760 1714 796 1780; x_wconf 82' lang='grc' dir='ltr'><strong>ἡ</strong></span> <span class='ocrx_word' id='word_1_163' title='bbox 856 1712 1014 1791; x_wconf 78' lang='grc' dir='ltr'>ψυχὴ</span> <span class='ocrx_word' id='word_1_164' title='bbox 1068 1725 1295 1768; x_wconf 78' lang='grc' dir='ltr'>κινεῖται</span> <span class='ocrx_word' id='word_1_165' title='bbox 1352 1711 1471 1768; x_wconf 82' lang='grc' dir='ltr'>καθ’</span> <span class='ocrx_word' id='word_1_166' title='bbox 1528 1707 1650 1767; x_wconf 75' lang='grc' dir='ltr'>ὅσον</span> <span class='ocrx_word' id='word_1_167' title='bbox 1698 1710 1901 1771; x_wconf 80' lang='grc' dir='ltr'>οἰκείως</span> 
     </span>
    </p>
   </div>
   <div class='ocr_carea' id='block_1_24' title="bbox 1987 1525 3629 1606">
    <p class='ocr_par' dir='ltr' id='par_1_24' title="bbox 1987 1525 3629 1606">
     <span class='ocr_line' id='line_1_24' title="bbox 1987 1525 3629 1606; baseline 0.003 -19"><span class='ocrx_word' id='word_1_168' title='bbox 1987 1525 2206 1588; x_wconf 86' lang='lat' dir='ltr'><strong>tatibus</strong></span> <span class='ocrx_word' id='word_1_169' title='bbox 2236 1525 2567 1606; x_wconf 86' lang='lat' dir='ltr'><strong>conjungit,</strong></span> <span class='ocrx_word' id='word_1_170' title='bbox 2597 1538 2779 1602; x_wconf 89' lang='lat' dir='ltr'><strong>atquo</strong></span> <span class='ocrx_word' id='word_1_171' title='bbox 2812 1526 2893 1586; x_wconf 90' lang='lat' dir='ltr'><strong>ita</strong></span> <span class='ocrx_word' id='word_1_172' title='bbox 2921 1525 3160 1587; x_wconf 92' lang='lat' dir='ltr'><strong>demum</strong></span> <span class='ocrx_word' id='word_1_173' title='bbox 3193 1526 3265 1587; x_wconf 91' lang='lat' dir='ltr'><strong>ad</strong></span> <span class='ocrx_word' id='word_1_174' title='bbox 3315 1526 3629 1606; x_wconf 82' lang='lat' dir='ltr'><strong>pulchrum</strong></span> 
     </span>
    </p>
   </div>
   <div class='ocr_carea' id='block_1_25' title="bbox 1984 1614 3637 1697">
    <p class='ocr_par' dir='ltr' id='par_1_25' title="bbox 1984 1614 3637 1697">
     <span class='ocr_line' id='line_1_25' title="bbox 1984 1614 3637 1697; baseline 0.001 -19"><span class='ocrx_word' id='word_1_175' title='bbox 1984 1634 2052 1678; x_wconf 89' lang='lat' dir='ltr'><strong>ac</strong></span> <span class='ocrx_word' id='word_1_176' title='bbox 2078 1614 2302 1677; x_wconf 92' lang='lat' dir='ltr'><strong>bonum</strong></span> <span class='ocrx_word' id='word_1_177' title='bbox 2336 1615 2717 1691; x_wconf 87' lang='lat' dir='ltr'><strong>manuducit,</strong></span> <span class='ocrx_word' id='word_1_178' title='bbox 2744 1615 2899 1696; x_wconf 88' lang='lat' dir='ltr'><strong>quod</strong></span> <span class='ocrx_word' id='word_1_179' title='bbox 2924 1632 3103 1694; x_wconf 85' lang='lat' dir='ltr'><strong>supra</strong></span> <span class='ocrx_word' id='word_1_180' title='bbox 3122 1615 3323 1679; x_wconf 85' lang='lat' dir='ltr'><strong>omnia</strong></span> <span class='ocrx_word' id='word_1_181' title='bbox 3346 1635 3477 1697; x_wconf 64' lang='lat' dir='ltr'><strong>qua)</strong></span> <span class='ocrx_word' id='word_1_182' title='bbox 3498 1627 3637 1681; x_wconf 89' lang='lat' dir='ltr'><strong>sunt</strong></span> 
     </span>
    </p>
   </div>
   <div class='ocr_carea' id='block_1_26' title="bbox 1987 1704 3637 1785">
    <p class='ocr_par' dir='ltr' id='par_1_26' title="bbox 1987 1704 3637 1785">
     <span class='ocr_line' id='line_1_26' title="bbox 1987 1704 3637 1785; baseline 0.003 -19"><span class='ocrx_word' id='word_1_183' title='bbox 1987 1712 2047 1767; x_wconf 89' lang='lat' dir='ltr'><strong>et</strong></span> <span class='ocrx_word' id='word_1_184' title='bbox 2077 1724 2261 1766; x_wconf 92' lang='lat' dir='ltr'><strong>unum</strong></span> <span class='ocrx_word' id='word_1_185' title='bbox 2319 1714 2378 1767; x_wconf 79' lang='lat' dir='ltr'><strong>et</strong></span> <span class='ocrx_word' id='word_1_186' title='bbox 2423 1705 2607 1780; x_wconf 91' lang='lat' dir='ltr'><strong>idem,</strong></span> <span class='ocrx_word' id='word_1_187' title='bbox 2662 1713 2725 1766; x_wconf 90' lang='lat' dir='ltr'><strong>et</strong></span> <span class='ocrx_word' id='word_1_188' title='bbox 2771 1705 2902 1766; x_wconf 87' lang='lat' dir='ltr'><strong>sine</strong></span> <span class='ocrx_word' id='word_1_189' title='bbox 2941 1704 3235 1785; x_wconf 89' lang='lat' dir='ltr'><strong>principio</strong></span> <span class='ocrx_word' id='word_1_190' title='bbox 3269 1715 3327 1767; x_wconf 92' lang='lat' dir='ltr'><strong>et</strong></span> <span class='ocrx_word' id='word_1_191' title='bbox 3355 1708 3486 1769; x_wconf 90' lang='lat' dir='ltr'><strong>sine</strong></span> <span class='ocrx_word' id='word_1_192' title='bbox 3516 1708 3637 1772; x_wconf 86' lang='lat' dir='ltr'><strong>ﬁne</strong></span> 
     </span>
    </p>
   </div>
   <div class='ocr_carea' id='block_1_27' title="bbox 245 1793 1907 1879">
    <p class='ocr_par' dir='ltr' id='par_1_27' title="bbox 245 1798 1903 1879">
     <span class='ocr_line' id='line_1_27' title="bbox 245 1798 1903 1879; baseline -0.003 -20"><span class='ocrx_word' id='word_1_193' title='bbox 245 1803 418 1879; x_wconf 70' lang='grc' dir='ltr'>ἑαυτῇ</span> <span class='ocrx_word' id='word_1_194' title='bbox 474 1803 572 1866; x_wconf 76' lang='grc' dir='ltr'>τὰς</span> <span class='ocrx_word' id='word_1_195' title='bbox 619 1803 759 1867; x_wconf 91' lang='grc' dir='ltr'>θείας</span> <span class='ocrx_word' id='word_1_196' title='bbox 820 1800 1149 1877; x_wconf 74' lang='grc' dir='ltr'>ἑλλάμπεται</span> <span class='ocrx_word' id='word_1_197' title='bbox 1198 1801 1447 1878; x_wconf 81' lang='grc' dir='ltr'>γνώσεις,</span> <span class='ocrx_word' id='word_1_198' title='bbox 1481 1798 1540 1856; x_wconf 74' lang='grc' dir='ltr'>οὒ</span> <span class='ocrx_word' id='word_1_199' title='bbox 1592 1799 1784 1877; x_wconf 82' lang='grc' dir='ltr'>νοερῶς</span> <span class='ocrx_word' id='word_1_200' title='bbox 1816 1799 1903 1854; x_wconf 87' lang='grc' dir='ltr'><strong>καί</strong></span> 
     </span>
    </p>
   </div>
   <div class='ocr_carea' id='block_1_28' title="bbox 1991 1793 3636 1879">
    <p class='ocr_par' dir='ltr' id='par_1_28' title="bbox 1991 1793 3636 1878">
     <span class='ocr_line' id='line_1_28' title="bbox 1991 1793 3636 1878; baseline 0.002 -22"><span class='ocrx_word' id='word_1_201' title='bbox 1991 1803 2099 1859; x_wconf 88' lang='lat' dir='ltr'><strong>est.</strong></span> <span class='ocrx_word' id='word_1_202' title='bbox 2133 1793 2385 1874; x_wconf 92' lang='lat' dir='ltr'><strong>Oblique</strong></span> <span class='ocrx_word' id='word_1_203' title='bbox 2419 1813 2556 1857; x_wconf 87' lang='lat' dir='ltr'><strong>vero</strong></span> <span class='ocrx_word' id='word_1_204' title='bbox 2590 1796 2778 1856; x_wconf 86' lang='lat' dir='ltr'><strong>cietur</strong></span> <span class='ocrx_word' id='word_1_205' title='bbox 2800 1794 3310 1876; x_wconf 87' lang='lat' dir='ltr'><strong>animus,quando</strong></span> <span class='ocrx_word' id='word_1_206' title='bbox 3336 1816 3440 1877; x_wconf 93' lang='lat' dir='ltr'><strong>pro</strong></span> <span class='ocrx_word' id='word_1_207' title='bbox 3461 1806 3636 1878; x_wconf 87' lang='lat' dir='ltr'><strong>captu</strong></span> 
     </span>
    </p>
   </div>
   <div class='ocr_carea' id='block_1_29' title="bbox 244 1888 584 1969">
    <p class='ocr_par' dir='ltr' id='par_1_29' title="bbox 244 1888 584 1969">
     <span class='ocr_line' id='line_1_29' title="bbox 244 1888 584 1969; baseline -0.006 -20"><span class='ocrx_word' id='word_1_208' title='bbox 244 1892 462 1955; x_wconf 78' lang='grc' dir='ltr'>ὲνιαίως</span> <span class='ocrx_word' id='word_1_209' title='bbox 498 1888 584 1969; x_wconf 61' lang='grc' dir='ltr'>ω,</span> 
     </span>
    </p>
   </div>
   <div class='ocr_carea' id='block_1_30' title="bbox 244 1976 1903 2058">
    <p class='ocr_par' dir='ltr' id='par_1_30' title="bbox 244 1976 1903 2058">
     <span class='ocr_line' id='line_1_30' title="bbox 244 1976 1903 2058; baseline -0.004 -20"><span class='ocrx_word' id='word_1_210' title='bbox 244 1983 575 2057; x_wconf 79' lang='grc' dir='ltr'><strong>συμμίκτοις</strong></span> <span class='ocrx_word' id='word_1_211' title='bbox 625 1982 715 2038; x_wconf 80' lang='grc' dir='ltr'><strong>καὶ</strong></span> <span class='ocrx_word' id='word_1_212' title='bbox 767 1977 1151 2057; x_wconf 77' lang='grc' dir='ltr'>μετοϐατικαϊς</span> <span class='ocrx_word' id='word_1_213' title='bbox 1177 1976 1227 2021; x_wconf 55' lang='grc' dir='ltr'>’ί</span> <span class='ocrx_word' id='word_1_214' title='bbox 1262 1978 1567 2058; x_wconf 70' lang='grc' dir='ltr'>ἐνεργείαις.</span> <span class='ocrx_word' id='word_1_215' title='bbox 1629 1979 1739 2045; x_wconf 78' lang='grc' dir='ltr'><strong>Τὴν</strong></span> <span class='ocrx_word' id='word_1_216' title='bbox 1784 1976 1903 2035; x_wconf 87' lang='grc' dir='ltr'>κατ’</span> 
     </span>
    </p>
   </div>
   <div class='ocr_carea' id='block_1_31' title="bbox 244 2066 1905 2151">
    <p class='ocr_par' dir='ltr' id='par_1_31' title="bbox 244 2066 1905 2151">
     <span class='ocr_line' id='line_1_31' title="bbox 244 2066 1905 2151; baseline -0.004 -23"><span class='ocrx_word' id='word_1_217' title='bbox 244 2071 466 2129; x_wconf 67' lang='grc' dir='ltr'>εὖθεῖαδ</span> <span class='ocrx_word' id='word_1_218' title='bbox 494 2069 572 2151; x_wconf 75' lang='grc' dir='ltr'><strong>δὲ,</strong></span> <span class='ocrx_word' id='word_1_219' title='bbox 612 2069 737 2127; x_wconf 77' lang='grc' dir='ltr'>ὅταν</span> <span class='ocrx_word' id='word_1_220' title='bbox 794 2074 888 2129; x_wconf 77' lang='grc' dir='ltr'><strong>οῦκ</strong></span> <span class='ocrx_word' id='word_1_221' title='bbox 936 2071 1009 2132; x_wconf 76' lang='grc' dir='ltr'><strong>εἰς</strong></span> <span class='ocrx_word' id='word_1_222' title='bbox 1068 2069 1262 2136; x_wconf 75' lang='grc' dir='ltr'>ἑαυτὴν</span> <span class='ocrx_word' id='word_1_223' title='bbox 1322 2071 1551 2125; x_wconf 70' lang='grc' dir='ltr'>εἰσιοῦσαι</span> <span class='ocrx_word' id='word_1_224' title='bbox 1608 2068 1696 2123; x_wconf 87' lang='grc' dir='ltr'><strong>καὶ</strong></span> <span class='ocrx_word' id='word_1_225' title='bbox 1755 2066 1905 2143; x_wconf 73' lang='grc' dir='ltr'>ἐνικῇ</span> 
     </span>
    </p>
   </div>
   <div class='ocr_carea' id='block_1_32' title="bbox 245 2156 1905 2238">
    <p class='ocr_par' dir='ltr' id='par_1_32' title="bbox 245 2156 1905 2238">
     <span class='ocr_line' id='line_1_32' title="bbox 245 2156 1905 2238; baseline -0.004 -20"><span class='ocrx_word' id='word_1_226' title='bbox 245 2161 535 2238; x_wconf 83' lang='grc' dir='ltr'>νοερότητι</span> <span class='ocrx_word' id='word_1_227' title='bbox 576 2156 633 2201; x_wconf 67' lang='grc'><strong>99</strong></span> <span class='ocrx_word' id='word_1_228' title='bbox 672 2159 986 2235; x_wconf 82' lang='grc' dir='ltr'>κινουμένη,</span> <span class='ocrx_word' id='word_1_229' title='bbox 1024 2157 1201 2238; x_wconf 87' lang='grc' dir='ltr'>(τοῦτο</span> <span class='ocrx_word' id='word_1_230' title='bbox 1231 2159 1351 2236; x_wconf 70' lang='grc' dir='ltr'>γὰρ,</span> <span class='ocrx_word' id='word_1_231' title='bbox 1386 2161 1459 2222; x_wconf 86' lang='grc' dir='ltr'>ὡς</span> <span class='ocrx_word' id='word_1_232' title='bbox 1505 2158 1662 2237; x_wconf 75' lang='grc' dir='ltr'>ἔφην,</span> <span class='ocrx_word' id='word_1_233' title='bbox 1708 2156 1818 2213; x_wconf 79' lang='grc' dir='ltr'>ἔστί</span> <span class='ocrx_word' id='word_1_234' title='bbox 1847 2158 1905 2211; x_wconf 84' lang='grc' dir='ltr'><strong>τὸ</strong></span> 
     </span>
    </p>
   </div>
   <div class='ocr_carea' id='block_1_33' title="bbox 245 2244 1904 2329">
    <p class='ocr_par' dir='ltr' id='par_1_33' title="bbox 245 2244 1904 2329">
     <span class='ocr_line' id='line_1_33' title="bbox 245 2244 1904 2329; baseline -0.005 -21"><span class='ocrx_word' id='word_1_235' title='bbox 245 2252 392 2308; x_wconf 72' lang='grc' dir='ltr'>κατὰ</span> <span class='ocrx_word' id='word_1_236' title='bbox 421 2249 663 2329; x_wconf 64' lang='grc' dir='ltr'>κύκλον)</span> <span class='ocrx_word' id='word_1_237' title='bbox 697 2248 833 2306; x_wconf 80' lang='grc' dir='ltr'>ἆλλᾶ</span> <span class='ocrx_word' id='word_1_238' title='bbox 864 2251 994 2328; x_wconf 79' lang='grc' dir='ltr'>πρὸς</span> <span class='ocrx_word' id='word_1_239' title='bbox 1044 2249 1108 2304; x_wconf 75' lang='grc' dir='ltr'>τὰ</span> <span class='ocrx_word' id='word_1_240' title='bbox 1152 2252 1270 2323; x_wconf 84' lang='grc' dir='ltr'>περὶ</span> <span class='ocrx_word' id='word_1_241' title='bbox 1318 2248 1510 2314; x_wconf 69' lang='grc' dir='ltr'>ἑαυτὴν</span> <span class='ocrx_word' id='word_1_242' title='bbox 1538 2244 1593 2288; x_wconf 69' lang='grc'><strong>²³</strong></span> <span class='ocrx_word' id='word_1_243' title='bbox 1621 2256 1904 2325; x_wconf 70' lang='grc' dir='ltr'>προϊοῦσα,</span> 
     </span>
    </p>
   </div>
   <div class='ocr_carea' id='block_1_34' title="bbox 247 2336 1903 2417">
    <p class='ocr_par' dir='ltr' id='par_1_34' title="bbox 247 2336 1903 2417">
     <span class='ocr_line' id='line_1_34' title="bbox 247 2336 1903 2417; baseline -0.003 -22"><span class='ocrx_word' id='word_1_244' title='bbox 247 2342 343 2396; x_wconf 59' lang='grc' dir='ltr'>καὶ</span> <span class='ocrx_word' id='word_1_245' title='bbox 372 2340 481 2396; x_wconf 62' lang='grc' dir='ltr'>ἀπὸ</span> <span class='ocrx_word' id='word_1_246' title='bbox 511 2346 616 2397; x_wconf 89' lang='grc' dir='ltr'><strong>τῶν</strong></span> <span class='ocrx_word' id='word_1_247' title='bbox 649 2339 857 2417; x_wconf 76' lang='grc' dir='ltr'>ἔξωθεν,</span> <span class='ocrx_word' id='word_1_248' title='bbox 916 2338 1095 2417; x_wconf 81' lang='grc' dir='ltr'>ὥσπερ</span> <span class='ocrx_word' id='word_1_249' title='bbox 1126 2338 1232 2394; x_wconf 81' lang='grc' dir='ltr'>ἀπό</span> <span class='ocrx_word' id='word_1_250' title='bbox 1270 2359 1429 2394; x_wconf 86' lang='grc' dir='ltr'>τινων</span> <span class='ocrx_word' id='word_1_251' title='bbox 1478 2336 1757 2413; x_wconf 75' lang='grc' dir='ltr'>συμϐόλων</span> <span class='ocrx_word' id='word_1_252' title='bbox 1802 2357 1903 2391; x_wconf 86' lang='grc' dir='ltr'>πε-</span> 
     </span>
    </p>
   </div>
   <div class='ocr_carea' id='block_1_35' title="bbox 250 2425 1907 2506">
    <p class='ocr_par' dir='ltr' id='par_1_35' title="bbox 250 2425 1907 2506">
     <span class='ocr_line' id='line_1_35' title="bbox 250 2425 1907 2506; baseline -0.004 -20"><span class='ocrx_word' id='word_1_253' title='bbox 250 2428 621 2503; x_wconf 73' lang='grc' dir='ltr'>ποικιλμένων</span> <span class='ocrx_word' id='word_1_254' title='bbox 668 2430 754 2487; x_wconf 87' lang='grc' dir='ltr'><strong>καὶ</strong></span> <span class='ocrx_word' id='word_1_255' title='bbox 811 2426 1287 2506; x_wconf 84' lang='grc' dir='ltr'>πεπληθυσμὲνων,</span> <span class='ocrx_word' id='word_1_256' title='bbox 1320 2426 1405 2484; x_wconf 79' lang='grc' dir='ltr'><strong>ἐπὶ</strong></span> <span class='ocrx_word' id='word_1_257' title='bbox 1459 2428 1554 2491; x_wconf 83' lang='grc' dir='ltr'><strong>τὰς</strong></span> <span class='ocrx_word' id='word_1_258' title='bbox 1598 2425 1771 2486; x_wconf 81' lang='grc' dir='ltr'>ἁπλᾶς</span> <span class='ocrx_word' id='word_1_259' title='bbox 1818 2434 1907 2489; x_wconf 84' lang='grc' dir='ltr'><strong>καὶ</strong></span> 
     </span>
    </p>
   </div>
   <div class='ocr_carea' id='block_1_36' title="bbox 251 2517 1100 2597">
    <p class='ocr_par' dir='ltr' id='par_1_36' title="bbox 251 2517 1100 2597">
     <span class='ocr_line' id='line_1_36' title="bbox 251 2517 1100 2597; baseline 0 -24"><span class='ocrx_word' id='word_1_260' title='bbox 251 2517 543 2595; x_wconf 69' lang='grc' dir='ltr'>ἡνωμένας</span> <span class='ocrx_word' id='word_1_261' title='bbox 574 2518 825 2597; x_wconf 76' lang='grc' dir='ltr'>ἀνάγεται</span> <span class='ocrx_word' id='word_1_262' title='bbox 856 2518 1100 2597; x_wconf 78' lang='grc' dir='ltr'>θεωρίας,</span> 
     </span>
    </p>
   </div>
   <div class='ocr_carea' id='block_1_37' title="bbox 626 1877 1907 1968">
    <p class='ocr_par' dir='ltr' id='par_1_37' title="bbox 626 1877 1903 1967">
     <span class='ocr_line' id='line_1_37' title="bbox 626 1877 1903 1967; baseline -0.002 -21"><span class='ocrx_word' id='word_1_263' title='bbox 626 1889 762 1947; x_wconf 78' lang='grc' dir='ltr'>ἀλλὰ</span> <span class='ocrx_word' id='word_1_264' title='bbox 817 1888 1049 1967; x_wconf 83' lang='grc' dir='ltr'>λογικῶς</span> <span class='ocrx_word' id='word_1_265' title='bbox 1107 1877 1221 1946; x_wconf 15' lang='grc' dir='ltr'>καὶί</span> <span class='ocrx_word' id='word_1_266' title='bbox 1261 1888 1584 1963; x_wconf 76' lang='grc' dir='ltr'>διεξοδικῶς,</span> <span class='ocrx_word' id='word_1_267' title='bbox 1647 1889 1735 1945; x_wconf 67' lang='grc' dir='ltr'>καὶ</span> <span class='ocrx_word' id='word_1_268' title='bbox 1784 1887 1903 1944; x_wconf 80' lang='grc' dir='ltr'>οἷον</span> 
     </span>
    </p>
   </div>
   <div class='ocr_carea' id='block_1_38' title="bbox 1991 1877 3636 1968">
    <p class='ocr_par' dir='ltr' id='par_1_38' title="bbox 1991 1877 3636 1968">
     <span class='ocr_line' id='line_1_38' title="bbox 1991 1877 3636 1968; baseline 0.002 -22"><span class='ocrx_word' id='word_1_269' title='bbox 1991 1904 2096 1946; x_wconf 93' lang='lat' dir='ltr'><strong>suo</strong></span> <span class='ocrx_word' id='word_1_270' title='bbox 2118 1884 2465 1947; x_wconf 89' lang='lat' dir='ltr'><strong>notionibus</strong></span> <span class='ocrx_word' id='word_1_271' title='bbox 2492 1883 2707 1945; x_wconf 86' lang='lat' dir='ltr'><strong>divinis</strong></span> <span class='ocrx_word' id='word_1_272' title='bbox 2734 1884 3215 1963; x_wconf 86' lang='lat' dir='ltr'><strong>illustratur,non</strong></span> <span class='ocrx_word' id='word_1_273' title='bbox 3236 1884 3486 1966; x_wconf 83' lang='lat' dir='ltr'><strong>spiritali</strong></span> <span class='ocrx_word' id='word_1_274' title='bbox 3508 1877 3636 1968; x_wconf 86' lang='lat' dir='ltr'><strong>qui-</strong></span> 
     </span>
    </p>
   </div>
   <div class='ocr_carea' id='block_1_39' title="bbox 1988 1974 3632 2055">
    <p class='ocr_par' dir='ltr' id='par_1_39' title="bbox 1988 1974 3632 2055">
     <span class='ocr_line' id='line_1_39' title="bbox 1988 1974 3632 2055; baseline 0 -18"><span class='ocrx_word' id='word_1_275' title='bbox 1988 1974 2124 2037; x_wconf 88' lang='lat' dir='ltr'><strong>dem</strong></span> <span class='ocrx_word' id='word_1_276' title='bbox 2172 1975 2335 2036; x_wconf 90' lang='lat' dir='ltr'><strong>unito</strong></span> <span class='ocrx_word' id='word_1_277' title='bbox 2387 1974 2586 2055; x_wconf 87' lang='lat' dir='ltr'><strong>modo,</strong></span> <span class='ocrx_word' id='word_1_278' title='bbox 2624 1974 2728 2035; x_wconf 86' lang='lat' dir='ltr'><strong>sed</strong></span> <span class='ocrx_word' id='word_1_279' title='bbox 2781 1974 3090 2051; x_wconf 79' lang='lat' dir='ltr'><strong>cogitando</strong></span> <span class='ocrx_word' id='word_1_280' title='bbox 3142 1985 3201 2036; x_wconf 89' lang='lat' dir='ltr'><strong>et</strong></span> <span class='ocrx_word' id='word_1_281' title='bbox 3242 1974 3632 2038; x_wconf 82' lang='lat' dir='ltr'><strong>discurrendo</strong></span> 
     </span>
    </p>
   </div>
   <div class='ocr_carea' id='block_1_40' title="bbox 1990 2062 3632 2145">
    <p class='ocr_par' dir='ltr' id='par_1_40' title="bbox 1990 2062 3632 2145">
     <span class='ocr_line' id='line_1_40' title="bbox 1990 2062 3632 2145; baseline 0.001 -19"><span class='ocrx_word' id='word_1_282' title='bbox 1990 2064 2157 2145; x_wconf 85' lang='lat' dir='ltr'><strong>quasi</strong></span> <span class='ocrx_word' id='word_1_283' title='bbox 2197 2064 2498 2145; x_wconf 88' lang='lat' dir='ltr'><strong>permistis</strong></span> <span class='ocrx_word' id='word_1_284' title='bbox 2522 2065 2810 2144; x_wconf 83' lang='lat' dir='ltr'><strong>ﬂuxisque</strong></span> <span class='ocrx_word' id='word_1_285' title='bbox 2841 2062 3194 2127; x_wconf 81' lang='lat' dir='ltr'><strong>actionibus.</strong></span> <span class='ocrx_word' id='word_1_286' title='bbox 3227 2062 3464 2128; x_wconf 85' lang='lat' dir='ltr'><strong>Directe</strong></span> <span class='ocrx_word' id='word_1_287' title='bbox 3493 2084 3632 2128; x_wconf 75' lang='lat' dir='ltr'><strong>tero</strong></span> 
     </span>
    </p>
   </div>
   <div class='ocr_carea' id='block_1_41' title="bbox 1990 2153 3631 2234">
    <p class='ocr_par' dir='ltr' id='par_1_41' title="bbox 1990 2153 3631 2234">
     <span class='ocr_line' id='line_1_41' title="bbox 1990 2153 3631 2234; baseline 0.003 -20"><span class='ocrx_word' id='word_1_288' title='bbox 1990 2162 2279 2228; x_wconf 81' lang='lat' dir='ltr'><strong>movetur,</strong></span> <span class='ocrx_word' id='word_1_289' title='bbox 2326 2154 2560 2234; x_wconf 88' lang='lat' dir='ltr'><strong>quando</strong></span> <span class='ocrx_word' id='word_1_290' title='bbox 2590 2173 2704 2215; x_wconf 90' lang='lat' dir='ltr'><strong>non</strong></span> <span class='ocrx_word' id='word_1_291' title='bbox 2736 2154 2807 2215; x_wconf 91' lang='lat' dir='ltr'><strong>ad</strong></span> <span class='ocrx_word' id='word_1_292' title='bbox 2841 2153 3102 2234; x_wconf 91' lang='lat' dir='ltr'><strong>seipsum</strong></span> <span class='ocrx_word' id='word_1_293' title='bbox 3136 2154 3487 2232; x_wconf 82' lang='lat' dir='ltr'><strong>ingreditur,</strong></span> <span class='ocrx_word' id='word_1_294' title='bbox 3524 2175 3631 2219; x_wconf 87' lang='lat' dir='ltr'><strong>ne-</strong></span> 
     </span>
    </p>
   </div>
   <div class='ocr_carea' id='block_1_42' title="bbox 1989 2243 3631 2324">
    <p class='ocr_par' dir='ltr' id='par_1_42' title="bbox 1989 2243 3631 2324">
     <span class='ocr_line' id='line_1_42' title="bbox 1989 2243 3631 2324; baseline 0.002 -19"><span class='ocrx_word' id='word_1_295' title='bbox 1989 2262 2105 2323; x_wconf 86' lang='lat' dir='ltr'><strong>que</strong></span> <span class='ocrx_word' id='word_1_296' title='bbox 2136 2244 2424 2323; x_wconf 84' lang='lat' dir='ltr'><strong>singulari</strong></span> <span class='ocrx_word' id='word_1_297' title='bbox 2447 2254 2607 2305; x_wconf 91' lang='lat' dir='ltr'><strong>motu</strong></span> <span class='ocrx_word' id='word_1_298' title='bbox 2630 2243 2889 2324; x_wconf 87' lang='lat' dir='ltr'><strong>spiritali</strong></span> <span class='ocrx_word' id='word_1_299' title='bbox 2918 2243 3104 2305; x_wconf 78' lang='lat' dir='ltr'><strong>fertur</strong></span> <span class='ocrx_word' id='word_1_300' title='bbox 3127 2244 3286 2323; x_wconf 91' lang='lat' dir='ltr'><strong>(nam</strong></span> <span class='ocrx_word' id='word_1_301' title='bbox 3312 2245 3406 2307; x_wconf 67' lang='lat' dir='ltr'><strong>llic</strong></span> <span class='ocrx_word' id='word_1_302' title='bbox 3435 2257 3631 2308; x_wconf 87' lang='lat' dir='ltr'><strong>motus</strong></span> 
     </span>
    </p>
   </div>
   <div class='ocr_carea' id='block_1_43' title="bbox 1988 2332 3632 2415">
    <p class='ocr_par' dir='ltr' id='par_1_43' title="bbox 1988 2332 3632 2415">
     <span class='ocr_line' id='line_1_43' title="bbox 1988 2332 3632 2415; baseline 0.004 -22"><span class='ocrx_word' id='word_1_303' title='bbox 1988 2332 2294 2394; x_wconf 87' lang='lat' dir='ltr'><strong>circularis</strong></span> <span class='ocrx_word' id='word_1_304' title='bbox 2328 2344 2437 2403; x_wconf 87' lang='lat' dir='ltr'><strong>est,</strong></span> <span class='ocrx_word' id='word_1_305' title='bbox 2466 2343 2529 2394; x_wconf 93' lang='lat' dir='ltr'><strong>ut</strong></span> <span class='ocrx_word' id='word_1_306' title='bbox 2558 2334 2726 2414; x_wconf 83' lang='lat' dir='ltr'><strong>dixi),</strong></span> <span class='ocrx_word' id='word_1_307' title='bbox 2764 2332 2870 2395; x_wconf 90' lang='lat' dir='ltr'><strong>sed</strong></span> <span class='ocrx_word' id='word_1_308' title='bbox 2902 2334 2973 2393; x_wconf 90' lang='lat' dir='ltr'><strong>ad</strong></span> <span class='ocrx_word' id='word_1_309' title='bbox 3009 2352 3077 2393; x_wconf 88' lang='lat' dir='ltr'><strong>ea</strong></span> <span class='ocrx_word' id='word_1_310' title='bbox 3105 2352 3236 2412; x_wconf 67' lang='lat' dir='ltr'><strong>quas</strong></span> <span class='ocrx_word' id='word_1_311' title='bbox 3279 2335 3395 2415; x_wconf 90' lang='lat' dir='ltr'><strong>ipsi</strong></span> <span class='ocrx_word' id='word_1_312' title='bbox 3441 2335 3632 2399; x_wconf 86' lang='lat' dir='ltr'><strong>vicina</strong></span> 
     </span>
    </p>
   </div>
   <div class='ocr_carea' id='block_1_44' title="bbox 1988 2421 3631 2502">
    <p class='ocr_par' dir='ltr' id='par_1_44' title="bbox 1988 2421 3631 2502">
     <span class='ocr_line' id='line_1_44' title="bbox 1988 2421 3631 2502; baseline 0.002 -18"><span class='ocrx_word' id='word_1_313' title='bbox 1988 2430 2125 2484; x_wconf 87' lang='lat' dir='ltr'><strong>sunt</strong></span> <span class='ocrx_word' id='word_1_314' title='bbox 2160 2422 2556 2502; x_wconf 78' lang='lat' dir='ltr'><strong>progreditur,</strong></span> <span class='ocrx_word' id='word_1_315' title='bbox 2596 2430 2655 2484; x_wconf 91' lang='lat' dir='ltr'><strong>et</strong></span> <span class='ocrx_word' id='word_1_316' title='bbox 2704 2441 2740 2484; x_wconf 92' lang='lat' dir='ltr'><strong>a</strong></span> <span class='ocrx_word' id='word_1_317' title='bbox 2780 2421 2963 2484; x_wconf 87' lang='lat' dir='ltr'><strong>rebus</strong></span> <span class='ocrx_word' id='word_1_318' title='bbox 2993 2422 3279 2496; x_wconf 83' lang='lat' dir='ltr'><strong>externis,</strong></span> <span class='ocrx_word' id='word_1_319' title='bbox 3318 2442 3432 2485; x_wconf 91' lang='lat' dir='ltr'><strong>non</strong></span> <span class='ocrx_word' id='word_1_320' title='bbox 3457 2444 3631 2487; x_wconf 90' lang='lat' dir='ltr'><strong>secus</strong></span> 
     </span>
    </p>
   </div>
   <div class='ocr_carea' id='block_1_45' title="bbox 1990 2510 3623 2593">
    <p class='ocr_par' dir='ltr' id='par_1_45' title="bbox 1990 2510 3623 2593">
     <span class='ocr_line' id='line_1_45' title="bbox 1990 2510 3623 2593; baseline 0.002 -19"><span class='ocrx_word' id='word_1_321' title='bbox 1990 2531 2057 2574; x_wconf 88' lang='lat' dir='ltr'><strong>ac</strong></span> <span class='ocrx_word' id='word_1_322' title='bbox 2110 2510 2293 2591; x_wconf 82' lang='lat' dir='ltr'><strong>signis</strong></span> <span class='ocrx_word' id='word_1_323' title='bbox 2341 2512 2698 2593; x_wconf 88' lang='lat' dir='ltr'><strong>quibusdam</strong></span> <span class='ocrx_word' id='word_1_324' title='bbox 2746 2512 2897 2574; x_wconf 87' lang='lat' dir='ltr'><strong>varis</strong></span> <span class='ocrx_word' id='word_1_325' title='bbox 2942 2531 3010 2573; x_wconf 87' lang='lat' dir='ltr'><strong>ac</strong></span> <span class='ocrx_word' id='word_1_326' title='bbox 3062 2512 3515 2590; x_wconf 75' lang='lat' dir='ltr'><strong>multiplicibus,</strong></span> <span class='ocrx_word' id='word_1_327' title='bbox 3550 2514 3623 2577; x_wconf 86' lang='lat' dir='ltr'><strong>ad</strong></span> 
     </span>
    </p>
   </div>
   <div class='ocr_carea' id='block_1_46' title="bbox 1991 2601 3542 2683">
    <p class='ocr_par' dir='ltr' id='par_1_46' title="bbox 1991 2601 3542 2683">
     <span class='ocr_line' id='line_1_46' title="bbox 1991 2601 3542 2683; baseline 0.001 -19"><span class='ocrx_word' id='word_1_328' title='bbox 1991 2602 2295 2683; x_wconf 82' lang='lat' dir='ltr'><strong>simplices</strong></span> <span class='ocrx_word' id='word_1_329' title='bbox 2322 2610 2383 2663; x_wconf 90' lang='lat' dir='ltr'><strong>et</strong></span> <span class='ocrx_word' id='word_1_330' title='bbox 2412 2602 2606 2665; x_wconf 88' lang='lat' dir='ltr'><strong>unitas</strong></span> <span class='ocrx_word' id='word_1_331' title='bbox 2630 2601 3170 2683; x_wconf 85' lang='lat' dir='ltr'><strong>contemplationes</strong></span> <span class='ocrx_word' id='word_1_332' title='bbox 3210 2612 3542 2668; x_wconf 81' lang='lat' dir='ltr'><strong>revocatur.</strong></span> 
     </span>
    </p>
   </div>
   <div class='ocr_carea' id='block_1_47' title="bbox 1886 2760 2023 2844">
    <p class='ocr_par' dir='ltr' id='par_1_47' title="bbox 1886 2760 2023 2844">
     <span class='ocr_line' id='line_1_47' title="bbox 1886 2760 2023 2844; baseline 0.015 -20"><span class='ocrx_word' id='word_1_333' title='bbox 1886 2760 2023 2844; x_wconf 61' lang='grc' dir='ltr'><strong>δι.</strong></span> 
     </span>
    </p>
   </div>
   <div class='ocr_carea' id='block_1_48' title="bbox 341 2889 1907 2972">
    <p class='ocr_par' dir='ltr' id='par_1_48' title="bbox 341 2893 1907 2971">
     <span class='ocr_line' id='line_1_48' title="bbox 341 2893 1907 2971; baseline -0.004 -16"><span class='ocrx_word' id='word_1_334' title='bbox 341 2896 553 2955; x_wconf 76' lang='grc' dir='ltr'>Τούτων</span> <span class='ocrx_word' id='word_1_335' title='bbox 602 2894 714 2970; x_wconf 80' lang='grc' dir='ltr'>οὖν,</span> <span class='ocrx_word' id='word_1_336' title='bbox 774 2896 865 2953; x_wconf 80' lang='grc' dir='ltr'>καὶ</span> <span class='ocrx_word' id='word_1_337' title='bbox 919 2898 1025 2952; x_wconf 85' lang='grc' dir='ltr'><strong>τῶν</strong></span> <span class='ocrx_word' id='word_1_338' title='bbox 1070 2896 1334 2964; x_wconf 75' lang='grc' dir='ltr'>αἰσθητῶν</span> <span class='ocrx_word' id='word_1_339' title='bbox 1381 2895 1433 2953; x_wconf 81' lang='grc' dir='ltr'>ἐν</span> <span class='ocrx_word' id='word_1_340' title='bbox 1473 2893 1606 2971; x_wconf 80' lang='grc' dir='ltr'>τῷδε</span> <span class='ocrx_word' id='word_1_341' title='bbox 1644 2902 1721 2970; x_wconf 82' lang='grc' dir='ltr'><strong>τῷ</strong></span> <span class='ocrx_word' id='word_1_342' title='bbox 1752 2894 1907 2951; x_wconf 86' lang='grc' dir='ltr'>παντὶ</span> 
     </span>
    </p>
   </div>
   <div class='ocr_carea' id='block_1_49' title="bbox 1991 2889 3631 2972">
    <p class='ocr_par' dir='ltr' id='par_1_49' title="bbox 2068 2889 3631 2972">
     <span class='ocr_line' id='line_1_49' title="bbox 2068 2889 3631 2972; baseline 0.004 -20"><span class='ocrx_word' id='word_1_343' title='bbox 2068 2889 2290 2953; x_wconf 86' lang='lat' dir='ltr'><strong>llarum</strong></span> <span class='ocrx_word' id='word_1_344' title='bbox 2322 2892 2503 2972; x_wconf 83' lang='lat' dir='ltr'><strong>igitur</strong></span> <span class='ocrx_word' id='word_1_345' title='bbox 2526 2892 2727 2970; x_wconf 89' lang='lat' dir='ltr'><strong>trium,</strong></span> <span class='ocrx_word' id='word_1_346' title='bbox 2754 2893 2836 2954; x_wconf 89' lang='lat' dir='ltr'><strong>uti</strong></span> <span class='ocrx_word' id='word_1_347' title='bbox 2867 2898 2926 2954; x_wconf 91' lang='lat' dir='ltr'><strong>et</strong></span> <span class='ocrx_word' id='word_1_348' title='bbox 2941 2892 3275 2969; x_wconf 91' lang='lat' dir='ltr'><strong>sensilium,</strong></span> <span class='ocrx_word' id='word_1_349' title='bbox 3303 2893 3365 2956; x_wconf 91' lang='lat' dir='ltr'><strong>in</strong></span> <span class='ocrx_word' id='word_1_350' title='bbox 3396 2895 3508 2957; x_wconf 89' lang='lat' dir='ltr'><strong>hac</strong></span> <span class='ocrx_word' id='word_1_351' title='bbox 3528 2914 3631 2959; x_wconf 91' lang='lat' dir='ltr'><strong>re-</strong></span> 
     </span>
    </p>
   </div>
   <div class='ocr_carea' id='block_1_50' title="bbox 253 2980 1907 3066">
    <p class='ocr_par' dir='ltr' id='par_1_50' title="bbox 253 2983 1907 3066">
     <span class='ocr_line' id='line_1_50' title="bbox 253 2983 1907 3066; baseline -0.001 -23"><span class='ocrx_word' id='word_1_352' title='bbox 253 2991 422 3066; x_wconf 73' lang='grc' dir='ltr'>τριῶν</span> <span class='ocrx_word' id='word_1_353' title='bbox 473 2986 758 3063; x_wconf 76' lang='grc' dir='ltr'>κινήσεων,</span> <span class='ocrx_word' id='word_1_354' title='bbox 813 2986 899 3042; x_wconf 82' lang='grc' dir='ltr'><strong>καὶ</strong></span> <span class='ocrx_word' id='word_1_355' title='bbox 960 2983 1144 3060; x_wconf 86' lang='grc' dir='ltr'>πολλῷ</span> <span class='ocrx_word' id='word_1_356' title='bbox 1198 2985 1452 3066; x_wconf 71' lang='grc' dir='ltr'>πρότερον</span> <span class='ocrx_word' id='word_1_357' title='bbox 1523 2988 1628 3042; x_wconf 83' lang='grc' dir='ltr'><strong>τῶν</strong></span> <span class='ocrx_word' id='word_1_358' title='bbox 1683 2985 1907 3041; x_wconf 67' lang='grc' dir='ltr'>ἐκᾶστου</span> 
     </span>
    </p>
   </div>
   <div class='ocr_carea' id='block_1_51' title="bbox 1991 2980 3637 3066">
    <p class='ocr_par' dir='ltr' id='par_1_51' title="bbox 1991 2980 3637 3063">
     <span class='ocr_line' id='line_1_51' title="bbox 1991 2980 3637 3063; baseline 0.004 -22"><span class='ocrx_word' id='word_1_359' title='bbox 1991 2997 2121 3041; x_wconf 91' lang='lat' dir='ltr'><strong>rum</strong></span> <span class='ocrx_word' id='word_1_360' title='bbox 2154 2980 2539 3043; x_wconf 86' lang='lat' dir='ltr'><strong>universitate</strong></span> <span class='ocrx_word' id='word_1_361' title='bbox 2571 2984 2921 3063; x_wconf 85' lang='lat' dir='ltr'><strong>motionum,</strong></span> <span class='ocrx_word' id='word_1_362' title='bbox 2949 2989 3325 3063; x_wconf 77' lang='lat' dir='ltr'><strong>statuamque</strong></span> <span class='ocrx_word' id='word_1_363' title='bbox 3356 2999 3426 3045; x_wconf 89' lang='lat' dir='ltr'><strong>ac</strong></span> <span class='ocrx_word' id='word_1_364' title='bbox 3454 2985 3637 3047; x_wconf 84' lang='lat' dir='ltr'><strong>ﬁrmi-</strong></span> 
     </span>
    </p>
   </div>
   <div class='ocr_carea' id='block_1_52' title="bbox 256 3070 1907 3154">
    <p class='ocr_par' dir='ltr' id='par_1_52' title="bbox 256 3072 1907 3154">
     <span class='ocr_line' id='line_1_52' title="bbox 256 3072 1907 3154; baseline -0.002 -22"><span class='ocrx_word' id='word_1_365' title='bbox 256 3080 444 3152; x_wconf 85' lang='grc' dir='ltr'>μονῶν</span> <span class='ocrx_word' id='word_1_366' title='bbox 488 3075 576 3131; x_wconf 84' lang='grc' dir='ltr'>καὶ</span> <span class='ocrx_word' id='word_1_367' title='bbox 630 3072 890 3154; x_wconf 70' lang='grc' dir='ltr'>στάσεων,</span> <span class='ocrx_word' id='word_1_368' title='bbox 954 3076 1042 3132; x_wconf 85' lang='grc' dir='ltr'><strong>καὶ</strong></span> <span class='ocrx_word' id='word_1_369' title='bbox 1099 3072 1343 3151; x_wconf 74' lang='grc' dir='ltr'>ἱδρύσεων</span> <span class='ocrx_word' id='word_1_370' title='bbox 1401 3075 1575 3133; x_wconf 79' lang='grc' dir='ltr'>αἴτιόν</span> <span class='ocrx_word' id='word_1_371' title='bbox 1626 3074 1760 3150; x_wconf 76' lang='grc' dir='ltr'>ἐστι,</span> <span class='ocrx_word' id='word_1_372' title='bbox 1821 3075 1907 3130; x_wconf 85' lang='grc' dir='ltr'><strong>καὶ</strong></span> 
     </span>
    </p>
   </div>
   <div class='ocr_carea' id='block_1_53' title="bbox 1991 3070 3631 3154">
    <p class='ocr_par' dir='ltr' id='par_1_53' title="bbox 1991 3070 3631 3147">
     <span class='ocr_line' id='line_1_53' title="bbox 1991 3070 3631 3147; baseline 0.004 -16"><span class='ocrx_word' id='word_1_373' title='bbox 1991 3077 2175 3132; x_wconf 81' lang='lat' dir='ltr'><strong>latum</strong></span> <span class='ocrx_word' id='word_1_374' title='bbox 2223 3088 2420 3147; x_wconf 88' lang='lat' dir='ltr'><strong>causa,</strong></span> <span class='ocrx_word' id='word_1_375' title='bbox 2470 3080 2528 3134; x_wconf 90' lang='lat' dir='ltr'><strong>et</strong></span> <span class='ocrx_word' id='word_1_376' title='bbox 2555 3072 2929 3135; x_wconf 85' lang='lat' dir='ltr'><strong>conservatio</strong></span> <span class='ocrx_word' id='word_1_377' title='bbox 2962 3080 3019 3133; x_wconf 89' lang='lat' dir='ltr'><strong>et</strong></span> <span class='ocrx_word' id='word_1_378' title='bbox 3052 3070 3209 3147; x_wconf 82' lang='lat' dir='ltr'><strong>linis,</strong></span> <span class='ocrx_word' id='word_1_379' title='bbox 3257 3079 3347 3133; x_wconf 91' lang='lat' dir='ltr'><strong>est</strong></span> <span class='ocrx_word' id='word_1_380' title='bbox 3402 3072 3631 3139; x_wconf 90' lang='lat' dir='ltr'><strong>bonum</strong></span> 
     </span>
    </p>
   </div>
   <div class='ocr_carea' id='block_1_54' title="bbox 252 3160 1907 3271">
    <p class='ocr_par' dir='ltr' id='par_1_54' title="bbox 252 3162 1907 3271">
     <span class='ocr_line' id='line_1_54' title="bbox 252 3162 1907 3246; baseline -0.002 -24"><span class='ocrx_word' id='word_1_381' title='bbox 252 3166 578 3245; x_wconf 82' lang='grc' dir='ltr'>συνοχικὸν,</span> <span class='ocrx_word' id='word_1_382' title='bbox 632 3166 721 3221; x_wconf 88' lang='grc' dir='ltr'><strong>καὶ</strong></span> <span class='ocrx_word' id='word_1_383' title='bbox 774 3162 937 3242; x_wconf 83' lang='grc' dir='ltr'>πέρας</span> <span class='ocrx_word' id='word_1_384' title='bbox 986 3166 1048 3221; x_wconf 80' lang='grc' dir='ltr'>τὸ</span> <span class='ocrx_word' id='word_1_385' title='bbox 1094 3163 1258 3221; x_wconf 83' lang='grc' dir='ltr'>καλὸν</span> <span class='ocrx_word' id='word_1_386' title='bbox 1306 3166 1393 3221; x_wconf 85' lang='grc' dir='ltr'><strong>καὶ</strong></span> <span class='ocrx_word' id='word_1_387' title='bbox 1441 3166 1659 3246; x_wconf 80' lang='grc' dir='ltr'>ἀγαθὸν,</span> <span class='ocrx_word' id='word_1_388' title='bbox 1691 3166 1751 3220; x_wconf 77' lang='grc' dir='ltr'>τὸ</span> <span class='ocrx_word' id='word_1_389' title='bbox 1780 3164 1907 3238; x_wconf 73' lang='grc' dir='ltr'>ὑπὲρ</span> 
     </span>
     <span class='ocr_line' id='line_1_55' title="bbox 306 3250 1906 3271; baseline 0 0"><span class='ocrx_word' id='word_1_390' title='bbox 306 3261 331 3271; x_wconf 67' lang='grc' dir='ltr'><strong>ει</strong></span> <span class='ocrx_word' id='word_1_391' title='bbox 467 3250 521 3271; x_wconf 66' lang='grc' dir='ltr'><strong>ΩΙ</strong></span> <span class='ocrx_word' id='word_1_392' title='bbox 640 3255 653 3271; x_wconf 78' lang='grc'><strong><em>1</em></strong></span> <span class='ocrx_word' id='word_1_393' title='bbox 868 3255 881 3271; x_wconf 69' lang='grc' dir='ltr'>ι</span> <span class='ocrx_word' id='word_1_394' title='bbox 972 3254 984 3271; x_wconf 81' lang='grc'><strong><em>1</em></strong></span> <span class='ocrx_word' id='word_1_395' title='bbox 1227 3252 1251 3271; x_wconf 56' lang='grc' dir='ltr'><strong>ἢ</strong></span> <span class='ocrx_word' id='word_1_396' title='bbox 1274 3255 1288 3271; x_wconf 85' lang='lat'><strong><em>\</em></strong></span> <span class='ocrx_word' id='word_1_397' title='bbox 1329 3252 1380 3271; x_wconf 66' lang='grc' dir='ltr'><strong>αι</strong></span> <span class='ocrx_word' id='word_1_398' title='bbox 1460 3261 1483 3271; x_wconf 60' lang='grc' dir='ltr'><strong>υ</strong></span> <span class='ocrx_word' id='word_1_399' title='bbox 1698 3252 1711 3271; x_wconf 87' lang='grc' dir='ltr'><strong><em>Ι</em></strong></span> <span class='ocrx_word' id='word_1_400' title='bbox 1892 3256 1906 3271; x_wconf 67' lang='grc' dir='ltr'>ι</span> 
     </span>
    </p>
   </div>
   <div class='ocr_carea' id='block_1_55' title="bbox 1991 3160 3633 3271">
    <p class='ocr_par' dir='ltr' id='par_1_55' title="bbox 1992 3160 3633 3271">
     <span class='ocr_line' id='line_1_56' title="bbox 1992 3160 3633 3271; baseline 0.005 -51"><span class='ocrx_word' id='word_1_401' title='bbox 1992 3160 2137 3222; x_wconf 91' lang='lat' dir='ltr'><strong>illud</strong></span> <span class='ocrx_word' id='word_1_402' title='bbox 2172 3161 2513 3242; x_wconf 85' lang='lat' dir='ltr'><strong>pulchrum,</strong></span> <span class='ocrx_word' id='word_1_403' title='bbox 2547 3161 2705 3271; x_wconf 68' lang='lat' dir='ltr'><strong>quod</strong></span> <span class='ocrx_word' id='word_1_404' title='bbox 2728 3170 2820 3224; x_wconf 86' lang='lat' dir='ltr'><strong>est</strong></span> <span class='ocrx_word' id='word_1_405' title='bbox 2842 3179 3020 3241; x_wconf 87' lang='lat' dir='ltr'><strong>supra</strong></span> <span class='ocrx_word' id='word_1_406' title='bbox 3049 3166 3269 3271; x_wconf 66' lang='lat' dir='ltr'><strong>statum</strong></span> <span class='ocrx_word' id='word_1_407' title='bbox 3302 3180 3540 3225; x_wconf 90' lang='lat' dir='ltr'><strong>omnem</strong></span> <span class='ocrx_word' id='word_1_408' title='bbox 3564 3184 3633 3229; x_wconf 89' lang='lat' dir='ltr'><strong>ac</strong></span> 
     </span>
    </p>
   </div>
   <div class='ocr_carea' id='block_1_56' title="bbox 253 3250 1907 3334">
    <p class='ocr_par' dir='ltr' id='par_1_56' title="bbox 253 3250 1907 3321">
     <span class='ocr_line' id='line_1_57' title="bbox 253 3250 1907 3321; baseline -0.002 -9"><span class='ocrx_word' id='word_1_409' title='bbox 253 3261 443 3312; x_wconf 78' lang='grc' dir='ltr'>πᾶσαν</span> <span class='ocrx_word' id='word_1_410' title='bbox 467 3250 525 3295; x_wconf 64' lang='grc'><strong>9⁵</strong></span> <span class='ocrx_word' id='word_1_411' title='bbox 560 3255 744 3312; x_wconf 73' lang='grc' dir='ltr'>στάσιν</span> <span class='ocrx_word' id='word_1_412' title='bbox 800 3255 885 3310; x_wconf 81' lang='grc' dir='ltr'>καὶ</span> <span class='ocrx_word' id='word_1_413' title='bbox 930 3254 1161 3321; x_wconf 59' lang='grc' dir='ltr'>κίνησιν</span> <span class='ocrx_word' id='word_1_414' title='bbox 1222 3252 1301 3310; x_wconf 81' lang='grc' dir='ltr'><strong>διὸ</strong></span> <span class='ocrx_word' id='word_1_415' title='bbox 1329 3252 1384 3297; x_wconf 63' lang='grc'><strong>2⁵</strong></span> <span class='ocrx_word' id='word_1_416' title='bbox 1413 3261 1557 3311; x_wconf 84' lang='grc' dir='ltr'>πᾶσα</span> <span class='ocrx_word' id='word_1_417' title='bbox 1612 3252 1793 3319; x_wconf 70' lang='grc' dir='ltr'>στάσις</span> <span class='ocrx_word' id='word_1_418' title='bbox 1824 3256 1907 3310; x_wconf 83' lang='grc' dir='ltr'><strong>καὶ</strong></span> 
     </span>
    </p>
   </div>
   <div class='ocr_carea' id='block_1_57' title="bbox 1991 3250 3632 3334">
    <p class='ocr_par' dir='ltr' id='par_1_57' title="bbox 1994 3251 3632 3334">
     <span class='ocr_line' id='line_1_58' title="bbox 1994 3251 3632 3334; baseline 0.005 -24"><span class='ocrx_word' id='word_1_419' title='bbox 1994 3258 2239 3325; x_wconf 90' lang='lat' dir='ltr'><strong>motum,</strong></span> <span class='ocrx_word' id='word_1_420' title='bbox 2279 3269 2387 3331; x_wconf 91' lang='lat' dir='ltr'><strong>per</strong></span> <span class='ocrx_word' id='word_1_421' title='bbox 2408 3251 2587 3333; x_wconf 89' lang='lat' dir='ltr'><strong>quod,</strong></span> <span class='ocrx_word' id='word_1_422' title='bbox 2622 3258 2683 3313; x_wconf 86' lang='lat' dir='ltr'><strong>et</strong></span> <span class='ocrx_word' id='word_1_423' title='bbox 2713 3270 2781 3312; x_wconf 88' lang='lat' dir='ltr'><strong>ex</strong></span> <span class='ocrx_word' id='word_1_424' title='bbox 2809 3270 2947 3332; x_wconf 89' lang='lat' dir='ltr'><strong>quo,</strong></span> <span class='ocrx_word' id='word_1_425' title='bbox 2982 3258 3041 3312; x_wconf 89' lang='lat' dir='ltr'><strong>et</strong></span> <span class='ocrx_word' id='word_1_426' title='bbox 3064 3251 3136 3312; x_wconf 88' lang='lat' dir='ltr'><strong>ad</strong></span> <span class='ocrx_word' id='word_1_427' title='bbox 3161 3269 3337 3332; x_wconf 91' lang='lat' dir='ltr'><strong>quem</strong></span> <span class='ocrx_word' id='word_1_428' title='bbox 3372 3259 3431 3313; x_wconf 94' lang='lat' dir='ltr'><strong>et</strong></span> <span class='ocrx_word' id='word_1_429' title='bbox 3458 3254 3632 3334; x_wconf 84' lang='lat' dir='ltr'><strong>cujus</strong></span> 
     </span>
    </p>
   </div>
   <div class='ocr_carea' id='block_1_58' title="bbox 252 3340 1907 3425">
    <p class='ocr_par' dir='ltr' id='par_1_58' title="bbox 252 3341 1907 3425">
     <span class='ocr_line' id='line_1_59' title="bbox 252 3341 1907 3425; baseline -0.002 -23"><span class='ocrx_word' id='word_1_430' title='bbox 252 3347 498 3425; x_wconf 80' lang='grc' dir='ltr'>κίνησις,</span> <span class='ocrx_word' id='word_1_431' title='bbox 526 3346 618 3401; x_wconf 88' lang='grc' dir='ltr'><strong>καὶ</strong></span> <span class='ocrx_word' id='word_1_432' title='bbox 674 3343 726 3409; x_wconf 67' lang='grc' dir='ltr'>εξ</span> <span class='ocrx_word' id='word_1_433' title='bbox 757 3345 838 3418; x_wconf 79' lang='grc' dir='ltr'>οὗ,</span> <span class='ocrx_word' id='word_1_434' title='bbox 891 3345 980 3402; x_wconf 86' lang='grc' dir='ltr'><strong>καὶ</strong></span> <span class='ocrx_word' id='word_1_435' title='bbox 1035 3344 1090 3400; x_wconf 83' lang='grc' dir='ltr'>ἐν</span> <span class='ocrx_word' id='word_1_436' title='bbox 1143 3341 1294 3419; x_wconf 52' lang='lat' dir='ltr'><strong>cf)”,</strong></span> <span class='ocrx_word' id='word_1_437' title='bbox 1350 3346 1439 3401; x_wconf 88' lang='grc' dir='ltr'><strong>καὶ</strong></span> <span class='ocrx_word' id='word_1_438' title='bbox 1496 3346 1569 3410; x_wconf 85' lang='grc' dir='ltr'><strong>εἰς</strong></span> <span class='ocrx_word' id='word_1_439' title='bbox 1617 3346 1668 3418; x_wconf 84' lang='grc' dir='ltr'>ὃ,</span> <span class='ocrx_word' id='word_1_440' title='bbox 1729 3346 1817 3401; x_wconf 84' lang='grc' dir='ltr'>καὶ</span> <span class='ocrx_word' id='word_1_441' title='bbox 1853 3346 1907 3400; x_wconf 76' lang='grc' dir='ltr'>οὗ</span> 
     </span>
    </p>
   </div>
   <div class='ocr_carea' id='block_1_59' title="bbox 1991 3340 3634 3425">
    <p class='ocr_par' dir='ltr' id='par_1_59' title="bbox 1992 3340 3634 3419">
     <span class='ocr_line' id='line_1_60' title="bbox 1992 3340 3634 3419; baseline 0.005 -18"><span class='ocrx_word' id='word_1_442' title='bbox 1992 3340 2198 3419; x_wconf 83' lang='lat' dir='ltr'><strong>gratia,</strong></span> <span class='ocrx_word' id='word_1_443' title='bbox 2231 3350 2418 3402; x_wconf 86' lang='lat' dir='ltr'><strong>status</strong></span> <span class='ocrx_word' id='word_1_444' title='bbox 2438 3340 2636 3402; x_wconf 79' lang='lat' dir='ltr'><strong>omnis</strong></span> <span class='ocrx_word' id='word_1_445' title='bbox 2674 3358 2746 3404; x_wconf 91' lang='lat' dir='ltr'><strong>ac</strong></span> <span class='ocrx_word' id='word_1_446' title='bbox 2779 3349 2971 3403; x_wconf 90' lang='lat' dir='ltr'><strong>motus</strong></span> <span class='ocrx_word' id='word_1_447' title='bbox 3001 3340 3253 3403; x_wconf 83' lang='lat' dir='ltr'><strong>exsistit.</strong></span> <span class='ocrx_word' id='word_1_448' title='bbox 3285 3340 3518 3405; x_wconf 88' lang='lat' dir='ltr'><strong>Etenim</strong></span> <span class='ocrx_word' id='word_1_449' title='bbox 3564 3364 3634 3410; x_wconf 81' lang='lat' dir='ltr'><strong>ex</strong></span> 
     </span>
    </p>
   </div>
   <div class='ocr_carea' id='block_1_60' title="bbox 255 3429 1907 3515">
    <p class='ocr_par' dir='ltr' id='par_1_60' title="bbox 255 3431 1907 3515">
     <span class='ocr_line' id='line_1_61' title="bbox 255 3431 1907 3515; baseline -0.001 -23"><span class='ocrx_word' id='word_1_450' title='bbox 255 3435 443 3498; x_wconf 75' lang='grc' dir='ltr'>ἕνεκα.</span> <span class='ocrx_word' id='word_1_451' title='bbox 504 3435 601 3493; x_wconf 74' lang='grc' dir='ltr'>Καὶ</span> <span class='ocrx_word' id='word_1_452' title='bbox 658 3434 758 3512; x_wconf 76' lang='grc' dir='ltr'><strong>γὰρ</strong></span> <span class='ocrx_word' id='word_1_453' title='bbox 786 3431 838 3499; x_wconf 67' lang='grc' dir='ltr'><strong>ἐξ</strong></span> <span class='ocrx_word' id='word_1_454' title='bbox 867 3435 1047 3508; x_wconf 73' lang='grc' dir='ltr'>αὐτοῦ,</span> <span class='ocrx_word' id='word_1_455' title='bbox 1098 3435 1187 3491; x_wconf 74' lang='grc' dir='ltr'><strong>καὶ</strong></span> <span class='ocrx_word' id='word_1_456' title='bbox 1238 3433 1305 3490; x_wconf 81' lang='grc' dir='ltr'><strong>δι’</strong></span> <span class='ocrx_word' id='word_1_457' title='bbox 1363 3436 1545 3515; x_wconf 72' lang='grc' dir='ltr'>αὐτοῦ,</span> <span class='ocrx_word' id='word_1_458' title='bbox 1591 3436 1679 3491; x_wconf 81' lang='grc' dir='ltr'><strong>καὶ</strong></span> <span class='ocrx_word' id='word_1_459' title='bbox 1736 3433 1907 3508; x_wconf 79' lang='grc' dir='ltr'>οῦσία,</span> 
     </span>
    </p>
   </div>
   <div class='ocr_carea' id='block_1_61' title="bbox 1991 3429 3636 3515">
    <p class='ocr_par' dir='ltr' id='par_1_61' title="bbox 1993 3429 3636 3512">
     <span class='ocr_line' id='line_1_62' title="bbox 1993 3429 3636 3512; baseline 0.005 -23"><span class='ocrx_word' id='word_1_460' title='bbox 1993 3429 2219 3509; x_wconf 77' lang='lat' dir='ltr'><strong>ipso;et</strong></span> <span class='ocrx_word' id='word_1_461' title='bbox 2246 3448 2349 3509; x_wconf 91' lang='lat' dir='ltr'><strong>per</strong></span> <span class='ocrx_word' id='word_1_462' title='bbox 2371 3429 2662 3511; x_wconf 89' lang='lat' dir='ltr'><strong>ipsum,et</strong></span> <span class='ocrx_word' id='word_1_463' title='bbox 2682 3429 3030 3512; x_wconf 81' lang='lat' dir='ltr'><strong>substantia,</strong></span> <span class='ocrx_word' id='word_1_464' title='bbox 3057 3429 3196 3491; x_wconf 72' lang='lat'><strong>358</strong></span> <span class='ocrx_word' id='word_1_465' title='bbox 3214 3438 3273 3492; x_wconf 92' lang='lat' dir='ltr'><strong>et</strong></span> <span class='ocrx_word' id='word_1_466' title='bbox 3300 3440 3417 3494; x_wconf 77' lang='lat' dir='ltr'><strong>vita</strong></span> <span class='ocrx_word' id='word_1_467' title='bbox 3439 3436 3636 3498; x_wconf 88' lang='lat' dir='ltr'><strong>omnis</strong></span> 
     </span>
    </p>
   </div>
   <div class='ocr_carea' id='block_1_62' title="bbox 254 3523 1911 3604">
    <p class='ocr_par' dir='ltr' id='par_1_62' title="bbox 254 3523 1911 3604">
     <span class='ocr_line' id='line_1_63' title="bbox 254 3523 1911 3604; baseline -0.001 -23"><span class='ocrx_word' id='word_1_468' title='bbox 254 3527 349 3582; x_wconf 77' lang='grc' dir='ltr'><strong>καὶ</strong></span> <span class='ocrx_word' id='word_1_469' title='bbox 403 3525 519 3595; x_wconf 79' lang='grc' dir='ltr'><strong>ζωὴ</strong></span> <span class='ocrx_word' id='word_1_470' title='bbox 573 3530 740 3596; x_wconf 82' lang='grc' dir='ltr'>πᾶσα,</span> <span class='ocrx_word' id='word_1_471' title='bbox 802 3525 891 3579; x_wconf 84' lang='grc' dir='ltr'><strong>καὶ</strong></span> <span class='ocrx_word' id='word_1_472' title='bbox 940 3531 1029 3580; x_wconf 81' lang='grc' dir='ltr'><strong>νοῦ</strong></span> <span class='ocrx_word' id='word_1_473' title='bbox 1078 3525 1166 3580; x_wconf 79' lang='grc' dir='ltr'><strong>καὶ</strong></span> <span class='ocrx_word' id='word_1_474' title='bbox 1212 3528 1421 3604; x_wconf 79' lang='grc' dir='ltr'>ψυχῆς,</span> <span class='ocrx_word' id='word_1_475' title='bbox 1476 3526 1653 3591; x_wconf 75' lang='grc' dir='ltr'>πάσης</span> <span class='ocrx_word' id='word_1_476' title='bbox 1708 3523 1911 3603; x_wconf 73' lang='grc' dir='ltr'>φύσεως</span> 
     </span>
    </p>
   </div>
   <div class='ocr_carea' id='block_1_63' title="bbox 260 3609 1915 3692">
    <p class='ocr_par' dir='ltr' id='par_1_63' title="bbox 260 3609 1915 3692">
     <span class='ocr_line' id='line_1_64' title="bbox 260 3609 1915 3692; baseline -0.001 -22"><span class='ocrx_word' id='word_1_477' title='bbox 260 3616 313 3671; x_wconf 82' lang='grc' dir='ltr'><strong>αἰ</strong></span> <span class='ocrx_word' id='word_1_478' title='bbox 377 3612 762 3691; x_wconf 80' lang='grc' dir='ltr'>σμικρότητες,</span> <span class='ocrx_word' id='word_1_479' title='bbox 824 3614 875 3668; x_wconf 89' lang='grc' dir='ltr'><strong>αἰ</strong></span> <span class='ocrx_word' id='word_1_480' title='bbox 934 3615 1196 3679; x_wconf 82' lang='grc' dir='ltr'>ίσότητες,</span> <span class='ocrx_word' id='word_1_481' title='bbox 1259 3616 1312 3670; x_wconf 83' lang='grc' dir='ltr'>αἱ</span> <span class='ocrx_word' id='word_1_482' title='bbox 1368 3613 1806 3692; x_wconf 59' lang='grc' dir='ltr'>μεγαλειότητες,</span> <span class='ocrx_word' id='word_1_483' title='bbox 1848 3609 1915 3669; x_wconf 78' lang='grc' dir='ltr'><strong>τὰ</strong></span> 
     </span>
    </p>
   </div>
   <div class='ocr_carea' id='block_1_64' title="bbox 256 3706 1911 3785">
    <p class='ocr_par' dir='ltr' id='par_1_64' title="bbox 256 3706 1911 3785">
     <span class='ocr_line' id='line_1_65' title="bbox 256 3706 1911 3785; baseline -0.001 -22"><span class='ocrx_word' id='word_1_484' title='bbox 256 3710 431 3785; x_wconf 77' lang='grc' dir='ltr'>μέτρα</span> <span class='ocrx_word' id='word_1_485' title='bbox 462 3706 657 3785; x_wconf 82' lang='grc' dir='ltr'>πάντα,</span> <span class='ocrx_word' id='word_1_486' title='bbox 688 3706 776 3762; x_wconf 87' lang='grc' dir='ltr'><strong>καὶ</strong></span> <span class='ocrx_word' id='word_1_487' title='bbox 821 3706 873 3761; x_wconf 75' lang='grc' dir='ltr'>αἶ</span> <span class='ocrx_word' id='word_1_488' title='bbox 902 3710 1008 3761; x_wconf 88' lang='grc' dir='ltr'><strong>τῶν</strong></span> <span class='ocrx_word' id='word_1_489' title='bbox 1056 3708 1222 3763; x_wconf 82' lang='grc' dir='ltr'>ὅντων</span> <span class='ocrx_word' id='word_1_490' title='bbox 1277 3706 1576 3785; x_wconf 86' lang='grc' dir='ltr'>ἆναλογίαι,</span> <span class='ocrx_word' id='word_1_491' title='bbox 1619 3708 1705 3763; x_wconf 76' lang='grc' dir='ltr'><strong>καὶ</strong></span> <span class='ocrx_word' id='word_1_492' title='bbox 1734 3709 1911 3785; x_wconf 77' lang='grc' dir='ltr'>ἁρμα-</span> 
     </span>
    </p>
   </div>
   <div class='ocr_carea' id='block_1_65' title="bbox 259 3793 1908 3879">
    <p class='ocr_par' dir='ltr' id='par_1_65' title="bbox 259 3793 1908 3879">
     <span class='ocr_line' id='line_1_66' title="bbox 259 3793 1908 3879; baseline -0.002 -25"><span class='ocrx_word' id='word_1_493' title='bbox 259 3798 390 3873; x_wconf 88' lang='grc' dir='ltr'>νίαι,</span> <span class='ocrx_word' id='word_1_494' title='bbox 426 3801 525 3879; x_wconf 64' lang='grc' dir='ltr'>καὶ</span> <span class='ocrx_word' id='word_1_495' title='bbox 576 3797 812 3874; x_wconf 74' lang='grc' dir='ltr'>κράσεις,</span> <span class='ocrx_word' id='word_1_496' title='bbox 862 3795 914 3851; x_wconf 88' lang='grc' dir='ltr'><strong>αἰ</strong></span> <span class='ocrx_word' id='word_1_497' title='bbox 974 3793 1254 3870; x_wconf 78' lang='grc' dir='ltr'>ὁλοτητες,</span> <span class='ocrx_word' id='word_1_498' title='bbox 1286 3795 1353 3852; x_wconf 81' lang='grc' dir='ltr'><strong>τοὶ</strong></span> <span class='ocrx_word' id='word_1_499' title='bbox 1412 3796 1571 3875; x_wconf 82' lang='grc' dir='ltr'>μέρη,</span> <span class='ocrx_word' id='word_1_500' title='bbox 1617 3802 1721 3853; x_wconf 82' lang='grc' dir='ltr'><strong>πᾶν</strong></span> <span class='ocrx_word' id='word_1_501' title='bbox 1752 3797 1805 3852; x_wconf 83' lang='grc' dir='ltr'>ἐν</span> <span class='ocrx_word' id='word_1_502' title='bbox 1832 3793 1908 3872; x_wconf 68' lang='grc'><strong>9⁷,</strong></span> 
     </span>
    </p>
   </div>
   <div class='ocr_carea' id='block_1_66' title="bbox 259 3881 1911 3966">
    <p class='ocr_par' dir='ltr' id='par_1_66' title="bbox 259 3881 1911 3966">
     <span class='ocr_line' id='line_1_67' title="bbox 259 3881 1911 3966; baseline -0.001 -23"><span class='ocrx_word' id='word_1_503' title='bbox 259 3890 352 3943; x_wconf 85' lang='grc' dir='ltr'><strong>καί</strong></span> <span class='ocrx_word' id='word_1_504' title='bbox 413 3884 647 3966; x_wconf 71' lang='grc' dir='ltr'>πλῆθος,</span> <span class='ocrx_word' id='word_1_505' title='bbox 731 3885 782 3941; x_wconf 87' lang='grc' dir='ltr'><strong>αἰ</strong></span> <span class='ocrx_word' id='word_1_506' title='bbox 840 3881 1102 3946; x_wconf 81' lang='grc' dir='ltr'>συνδέσεις</span> <span class='ocrx_word' id='word_1_507' title='bbox 1169 3892 1274 3941; x_wconf 88' lang='grc' dir='ltr'><strong>τῶν</strong></span> <span class='ocrx_word' id='word_1_508' title='bbox 1344 3893 1542 3963; x_wconf 82' lang='grc' dir='ltr'>μερῶν,</span> <span class='ocrx_word' id='word_1_509' title='bbox 1606 3888 1659 3942; x_wconf 86' lang='grc' dir='ltr'><strong>αἰ</strong></span> <span class='ocrx_word' id='word_1_510' title='bbox 1714 3887 1911 3951; x_wconf 81' lang='grc' dir='ltr'>παντὸς</span> 
     </span>
    </p>
   </div>
   <div class='ocr_carea' id='block_1_67' title="bbox 259 3973 1915 4055">
    <p class='ocr_par' dir='ltr' id='par_1_67' title="bbox 259 3973 1915 4055">
     <span class='ocr_line' id='line_1_68' title="bbox 259 3973 1915 4055; baseline -0.001 -21"><span class='ocrx_word' id='word_1_511' title='bbox 259 3977 504 4047; x_wconf 73' lang='grc' dir='ltr'>πλήθους</span> <span class='ocrx_word' id='word_1_512' title='bbox 564 3975 805 4049; x_wconf 82' lang='grc' dir='ltr'>ὲνώσεις,</span> <span class='ocrx_word' id='word_1_513' title='bbox 866 3976 916 4030; x_wconf 78' lang='grc' dir='ltr'><strong>αἰ</strong></span> <span class='ocrx_word' id='word_1_514' title='bbox 969 3973 1303 4042; x_wconf 81' lang='grc' dir='ltr'>τελειότητες</span> <span class='ocrx_word' id='word_1_515' title='bbox 1360 3981 1467 4033; x_wconf 87' lang='grc' dir='ltr'><strong>τῶν</strong></span> <span class='ocrx_word' id='word_1_516' title='bbox 1509 3974 1805 4055; x_wconf 68' lang='grc' dir='ltr'>ὀλοτήτῶν,</span> <span class='ocrx_word' id='word_1_517' title='bbox 1853 3976 1915 4032; x_wconf 81' lang='grc' dir='ltr'><strong>τὸ</strong></span> 
     </span>
    </p>
   </div>
   <div class='ocr_carea' id='block_1_68' title="bbox 261 4062 1917 4145">
    <p class='ocr_par' dir='ltr' id='par_1_68' title="bbox 261 4062 1917 4145">
     <span class='ocr_line' id='line_1_69' title="bbox 261 4062 1917 4145; baseline -0.002 -22"><span class='ocrx_word' id='word_1_518' title='bbox 261 4068 447 4145; x_wconf 82' lang='grc' dir='ltr'>ποιὸν,</span> <span class='ocrx_word' id='word_1_519' title='bbox 510 4064 573 4121; x_wconf 80' lang='grc' dir='ltr'><strong>τὰ</strong></span> <span class='ocrx_word' id='word_1_520' title='bbox 627 4066 817 4139; x_wconf 79' lang='grc' dir='ltr'>ποσὸν,</span> <span class='ocrx_word' id='word_1_521' title='bbox 864 4066 926 4120; x_wconf 82' lang='grc' dir='ltr'><strong>τὸ</strong></span> <span class='ocrx_word' id='word_1_522' title='bbox 984 4062 1231 4137; x_wconf 82' lang='grc' dir='ltr'>πηλίκον,</span> <span class='ocrx_word' id='word_1_523' title='bbox 1264 4066 1327 4121; x_wconf 81' lang='grc' dir='ltr'>τὸ</span> <span class='ocrx_word' id='word_1_524' title='bbox 1358 4064 1594 4145; x_wconf 74' lang='grc' dir='ltr'>ἄπειρον,</span> <span class='ocrx_word' id='word_1_525' title='bbox 1630 4066 1681 4121; x_wconf 82' lang='grc' dir='ltr'>αἱ</span> <span class='ocrx_word' id='word_1_526' title='bbox 1710 4065 1917 4144; x_wconf 88' lang='grc' dir='ltr'>συγκρί-</span> 
     </span>
    </p>
   </div>
   <div class='ocr_carea' id='block_1_69' title="bbox 262 4151 1915 4235">
    <p class='ocr_par' dir='ltr' id='par_1_69' title="bbox 262 4151 1915 4235">
     <span class='ocr_line' id='line_1_70' title="bbox 262 4151 1915 4235; baseline 0 -23"><span class='ocrx_word' id='word_1_527' title='bbox 262 4178 403 4234; x_wconf 87' lang='grc' dir='ltr'>σεις,</span> <span class='ocrx_word' id='word_1_528' title='bbox 469 4155 521 4209; x_wconf 90' lang='grc' dir='ltr'><strong>αἰ</strong></span> <span class='ocrx_word' id='word_1_529' title='bbox 570 4151 878 4233; x_wconf 78' lang='grc' dir='ltr'>διακρίσεις,</span> <span class='ocrx_word' id='word_1_530' title='bbox 939 4158 1085 4209; x_wconf 75' lang='grc' dir='ltr'>πᾶσα</span> <span class='ocrx_word' id='word_1_531' title='bbox 1141 4152 1376 4235; x_wconf 82' lang='grc' dir='ltr'>ἀπειρία,</span> <span class='ocrx_word' id='word_1_532' title='bbox 1458 4161 1558 4211; x_wconf 80' lang='grc' dir='ltr'><strong>πᾶν</strong></span> <span class='ocrx_word' id='word_1_533' title='bbox 1607 4156 1796 4235; x_wconf 78' lang='grc' dir='ltr'>πέρας,</span> <span class='ocrx_word' id='word_1_534' title='bbox 1868 4158 1915 4212; x_wconf 78' lang='grc' dir='ltr'>οἰ</span> 
     </span>
    </p>
   </div>
   <div class='ocr_carea' id='block_1_70' title="bbox 1997 3519 3633 3606">
    <p class='ocr_par' dir='ltr' id='par_1_70' title="bbox 1997 3519 3633 3606">
     <span class='ocr_line' id='line_1_71' title="bbox 1997 3519 3633 3606; baseline 0.004 -25"><span class='ocrx_word' id='word_1_535' title='bbox 1997 3526 2058 3581; x_wconf 89' lang='lat' dir='ltr'><strong>et</strong></span> <span class='ocrx_word' id='word_1_536' title='bbox 2087 3520 2302 3581; x_wconf 92' lang='lat' dir='ltr'><strong>mentis</strong></span> <span class='ocrx_word' id='word_1_537' title='bbox 2333 3528 2392 3581; x_wconf 91' lang='lat' dir='ltr'><strong>et</strong></span> <span class='ocrx_word' id='word_1_538' title='bbox 2435 3520 2670 3599; x_wconf 69' lang='lat' dir='ltr'><strong>animae,</strong></span> <span class='ocrx_word' id='word_1_539' title='bbox 2706 3528 2881 3600; x_wconf 89' lang='lat' dir='ltr'><strong>atque</strong></span> <span class='ocrx_word' id='word_1_540' title='bbox 2912 3519 3209 3582; x_wconf 61' lang='lat' dir='ltr'><strong>universae</strong></span> <span class='ocrx_word' id='word_1_541' title='bbox 3240 3530 3466 3586; x_wconf 62' lang='lat' dir='ltr'><strong>naturae</strong></span> <span class='ocrx_word' id='word_1_542' title='bbox 3493 3543 3633 3606; x_wconf 89' lang='lat' dir='ltr'><strong>par-</strong></span> 
     </span>
    </p>
   </div>
   <div class='ocr_carea' id='block_1_71' title="bbox 1997 3608 3633 3691">
    <p class='ocr_par' dir='ltr' id='par_1_71' title="bbox 1997 3608 3633 3691">
     <span class='ocr_line' id='line_1_72' title="bbox 1997 3608 3633 3691; baseline 0.006 -24"><span class='ocrx_word' id='word_1_543' title='bbox 1997 3608 2223 3684; x_wconf 90' lang='lat' dir='ltr'><strong>vitates,</strong></span> <span class='ocrx_word' id='word_1_544' title='bbox 2257 3610 2647 3691; x_wconf 74' lang='lat' dir='ltr'><strong>mqualitates;</strong></span> <span class='ocrx_word' id='word_1_545' title='bbox 2678 3608 3138 3687; x_wconf 82' lang='lat' dir='ltr'><strong>magnitudines,</strong></span> <span class='ocrx_word' id='word_1_546' title='bbox 3174 3630 3468 3675; x_wconf 62' lang='lat' dir='ltr'><strong>mensura;</strong></span> <span class='ocrx_word' id='word_1_547' title='bbox 3497 3632 3633 3676; x_wconf 84' lang='lat' dir='ltr'><strong>om-</strong></span> 
     </span>
    </p>
   </div>
   <div class='ocr_carea' id='block_1_72' title="bbox 1996 3697 3637 3785">
    <p class='ocr_par' dir='ltr' id='par_1_72' title="bbox 1996 3697 3637 3785">
     <span class='ocr_line' id='line_1_73' title="bbox 1996 3697 3637 3785; baseline 0.005 -26"><span class='ocrx_word' id='word_1_548' title='bbox 1996 3697 2184 3779; x_wconf 90' lang='lat' dir='ltr'><strong>nium,</strong></span> <span class='ocrx_word' id='word_1_549' title='bbox 2239 3708 2299 3759; x_wconf 87' lang='lat' dir='ltr'><strong>et</strong></span> <span class='ocrx_word' id='word_1_550' title='bbox 2352 3717 2551 3761; x_wconf 90' lang='lat' dir='ltr'><strong>rerum</strong></span> <span class='ocrx_word' id='word_1_551' title='bbox 2605 3699 3037 3779; x_wconf 88' lang='lat' dir='ltr'><strong>proportiones,</strong></span> <span class='ocrx_word' id='word_1_552' title='bbox 3087 3707 3144 3761; x_wconf 87' lang='lat' dir='ltr'><strong>et</strong></span> <span class='ocrx_word' id='word_1_553' title='bbox 3183 3712 3530 3785; x_wconf 88' lang='lat' dir='ltr'><strong>concentus,</strong></span> <span class='ocrx_word' id='word_1_554' title='bbox 3578 3713 3637 3767; x_wconf 91' lang='lat' dir='ltr'><strong>et</strong></span> 
     </span>
    </p>
   </div>
   <div class='ocr_carea' id='block_1_73' title="bbox 1995 3788 3636 3869">
    <p class='ocr_par' dir='ltr' id='par_1_73' title="bbox 1995 3788 3636 3869">
     <span class='ocr_line' id='line_1_74' title="bbox 1995 3788 3636 3869; baseline 0.005 -22"><span class='ocrx_word' id='word_1_555' title='bbox 1995 3788 2431 3864; x_wconf 86' lang='lat' dir='ltr'><strong>concretiones,</strong></span> <span class='ocrx_word' id='word_1_556' title='bbox 2482 3797 2627 3863; x_wconf 86' lang='lat' dir='ltr'><strong>tota,</strong></span> <span class='ocrx_word' id='word_1_557' title='bbox 2656 3798 2873 3869; x_wconf 81' lang='lat' dir='ltr'><strong>partes,</strong></span> <span class='ocrx_word' id='word_1_558' title='bbox 2909 3807 3088 3851; x_wconf 90' lang='lat' dir='ltr'><strong>omne</strong></span> <span class='ocrx_word' id='word_1_559' title='bbox 3120 3808 3300 3851; x_wconf 92' lang='lat' dir='ltr'><strong>unum</strong></span> <span class='ocrx_word' id='word_1_560' title='bbox 3342 3799 3402 3852; x_wconf 89' lang='lat' dir='ltr'><strong>et</strong></span> <span class='ocrx_word' id='word_1_561' title='bbox 3433 3793 3636 3856; x_wconf 89' lang='lat' dir='ltr'><strong>multi-</strong></span> 
     </span>
    </p>
   </div>
   <div class='ocr_carea' id='block_1_74' title="bbox 1997 3877 3637 3959">
    <p class='ocr_par' dir='ltr' id='par_1_74' title="bbox 1997 3877 3637 3959">
     <span class='ocr_line' id='line_1_75' title="bbox 1997 3877 3637 3959; baseline 0.005 -22"><span class='ocrx_word' id='word_1_562' title='bbox 1997 3877 2160 3943; x_wconf 85' lang='lat' dir='ltr'><strong>tudo.</strong></span> <span class='ocrx_word' id='word_1_563' title='bbox 2196 3878 2651 3958; x_wconf 87' lang='lat' dir='ltr'><strong>conjnnctiones</strong></span> <span class='ocrx_word' id='word_1_564' title='bbox 2682 3879 2961 3959; x_wconf 89' lang='lat' dir='ltr'><strong>partium,</strong></span> <span class='ocrx_word' id='word_1_565' title='bbox 2995 3882 3188 3941; x_wconf 88' lang='lat' dir='ltr'><strong>omnis</strong></span> <span class='ocrx_word' id='word_1_566' title='bbox 3236 3880 3637 3947; x_wconf 89' lang='lat' dir='ltr'><strong>multitudinis</strong></span> 
     </span>
    </p>
   </div>
   <div class='ocr_carea' id='block_1_75' title="bbox 1996 3967 3636 4051">
    <p class='ocr_par' dir='ltr' id='par_1_75' title="bbox 1996 3967 3636 4051">
     <span class='ocr_line' id='line_1_76' title="bbox 1996 3967 3636 4051; baseline 0.004 -23"><span class='ocrx_word' id='word_1_567' title='bbox 1996 3968 2426 4049; x_wconf 89' lang='lat' dir='ltr'><strong>copulationes,</strong></span> <span class='ocrx_word' id='word_1_568' title='bbox 2462 3967 2861 4048; x_wconf 82' lang='lat' dir='ltr'><strong>perfectiones</strong></span> <span class='ocrx_word' id='word_1_569' title='bbox 2893 3977 3172 4049; x_wconf 90' lang='lat' dir='ltr'><strong>totorum,</strong></span> <span class='ocrx_word' id='word_1_570' title='bbox 3215 3968 3413 4049; x_wconf 89' lang='lat' dir='ltr'><strong>quale,</strong></span> <span class='ocrx_word' id='word_1_571' title='bbox 3443 3992 3636 4051; x_wconf 86' lang='lat' dir='ltr'><strong>quan-</strong></span> 
     </span>
    </p>
   </div>
   <div class='ocr_carea' id='block_1_76' title="bbox 1998 4059 3635 4142">
    <p class='ocr_par' dir='ltr' id='par_1_76' title="bbox 1998 4059 3635 4142">
     <span class='ocr_line' id='line_1_77' title="bbox 1998 4059 3635 4142; baseline 0.004 -25"><span class='ocrx_word' id='word_1_572' title='bbox 1998 4064 2147 4137; x_wconf 92' lang='lat' dir='ltr'><strong>tum,</strong></span> <span class='ocrx_word' id='word_1_573' title='bbox 2180 4076 2353 4138; x_wconf 89' lang='lat' dir='ltr'><strong>quam</strong></span> <span class='ocrx_word' id='word_1_574' title='bbox 2388 4076 2664 4136; x_wconf 86' lang='lat' dir='ltr'><strong>magnum</strong></span> <span class='ocrx_word' id='word_1_575' title='bbox 2698 4066 2798 4118; x_wconf 89' lang='lat' dir='ltr'><strong>aut</strong></span> <span class='ocrx_word' id='word_1_576' title='bbox 2828 4075 3093 4139; x_wconf 87' lang='lat' dir='ltr'><strong>parvum,</strong></span> <span class='ocrx_word' id='word_1_577' title='bbox 3136 4059 3635 4142; x_wconf 79' lang='lat' dir='ltr'><strong>infinitum,com-</strong></span> 
     </span>
    </p>
   </div>
   <div class='ocr_carea' id='block_1_77' title="bbox 1999 4148 3638 4228">
    <p class='ocr_par' dir='ltr' id='par_1_77' title="bbox 1999 4148 3638 4228">
     <span class='ocr_line' id='line_1_78' title="bbox 1999 4148 3638 4228; baseline 0.004 -20"><span class='ocrx_word' id='word_1_578' title='bbox 1999 4149 2360 4228; x_wconf 86' lang='lat' dir='ltr'><strong>parationes,</strong></span> <span class='ocrx_word' id='word_1_579' title='bbox 2395 4148 2824 4227; x_wconf 76' lang='lat' dir='ltr'><strong>separationes,</strong></span> <span class='ocrx_word' id='word_1_580' title='bbox 2845 4148 3040 4209; x_wconf 91' lang='lat' dir='ltr'><strong>omnis</strong></span> <span class='ocrx_word' id='word_1_581' title='bbox 3060 4148 3544 4217; x_wconf 81' lang='lat' dir='ltr'><strong>infinitas.omnis</strong></span> <span class='ocrx_word' id='word_1_582' title='bbox 3562 4154 3638 4215; x_wconf 82' lang='lat' dir='ltr'><strong>fi-</strong></span> 
     </span>
    </p>
   </div>
   <div class='ocr_carea' id='block_1_78' title="bbox 259 4240 1912 4325">
    <p class='ocr_par' dir='ltr' id='par_1_78' title="bbox 259 4240 1912 4325">
     <span class='ocr_line' id='line_1_79' title="bbox 259 4240 1912 4325; baseline -0.001 -23"><span class='ocrx_word' id='word_1_583' title='bbox 259 4245 376 4320; x_wconf 78' lang='grc' dir='ltr'>ὅροι</span> <span class='ocrx_word' id='word_1_584' title='bbox 433 4243 652 4315; x_wconf 69' lang='grc' dir='ltr'>πάντες,</span> <span class='ocrx_word' id='word_1_585' title='bbox 712 4244 764 4299; x_wconf 84' lang='grc' dir='ltr'><strong>αἰ</strong></span> <span class='ocrx_word' id='word_1_586' title='bbox 813 4240 1004 4323; x_wconf 78' lang='grc' dir='ltr'>τάξεις,</span> <span class='ocrx_word' id='word_1_587' title='bbox 1056 4244 1106 4300; x_wconf 80' lang='grc' dir='ltr'>αἱ</span> <span class='ocrx_word' id='word_1_588' title='bbox 1164 4244 1458 4325; x_wconf 66' lang='grc' dir='ltr'>ὕπεροχαὶ,</span> <span class='ocrx_word' id='word_1_589' title='bbox 1517 4245 1580 4300; x_wconf 78' lang='grc' dir='ltr'>τὰ</span> <span class='ocrx_word' id='word_1_590' title='bbox 1636 4256 1912 4324; x_wconf 78' lang='grc' dir='ltr'>στοιχεῖα,</span> 
     </span>
    </p>
   </div>
   <div class='ocr_carea' id='block_1_79' title="bbox 262 4326 1907 4411">
    <p class='ocr_par' dir='ltr' id='par_1_79' title="bbox 262 4330 1907 4411">
     <span class='ocr_line' id='line_1_80' title="bbox 262 4330 1907 4411; baseline -0.001 -20"><span class='ocrx_word' id='word_1_591' title='bbox 262 4336 332 4391; x_wconf 72' lang='grc' dir='ltr'><strong>τὰ</strong></span> <span class='ocrx_word' id='word_1_592' title='bbox 379 4331 530 4403; x_wconf 79' lang='grc' dir='ltr'>εἴδη,</span> <span class='ocrx_word' id='word_1_593' title='bbox 590 4340 737 4389; x_wconf 81' lang='grc' dir='ltr'>πᾶσα</span> <span class='ocrx_word' id='word_1_594' title='bbox 787 4331 958 4407; x_wconf 77' lang='grc' dir='ltr'>οῦσία,</span> <span class='ocrx_word' id='word_1_595' title='bbox 1018 4339 1162 4389; x_wconf 79' lang='grc' dir='ltr'>πᾶσα</span> <span class='ocrx_word' id='word_1_596' title='bbox 1204 4330 1445 4408; x_wconf 80' lang='grc' dir='ltr'>δύναμις,</span> <span class='ocrx_word' id='word_1_597' title='bbox 1495 4340 1638 4390; x_wconf 82' lang='grc' dir='ltr'>πᾶσα</span> <span class='ocrx_word' id='word_1_598' title='bbox 1659 4333 1907 4411; x_wconf 73' lang='grc' dir='ltr'><strong>ἐνέργεια1</strong></span> 
     </span>
    </p>
   </div>
   <div class='ocr_carea' id='block_1_80' title="bbox 1991 4326 3641 4411">
    <p class='ocr_par' dir='ltr' id='par_1_80' title="bbox 2004 4326 3641 4407">
     <span class='ocr_line' id='line_1_81' title="bbox 2004 4326 3641 4407; baseline 0.004 -20"><span class='ocrx_word' id='word_1_599' title='bbox 2004 4334 2202 4388; x_wconf 89' lang='lat' dir='ltr'><strong>menta</strong></span> <span class='ocrx_word' id='word_1_600' title='bbox 2225 4326 2649 4402; x_wconf 64' lang='lat' dir='ltr'><strong>form&amp;,omnis</strong></span> <span class='ocrx_word' id='word_1_601' title='bbox 2673 4326 3226 4407; x_wconf 78' lang='lat' dir='ltr'><strong>subatantia,omnis</strong></span> <span class='ocrx_word' id='word_1_602' title='bbox 3249 4328 3495 4392; x_wconf 83' lang='lat' dir='ltr'><strong>facultas</strong></span> <span class='ocrx_word' id='word_1_603' title='bbox 3517 4330 3641 4394; x_wconf 87' lang='lat' dir='ltr'><strong>sive</strong></span> 
     </span>
    </p>
   </div>
   <div class='ocr_carea' id='block_1_81' title="bbox 266 4415 1907 4500">
    <p class='ocr_par' dir='ltr' id='par_1_81' title="bbox 266 4421 1907 4500">
     <span class='ocr_line' id='line_1_82' title="bbox 266 4421 1907 4500; baseline -0.002 -18"><span class='ocrx_word' id='word_1_604' title='bbox 266 4431 417 4482; x_wconf 80' lang='grc' dir='ltr'>πᾶσα</span> <span class='ocrx_word' id='word_1_605' title='bbox 448 4421 577 4496; x_wconf 73' lang='grc' dir='ltr'>ἕξις,</span> <span class='ocrx_word' id='word_1_606' title='bbox 633 4429 783 4480; x_wconf 82' lang='grc' dir='ltr'>πᾶσα</span> <span class='ocrx_word' id='word_1_607' title='bbox 837 4423 1103 4499; x_wconf 79' lang='grc' dir='ltr'>αἱσθησις,</span> <span class='ocrx_word' id='word_1_608' title='bbox 1162 4428 1266 4489; x_wconf 84' lang='grc' dir='ltr'><strong>πᾶς</strong></span> <span class='ocrx_word' id='word_1_609' title='bbox 1316 4421 1499 4500; x_wconf 80' lang='grc' dir='ltr'>λόγος,</span> <span class='ocrx_word' id='word_1_610' title='bbox 1533 4429 1677 4479; x_wconf 79' lang='grc' dir='ltr'>πᾶσα</span> <span class='ocrx_word' id='word_1_611' title='bbox 1706 4423 1907 4495; x_wconf 78' lang='grc' dir='ltr'><strong>νόησις1</strong></span> 
     </span>
    </p>
   </div>
   <div class='ocr_carea' id='block_1_82' title="bbox 1991 4415 3641 4500">
    <p class='ocr_par' dir='ltr' id='par_1_82' title="bbox 2004 4415 3641 4499">
     <span class='ocr_line' id='line_1_83' title="bbox 2004 4415 3641 4499; baseline 0.004 -23"><span class='ocrx_word' id='word_1_612' title='bbox 2004 4422 2285 4497; x_wconf 87' lang='lat' dir='ltr'><strong>potestas,</strong></span> <span class='ocrx_word' id='word_1_613' title='bbox 2318 4417 2511 4477; x_wconf 88' lang='lat' dir='ltr'><strong>omnis</strong></span> <span class='ocrx_word' id='word_1_614' title='bbox 2538 4417 2716 4491; x_wconf 90' lang='lat' dir='ltr'><strong>actio,</strong></span> <span class='ocrx_word' id='word_1_615' title='bbox 2745 4415 2938 4478; x_wconf 90' lang='lat' dir='ltr'><strong>omnis</strong></span> <span class='ocrx_word' id='word_1_616' title='bbox 2971 4415 3230 4499; x_wconf 86' lang='lat' dir='ltr'><strong>habitus,</strong></span> <span class='ocrx_word' id='word_1_617' title='bbox 3264 4418 3461 4479; x_wconf 89' lang='lat' dir='ltr'><strong>omnis</strong></span> <span class='ocrx_word' id='word_1_618' title='bbox 3495 4438 3641 4484; x_wconf 91' lang='lat' dir='ltr'><strong>sen-</strong></span> 
     </span>
    </p>
   </div>
   <div class='ocr_carea' id='block_1_83' title="bbox 263 4504 1907 4607">
    <p class='ocr_par' dir='ltr' id='par_1_83' title="bbox 263 4509 1907 4593">
     <span class='ocr_line' id='line_1_84' title="bbox 263 4509 1907 4593; baseline -0.002 -22"><span class='ocrx_word' id='word_1_619' title='bbox 263 4520 415 4571; x_wconf 80' lang='grc' dir='ltr'>πᾶσα</span> <span class='ocrx_word' id='word_1_620' title='bbox 472 4511 679 4593; x_wconf 67' lang='grc' dir='ltr'>ἐπαφὴ,</span> <span class='ocrx_word' id='word_1_621' title='bbox 757 4516 901 4569; x_wconf 82' lang='grc' dir='ltr'>πᾶσᾶ</span> <span class='ocrx_word' id='word_1_622' title='bbox 972 4509 1269 4587; x_wconf 75' lang='grc' dir='ltr'>ἐπιστήμη,</span> <span class='ocrx_word' id='word_1_623' title='bbox 1343 4517 1491 4568; x_wconf 79' lang='grc' dir='ltr'>πᾶσα</span> <span class='ocrx_word' id='word_1_624' title='bbox 1562 4510 1769 4575; x_wconf 76' lang='grc' dir='ltr'>ἔνωσις’</span> <span class='ocrx_word' id='word_1_625' title='bbox 1832 4514 1907 4567; x_wconf 67' lang='grc' dir='ltr'>καῖ</span> 
     </span>
    </p>
   </div>
   <div class='ocr_carea' id='block_1_84' title="bbox 1991 4504 3637 4607">
    <p class='ocr_par' dir='ltr' id='par_1_84' title="bbox 2002 4504 3637 4587">
     <span class='ocr_line' id='line_1_85' title="bbox 2002 4504 3637 4587; baseline 0.004 -20"><span class='ocrx_word' id='word_1_626' title='bbox 2002 4524 2128 4581; x_wconf 89' lang='lat' dir='ltr'><strong>sus,</strong></span> <span class='ocrx_word' id='word_1_627' title='bbox 2154 4506 2347 4568; x_wconf 90' lang='lat' dir='ltr'><strong>omnis</strong></span> <span class='ocrx_word' id='word_1_628' title='bbox 2368 4504 2745 4581; x_wconf 85' lang='lat' dir='ltr'><strong>ratio,omnis</strong></span> <span class='ocrx_word' id='word_1_629' title='bbox 2764 4505 3181 4585; x_wconf 77' lang='lat' dir='ltr'><strong>intelligentia,</strong></span> <span class='ocrx_word' id='word_1_630' title='bbox 3207 4508 3401 4568; x_wconf 91' lang='lat' dir='ltr'><strong>omnis</strong></span> <span class='ocrx_word' id='word_1_631' title='bbox 3420 4516 3637 4587; x_wconf 84' lang='lat' dir='ltr'><strong>tactus,</strong></span> 
     </span>
    </p>
   </div>
   <div class='ocr_carea' id='block_1_85' title="bbox 266 4594 1907 4680">
    <p class='ocr_par' dir='ltr' id='par_1_85' title="bbox 266 4600 1907 4680">
     <span class='ocr_line' id='line_1_86' title="bbox 266 4600 1907 4680; baseline -0.002 -19"><span class='ocrx_word' id='word_1_632' title='bbox 266 4602 481 4677; x_wconf 79' lang='grc' dir='ltr'>ἁπλῶς,</span> <span class='ocrx_word' id='word_1_633' title='bbox 524 4608 629 4658; x_wconf 84' lang='grc' dir='ltr'><strong>πᾶν</strong></span> <span class='ocrx_word' id='word_1_634' title='bbox 675 4601 736 4657; x_wconf 79' lang='grc' dir='ltr'><strong>’ὃν</strong></span> <span class='ocrx_word' id='word_1_635' title='bbox 791 4601 853 4659; x_wconf 75' lang='grc' dir='ltr'>ἐκ</span> <span class='ocrx_word' id='word_1_636' title='bbox 898 4603 993 4659; x_wconf 85' lang='grc' dir='ltr'>τοῦ</span> <span class='ocrx_word' id='word_1_637' title='bbox 1042 4603 1208 4658; x_wconf 66' lang='grc' dir='ltr'>καλοῦ</span> <span class='ocrx_word' id='word_1_638' title='bbox 1254 4601 1341 4658; x_wconf 82' lang='grc' dir='ltr'><strong>καὶ</strong></span> <span class='ocrx_word' id='word_1_639' title='bbox 1384 4603 1599 4680; x_wconf 77' lang='grc' dir='ltr'>ἀγαθοῦ,</span> <span class='ocrx_word' id='word_1_640' title='bbox 1634 4605 1727 4658; x_wconf 67' lang='lat' dir='ltr'><strong>tu&quot;</strong></span> <span class='ocrx_word' id='word_1_641' title='bbox 1764 4600 1819 4657; x_wconf 80' lang='grc' dir='ltr'>ἐν</span> <span class='ocrx_word' id='word_1_642' title='bbox 1842 4600 1907 4675; x_wconf 64' lang='grc' dir='ltr'><strong>τῷ</strong></span> 
     </span>
    </p>
   </div>
   <div class='ocr_carea' id='block_1_86' title="bbox 1991 4594 3640 4680">
    <p class='ocr_par' dir='ltr' id='par_1_86' title="bbox 1999 4594 3640 4678">
     <span class='ocr_line' id='line_1_87' title="bbox 1999 4594 3640 4678; baseline 0.004 -22"><span class='ocrx_word' id='word_1_643' title='bbox 1999 4594 2195 4657; x_wconf 89' lang='lat' dir='ltr'><strong>omnis</strong></span> <span class='ocrx_word' id='word_1_644' title='bbox 2243 4595 2518 4675; x_wconf 83' lang='lat' dir='ltr'><strong>scientia,</strong></span> <span class='ocrx_word' id='word_1_645' title='bbox 2551 4597 2749 4658; x_wconf 89' lang='lat' dir='ltr'><strong>omnis</strong></span> <span class='ocrx_word' id='word_1_646' title='bbox 2795 4595 3115 4676; x_wconf 81' lang='lat' dir='ltr'><strong>capulatio;</strong></span> <span class='ocrx_word' id='word_1_647' title='bbox 3167 4603 3223 4657; x_wconf 90' lang='lat' dir='ltr'><strong>et</strong></span> <span class='ocrx_word' id='word_1_648' title='bbox 3264 4596 3640 4678; x_wconf 90' lang='lat' dir='ltr'><strong>simpliciter,</strong></span> 
     </span>
    </p>
   </div>
   <div class='ocr_carea' id='block_1_87' title="bbox 265 4684 1907 4770">
    <p class='ocr_par' dir='ltr' id='par_1_87' title="bbox 265 4689 1907 4770">
     <span class='ocr_line' id='line_1_88' title="bbox 265 4689 1907 4770; baseline -0.003 -20"><span class='ocrx_word' id='word_1_649' title='bbox 265 4692 423 4768; x_wconf 84' lang='grc' dir='ltr'>καλῷ</span> <span class='ocrx_word' id='word_1_650' title='bbox 454 4696 552 4749; x_wconf 78' lang='grc' dir='ltr'><strong>καί</strong></span> <span class='ocrx_word' id='word_1_651' title='bbox 584 4692 763 4770; x_wconf 76' lang='grc' dir='ltr'>ἆγαθῷ</span> <span class='ocrx_word' id='word_1_652' title='bbox 789 4695 927 4764; x_wconf 65' lang='grc' dir='ltr'>ἔστι,</span> <span class='ocrx_word' id='word_1_653' title='bbox 988 4695 1087 4749; x_wconf 64' lang='grc' dir='ltr'>καὶ</span> <span class='ocrx_word' id='word_1_654' title='bbox 1133 4692 1206 4757; x_wconf 80' lang='grc' dir='ltr'><strong>εἰς</strong></span> <span class='ocrx_word' id='word_1_655' title='bbox 1263 4691 1324 4749; x_wconf 79' lang='grc' dir='ltr'>τὸ</span> <span class='ocrx_word' id='word_1_656' title='bbox 1371 4689 1534 4748; x_wconf 89' lang='grc' dir='ltr'>καλὸν</span> <span class='ocrx_word' id='word_1_657' title='bbox 1591 4693 1678 4748; x_wconf 85' lang='grc' dir='ltr'><strong>καὶ</strong></span> <span class='ocrx_word' id='word_1_658' title='bbox 1722 4690 1907 4769; x_wconf 50' lang='grc' dir='ltr'>ἀγαθὸν</span> 
     </span>
    </p>
   </div>
   <div class='ocr_carea' id='block_1_88' title="bbox 1991 4684 3639 4770">
    <p class='ocr_par' dir='ltr' id='par_1_88' title="bbox 2001 4684 3639 4769">
     <span class='ocr_line' id='line_1_89' title="bbox 2001 4684 3639 4769; baseline 0.002 -23"><span class='ocrx_word' id='word_1_659' title='bbox 2001 4703 2177 4747; x_wconf 93' lang='lat' dir='ltr'><strong>omne</strong></span> <span class='ocrx_word' id='word_1_660' title='bbox 2212 4685 2371 4766; x_wconf 91' lang='lat' dir='ltr'><strong>quod</strong></span> <span class='ocrx_word' id='word_1_661' title='bbox 2398 4702 2469 4746; x_wconf 85' lang='lat' dir='ltr'><strong>ex</strong></span> <span class='ocrx_word' id='word_1_662' title='bbox 2493 4684 2741 4766; x_wconf 89' lang='lat' dir='ltr'><strong>pulchro</strong></span> <span class='ocrx_word' id='word_1_663' title='bbox 2764 4692 2822 4746; x_wconf 90' lang='lat' dir='ltr'><strong>et</strong></span> <span class='ocrx_word' id='word_1_664' title='bbox 2852 4685 3007 4745; x_wconf 93' lang='lat' dir='ltr'><strong>bono</strong></span> <span class='ocrx_word' id='word_1_665' title='bbox 3038 4684 3287 4766; x_wconf 80' lang='lat' dir='ltr'><strong>exsistit,</strong></span> <span class='ocrx_word' id='word_1_666' title='bbox 3320 4694 3377 4748; x_wconf 91' lang='lat' dir='ltr'><strong>et</strong></span> <span class='ocrx_word' id='word_1_667' title='bbox 3407 4687 3467 4748; x_wconf 93' lang='lat' dir='ltr'><strong>in</strong></span> <span class='ocrx_word' id='word_1_668' title='bbox 3499 4689 3639 4769; x_wconf 85' lang='lat' dir='ltr'><strong>pul-</strong></span> 
     </span>
    </p>
   </div>
   <div class='ocr_carea' id='block_1_89' title="bbox 263 4773 1907 4861">
    <p class='ocr_par' dir='ltr' id='par_1_89' title="bbox 263 4774 1907 4861">
     <span class='ocr_line' id='line_1_90' title="bbox 263 4774 1907 4861; baseline -0.003 -23"><span class='ocrx_word' id='word_1_669' title='bbox 263 4780 666 4861; x_wconf 67' lang='grc' dir='ltr'>ἒπιστρέφεταιο</span> <span class='ocrx_word' id='word_1_670' title='bbox 725 4783 823 4837; x_wconf 67' lang='grc' dir='ltr'>καὶ</span> <span class='ocrx_word' id='word_1_671' title='bbox 878 4780 1053 4837; x_wconf 80' lang='grc' dir='ltr'>πάντα</span> <span class='ocrx_word' id='word_1_672' title='bbox 1102 4777 1201 4836; x_wconf 73' lang='grc' dir='ltr'><strong>ὅσα</strong></span> <span class='ocrx_word' id='word_1_673' title='bbox 1255 4781 1376 4835; x_wconf 61' lang='grc' dir='ltr'>εστὶ</span> <span class='ocrx_word' id='word_1_674' title='bbox 1438 4782 1534 4835; x_wconf 67' lang='grc' dir='ltr'>γα¹ι</span> <span class='ocrx_word' id='word_1_675' title='bbox 1593 4774 1649 4820; x_wconf 64' lang='grc'><strong>³⁸</strong></span> <span class='ocrx_word' id='word_1_676' title='bbox 1689 4778 1907 4857; x_wconf 76' lang='grc' dir='ltr'>γίνεται,</span> 
     </span>
    </p>
   </div>
   <div class='ocr_carea' id='block_1_90' title="bbox 1991 4773 3643 4861">
    <p class='ocr_par' dir='ltr' id='par_1_90' title="bbox 2000 4773 3643 4854">
     <span class='ocr_line' id='line_1_91' title="bbox 2000 4773 3643 4854; baseline 0.002 -18"><span class='ocrx_word' id='word_1_677' title='bbox 2000 4775 2144 4836; x_wconf 89' lang='lat' dir='ltr'><strong>chro</strong></span> <span class='ocrx_word' id='word_1_678' title='bbox 2168 4783 2226 4836; x_wconf 91' lang='lat' dir='ltr'><strong>et</strong></span> <span class='ocrx_word' id='word_1_679' title='bbox 2247 4776 2401 4835; x_wconf 91' lang='lat' dir='ltr'><strong>bono</strong></span> <span class='ocrx_word' id='word_1_680' title='bbox 2424 4782 2603 4847; x_wconf 89' lang='lat' dir='ltr'><strong>est,et</strong></span> <span class='ocrx_word' id='word_1_681' title='bbox 2630 4773 2702 4835; x_wconf 86' lang='lat' dir='ltr'><strong>ad</strong></span> <span class='ocrx_word' id='word_1_682' title='bbox 2728 4774 3041 4854; x_wconf 82' lang='lat' dir='ltr'><strong>pulchrum</strong></span> <span class='ocrx_word' id='word_1_683' title='bbox 3073 4784 3132 4836; x_wconf 93' lang='lat' dir='ltr'><strong>et</strong></span> <span class='ocrx_word' id='word_1_684' title='bbox 3153 4774 3376 4836; x_wconf 91' lang='lat' dir='ltr'><strong>bonum</strong></span> <span class='ocrx_word' id='word_1_685' title='bbox 3398 4794 3643 4840; x_wconf 80' lang='lat' dir='ltr'><strong>conver-</strong></span> 
     </span>
    </p>
   </div>
   <div class='ocr_carea' id='block_1_91' title="bbox 270 4864 1907 4950">
    <p class='ocr_par' dir='ltr' id='par_1_91' title="bbox 270 4868 1907 4950">
     <span class='ocr_line' id='line_1_92' title="bbox 270 4868 1907 4950; baseline -0.002 -23"><span class='ocrx_word' id='word_1_686' title='bbox 270 4870 359 4928; x_wconf 64' lang='grc' dir='ltr'><strong>δια</strong></span> <span class='ocrx_word' id='word_1_687' title='bbox 400 4872 465 4928; x_wconf 81' lang='grc' dir='ltr'>τὸ</span> <span class='ocrx_word' id='word_1_688' title='bbox 493 4869 656 4950; x_wconf 80' lang='grc' dir='ltr'>ραλὸν</span> <span class='ocrx_word' id='word_1_689' title='bbox 681 4874 778 4927; x_wconf 67' lang='grc' dir='ltr'>καὶ</span> <span class='ocrx_word' id='word_1_690' title='bbox 828 4869 1026 4949; x_wconf 76' lang='grc' dir='ltr'>ἀγαθόν</span> <span class='ocrx_word' id='word_1_691' title='bbox 1084 4868 1196 4927; x_wconf 70' lang='grc' dir='ltr'>ἔστι</span> <span class='ocrx_word' id='word_1_692' title='bbox 1251 4873 1348 4926; x_wconf 64' lang='grc' dir='ltr'>καὶ</span> <span class='ocrx_word' id='word_1_693' title='bbox 1401 4870 1620 4949; x_wconf 81' lang='grc' dir='ltr'>γίνεται,</span> <span class='ocrx_word' id='word_1_694' title='bbox 1657 4871 1753 4925; x_wconf 65' lang='grc' dir='ltr'><strong>καῖ</strong></span> <span class='ocrx_word' id='word_1_695' title='bbox 1786 4869 1907 4947; x_wconf 75' lang='grc' dir='ltr'>πρὸς</span> 
     </span>
    </p>
   </div>
   <div class='ocr_carea' id='block_1_92' title="bbox 1991 4864 3645 4950">
    <p class='ocr_par' dir='ltr' id='par_1_92' title="bbox 2007 4864 3645 4948">
     <span class='ocr_line' id='line_1_93' title="bbox 2007 4864 3645 4948; baseline 0.002 -23"><span class='ocrx_word' id='word_1_696' title='bbox 2007 4864 2167 4945; x_wconf 87' lang='lat' dir='ltr'><strong>titur;</strong></span> <span class='ocrx_word' id='word_1_697' title='bbox 2204 4879 2263 4925; x_wconf 91' lang='lat' dir='ltr'><strong>et</strong></span> <span class='ocrx_word' id='word_1_698' title='bbox 2290 4881 2661 4945; x_wconf 66' lang='lat' dir='ltr'><strong>quaecunque</strong></span> <span class='ocrx_word' id='word_1_699' title='bbox 2704 4875 2843 4924; x_wconf 89' lang='lat' dir='ltr'><strong>sunt</strong></span> <span class='ocrx_word' id='word_1_700' title='bbox 2885 4871 2944 4924; x_wconf 87' lang='lat' dir='ltr'><strong>et</strong></span> <span class='ocrx_word' id='word_1_701' title='bbox 2991 4864 3162 4940; x_wconf 86' lang='lat' dir='ltr'><strong>fiunt,</strong></span> <span class='ocrx_word' id='word_1_702' title='bbox 3222 4874 3466 4945; x_wconf 81' lang='lat' dir='ltr'><strong>propter</strong></span> <span class='ocrx_word' id='word_1_703' title='bbox 3508 4867 3645 4948; x_wconf 83' lang='lat' dir='ltr'><strong>pul-</strong></span> 
     </span>
    </p>
   </div>
   <div class='ocr_carea' id='block_1_93' title="bbox 270 4951 1907 5039">
    <p class='ocr_par' dir='ltr' id='par_1_93' title="bbox 270 4958 1907 5039">
     <span class='ocr_line' id='line_1_94' title="bbox 270 4958 1907 5039; baseline -0.003 -20"><span class='ocrx_word' id='word_1_704' title='bbox 270 4964 402 5020; x_wconf 76' lang='grc' dir='ltr'>αῦτὸ</span> <span class='ocrx_word' id='word_1_705' title='bbox 458 4962 627 5018; x_wconf 82' lang='grc' dir='ltr'>πάντα</span> <span class='ocrx_word' id='word_1_706' title='bbox 685 4962 803 5039; x_wconf 77' lang='grc' dir='ltr'>ὁρᾷ,</span> <span class='ocrx_word' id='word_1_707' title='bbox 837 4962 926 5018; x_wconf 81' lang='grc' dir='ltr'><strong>καί</strong></span> <span class='ocrx_word' id='word_1_708' title='bbox 970 4960 1059 5017; x_wconf 79' lang='grc' dir='ltr'><strong>ὑπ’</strong></span> <span class='ocrx_word' id='word_1_709' title='bbox 1120 4962 1277 5018; x_wconf 74' lang='grc' dir='ltr'>αὑτοῦ</span> <span class='ocrx_word' id='word_1_710' title='bbox 1325 4973 1553 5017; x_wconf 82' lang='grc' dir='ltr'>κινεῖται</span> <span class='ocrx_word' id='word_1_711' title='bbox 1587 4960 1675 5017; x_wconf 86' lang='grc' dir='ltr'><strong>καὶ</strong></span> <span class='ocrx_word' id='word_1_712' title='bbox 1706 4958 1907 5038; x_wconf 79' lang='grc' dir='ltr'>συνέχει</span> 
     </span>
    </p>
   </div>
   <div class='ocr_carea' id='block_1_94' title="bbox 1991 4951 3642 5039">
    <p class='ocr_par' dir='ltr' id='par_1_94' title="bbox 2003 4951 3642 5037">
     <span class='ocr_line' id='line_1_95' title="bbox 2003 4951 3642 5037; baseline 0.001 -20"><span class='ocrx_word' id='word_1_713' title='bbox 2003 4955 2213 5019; x_wconf 84' lang='lat' dir='ltr'><strong>chrum</strong></span> <span class='ocrx_word' id='word_1_714' title='bbox 2241 4961 2299 5015; x_wconf 86' lang='lat' dir='ltr'><strong>et</strong></span> <span class='ocrx_word' id='word_1_715' title='bbox 2320 4951 2539 5014; x_wconf 91' lang='lat' dir='ltr'><strong>bonum</strong></span> <span class='ocrx_word' id='word_1_716' title='bbox 2565 4961 2701 5014; x_wconf 87' lang='lat' dir='ltr'><strong>sunt</strong></span> <span class='ocrx_word' id='word_1_717' title='bbox 2730 4962 2793 5013; x_wconf 90' lang='lat' dir='ltr'><strong>et</strong></span> <span class='ocrx_word' id='word_1_718' title='bbox 2828 4953 2996 5027; x_wconf 78' lang='lat' dir='ltr'><strong>fiunt,</strong></span> <span class='ocrx_word' id='word_1_719' title='bbox 3033 4961 3090 5014; x_wconf 90' lang='lat' dir='ltr'><strong>et</strong></span> <span class='ocrx_word' id='word_1_720' title='bbox 3120 4961 3333 5015; x_wconf 89' lang='lat' dir='ltr'><strong>cuncta</strong></span> <span class='ocrx_word' id='word_1_721' title='bbox 3364 4955 3422 5016; x_wconf 94' lang='lat' dir='ltr'><strong>in</strong></span> <span class='ocrx_word' id='word_1_722' title='bbox 3449 4954 3642 5037; x_wconf 92' lang='lat' dir='ltr'><strong>ipsum</strong></span> 
     </span>
    </p>
   </div>
   <div class='ocr_carea' id='block_1_95' title="bbox 265 5040 1907 5133">
    <p class='ocr_par' dir='ltr' id='par_1_95' title="bbox 265 5048 1907 5133">
     <span class='ocr_line' id='line_1_96' title="bbox 265 5048 1907 5133; baseline -0.003 -24"><span class='ocrx_word' id='word_1_723' title='bbox 265 5074 380 5133; x_wconf 82' lang='grc' dir='ltr'>ται,</span> <span class='ocrx_word' id='word_1_724' title='bbox 435 5052 521 5108; x_wconf 86' lang='grc' dir='ltr'><strong>καί</strong></span> <span class='ocrx_word' id='word_1_725' title='bbox 576 5050 734 5111; x_wconf 68' lang='grc' dir='ltr'>αὐτοῦ</span> <span class='ocrx_word' id='word_1_726' title='bbox 790 5050 965 5127; x_wconf 82' lang='grc' dir='ltr'>ἕνεκα,</span> <span class='ocrx_word' id='word_1_727' title='bbox 1039 5052 1127 5108; x_wconf 87' lang='grc' dir='ltr'><strong>καὶ</strong></span> <span class='ocrx_word' id='word_1_728' title='bbox 1187 5049 1253 5107; x_wconf 83' lang='grc' dir='ltr'>δι’</span> <span class='ocrx_word' id='word_1_729' title='bbox 1325 5050 1475 5112; x_wconf 75' lang='grc' dir='ltr'>αὐτὸ.</span> <span class='ocrx_word' id='word_1_730' title='bbox 1535 5050 1621 5106; x_wconf 86' lang='grc' dir='ltr'><strong>καί</strong></span> <span class='ocrx_word' id='word_1_731' title='bbox 1678 5048 1731 5105; x_wconf 83' lang='grc' dir='ltr'>ἐν</span> <span class='ocrx_word' id='word_1_732' title='bbox 1781 5051 1907 5121; x_wconf 75' lang='grc' dir='ltr'>αῦτίι</span> 
     </span>
    </p>
   </div>
   <div class='ocr_carea' id='block_1_96' title="bbox 1991 5040 3642 5133">
    <p class='ocr_par' dir='ltr' id='par_1_96' title="bbox 2006 5040 3642 5123">
     <span class='ocr_line' id='line_1_97' title="bbox 2006 5040 3642 5123; baseline 0.001 -17"><span class='ocrx_word' id='word_1_733' title='bbox 2006 5045 2337 5123; x_wconf 89' lang='lat' dir='ltr'><strong>intuentur,</strong></span> <span class='ocrx_word' id='word_1_734' title='bbox 2377 5050 2435 5103; x_wconf 90' lang='lat' dir='ltr'><strong>et</strong></span> <span class='ocrx_word' id='word_1_735' title='bbox 2481 5040 2555 5103; x_wconf 85' lang='lat' dir='ltr'><strong>ab</strong></span> <span class='ocrx_word' id='word_1_736' title='bbox 2605 5041 2736 5121; x_wconf 90' lang='lat' dir='ltr'><strong>ipso</strong></span> <span class='ocrx_word' id='word_1_737' title='bbox 2770 5051 3080 5103; x_wconf 79' lang='lat' dir='ltr'><strong>moventur</strong></span> <span class='ocrx_word' id='word_1_738' title='bbox 3110 5051 3166 5104; x_wconf 86' lang='lat' dir='ltr'><strong>et</strong></span> <span class='ocrx_word' id='word_1_739' title='bbox 3195 5053 3642 5122; x_wconf 83' lang='lat' dir='ltr'><strong>conservantur,</strong></span> 
     </span>
    </p>
   </div>
   <div class='ocr_carea' id='block_1_97' title="bbox 176 5128 1907 5221">
    <p class='ocr_par' dir='ltr' id='par_1_97' title="bbox 176 5128 1907 5221">
     <span class='ocr_line' id='line_1_98' title="bbox 176 5128 1907 5221; baseline -0.004 -21"><span class='ocrx_word' id='word_1_740' title='bbox 176 5142 197 5213; x_wconf 70' lang='grc' dir='ltr'><strong>ί</strong></span> <span class='ocrx_word' id='word_1_741' title='bbox 270 5128 630 5221; x_wconf 48' lang='lat' dir='ltr'><strong>«amt;</strong></span> <span class='ocrx_word' id='word_1_742' title='bbox 684 5139 1167 5220; x_wconf 80' lang='grc' dir='ltr'>παραδειγματικὴ,</span> <span class='ocrx_word' id='word_1_743' title='bbox 1252 5138 1440 5209; x_wconf 79' lang='grc' dir='ltr'>τελικὴ</span> <span class='ocrx_word' id='word_1_744' title='bbox 1497 5135 1577 5219; x_wconf 59' lang='grc' dir='ltr'>ἳθ,</span> <span class='ocrx_word' id='word_1_745' title='bbox 1638 5139 1907 5215; x_wconf 65' lang='grc' dir='ltr'><strong>ιτοιητικὴ1</strong></span> 
     </span>
    </p>
   </div>
   <div class='ocr_carea' id='block_1_98' title="bbox 1991 5128 3697 5221">
    <p class='ocr_par' dir='ltr' id='par_1_98' title="bbox 2007 5128 3697 5221">
     <span class='ocr_line' id='line_1_99' title="bbox 2007 5128 3697 5221; baseline -0.002 -25"><span class='ocrx_word' id='word_1_746' title='bbox 2007 5141 2067 5196; x_wconf 91' lang='lat' dir='ltr'><strong>et</strong></span> <span class='ocrx_word' id='word_1_747' title='bbox 2115 5132 2301 5213; x_wconf 92' lang='lat' dir='ltr'><strong>ipsius</strong></span> <span class='ocrx_word' id='word_1_748' title='bbox 2326 5131 2513 5210; x_wconf 85' lang='lat' dir='ltr'><strong>gratia</strong></span> <span class='ocrx_word' id='word_1_749' title='bbox 2543 5138 2599 5192; x_wconf 84' lang='lat' dir='ltr'><strong>et</strong></span> <span class='ocrx_word' id='word_1_750' title='bbox 2644 5139 2883 5212; x_wconf 89' lang='lat' dir='ltr'><strong>propter</strong></span> <span class='ocrx_word' id='word_1_751' title='bbox 2905 5132 3100 5212; x_wconf 84' lang='lat' dir='ltr'><strong>ipsum</strong></span> <span class='ocrx_word' id='word_1_752' title='bbox 3124 5140 3191 5221; x_wconf 60' lang='lat' dir='ltr'><strong>et</strong></span> <span class='ocrx_word' id='word_1_753' title='bbox 3218 5130 3280 5193; x_wconf 91' lang='lat' dir='ltr'><strong>in</strong></span> <span class='ocrx_word' id='word_1_754' title='bbox 3313 5134 3438 5213; x_wconf 88' lang='lat' dir='ltr'><strong>ipso</strong></span> <span class='ocrx_word' id='word_1_755' title='bbox 3469 5149 3647 5194; x_wconf 90' lang='lat' dir='ltr'><strong>omne</strong></span> <span class='ocrx_word' id='word_1_756' title='bbox 3680 5128 3697 5203; x_wconf 84' lang='grc' dir='ltr'><strong><em>Ι</em></strong></span> 
     </span>
    </p>
   </div>
   <div class='ocr_carea' id='block_1_99' title="bbox 270 5220 1907 5313">
    <p class='ocr_par' dir='ltr' id='par_1_99' title="bbox 270 5220 1907 5313">
     <span class='ocr_line' id='line_1_100' title="bbox 270 5220 1907 5313; baseline -0.004 -22"><span class='ocrx_word' id='word_1_757' title='bbox 270 5231 468 5313; x_wconf 75' lang='grc' dir='ltr'>εἰδικη,</span> <span class='ocrx_word' id='word_1_758' title='bbox 510 5220 889 5311; x_wconf 80' lang='grc' dir='ltr'>στοιχειώδης,</span> <span class='ocrx_word' id='word_1_759' title='bbox 936 5232 1026 5288; x_wconf 90' lang='grc' dir='ltr'><strong>καί</strong></span> <span class='ocrx_word' id='word_1_760' title='bbox 1092 5228 1275 5295; x_wconf 72' lang='grc' dir='ltr'>ἅπλῶς</span> <span class='ocrx_word' id='word_1_761' title='bbox 1329 5236 1475 5287; x_wconf 81' lang='grc' dir='ltr'>πᾶσα</span> <span class='ocrx_word' id='word_1_762' title='bbox 1541 5229 1715 5309; x_wconf 74' lang='grc' dir='ltr'>ἀρχὴ,</span> <span class='ocrx_word' id='word_1_763' title='bbox 1777 5235 1907 5287; x_wconf 66' lang='grc' dir='ltr'>πᾶσι</span> 
     </span>
    </p>
   </div>
   <div class='ocr_carea' id='block_1_100' title="bbox 1991 5220 3645 5313">
    <p class='ocr_par' dir='ltr' id='par_1_100' title="bbox 2008 5220 3645 5306">
     <span class='ocr_line' id='line_1_101' title="bbox 2008 5220 3645 5306; baseline -0.002 -20"><span class='ocrx_word' id='word_1_764' title='bbox 2008 5221 2367 5306; x_wconf 89' lang='lat' dir='ltr'><strong>principium</strong></span> <span class='ocrx_word' id='word_1_765' title='bbox 2402 5222 2764 5303; x_wconf 87' lang='lat' dir='ltr'><strong>exemplare,</strong></span> <span class='ocrx_word' id='word_1_766' title='bbox 2815 5221 3014 5296; x_wconf 83' lang='lat' dir='ltr'><strong>finale,</strong></span> <span class='ocrx_word' id='word_1_767' title='bbox 3047 5220 3335 5296; x_wconf 78' lang='lat' dir='ltr'><strong>efﬁciens,</strong></span> <span class='ocrx_word' id='word_1_768' title='bbox 3370 5221 3645 5303; x_wconf 84' lang='lat' dir='ltr'><strong>formale,</strong></span> 
     </span>
    </p>
   </div>
   <div class='ocr_carea' id='block_1_101' title="bbox 269 5310 1907 5403">
    <p class='ocr_par' dir='ltr' id='par_1_101' title="bbox 269 5310 1907 5403">
     <span class='ocr_line' id='line_1_102' title="bbox 269 5310 1907 5403; baseline -0.004 -22"><span class='ocrx_word' id='word_1_769' title='bbox 269 5310 516 5403; x_wconf 64' lang='grc' dir='ltr'>συνοχῆ,</span> <span class='ocrx_word' id='word_1_770' title='bbox 576 5310 682 5379; x_wconf 82' lang='grc' dir='ltr'><strong>πᾶν</strong></span> <span class='ocrx_word' id='word_1_771' title='bbox 740 5320 929 5403; x_wconf 71' lang='grc' dir='ltr'>πὲρας’</span> <span class='ocrx_word' id='word_1_772' title='bbox 958 5318 1018 5366; x_wconf 84' lang='grc' dir='ltr'><strong>³ο</strong></span> <span class='ocrx_word' id='word_1_773' title='bbox 1044 5320 1080 5391; x_wconf 76' lang='grc' dir='ltr'>ἢ</span> <span class='ocrx_word' id='word_1_774' title='bbox 1127 5318 1220 5377; x_wconf 69' lang='grc' dir='ltr'>ἳνα</span> <span class='ocrx_word' id='word_1_775' title='bbox 1247 5317 1522 5378; x_wconf 71' lang='grc' dir='ltr'>συλλαϐὼν</span> <span class='ocrx_word' id='word_1_776' title='bbox 1550 5316 1718 5395; x_wconf 73' lang='grc' dir='ltr'>εἴπω,</span> <span class='ocrx_word' id='word_1_777' title='bbox 1750 5318 1907 5376; x_wconf 70' lang='grc' dir='ltr'>πάντα</span> 
     </span>
    </p>
   </div>
   <div class='ocr_carea' id='block_1_102' title="bbox 1991 5310 3646 5403">
    <p class='ocr_par' dir='ltr' id='par_1_102' title="bbox 2008 5310 3646 5395">
     <span class='ocr_line' id='line_1_103' title="bbox 2008 5310 3646 5395; baseline -0.002 -19"><span class='ocrx_word' id='word_1_778' title='bbox 2008 5311 2335 5389; x_wconf 85' lang='lat' dir='ltr'><strong>materiale,</strong></span> <span class='ocrx_word' id='word_1_779' title='bbox 2387 5316 2452 5376; x_wconf 88' lang='lat' dir='ltr'><strong>et</strong></span> <span class='ocrx_word' id='word_1_780' title='bbox 2499 5310 2762 5393; x_wconf 90' lang='lat' dir='ltr'><strong>denique</strong></span> <span class='ocrx_word' id='word_1_781' title='bbox 2810 5330 2989 5376; x_wconf 90' lang='lat' dir='ltr'><strong>omne</strong></span> <span class='ocrx_word' id='word_1_782' title='bbox 3018 5310 3407 5395; x_wconf 89' lang='lat' dir='ltr'><strong>principium,</strong></span> <span class='ocrx_word' id='word_1_783' title='bbox 3451 5315 3646 5373; x_wconf 79' lang='lat' dir='ltr'><strong>omnis</strong></span> 
     </span>
    </p>
   </div>
   <div class='ocr_carea' id='block_1_103' title="bbox 1602 5473 2328 5545">
    <p class='ocr_par' dir='ltr' id='par_1_103' title="bbox 1602 5473 2328 5545">
     <span class='ocr_line' id='line_1_104' title="bbox 1602 5473 2328 5545; baseline -0.006 -3"><span class='ocrx_word' id='word_1_784' title='bbox 1602 5478 1873 5545; x_wconf 75' lang='lat' dir='ltr'><strong>VARLE</strong></span> <span class='ocrx_word' id='word_1_785' title='bbox 1916 5473 2328 5542; x_wconf 84' lang='lat' dir='ltr'><strong>LECTIONES</strong></span> 
     </span>
    </p>
   </div>
   <div class='ocr_carea' id='block_1_104' title="bbox 353 5631 3639 5729">
    <p class='ocr_par' dir='ltr' id='par_1_104' title="bbox 353 5631 3639 5729">
     <span class='ocr_line' id='line_1_105' title="bbox 353 5631 3639 5729; baseline -0.002 -26"><span class='ocrx_word' id='word_1_786' title='bbox 353 5646 411 5691; x_wconf 65' lang='grc'><strong>19</strong></span> <span class='ocrx_word' id='word_1_787' title='bbox 438 5645 865 5729; x_wconf 74' lang='grc' dir='ltr'>ἀκαταλήπτως,</span> <span class='ocrx_word' id='word_1_788' title='bbox 896 5644 965 5709; x_wconf 89' lang='lat' dir='ltr'><strong>D.</strong></span> <span class='ocrx_word' id='word_1_789' title='bbox 1010 5642 1201 5729; x_wconf 39' lang='lat' dir='ltr'><strong>Bostari</strong></span> <span class='ocrx_word' id='word_1_790' title='bbox 1228 5645 1493 5729; x_wconf 49' lang='lat' dir='ltr'><strong>povipwfj</strong></span> <span class='ocrx_word' id='word_1_791' title='bbox 1524 5642 1599 5729; x_wconf 56' lang='grc' dir='ltr'>Ρ,</span> <span class='ocrx_word' id='word_1_792' title='bbox 1629 5722 1641 5729; x_wconf 73' lang='lat'>_</span> <span class='ocrx_word' id='word_1_793' title='bbox 1678 5638 1731 5683; x_wconf 60' lang='grc' dir='ltr'>εί</span> <span class='ocrx_word' id='word_1_794' title='bbox 1760 5635 2279 5729; x_wconf 47' lang='grc' dir='ltr'>συμμε-ταξατικαῖς,</span> <span class='ocrx_word' id='word_1_795' title='bbox 2312 5636 2383 5729; x_wconf 50' lang='grc' dir='ltr'><strong>ξ),</strong></span> <span class='ocrx_word' id='word_1_796' title='bbox 2442 5633 2513 5729; x_wconf 44' lang='grc'><strong>..9³</strong></span> <span class='ocrx_word' id='word_1_797' title='bbox 2543 5634 2944 5729; x_wconf 33' lang='grc' dir='ltr'>ἐτερρτητιλυέ</span> <span class='ocrx_word' id='word_1_798' title='bbox 3005 5634 3062 5680; x_wconf 69' lang='grc'>³³</span> <span class='ocrx_word' id='word_1_799' title='bbox 3090 5636 3207 5729; x_wconf 82' lang='grc' dir='ltr'>περὶ</span> <span class='ocrx_word' id='word_1_800' title='bbox 3240 5633 3426 5729; x_wconf 62' lang='grc' dir='ltr'>αὕτην,</span> 
     </span>
    </p>
   </div>
   <div class='ocr_carea' id='block_1_105' title="bbox 262 5691 3642 5810">
    <p class='ocr_par' dir='ltr' id='par_1_105' title="bbox 262 5691 3642 5810">
     <span class='ocr_line' id='line_1_106' title="bbox 262 5691 3642 5810; baseline 0 -36"><span class='ocrx_word' id='word_1_801' title='bbox 262 5726 330 5774; x_wconf 67' lang='grc' dir='ltr'><strong>ει</strong></span> <span class='ocrx_word' id='word_1_802' title='bbox 356 5691 965 5810; x_wconf 49' lang='grc' dir='ltr'><strong>κςῗδῖτὲξξέέέἑέξξῇξ</strong></span> <span class='ocrx_word' id='word_1_803' title='bbox 1002 5691 1493 5810; x_wconf 36' lang='lat' dir='ltr'><strong>maciei?</strong></span> <span class='ocrx_word' id='word_1_804' title='bbox 1510 5691 2072 5810; x_wconf 43' lang='lat' dir='ltr'><strong>{utjungtiﬁrufgi</strong></span> <span class='ocrx_word' id='word_1_805' title='bbox 2089 5691 2282 5810; x_wconf 61' lang='grc' dir='ltr'><strong>’ῥ’ξιὲέιί</strong></span> <span class='ocrx_word' id='word_1_806' title='bbox 2312 5691 2491 5810; x_wconf 43' lang='lat'><strong>56:06,</strong></span> <span class='ocrx_word' id='word_1_807' title='bbox 2513 5691 3055 5810; x_wconf 49' lang='grc' dir='ltr'><strong>ηέόὶιίιξιῇὂιῖέο..,</strong></span> <span class='ocrx_word' id='word_1_808' title='bbox 3078 5691 3187 5779; x_wconf 57' lang='lat' dir='ltr'><strong>sea</strong></span> <span class='ocrx_word' id='word_1_809' title='bbox 3217 5691 3642 5795; x_wconf 67' lang='lat' dir='ltr'><strong>praetermittit,</strong></span> 
     </span>
    </p>
   </div>
   <div class='ocr_carea' id='block_1_106' title="bbox 267 5797 2932 5891">
    <p class='ocr_par' dir='ltr' id='par_1_106' title="bbox 267 5797 2932 5891">
     <span class='ocr_line' id='line_1_107' title="bbox 267 5797 2932 5891; baseline -0.008 -21"><span class='ocrx_word' id='word_1_810' title='bbox 267 5811 366 5870; x_wconf 75' lang='grc' dir='ltr'><strong>καὶ</strong></span> <span class='ocrx_word' id='word_1_811' title='bbox 394 5808 452 5869; x_wconf 70' lang='grc' dir='ltr'><strong>ἰν</strong></span> <span class='ocrx_word' id='word_1_812' title='bbox 482 5812 552 5885; x_wconf 82' lang='grc' dir='ltr'><strong>ᾧ.</strong></span> <span class='ocrx_word' id='word_1_813' title='bbox 592 5797 604 5809; x_wconf 69' lang='grc'><em>’</em></span> <span class='ocrx_word' id='word_1_814' title='bbox 634 5805 696 5859; x_wconf 62' lang='lat' dir='ltr'><strong>ﬂ</strong></span> <span class='ocrx_word' id='word_1_815' title='bbox 725 5809 806 5872; x_wconf 79' lang='grc' dir='ltr'><strong>Μ.</strong></span> <span class='ocrx_word' id='word_1_816' title='bbox 1004 5809 1179 5869; x_wconf 80' lang='grc' dir='ltr'>πάντα</span> <span class='ocrx_word' id='word_1_817' title='bbox 1206 5797 1286 5870; x_wconf 69' lang='grc' dir='ltr'><strong>ἓν.</strong></span> <span class='ocrx_word' id='word_1_818' title='bbox 1370 5801 1435 5857; x_wconf 68' lang='grc'><strong>98</strong></span> <span class='ocrx_word' id='word_1_819' title='bbox 1464 5804 1573 5864; x_wconf 72' lang='grc' dir='ltr'>ἔστι</span> <span class='ocrx_word' id='word_1_820' title='bbox 1600 5797 1659 5862; x_wconf 68' lang='grc' dir='ltr'>τι</span> <span class='ocrx_word' id='word_1_821' title='bbox 1687 5797 1801 5881; x_wconf 65' lang='grc' dir='ltr'>καί,</span> <span class='ocrx_word' id='word_1_822' title='bbox 1833 5800 1903 5871; x_wconf 83' lang='lat' dir='ltr'><strong>D,</strong></span> <span class='ocrx_word' id='word_1_823' title='bbox 1989 5799 2049 5853; x_wconf 69' lang='grc' dir='ltr'><strong>ιο</strong></span> <span class='ocrx_word' id='word_1_824' title='bbox 2075 5798 2420 5877; x_wconf 77' lang='grc' dir='ltr'>τελειωτική,</span> <span class='ocrx_word' id='word_1_825' title='bbox 2453 5798 2516 5861; x_wconf 89' lang='lat' dir='ltr'><strong>S.</strong></span> <span class='ocrx_word' id='word_1_826' title='bbox 2548 5797 2652 5862; x_wconf 86' lang='lat' dir='ltr'><strong>Sc.</strong></span> <span class='ocrx_word' id='word_1_827' title='bbox 2729 5798 2795 5850; x_wconf 75' lang='lat'><strong>30</strong></span> <span class='ocrx_word' id='word_1_828' title='bbox 2822 5798 2932 5868; x_wconf 79' lang='grc' dir='ltr'>καί,</span> 
     </span>
    </p>
   </div>
   <div class='ocr_carea' id='block_1_107' title="bbox 2004 4236 3641 4322">
    <p class='ocr_par' dir='ltr' id='par_1_107' title="bbox 2004 4236 3641 4322">
     <span class='ocr_line' id='line_1_108' title="bbox 2004 4236 3641 4322; baseline 0.004 -25"><span class='ocrx_word' id='word_1_829' title='bbox 2004 4237 2119 4317; x_wconf 90' lang='lat' dir='ltr'><strong>nis,</strong></span> <span class='ocrx_word' id='word_1_830' title='bbox 2151 4236 2532 4297; x_wconf 84' lang='lat' dir='ltr'><strong>definitiones</strong></span> <span class='ocrx_word' id='word_1_831' title='bbox 2559 4255 2792 4311; x_wconf 89' lang='lat' dir='ltr'><strong>omnes,</strong></span> <span class='ocrx_word' id='word_1_832' title='bbox 2816 4236 3086 4312; x_wconf 90' lang='lat' dir='ltr'><strong>ordines,</strong></span> <span class='ocrx_word' id='word_1_833' title='bbox 3120 4237 3641 4322; x_wconf 62' lang='lat' dir='ltr'><strong>excellentiae,ele-</strong></span> 
     </span>
    </p>
   </div>
  </div>
