4030 6204
441 285 550 354 711

1629 279 1691 353 S.
1740 287 2079 356 DIONYSlI
2131 285 2611 358 AREOAGITIE.

3695 291 3808 364 712

2009 423 2040 502 §
2091 421 2246 488 xm.

523 591 628 654 Est
663 599 952 674 praeterea
992 589 1225 656 divinus
1265 609 1434 656 amor
1463 591 1797 666 exstaticus,
1829 593 1928 674 qui
1959 609 2076 654 non
2097 593 2138 640 Α

443 683 731 744 sinitesse
751 701 889 744 suos
920 701 1023 746 eos
1051 683 1149 764 qui
1207 691 1344 744 sunt
1371 691 1690 764 amatores,
1735 683 1844 745 sed
1877 701 2082 746 eorum

441 791 594 854 quos
611 775 1032 851 amant.Atque
1051 773 1162 835 hoc
1177 773 1480 835 declarant
1493 772 1733 852 quidem
1749 773 2082 854 superiora,

441 861 927 943 queinleriorum
949 863 1233 943 ﬁunt,per
1255 862 1605 924 eorumdem
1623 863 2082 944 providentiam;

443 960 658 1032 etquae
701 952 967 1032 ejusdem
999 953 1237 1030 generis
1281 961 1554 1032 sunt,per
1603 963 1860 1013 mutuam
1890 953 2083 1014 cohae—

441 1042 691 1104 tentiam
721 1065 736 1114 ;
765 1049 821 1102 et
849 1042 1267 1121 inferiora,per
1291 1041 1652 1102 diviniorem
1680 1043 1748 1103 ad
1773 1043 2084 1122 superiora

441 1131 912 1195 conversionem.
955 1129 1120 1194 Unde
1161 1131 1398 1191 divinus
1457 1129 1670 1192 Paulus
1715 1131 1914 1192 divino
1963 1131 2077 1193 isto

441 1239 647 1282 amore
669 1229 962 1300 captus,et
985 1221 1212 1280 virtutis
1236 1221 1846 1302 exstaticre'particeps
1863 1221 2076 1302 factus,

439 1309 638 1371 divino
665 1328 770 1371 ore
802 1309 880 1370 ait
909 1330 920 1371 :
967 1309 1384 1390 Vivoego,ium
1408 1328 1528 1372 non
1553 1311 1842 1390 ἐφοβήθη
1863 1329 1998 1373 vero
2017 1315 2083 1372 in

439 1415 533 1460 me
567 1399 842 1462 Christus
869 1411 919 1474 tl;
951 1407 1227 1478 tanquam
1261 1417 1438 1460 verus
1467 1410 1718 1480 amator,
1747 1409 1805 1462 et
1836 1401 1935 1480 qui
1972 1419 2080 1461 ex-

439 1487 640 1560 cessit,
691 1497 752 1548 ut
780 1488 908 1567 ipse
947 1487 1048 1562 ait,
1103 1489 1317 1568 Deo,et
1347 1505 1463 1548 non
1508 1489 1631 1566 jam
1673 1489 1848 1550 vitam
1883 1509 2075 1566 suam,

439 1575 545 1637 sed
591 1577 768 1636 amati
813 1585 1092 1656 tanquam
1139 1577 1524 1640 vehementer
1553 1578 1824 1640 dilectam
1855 1585 2073 1641 vivens.

437 1665 798 1728 Audendum
833 1677 922 1728 est
951 1667 1062 1728 hoc
1087 1666 1402 1748 etiambpro
1423 1667 1899 1741 veritate,dicere
1921 1669 2078 1748 quod

437 1755 692 1835 ipsemet
746 1756 1010 1816 omnium
1061 1767 1287 1830 auctor,
1350 1757 1600 1838 pulchro
1649 1759 1780 1817 501
1830 1759 2078 1824 θιὲὺοιιο

2239 577 2406 645 ’Ἐστι
2449 589 2504 646 δὲ
2535 591 2620 648 καὶ
2643 590 2951 655 ἐκστατικὸς
2983 593 3010 647 6
3039 593 3186 658 θεῦος
3235 591 3390 672 ἔρως,
3426 596 3520 652 οὒκ
3543 594 3647 650 ἐῶν
3679 595 3804 651 ἐαυ-

2165 683 2270 732 τῶν
2302 682 2440 736 εἶναι
2491 683 2610 744 τοὺς
2667 679 2912 760 ἐραστὰς,
2971 680 3108 738 ἀλλὰ
3179 689 3286 738 τῶν
3332 682 3637 756 ἐρωμένων.
3701 685 3808 744 Καῖ

2166 765 2404 844 δηλοῦσι,
2477 773 2540 826 τὰ
2603 771 2701 844 μὲν
2777 771 3032 848 ὑπέρτερα
3089 778 3188 849 τῇς
3247 773 3491 850 προνοίας
3519 775 3809 852 γιγνόμενα

2165 863 2271 912 τῶν
2315 859 2764 938 καταδεεστέρωψ
2834 863 2920 916 καὶ
2979 859 3044 916 τὰ
3101 861 3402 940 ὁμόπτοιχα
3433 864 3532 927 τῆς
3561 861 3808 934 ἀλλήλων

2165 955 2428 1027 συνοχῆς·
2455 954 2540 1006 καὶ
2573 953 2640 1006 τὰ
2668 950 2949 1030 ὑφειμέναις
2979 955 3076 1016 τῆς
3109 953 3238 1028 πρὸς
3281 951 3348 1005 τὰ
3401 974 3587 1028 πρωτα
3619 953 3810 1008 θειοτέ-

2163 1059 2256 1114 ρας
2291 1038 2642 1118 ἐπιστροφῆς,
2685 1041 2776 1094 Διὸ
2808 1039 2894 1094 καὶ
2955 1037 3157 1096 Παῦλος
3213 1043 3240 1094 6
3286 1055 3478 1118 μεγας,
3517 1041 3572 1096 ἐν
3600 1049 3810 1120 κατοχῇ

2161 1135 2252 1182 τοῦ
2283 1128 2419 1184 Θεῖου
2449 1129 2682 1206 γεγονώς
2729 1129 2940 1208 ἔρωτος,
2975 1129 3060 1184 καὶ
3103 1129 3199 1196 τῆς
3261 1129 3591 1196 ἐκστατικῆς
3658 1134 3813 1188 αὖτοῦ

2161 1215 2430 1292 δυνέμεως
2491 1217 2848 1298 μετειληφὼς,
2899 1216 3054 1288 ἐνδεῖ-ρ
3113 1217 3360 1293 στόματι’
3395 1223 3478 1274 Ζῶ
3523 1220 3662 1298 ἐγὼ,
3707 1245 3812 1298 φη-

2169 1307 2269 1386 σὶν,
2331 1309 2424 1364 οὐκ
2469 1308 2570 1386 ἔτι,
2603 1313 2667 1383 ζῇ
2723 1305 2777 1362 δὲ
2837 1309 2892 1361 ἓν
2945 1305 3065 1380 ἐμοὶ
3127 1311 3370 1385 Χριστός·
3408 1312 3480 1368 ὡς
3533 1309 3740 1376 ἀληθὴς
3769 1309 3818 1351 ⁵²

2168 1397 2399 1474 ἁραστὴς
2431 1399 2518 1454 καὶ
2561 1397 2872 1474 ἐξεστηκής,
2906 1398 2978 1458 ὡς
3031 1397 3185 1459 αὐτός
3243 1421 3399 1477 φησι,
3431 1405 3510 1472 τῷ
3557 1405 3699 1472 Θεῷ,
3731 1401 3814 1454 καὶ

2167 1487 2223 1542 οὗ
2253 1489 2349 1552 τὴν
2383 1486 2567 1542 ἑαυτοῦ
2623 1493 2749 1564 ζῶν,
2803 1485 2938 1541 ἀλλὰ
2997 1487 3094 1551 τὴν
3158 1497 3248 1545 τοῦ
3297 1487 3519 1566 ἐραστοῦ
3549 1491 3695 1558 ζωὴν
3739 1487 3809 1562 ⁵³,

2165 1577 2238 1640 ὡς
2297 1575 2494 1655 σφόδρα
2535 1576 2852 1656 ἀγαπητὼν,
2891 1575 3196 1650 Τολμητὲον
3251 1574 3305 1632 δὲ
3349 1578 3437 1633 καὶ
3481 1585 3644 1635 τοῦτο
3685 1578 3806 1656 ὑπὲρ

2163 1665 2410 1731 ἀληθείας
2467 1667 2660 1746 εἰπεῖν,
2721 1665 2801 1722 ὅτι
2861 1667 2950 1722 καὶ
3005 1667 3162 1728 αὒτὸς
3199 1667 3471 1722 ὁπάντων
3507 1667 3712 1739 αἴτιος,
3735 1677 3808 1743 τῷ

2161 1754 2310 1829 καλῷ
2339 1757 2425 1812 καὶ
2475 1755 2656 1833 ἀγαθῷ
2704 1761 2807 1811 τῶν
2862 1754 3070 1810 πάντων
3101 1751 3334 1832 ⁵⁴ἕρωτι
3401 1753 3468 1810 δι’
3511 1754 3812 1834 ὑπερϐολὴν

439 1845 706 1906 omnium
771 1863 996 1926 amore,
1031 1854 1275 1926 propter
1307 1847 1727 1908 excellentiam
1783 1866 2074 1908 summam

2168 1849 2262 1910 τῆς
2320 1844 2578 1922 ἐρωτικῆς
2629 1845 2980 1922 ἀγαθοτητος,
3029 1843 3126 1908 ἔξω
3192 1845 3376 1900 ἑαυτοῦ
3427 1847 3658 1921 γίνεται,
3691 1863 3810 1913 ταῖς

437 1933 738 1996 amatoria}
769 1935 1223 1997 bonitatisexlra
1237 1954 1301 1998 se
1323 1955 1429 2016 per
1452 1935 1860 2016 providentias
1881 1939 2078 1998 omni-

437 2041 538 2084 um
574 2043 773 2086 rerum
805 2025 1032 2086 exsistit
1063 2033 1120 2086 et
1149 2025 1413 2087 bonitate
1441 2039 1616 2106 atque
1671 2025 1994 2089 dilectione
2025 2035 2084 2087 et

437 2130 642 2176 amore
667 2115 842 2176 veluti
864 2115 1150 2176 delinitur
1172 2123 1228 2176 et
1248 2116 1596 2178 oblectatur:
1624 2125 1684 2178 et
1713 2135 1847 2178 cum
1879 2117 1954 2176 sit
1977 2135 2076 2177 su~

437 2204 762 2282 praomnia
778 2213 834 2265 et
851 2222 920 2265 ex
935 2205 1209 2268 omnibus
1230 2205 1640 2286 exemptus,ad
1654 2206 1850 2267 omnia
1869 2205 2076 2268 demit-

437 2291 922 2356 titursecundum
941 2305 1286 2374 potestatem
1301 2295 2082 2376 suprasubstantialem.qua

437 2391 606 2444 extra
627 2402 692 2446 se
717 2402 832 2446 non
857 2385 1248 2464 ingrediendo
1281 2385 1600 2449 exit.l-lanc
1613 2385 1688 2446 ob
1711 2403 1946 2447 causam
1971 2405 2080 2465 pe-

437 2471 538 2534 riti
558 2489 758 2536 rerum
792 2475 1122 2537 divinarum
1169 2475 1416 2538 zelotem
1479 2475 1646 2538 illum
1711 2485 2075 2556 nuncupant,

443 2562 599 2640 quod
657 2580 876 2642 magno
907 2574 968 2626 et
997 2563 1256 2644 benigno
1287 2583 1488 2628 rerum
1549 2584 1752 2627 amore
1785 2573 2075 2647 teneatur,

441 2652 744 2732 easquead
767 2654 949 2734 ipsius
969 2653 1532 2716 amatoriidesiderii
1561 2655 1752 2716 zelum
1775 2665 2076 2734 provocet,

439 2749 616 2822 atque
648 2741 798 2804 adeo
819 2744 1148 2823 .semetipse
1177 2745 1621 2824 quodammodo
1662 2744 1908 2805 zelotem
1937 2763 2082 2825 prae-

441 2840 580 2906 stet,
613 2841 676 2893 ut
705 2831 800 2892 cui
831 2850 926 2892 res
948 2832 1380 2895 desiderabiles
1411 2833 1528 2894 sint
1557 2833 1682 2893 zelo
1709 2833 1988 2912 dignaa,et
2018 2843 2082 2896 ut

439 2921 536 3000 qui
565 2939 790 2995 rerum,
823 2921 1036 3001 quibus
1071 2921 1358 3002 providet,
1391 2923 1516 2984 zelo
1559 2923 1869 2984 afﬁciatur.
1909 2925 2085 2986 Deni-

439 3027 556 3088 que
585 3009 828 3070 omnino
854 3013 1165 3090 pulclirum
1191 3011 2084 3093 estetbonum,quidquidama-

441 3097 566 3160 bile
581 3107 668 3160 est
699 3107 758 3161 et
777 3117 966 3181 amor,
1001 3108 1060 3162 et
1089 3102 1147 3162 in
1179 3103 1428 3182 pulchro
1461 3102 1739 3183 bonoque
1769 3104 2082 3184 praecelle-

447 3195 636 3269 catur,
669 3197 729 3252 et
755 3198 1006 3272 propter
1033 3190 1348 3272 pulchrum
1379 3202 1438 3254 et
1467 3191 1693 3254 bonum
1729 3201 1842 3274 est,
1877 3194 2039 3256 etﬁt.

2165 1936 2238 1996 εἰς
2281 1935 2344 1990 τὰ
2395 1933 2520 1990 ὄντα
2580 1935 2752 1990 πάντα
2809 1935 3102 2012 προνοίαις,
3135 1935 3222 1989 καὶ
3251 1935 3373 1990 οἷον
3403 1935 3702 2012 ἀγαθότητι
3730 1939 3812 1994 καὶ

2167 2023 2436 2100 ἀγαπήσει
2494 2025 2580 2080 καὶ
2655 2024 2812 2098 ἔρωτι
2874 2021 3138 2100 θέλγεται·
3205 2025 3290 2078 καὶ
3375 2023 3434 2080 ἰοί
3515 2033 3612 2082 τοῦ
3692 2029 3786 2083 ὗπὲ

2165 2113 2336 2170 πάντα
2367 2116 2454 2169 καὶ
2483 2114 2696 2170 πάντων
2727 2112 3054 2192 ἐξῃρημένα)
3091 2113 3221 2192 πρὸς
3251 2115 3313 2168 τὸ
3343 2113 3398 2168 ἐν
3425 2121 3557 2170 πᾶσι
3593 2118 3818 2193 κατάγε-

2166 2225 2250 2260 ται
2281 2202 2400 2260 κατ’
2433 2203 2754 2270 ἐκστὰτικὴν
2801 2205 3109 2280 ὕπερούσιον
3169 2201 3386 2276 δύναμιν
3429 2203 3812 2284 ἀκεκφοίτητον

2165 2291 2372 2355 ἑαυτοῦ,
2411 2299 2511 2348 Διὸ
2541 2293 2627 2348 καὶ
2657 2291 2906 2362 ζηλωτὴν
2940 2292 3093 2348 αὐτὸν
3124 2292 3170 2347 οἱ
3203 2293 3266 2346 τὰ
3303 2295 3421 2348 θεῖα
3451 2291 3613 2350 δεινοὶ
3645 2297 3810 2372 πρὸσ-

2165 2383 2525 2462 αγορεύουσιν,
2559 2384 2632 2444 ὼς
2691 2379 2856 2438 πολὺν
2887 2382 2976 2436 τὸν
3011 2382 3081 2443 εἰς
3133 2381 3198 2436 τα
3229 2379 3351 2436 ὅντα
3385 2381 3588 2460 ἀγαθὸν
3613 2387 3810 2463 ἔρωτα,

2161 2473 2250 2528 καὶ
2306 2474 2379 2535 ὡς
2449 2473 2579 2550 πρὸς
2643 2469 2804 2541 ζῆλον
2888 2469 3156 2547 ἐγερτικὸν
3215 2472 3312 2534 τῆς
3355 2469 3588 2548 ἐφέσεως
3663 2476 3811 2530 αὺτοῦ

2161 2567 2260 2628 τῆς
2297 2561 2552 2638 ἐρωτικῆς
2585 2561 2670 2616 καί
2702 2563 2772 2623 ὡς
2803 2558 3049 2630 ζηλωτὴν
3085 2561 3238 2616 αὖτὸν
3291 2559 3356 2609 55
3403 2561 3804 2637 ἀποδεικνύντα,

2162 2656 2206 2724 ᾧ
2233 2651 2297 2702 56
2324 2652 2496 2710 καὶτὰ
2526 2649 2796 2729 ἐφιέμενα,
2829 2649 3066 2722 ζηλωτὰ,
3101 2651 3186 2704 καὶ
3216 2650 3288 2712 ὡς
3319 2655 3426 2706 τῶν
3469 2653 3803 2730 προνοουμέ-

2164 2765 2266 2798 νων
2321 2741 2509 2814 ὄντων,
2567 2740 2708 2812 αὗτῴ
2764 2737 3042 2810 ζηλωτῶν,
3083 2739 3179 2796 Καὶ
3209 2737 3347 2802 ὅλως
3378 2747 3471 2796 τοῦ
3515 2741 3684 2798 καλοῦ
3725 2743 3808 2798 καὶ

2164 2833 2359 2910 ἀγαθοῦ
2405 2833 2516 2886 ἔπι
2566 2831 2626 2885 τὸ
2683 2829 2927 2906 ὶραστὸν,
2971 2830 3055 2884 καὶ
3101 2829 3128 2882 ὁ
3161 2825 3318 2906 ἔρως,
3349 2831 3436 2884 καὶ
3467 2828 3524 2884 ἐν
3555 2832 3636 2905 τῷ
3663 2831 3806 2905 καλῳ

2167 2925 2254 2980 καὶ
2297 2921 2476 2999 ἀγαθῷ
2525 2917 2858 2998 προϊδρυται,
2890 2919 2974 2976 καὶ
3025 2915 3108 2972 διὰ
3155 2917 3216 2972 τὸ
3258 2915 3422 2974 καλὸν
3479 2921 3570 2977 καὶ
3615 2921 3804 3000 ἀγαθὸν

2167 3013 2277 3069 ἐστι
2308 3013 2394 3069 καὶ
2423 3013 2644 3089 γίνεται,

2064 3357 2216 3425 XIV.

413 3511 422 3520 '
519 3509 674 3584 Quid
707 3531 881 3594 porro
917 3515 1152 3580 tandem
1186 3517 1523 3596 signiﬁcare
1553 3519 1760 3582 volunt
1795 3519 2081 3598 theologi,
2105 3529 2144 3580 C

441 3619 574 3662 cum
598 3601 914 3680 aliquando
933 3607 1174 3688 quidem
1193 3611 1378 3671 Deum
1403 3619 1616 3671 vocant
1629 3628 1894 3672 amorem
1921 3619 1978 3671 et
1995 3611 2084 3672 di-

439 3689 775 3762 lectionem,
803 3696 1160 3776 quandoque
1183 3717 1323 3760 vero
1346 3699 1662 3762 amabilem
1677 3700 2026 3762 etdilectum
2059 3699 2086 3761 ?

444 3779 612 3870 Illius
633 3783 872 3862 quidem
901 3785 1151 3870 (scilicet
1167 3789 1385 3852 amoris
1399 3797 1456 3852 et
1475 3790 1834 3870 dilectionis)
1854 3798 2081 3864 auctor,

442 3869 500 3920 et
525 3869 798 3943 tanquam
827 3867 1148 3946 productor
1169 3889 1234 3930 ac
1255 3879 1571 3948 generator
1603 3879 1713 3942 est;
1750 3867 1860 3932 hoc
1882 3879 2078 3932 autem

439 3947 523 4028 (id
554 3963 644 4013 est
665 3955 937 4016 amabilis
967 3965 1026 4017 et
1055 3947 1329 4038 dilectus)
1353 3965 1478 4038 ipse
1497 3959 1722 4022 est.[|lo
1752 3960 1972 4038 quitlen
1999 3960 2076 4026 (id

442 4047 531 4100 est
561 4060 763 4104 amore
795 4043 1636 4126 etdilectione)movetur,lioc
1653 4061 1846 4108 autem
1885 4049 1968 4128 {id
1992 4057 2080 4110 est

439 4137 506 4189 ut
525 4131 797 4192 amabilis
825 4141 884 4194 et
905 4133 1174 4215 dilectus)
1205 4146 1397 4196 movet
1432 4155 1446 4210 ;
1482 4137 1624 4212 quia
1647 4155 1710 4198 se
1733 4135 1859 4216 ipse
1883 4137 2076 4198 addu-

443 4217 544 4294 cit,
571 4227 629 4282 et
675 4220 788 4281 sibi
818 4221 1078 4298 adducit,
1110 4233 1165 4284 et
1213 4233 1426 4286 movet.
1465 4225 1583 4287 Hac
1615 4233 1811 4288 autem
1846 4228 2078 4289 ratione

442 4308 722 4372 dilectum
758 4318 817 4372 et
843 4311 1156 4374 amabilem
1193 4333 1325 4376 eum
1359 4325 1591 4390 vocant,
1635 4325 1908 4396 tanquam
1941 4318 2076 4397 pul-

442 4399 650 4460 chrum
666 4409 726 4460 et
751 4399 1011 4480 bonum;
1043 4421 1306 4465 amorem
1331 4422 1467 4466 vero
1490 4423 1698 4466 rursus
1726 4415 1783 4466 et
1805 4406 2082 4468 dilectio-

443 4507 607 4570 nem,
631 4499 906 4572 tanquam
939 4492 1055 4556 vim
1089 4495 1428 4576 matricem,
1461 4503 1522 4557 et
1570 4513 1806 4557 sursum
1835 4497 2078 4558 trahen-

443 4585 563 4640 tem
594 4579 666 4641 ad
700 4583 892 4663 se,qui
926 4583 1088 4646 solus
1120 4595 1206 4646 est
1234 4585 1423 4664 ipsum
1455 4603 1560 4666 per
1591 4605 1655 4648 se
1680 4585 1990 4666 pulchrum
2025 4597 2084 4648 et

443 4668 760 4752 bouum,et
789 4679 1064 4754 tanquam
1097 4676 1628 4739 manifestationem
1657 4685 1718 4737 ut
1763 4675 1949 4758 ipsius
1976 4695 2082 4758 per

2251 3517 2310 3577 Τί
2345 3515 2400 3572 δὲ
2430 3513 2570 3576 ἄλως
2603 3515 2648 3570 οἱ
2677 3510 2917 3590 θεολόγοι
2971 3511 3309 3588 ϐουλόμενοι,
3339 3512 3468 3569 ποτὲ
3515 3513 3614 3588 μὲν
3646 3511 3806 3592 ἔρωτα

2168 3610 2253 3666 καὶ
2283 3608 2497 3686 ἀγάπην
2541 3605 2696 3660 αὖτόν
2745 3625 2894 3682 φασι,
2943 3605 3072 3658 ποτὲ
3104 3602 3158 3658 δὲ
3188 3604 3403 3682 ἐραστὸν
3457 3605 3546 3660 καὶ
3591 3603 3802 3681 ἀγαπη-

2167 3701 2282 3772 τόν;
2317 3703 2418 3756 Τοῦ
2451 3695 2548 3770 μὲν
2579 3693 2678 3772 γὰρ
2733 3691 2930 3764 αἴτιος,
2989 3695 3076 3748 καὶ
3132 3691 3310 3770 ὥσπερ
3367 3689 3680 3772 προϐολεὺς,
3725 3692 3804 3750 καὶ

2169 3787 2574 3867 ἀπογεννήτωρο
2635 3783 2696 3838 τὸ
2751 3779 2806 3836 δὲ
2859 3783 3011 3846 αὐτός
3063 3781 3198 3844 ἐστι,
3257 3783 3355 3840 Καὶ
3405 3789 3479 3856 τῷ
3511 3782 3609 3855 μὲν
3645 3793 3804 3838 κινεῖ-

2169 3900 2281 3952 ται,
2315 3881 2392 3946 τῷ
2420 3873 2475 3931 δὲ
2510 3873 2674 3930 κινεῖ·
2739 3869 2783 3926 ὣ
2841 3869 2922 3926 ὅτι
2965 3871 3120 3934 αὐτὸς
3171 3871 3355 3926 ἑαυτοῦ
3383 3883 3469 3927 καί
3501 3871 3672 3945 ἑαυτῷ
3702 3869 3802 3925 ἐστι

2161 3965 2536 4046 προαγωγικδς
2591 3962 2677 4018 καὶ
2723 3961 3023 4026 κινητικός.
3059 3959 3234 4036 Ταύτῃ
3291 3958 3344 4014 δὲ
3405 3959 3682 4036 ἆγαπητὸν
3715 3959 3802 4034 μὲν

2161 4057 2248 4112 καὶ
2279 4055 2496 4126 ὲραστὸν
2529 4051 2656 4108 αὒτὸ
2685 4049 2746 4100 57
2780 4047 3055 4124 καλοῦσιν,
3115 4051 3188 4114 ὡς
3245 4047 3408 4105 καλὸν
3454 4051 3539 4104 καὶ
3590 4050 3798 4126 ἀγαθόν·

2162 4145 2333 4225 ἕρωτα
2389 4143 2443 4200 δὲ
2505 4141 2649 4205 αὖθις
2693 4137 2792 4197 ¹καὶ
2846 4139 3086 4217 ἀγάπην,
3138 4141 3210 4201 ὡς
3263 4139 3553 4206 κινητικὴν
3585 4137 3690 4214 ἅμα
3722 4137 3800 4193 καὶ

2160 4237 2232 4300 ὼς
2265 4233 2540 4312 ἂναγωγέιν
2571 4229 2794 4305 δύναμιν
2845 4228 2941 4284 ὅτι
2983 4227 3064 4308 ἔφ’
3097 4227 3302 4302 ἑαυτὸν,
3349 4231 3410 4284 τὸ
3467 4229 3630 4303 μόνον
3687 4227 3800 4285 αὖτὸ

2167 4323 2227 4348 ιι)
2402 4325 2416 4344 κ
2732 4341 2740 4350 ,
2801 4321 2814 4340 ς
3013 4321 3052 4352 ε.
3222 4319 3236 4338 ς
3329 4317 3354 4337 ν
3565 4319 3586 4336 ι.
3777 4341 3786 4352 1

2163 4343 2208 4382 οι
2273 4323 2428 4380 ἑαυτο
2491 4320 2650 4378 καλὸν
2732 4341 2818 4374 και
2873 4318 3091 4396 ἀγαθο),
3151 4341 3238 4374 και
3313 4339 3490 4396 ωσπερ
3565 4339 3798 4395 εκνρανσιδ

2165 4411 2290 4470 ὅντα
2323 4411 2507 4468 ἑαυτοῦ
2537 4408 2603 4464 δι’
2647 4407 2855 4488 ἑαυτοῦ,
2917 4409 3000 4464 καὶ
3051 4409 3146 4474 τῆς
3197 4405 3531 4484 ἐξῃρημένης
3575 4407 3798 4466 ἑνώεεως

2167 4503 2368 4582 ἀγαθὴν
2401 4498 2644 4578 πρόοδον,
2685 4501 2770 4554 καὶ
2827 4497 3085 4574 ἐρωτικὴν
3132 4497 3366 4576 κίνησιν,
3411 4496 3611 4576 ἁπλῆν,
3651 4498 3796 4551 αὖτο-

2165 4594 2400 4663 κὶνητον,
2436 4589 2838 4666 αιῦτενὲργητον,
2899 4593 3163 4662 προοῦσαν
3201 4589 3284 4664 ρέν
3341 4585 3576 4665 τέγαθῴ,
3631 4586 3711 4640 καὶ
3751 4583 3798 4636 ἐν

2163 4681 2395 4758 τάγαθοῦ
2448 4690 2564 4739 τοῖς
2621 4679 2764 4734 οὖσιν
2795 4673 3208 4754 ἐκϐλυζομὲνην,
3241 4675 3328 4730 καὶ
3360 4677 3502 4738 αὖθις
3535 4677 3608 4739 εἰς
3639 4675 3792 4751 τάγα-

442 4760 730 4860 seipsum,
765 4769 824 4823 et
853 4763 1254 4844 utbenignum
1289 4785 1632 4848 processum
1667 4765 2079 4829 eximiaeillius

2168 4771 2251 4826 θὸν
2305 4767 2780 4848 ἐπιστρεφομένην,
2827 4764 2922 4822 Ἐν
2951 4765 2995 4838 ᾧ
3027 4765 3110 4821 καὶ
3161 4767 3221 4820 τὸ
3276 4762 3625 4832 ἀτελεύτητον
3681 4761 3794 4864 ξαν·

443 4849 704 4931 unionis,
736 4861 792 4913 et
814 4853 1160 4916 amatoriam
1189 4858 1532 4932 motionem,
1589 4856 1946 4936 simplicem,
1978 4875 2080 4936 per

2168 4865 2258 4917 τοῦ
2313 4860 2398 4914 καί
2447 4855 2681 4938 ἄναρχον
2714 4860 2740 4912 6
2769 4861 2913 4919 θεῖος
2971 4853 3102 4932 ἔρως
3147 4851 3465 4910 ἐνδείκνυται
3527 4851 3788 4934 διαφερόν-

445 4955 510 5027 se
534 4939 836 5016 mobilem,
873 4961 980 5022 per
1009 4962 1074 5006 se
1104 4955 1476 5026 operantem,
1514 4947 1984 5027 praeexistentem
2022 4946 2083 5006 in

2167 4969 2292 5022 τως,
2327 4948 2506 5024 ὥςπερ
2533 4969 2611 5010 τις
2645 4943 2818 5010 ἀίδιος
2851 4943 3071 5022 κύκλος,
3125 4941 3208 4999 διὰ
3250 4943 3499 5022 τάγαθὸν,
3552 4944 3609 4999 ἐκ
3637 4941 3792 5018 τάγα-

443 5025 632 5102 bono,
662 5037 722 5090 et
750 5048 817 5092 ex
849 5031 1002 5094 bono
1034 5033 1093 5094 in
1121 5053 1188 5096 ea
1222 5053 1352 5115 quae
1372 5025 1993 5111 sunt-redundantem,
2018 5053 2080 5097 ac

2168 5041 2278 5112 θοῦ,
2311 5039 2398 5096 κάὶ
2431 5037 2483 5094 ἰν
2515 5037 2748 5115 τάγαθῷ,
2783 5037 2870 5092 καὶ
2928 5035 3000 5096 εἷς
3053 5033 3306 5110 τάγαθὸν,
3341 5033 3394 5089 ἐν
3429 5032 3653 5090 ἁπλανεϊ
3680 5051 3791 5085 συν-

444 5133 652 5182 rursus
671 5119 744 5182 ad
763 5119 984 5184 bonum
1007 5133 1429 5189 revertentem.
1451 5123 1601 5198 Quia
1629 5125 1686 5186 in
1713 5142 1778 5188 re
1807 5134 1864 5186 et
1881 5125 1999 5188 ﬁne
2029 5133 2080 5188 et

2170 5127 2325 5194 ελίξεί
2371 5125 2877 5207 περιποσευόμενος,
2925 5123 3012 5180 καὶ
3055 5121 3111 5179 ἐν
3165 5124 3363 5200 ταύτῷ,
3410 5125 3502 5180 καί
3550 5122 3675 5179 κατᾶ
3726 5119 3778 5173 τὸ

530 5338 556 5368 ιι
587 5309 776 5378 Galat.
810 5329 875 5394 ιι,
907 5313 1009 5380 20.

1747 5407 2009 5474 VARIAE
2063 5407 2393 5477 LECTlON
2399 5407 2511 5474 ES.

525 5577 582 5660 53
605 5579 838 5655 ἀληθῶς,
873 5580 953 5642 Μ.
1016 5575 1112 5642 Sc.
1201 5577 1252 5622 53
1281 5581 1444 5660 ζωὴν,
1477 5579 1614 5660 ἀλλὰ
1645 5581 1738 5648 τὴν
1791 5589 1884 5640 τοῦ
1925 5583 2144 5659 ἐραστοῦ
2189 5591 2282 5660 ζῇν

445 5663 526 5734 τῷ
555 5632 1165 5724 “magis:
1193 5632 1390 5744 nas;
1407 5632 1614 5726 'iif'ii'."
1631 5632 1732 5724 se;
1803 5632 1882 5714 re

2189 5632 2354 5745 ἐἰζίέ

2339 5583 2406 5644 Ρ.
2493 5577 2548 5622 ⁵⁵
2575 5587 2678 5638 τῶν
2721 5577 2898 5640 καλῶν
2937 5579 3028 5640 καὶ
3083 5579 3316 5660 ἀγαθῶν.
3370 5584 3446 5655 τῷ
3495 5577 3716 5648 πάντων,
3745 5565 3792 5632 Μ

2441 5660 2504 5712 57
2535 5663 2711 5738 αὐτόν,
2745 5662 2816 5724 Ι).
