4086 6206
256 307 371 374 7'21

1273 315 1371 378 DE
1416 314 1714 378 DIVINIS
1755 315 2204 400 NOMINIBUS,
2251 321 2418 385 CAP.
2470 316 2573 386 IV.

3515 331 3631 402 7‘22

256 469 358 520 το)
386 461 467 520 ἀεὶ
506 459 677 534 ὄντος,
712 462 807 521 οὒκ
857 461 990 521 ἔστιν
1040 460 1157 521 καθ’
1228 463 1350 520 ὅσον
1384 458 1439 519 δὲ
1470 472 1566 521 τοῦ
1597 465 1738 520 εἶναι
1771 483 1891 538 μετ·

2000 457 2048 514 si
2079 461 2199 516 tota
2229 454 2381 549 desit
2411 457 2774 536 constitutio,
2795 478 2989 542 neque
3018 462 3406 549 morbusipse
3425 465 3629 533 subsi-

251 552 482 632 εῗληφε,
517 554 652 610 κατὰ
686 559 965 612 τοσοῠντον
1017 553 1150 626 ἔστι,
1189 553 1282 610 καῖ
1337 554 1397 608 τὸ
1446 552 1584 616 ὅλως
1636 552 1779 608 εἶναι
1823 554 1910 610 καὶ

247 643 317 699 τὸ
348 642 425 716 μὴ
455 643 516 698 ’ὃν
549 643 704 700 αὒτοῦ
760 641 1151 722 διακρατεϊται,
1189 643 1270 699 καὶ
1305 640 1639 714 διασώζεται.
1696 642 1794 700 Καὶ
1850 644 1909 698 τὸ

247 734 444 805 κακὸν,
481 734 540 787 τὸ
571 732 670 807 μὲν
713 733 888 799 πάντη
937 740 1027 790 τοῦ
1080 738 1277 811 αγαθοῦ
1328 731 1742 806 ὰποπεπτωκὸς,
1790 731 1906 788 οὔτε

250 820 310 877 ἰν
365 835 485 885 τοῖς
545 821 772 901 μᾶλλον⁷
809 820 924 879 οὔτε
957 823 1012 878 ὲν
1041 836 1157 886 τοῖς
1205 821 1385 901 ἧττον,
1414 822 1610 898 ἀγαθὸν
1638 819 1704 870 98
1732 819 1904 884 ἔσται.

249 912 328 970 Τὸ
359 912 434 978 τεῆ
481 911 578 984 μὲν
637 911 854 990 ἀγαθὸν,
910 911 981 978 πῆ
1043 911 1096 968 δὲ
1151 913 1244 969 οὒκ
1290 912 1505 990 ἀγαθὸν,
1542 911 1778 990 μάχεται
1809 909 1906 986 μὲν

247 1001 433 1077 ἀγαθψ
462 1023 587 1074 τινι,
651 1001 756 1081 οὔχ
800 1000 910 1074 ὅλῳ
966 1000 1020 1058 δὲ
1074 1003 1314 1079 τάγαθῷ·
1373 1013 1646 1079 κρατεῖται
1707 997 1761 1057 δέ
1817 995 1904 1058 καὶ

248 1093 378 1146 αὐτὸ
436 1096 503 1166 τῇ
552 1097 644 1147 τοῦ
700 1091 896 1168 ἀγαθοῦ
942 1091 1217 1166 ⁸διετουσίᾳ,
1278 1092 1366 1147 καὶ
1437 1091 1610 1146 obsto!
1666 1091 1752 1146 ui
1808 1090 1904 1157 τὴν

249 1181 442 1238 ὲαύτοῦ
492 1181 738 1253 στέρησιν
797 1182 858 1235 τὸ
918 1179 1138 1260 ἀγαθὸν,
1171 1187 1238 1257 τῇ
1268 1179 1406 1241 ὅλως
1467 1183 1621 1238 αὕτῠῦ
1670 1177 1898 1251 μεθέξει-⁵

246 1270 429 1337 πάντη
473 1271 571 1346 γὰρ
634 1267 957 1334 ἂπελθόντος
1007 1280 1099 1329 τοῦ
1147 1271 1365 1348 ἀγαθοῦ,
1409 1268 1525 1325 οὔτε
1580 1266 1804 1324 καθόλου
1852 1289 1904 1331 τι

250 1357 401 1415 ἔσται
459 1359 678 1437 ἀγαθὸν,
739 1358 855 1415 οὕτε
898 1361 1113 1434 μικτὸν,
1157 1358 1272 1416 οὔτε
1328 1359 1647 1416 αὒτόκακον.
1712 1358 1766 1414 Εἰ
1807 1356 1906 1436 γὰρ

1995 553 2131 617 stet;
2159 545 2400 638 morbus
2416 555 2624 638 autem
2651 559 2853 613 manet
2882 561 2938 613 et
2965 554 3215 630 exsistit,
3251 545 3317 618 in
3342 567 3628 638 quantum

1995 641 2052 696 et
2079 643 2293 696 statum
2338 635 2536 712 habet,
2574 646 2634 700 et
2673 640 2980 703 minimam
3027 635 3532 724 constitutionem,
3564 649 3628 712 in

1990 741 2104 802 qua
2135 724 2571 804 quodammodo
2603 729 3060 804 cobaaret.Quod
3093 734 3252 796 enim
3275 738 3467 800 omnis
3486 737 3628 802 boui

1992 830 2204 892 expers
2237 814 2428 908 e-st,-id
2461 835 2654 908 neque
2687 819 2910 899 aliquid
2936 830 3048 893 est,
3077 842 3271 904 neque
3302 826 3360 888 in
3391 827 3466 888 iis
3494 847 3628 908 qua;

1989 911 2124 997 sunt
2155 904 2412 997 exsistit;
2455 907 2612 997 quod
2644 917 2840 970 autem
2888 911 3124 974 mistum
3148 922 3262 988 est,
3300 914 3356 978 id
3386 904 3626 997 propter

1989 993 2221 1084 bonum
2247 995 2405 1055 estin
2425 995 2629 1076 rebus,
2665 998 3036 1061 etintantum
3069 1002 3130 1064 in
3165 1003 3351 1083 rebus
3371 993 3619 1084 exsistit,

1988 1091 2044 1144 et
2073 1094 2183 1153 est,
2209 1083 2267 1144 in
2293 1093 2574 1165 quantum
2608 1086 2748 1148 boui
2779 1098 2866 1150 est
2897 1091 3215 1173 particeps.
3251 1093 3529 1167 Quinimo
3552 1083 3622 1162 ea

1989 1190 2120 1263 quae
2135 1179 2274 1238 sunt
2301 1175 2524 1250 omnia,
2549 1180 2608 1236 in
2642 1183 2866 1240 tantum
2901 1181 3086 1260 magis
3126 1183 3392 1247 minusve
3419 1199 3620 1263 erunt,

1989 1262 2050 1322 in
2094 1271 2373 1342 quantum
2405 1264 2478 1325 ad
2519 1265 2656 1326 boni
2702 1269 3070 1332 consortium
3119 1274 3433 1344 accedunt;
3484 1262 3620 1338 nam

1989 1352 2146 1430 quod
2180 1353 2250 1414 ad
2277 1353 2467 1444 ipsum
2509 1360 2728 1417 statum
2774 1361 3004 1438 attinet,
3036 1361 3086 1422 si
3131 1363 3472 1444 neutiquam
3515 1385 3622 1428 us-

1989 1459 2238 1521 quamve
2262 1443 2357 1515 sit,
2391 1462 2500 1505 nec
2524 1445 2641 1504 erit
2675 1446 2938 1525 quidem.
2972 1447 3140 1522 Quod
3170 1443 3366 1513 autem
3407 1455 3620 1528 partim

1989 1529 2234 1624 quidem
2268 1541 2375 1604 est,
2414 1534 2619 1612 partim
2650 1544 2846 1624 autem
2875 1557 2992 1598 non
3027 1548 3136 1620 est,
3165 1540 3224 1603 id
3243 1551 3531 1624 quatenus
3549 1544 3621 1608 ab

1989 1639 2060 1681 eo
2078 1621 2233 1702 quod
2254 1640 2495 1704 semper
2512 1633 2607 1714 est
2629 1623 2889 1700 deﬂexit,
2937 1647 3051 1690 non
3085 1639 3198 1700 est;
3241 1621 3302 1692 in
3335 1641 3619 1714 quantum

248 1719 407 1786 ἡνίκα
441 1731 555 1776 τοῖς
617 1719 715 1792 μὲν
765 1717 874 1774 ἐστι
926 1720 1090 1773 καλὸν
1146 1717 1232 1780 οἷς
1289 1717 1631 1794 ἠναντίωται,
1687 1723 1793 1790 τῷν
1850 1713 1891 1770 δὲ

1988 1730 2124 1802 vero
2147 1719 2334 1772 status
2357 1720 2446 1772 est
2469 1713 2783 1794 particeps,
2811 1727 3058 1780 eatenus
3103 1713 3394 1802 est,atque
3431 1732 3619 1786 status

246 1810 319 1872 ὡς
395 1800 604 1885 ἀγαθῶν
649 1807 925 1884 ἐξῄρηται,
986 1807 1262 1886 Μᾶχεσθαι
1337 1807 1434 1883 γὰρ
1505 1804 1762 1874 ἀλλήλοις
1834 1806 1891 1860 τὰ

1986 1801 2116 1882 ejus
2146 1808 2449 1881 statusque
2491 1803 2739 1882 privatio
2789 1814 2848 1866 et
2887 1806 3188 1871 obtinetur
3211 1820 3268 1872 et
3299 1800 3619 1875 conserva-

246 1899 380 1955 αὒτὰ
431 1897 568 1954 κατὰ
622 1898 687 1956 τὰ
746 1898 873 1952 αὔτα
926 1897 979 1952 ἐν
1024 1903 1182 1953 πᾶσιν
1242 1893 1516 1953 ἀδύνατον.
1567 1893 1674 1952 Οὔκ
1715 1892 1811 1973 ἄρα
1843 1895 1891 1950 ὃν

1985 1899 2101 1954 tur.
2116 1890 2326 1951 italum
2343 1890 2516 1952 etiam
2539 1893 2694 1973 quod
2714 1895 2956 1958 omniex
2979 1900 3354 1978 parteabono
3373 1900 3615 1980 defecit,

247 1991 308 2051 τὸ
364 1987 552 2042 κακόν.
1983 1998 2184 2057 neque
2207 1980 2363 2041 inter
2375 1999 2590 2062 eaquae
2607 1983 2791 2062 magis
2805 2004 3001 2067 neque
3021 1987 3179 2051 inter
3193 2009 3409 2070 eaqua;
3425 1991 3619 2054 minus

247 2074 407 2137 bona
430 2073 600 2153 sunt,
621 2073 758 2136 erit.
787 2073 953 2147 Quod
979 2082 1176 2136 autem
1205 2073 1415 2154 partim
1436 2071 1676 2154 quidem
1707 2071 1949 2143 bonum,
1981 2071 2194 2161 partim
2221 2087 2359 2161 vero
2388 2089 2503 2131 non
2529 2071 2750 2134 bonum
2774 2083 2882 2148 est,
2911 2075 2970 2137 id
3011 2077 3183 2140 alicui
3206 2079 3445 2161 quidem
3467 2080 3623 2144 bono

241 2163 609 2237 adversatur,
647 2183 763 2225 non
798 2173 992 2226 tamen
1030 2165 1136 2225 toti
1170 2164 1350 2242 bono,
1381 2161 1648 2243 adquue
1682 2169 1921 2224 tenetur
1949 2159 2150 2241 aliqua
2181 2157 2322 2220 boni
2353 2162 2816 2241 communione;
2850 2174 3029 2245 atque
3058 2168 3171 2230 hoc
3203 2157 3378 2230 modo
3403 2170 3626 2233 bonum

244 2255 341 2314 sui
402 2251 578 2314 etiam
621 2252 930 2333 privationi
967 2261 1186 2316 statum
1243 2251 1490 2312 omnino
1538 2252 1636 2313 dat
1686 2268 1796 2330 per
1824 2250 1918 2312 sui
1976 2249 2624 2331 communicationem;
2677 2271 2813 2313 nam
2866 2253 3020 2316 bono
3055 2257 3290 2334 penitus
3338 2257 3626 2320 extermi-

245 2351 407 2421 nato,
444 2361 640 2422 neque
678 2342 924 2403 omnino
959 2343 1284 2423 quidquam
1318 2339 1539 2402 bonum
1571 2341 1707 2421 erit,
1743 2358 1938 2421 neque
1987 2339 2254 2412 mistum,
2287 2357 2485 2415 neque
2517 2339 2709 2418 ipsum
2747 2343 2988 2406 malum.
3023 2343 3086 2406 Si
3116 2347 3273 2406 enim
3308 2347 3524 2407 malum
3552 2347 3631 2408 sit

243 2431 546 2514 quoddam
581 2433 803 2492 bonum
858 2431 1300 2510 imperfectum,
1338 2440 1578 2511 propter
1623 2429 2026 2490 omnimodam
2077 2429 2212 2489 367
2272 2427 2414 2489 boni
2468 2428 2797 2492 absentiam
2833 2442 2949 2493 tam
3007 2433 3418 2514 imperfectum
3451 2453 3627 2516 quam

248 2521 578 2603 perfectum
626 2519 844 2581 bonum
877 2520 1071 2584 aberit
1105 2543 1122 2603 ;
1154 2531 1397 2600 tumque
1426 2521 1616 2582 solum
1652 2525 1764 2580 erit
1817 2527 1874 2580 et
1903 2517 2211 2600 apparebit
2267 2518 2513 2600 malum,
2545 2519 2779 2600 quando
2821 2521 2951 2582 aliis
2981 2523 3220 2603 quidem
3255 2523 3475 2586 malum
3508 2532 3623 2598 est,

246 2611 467 2688 quibus
513 2620 605 2671 est
634 2616 1024 2687 contrarium,
1060 2611 1134 2673 ab
1186 2609 1321 2672 aliis
1349 2619 1548 2672 autem
1604 2617 1882 2689 tanquam
1914 2607 2087 2670 bonis
2143 2616 2512 2689 segregatum
2547 2617 2657 2671 est.
2696 2608 3014 2687 Nequeunt
3061 2611 3223 2675 enim
3257 2612 3469 2676 eadem
3521 2631 3624 2676 se-

247 2702 512 2764 cundum
559 2701 771 2762 eadem
803 2701 962 2762 inter
1005 2719 1071 2764 se
1100 2701 1163 2765 in
1210 2698 1487 2763 omnibus
1517 2716 1876 2780 repugnare.
1913 2698 2126 2762 Malum
2159 2699 2356 2780 itaque
2390 2717 2508 2761 non
2541 2706 2630 2762 est
2658 2718 2756 2762 res
2776 2701 2994 2782 aliqua.

1813 2859 1843 2941 δ
1882 2859 2041 2925 xxr.

202 1457 226 1495 Ι
253 1451 317 1504 τὸ
347 1450 512 1504 κακὸν
572 1447 752 1512 ἀτελές
814 1447 956 1505 ἐστιν
1015 1448 1232 1527 ἀγαθὸν,
1267 1448 1492 1520 ἀπουσίᾳ
1543 1447 1787 1502 παντελεῖ
1816 1453 1907 1502 τοῦ

252 1537 454 1615 ἄγαθοῦ
503 1539 588 1594 καὶ
647 1541 708 1594 τὸ
765 1537 974 1612 ἀτελὲς,
1034 1539 1124 1595 καὶ
1182 1541 1244 1594 τὸ
1302 1537 1521 1593 τέλειων
1555 1537 1746 1615 ἀγαθὸν
1779 1535 1902 1593 ἁπέ-

253 1644 398 1686 σται⁸
430 1630 516 1684 καὶ
547 1629 666 1685 τότε
727 1629 891 1704 μόνον
949 1627 1096 1684 ἔσται
1158 1630 1244 1685 καὶ
1297 1626 1579 1707 ὀφθήσεται
1627 1627 1685 1682 τὸ
1713 1627 1899 1698 κακὸν,

325 3023 494 3082 Ἀλλᾶ
553 3023 670 3082 οὖδὲ
723 3024 778 3082 ἂν
834 3037 953 3089 τοῖς
1013 3026 1154 3081 οὖσὶν
1209 3025 1318 3081 ἐσνι
1375 3026 1436 3080 τὸ
1479 3024 1664 3081 κακὸν.
1703 3023 1760 3080 Ei
1800 3022 1891 3101 γὰρ

2063 3019 2215 3094 Quin
2248 3039 2324 3084 ne
2341 3019 2527 3084 rebus
2550 3022 2794 3100 quidem
2829 3024 2985 3086 inest
3014 3024 3416 3088 malum.Nam
3447 3027 3497 3088 si
3528 3045 3626 3090 res

242 3115 418 3171 πάντα
449 3116 514 3172 τὰ
545 3113 671 3173 ὄντα
713 3117 776 3172 kat
828 3116 1079 3194 τάγαθοῦ,
1143 3116 1229 3171 καὶ
1288 3113 1342 3170 ἐν
1401 3120 1529 3172 πᾶσι
1587 3125 1707 3178 τοῖς
1760 3114 1891 3190 οὗοί1

1986 3127 2224 3172 omnem
2258 3110 2376 3171 sint
2407 3129 2476 3172 ex
2495 3110 3114 3186 bnno,omnibusinsit
3144 3113 3630 3190 bonum,omnia~

239 3206 330 3260 καὶ
382 3226 554 3260 παντα
611 3204 853 3284 περιέχει
909 3203 1166 3282 τάγαθὸν,
1229 3202 1266 3270 ἢ
1298 3204 1391 3260 οὒκ
1450 3202 1596 3258 ἔσται
1639 3203 1701 3258 τὸ
1733 3202 1891 3259 κακὸν

1983 3219 2099 3281 que
2129 3201 2684 3274 contineat,malum
2712 3202 2913 3282 utique
2942 3202 3032 3264 vel
3058 3221 3172 3264 non
3207 3203 3320 3265 erit
3339 3203 3398 3265 in
3421 3202 3624 3285 rebus,

245 3293 302 3349 ἑν
345 3306 462 3356 τοῖς
497 3293 666 3372 όῦσιν,
700 3294 735 3360 ἦ
767 3294 822 3349 ὲν
849 3293 1064 3368 τάγαθῷ
1095 3292 1270 3348 ’ἔσται’
1320 3294 1410 3348 καὶ
1460 3292 1565 3367 μὴν
1597 3290 1650 3347 ἐν
1681 3294 1891 3378 τάγαθῷ

1983 3293 2073 3354 vel
2109 3292 2171 3353 in
2203 3291 2360 3354 bono
2388 3292 2524 3373 erit;
2557 3293 2718 3373 atqui
2762 3294 2824 3356 in
2873 3294 3028 3356 bono
3079 3313 3196 3356 non
3245 3295 3362 3356 erit
3407 3306 3632 3378 (neque

243 3383 340 3438 οὒκ
400 3380 542 3437 ἔσται
603 3384 704 3460 γὰρ
774 3379 892 3441 οὐδὲ
966 3381 1020 3436 ἐν
1101 3382 1221 3458 πυρὶ
1300 3383 1361 3438 τὸ
1430 3380 1686 3459 ψυχρόν)
1771 3377 1890 3434 οὒδὲ

1979 3381 2138 3443 enim
2173 3383 2231 3442 in
2265 3381 2398 3460 igne
2431 3381 2614 3462 frigus
2644 3384 2784 3463 est),
2819 3402 2930 3445 nec
2960 3383 3268 3463 depravari
3313 3377 3620 3464 poteritiid

240 3473 304 3528 τὸ
360 3473 671 3528 κακύνεσθαι
729 3473 807 3546 τῷ
849 3472 938 3528 καὶ
1001 3472 1061 3526 τὸ
1126 3471 1291 3527 κακὸν
1347 3469 1658 3548 ἀγαθύνοντι
1721 3469 1777 3525 Εἰ
1834 3465 1890 3523 δὲ

241 3562 411 3634 ἔσται,
448 3567 560 3626 πῶς
620 3561 765 3618 ἔσται
827 3563 882 3617 ἐν
940 3561 1153 3638 τάγαθῷ
1216 3563 1275 3616 τὸ
1319 3559 1509 3634 κακόν;
1569 3560 1626 3616 Εἰ
1684 3559 1781 3633 μὲν
1839 3556 1889 3624 ἐξ

237 3654 424 3726 αὺτοῦ,
477 3649 677 3708 ἄτοπον
743 3651 830 3708 καὶ
883 3648 1156 3707 ἆδυνατον·
1221 3649 1293 3706 Οὔ
1351 3647 1563 3706 δύναται
1632 3645 1697 3697 99
1763 3649 1885 3725 γὰρ,

235 3743 312 3804 ὡς
368 3745 402 3810 ἡ
453 3746 558 3797 τῶν
611 3741 818 3818 Λογίων
891 3739 1113 3806 ἀλάθειά
1191 3759 1346 3818 φησι,
1431 3735 1638 3816 δένδρον
1693 3737 1886 3816 ἀγαθὸν

232 3830 466 3905 καρποὺς
543 3831 808 3906 πονηροὺς
863 3841 1060 3884 ποιεῖν·
1125 3826 1240 3884 οὐδὲ
1315 3826 1421 3902 μὴν
1482 3828 1543 3882 τὸ
1599 3823 1882 3883 ἀνάπαλιν.

236 3921 297 3976 ΕΞ
367 3917 422 3974 δὲ
480 3920 574 3975 οὐκ
631 3917 680 3983 ἐξ
736 3918 918 3992 αὐτοῦ,
973 3916 1025 3983 ἐξ
1081 3917 1251 3983 ἄλλης
1306 3913 1553 3982 δηλονότι
1585 3912 1762 3993 ἀρχῆς
1795 3912 1884 3970 καὶ

235 4009 428 4070 αἱτίας³
482 4009 569 4064 καὶ
617 4009 718 4086 γὰρ
751 4008 786 4076 ἢ
816 4009 878 4064 τὸ
909 4005 1073 4062 καλὸν
1131 4005 1192 4063 ἐκ
1250 4013 1341 4062 τοῦ
1399 4005 1594 4082 ἀγαθοῦ
1643 4004 1792 4060 ἔσται
1850 4003 1886 4071 ἢ

233 4101 300 4155 τὸ
329 4098 524 4173 ἀγαθὸν
565 4097 625 4153 ἐκ
655 4105 745 4154 τοῦ
801 4097 988 4153 suam?
1051 4097 1085 4164 ἢ
1132 4099 1175 4152 εἰ
1211 4097 1287 4170 μὴ
1331 4103 1486 4151 τοῦτο
1540 4092 1782 4172 δὺνατόν,
1838 4092 1888 4158 ἐξ

235 4186 408 4252 ἄλλης
442 4190 619 4266 ἀρχῆς
665 4188 750 4242 καὶ
781 4186 948 4249 αἰτίας
1003 4184 1147 4242 ἔσται
1204 4187 1287 4242 καὶ
1338 4186 1399 4240 τὸ
1455 4183 1650 4261 ἀγαθὸν
1699 4185 1787 4238 καὶ
1830 4185 1892 4240 τὸ

235 4278 425 4334 κακόν.
479 4283 625 4332 Πᾶσα
678 4277 778 4353 γὰρ
835 4275 955 4340 δυὰς
1025 4277 1118 4332 οὐκ
1177 4274 1350 4354 ἀρχὴ,
1415 4274 1579 4348 μονὰς
1636 4270 1690 4329 δὲ
1745 4271 1888 4328 ἔσται

230 4367 412 4434 πάγης
471 4364 652 4427 δυάδος
712 4367 861 4446 ἀρχή
926 4368 1108 4425 Καίτοι
1140 4366 1362 4438 ἄτοπον,
1426 4364 1478 4430 ἐξ
1511 4363 1630 4428 ἐνὸς
1661 4366 1748 4419 καὶ
1796 4369 1890 4419 τοῦ

231 4458 396 4516 αὑτοῦ
451 4455 538 4514 δύο
597 4457 872 4520 παντελῶς
906 4456 1114 4513 ἐναντία
1165 4455 1412 4534 προϊέναι
1463 4454 1551 4510 καὶ
1609 4435 1952 4526 ἀναμαιὶο

237 4547 409 4614 α’ντὴν
438 4546 538 4614 τὴν
591 4547 767 4625 ἀρχὴν
825 4546 922 4625 οὔχ
986 4545 1164 4613 ἀπλῆν
1219 4546 1305 4600 καί
1361 4544 1583 4617 ἑνιαίαν,
1615 4541 1751 4600 ἀλλὰ
1779 4563 1883 4617 με·-

227 4635 416 4714 ριατὴν
473 4637 559 4692 ναὶ
612 4632 841 4707 δνοειδῆ,
906 4635 995 4690 ni.
1051 4633 1288 4690 ἑναντίαν
1365 4633 1550 4707 ἑαυτῇ,
1619 4633 1705 4687 καὶ
1776 4630 1881 4699 ἡλ-

229 4724 556 4798 λοιωμένην.
609 4727 706 4782 Καὶ
766 4725 873 4798 μὴν
929 4725 1045 4780 οὔτε
1101 4721 1190 4779 δύο
1250 4727 1356 4778 τῶν
1421 4719 1587 4776 ὅντων
1647 4721 1882 4782 ἱναντίας

230 4813 408 4892 ἀρχὰς
437 4812 652 4870 δυνατὸν
683 4813 849 4887 εἶναι,
884 4815 972 4869 καὶ
1001 4813 1192 4874 ταύτας
1253 4812 1308 4867 ἐν
1363 4808 1648 4883 ἆλληλαις,
1681 4811 1769 4865 καὶ
1826 4809 1882 4865 ἐν

231 4907 313 4974 τῷ
353 4903 532 4981 παντὶ,
592 4905 680 4958 καὶ
738 4902 1058 4980 μαχομένας
1093 4919 1109 4937 θ
1186 4901 1230 4956 εἰ
1288 4901 1387 4978 γὰρ
1471 4906 1624 4954 τοῦτο
1681 4896 1880 4978 δοθείη,

232 4990 383 5048 ἔσται
431 4991 518 5048 καὶ
564 4991 593 5048 ὁ
637 4992 765 5053 Θεὸς
814 4991 910 5049 οὒκ.
939 4991 1170 5065 ἀπήμων
1204 4985 1321 5046 οὐδὲ
1349 4989 1502 5052 ἐκτὸς
1545 4985 1878 5067 δυσχερείας,

232 5079 392 5157 ὅπερ
449 5079 542 5147 {in
593 5101 640 5136 τι
700 5081 788 5137 καὶ
845 5079 988 5155 αὖτῷ
1045 5082 1106 5136 τὸ
1155 5078 1435 5159 ἐνοχλοῦνο
1493 5076 1675 5134 ἔπειτα
1734 5074 1879 5133 ἔσται

231 5171 406 5226 πάντα
466 5166 668 5226 ἄτακτα
725 5171 812 5226 καὶ
859 5169 937 5226 ἀεὶ
996 5169 1308 5248 μάχομενα·
1343 5167 1513 5223 καίτοι
1541 5164 1717 5246 φιλίας
1750 5171 1876 5221 πᾶσι

229 5272 354 5322 τοῖς
386 5257 500 5314 οὖσι
551 5260 612 5314 τὸ
666 5256 862 5335 ἆγαθὸν
909 5256 1222 5335 μεταδίδωσι
1265 5257 1354 5312 καὶ
1409 5252 1747 5333 αὒτοειριίνη,
1788 5253 1878 5311 καὶ

311 5448 350 5492 v
391 5429 597 5493 Matth.
630 5446 734 5504 vn,
775 5430 870 5495 t8.

1975 3470 2134 3551 quod
2162 3472 2341 3533 etiam
2369 3471 2587 3534 malum
2623 3471 2842 3533 bonum
2895 3472 3116 3535 reddit.
3169 3474 3339 3547 Quod
3392 3475 3442 3536 si
3483 3476 3622 3551 erit,

1974 3559 2278 3641 quomodo
2302 3567 2414 3622 erit
2442 3560 2502 3622 in
2531 3559 2688 3622 bono
2734 3561 2982 3624 malum?
3030 3563 3089 3624 Si
3145 3563 3386 3643 quidem
3436 3583 3505 3626 ex
3551 3582 3623 3626 eo

1974 3655 2087 3719 est,
2124 3648 2452 3710 absurdum
2487 3648 2546 3712 id
2587 3657 2678 3711 est
2709 3668 2821 3712 nec
2851 3650 2981 3712 tieri
3026 3657 3257 3731 potest:
3293 3650 3430 3714 Non
3458 3653 3619 3714 enim

1974 3744 2168 3818 potest
2194 3742 2290 3811 (ut
2314 3737 2645 3818 Scriptum
2675 3739 2890 3800 veritas
2921 3739 3198 3817 testatur)
3250 3740 3434 3803 arbor
3467 3742 3624 3806 bona

1974 3835 2164 3891 malos
2192 3828 2436 3904 fructus
2461 3826 2732 3906 facerey;
2764 3847 2875 3890 nec
2931 3836 3157 3890 contra.
3193 3827 3257 3891 Si
3288 3847 3356 3890 ex
3397 3847 3467 3891 eo
3502 3850 3622 3893 non

1975 3925 2084 3987 est,
2111 3915 2488 3996 perspicuum
2506 3916 2686 3991 est,id
2716 3918 3046 3998 profectum
3076 3935 3208 3980 esse
3223 3916 3296 3980 ab
3319 3918 3436 3980 alio
3461 3920 3623 3999 prin-

1974 4004 2131 4084 cipio
2153 4015 2335 4084 atque
2367 4023 2568 4080 causa;
2597 4023 2731 4067 nam
2778 4015 2883 4067 aut
2927 4007 3143 4068 malum
3178 4026 3247 4068 ex
3289 4006 3447 4068 bono
3475 4009 3615 4083 erit,

1976 4092 2319 4156 autbonum
2359 4111 2429 4155 ex
2472 4094 2654 4170 malo;
2688 4095 2776 4156 vel
2808 4095 2856 4157 si
2887 4094 2945 4156 id
2980 4095 3110 4156 ﬁeri
3143 4115 3260 4156 non
3293 4103 3506 4175 potest,
3541 4114 3618 4159 ex

1977 4182 2092 4245 alio
2119 4182 2411 4262 principio
2453 4190 2512 4244 et
2551 4201 2727 4246 causa
2758 4185 3012 4246 exsistet
3039 4195 3156 4247 tam
3187 4183 3408 4246 bonum
3433 4204 3610 4266 quam

1978 4272 2221 4334 malum.
2253 4271 2425 4333 Nulla
2445 4273 2604 4334 enim
2628 4274 2889 4336 dualitas
2923 4273 3384 4354 principiat,sed
3416 4281 3612 4337 unitas

1974 4361 2086 4424 erit
2118 4359 2478 4442 principium
2502 4363 3049 4426 omnis-dualitatis.
3088 4362 3266 4444 Atqui
3285 4363 3608 4425 absurdum

1971 4467 2212 4532 quoque
2237 4463 2350 4529 eat,
2377 4469 2446 4512 ex
2469 4469 2588 4513 uno
2607 4459 2666 4514 et
2688 4452 2897 4513 eodem
2913 4452 3029 4514 duo
3055 4470 3296 4532 prorsus
3317 4453 3613 4514 contraria

1968 4540 2266 4620 proﬁcisci
2280 4539 2950 4621 etexsistere,idemque
2963 4541 3326 4621 principium
3342 4558 3453 4603 nec
3467 4542 3608 4603 sim-

1969 4628 2244 4709 plex,nec
2271 4647 2454 4692 unum
2475 4647 2631 4702 esse,
2657 4629 2762 4691 sed
2787 4631 3042 4690 divisum
3070 4648 3138 4690 ac
3163 4629 3401 4709 duplex,
3418 4640 3477 4692 et
3493 4631 3605 4692 sibi

1965 4718 2081 4799 ipsi
2101 4717 2471 4780 contrarium
2486 4736 2556 4780 ac
2585 4720 3162 4799 repugnans.Neque
3188 4736 3325 4780 vero
3357 4718 3476 4780 duo
3505 4737 3608 4780 re-

1963 4825 2096 4869 rum
2129 4806 2420 4888 principia
2467 4805 2788 4881 contraria,
2820 4825 2953 4886 quae
2981 4806 3097 4869 sibi
3130 4817 3334 4870 mutuo
3383 4815 3440 4869 et
3463 4809 3604 4869 uui-

1964 4913 2135 4958 verso
2157 4896 2360 4976 insint,
2387 4913 2650 4975 pugnare
2675 4913 2910 4977 quoque
2943 4895 3191 4975 possint;
3223 4896 3272 4956 si
3303 4896 3462 4958 enim
3487 4897 3599 4959 hoc

1964 4985 2244 5066 detur,ne
2273 4983 2431 5046 Deus
2459 4985 2700 5066 quidem
2724 4985 2853 5065 ipse
2872 4985 3167 5047 incolunis
3199 4984 3315 5046 erit
3347 5004 3598 5049 vacuus-

1964 5093 2079 5155 que
2106 5073 2702 5155 molestia,siquidem
2726 5075 2804 5135 sit
2821 5072 3048 5155 aliquid
3076 5074 3232 5154 quod
3257 5092 3393 5135 eum
3414 5075 3598 5137 oli'en-

1963 5163 2083 5240 dat;
2108 5162 2328 5226 deinde
2342 5172 2555 5226 cuncta
2579 5170 2754 5226 erunt
2770 5163 3102 5225 inordinata
3122 5179 3244 5223 sem
3254 5181 3476 5242 perque
3492 5182 3598 5242 pu-

1959 5250 2222 5332 gnantia;
2264 5251 2422 5334 atqui
2458 5251 2682 5314 bonum
2713 5271 2846 5314 cum
2875 5251 3056 5314 rebus
3083 5249 3360 5314 omnibus
3379 5249 3592 5313 amici-

1561 5504 1816 5571 VARUE
1834 5504 2274 5576 LECTIONES.

314 5673 379 5726 $8
407 5674 650 5756 ἀγαθοῖς.
682 5675 752 5736 Τὸ
784 5671 858 5738 δὲ,
942 5669 1004 5721 98
1038 5669 1275 5753 δυνατόν³
1311 5667 1375 5732 Ρ.
