4030 6204
274 328 400 403 749
762 338 861 402 DE
904 327 1199 402 DlVlNIS
1239 327 1689 419 NOMINIBUS,
1733 332 1897 401 οΑΡ.
1947 338 2053 402 1v.
2088 371 2163 382 --
2209 330 2623 420 PARAPHR,
2669 338 3160 404 PACHYMER/E

3518 332 3640 407 750

272 475 409 531 εἰσιν
435 472 586 530 αὗται
617 474 705 528 καὶ
734 471 886 551 ζῶσι,
924 473 1011 529 καὶ
1040 470 1384 528 ἀνέκλειπτον
1414 471 1599 551 ἔχουσι
1630 474 1729 539 τὴν
1754 472 1915 547 ζωὴν,

2007 479 2220 535 cuntur
2228 479 2492 553 potentes
2514 471 2890 537 mrtuteLVel
2916 475 3092 534 etiam
3111 473 3225 536 alio
3240 471 3647 539 modo:Virtu-
3736 484 3743 487 ’

270 564 658 641 χαθαρεύουσαι
719 562 804 618 καὶ
861 565 1052 640 φθορᾶς
1095 564 1181 619 καὶ
1237 562 1482 635 Θανάτου,
1516 563 1603 619 καὶ
1646 560 1803 641 ὕλης,
1835 562 1915 618 καὶ

2006 568 2094 623 tes
2109 563 2376 643 quidem,
2410 563 2566 644 quod
2594 581 2728 626 cum
2754 560 3011 624 necdum
3052 571 3345 626 creaturae
3381 581 3644 646 appare-

272 652 565 731 γενέσεως,
614 652 790 729 Φθορὰ
836 650 890 707 δέ
933 651 1048 708 ἐστι
1108 659 1201 709 τοῦ
1257 648 1480 708 θανάτου
1528 651 1919 729 καθολικωτὲρα

270 742 312 810 ἢ
344 743 417 806 εἷς
460 744 522 798 τὸ
554 742 632 815 μὴ
654 744 711 798 ὃν
736 743 963 815 κίνησις,
998 739 1113 808 ἥτις
1144 742 1251 799 ἐστὶ
1280 744 1366 798 καὶ
1395 748 1499 797 τῶν
1530 741 1778 820 ἀψύχων,
1814 747 1915 795 Γε-

273 831 472 895 νὲσεως
505 829 560 886 δὲ
589 831 846 908 ἁνώτεραι
873 833 924 887 αἱ
967 829 1238 907 δυνάμεις,
1286 831 1388 911 οὔχ
1416 831 1494 887 ὅτι
1526 832 1619 887 οὒκ
1649 831 1915 909 ἐγενήθη-

272 942 375 977 σαν
408 919 635 1000 (καὶγὰρ
665 919 1216 1001 ἐδημιουργήθησαν),
1244 920 1364 977 ἀλλ’
1389 918 1469 977 ὅτι
1494 920 1546 986 ἐξ
1575 919 1705 986 ὕλης
1734 922 1791 978 οὑ
1820 942 1915 980 συ-

268 1010 554 1077 νέστησον·
591 1017 807 1067 τοιαῦτα
837 1011 936 1088 γὰρ
964 1012 1030 1067 τὰ
1059 1011 1113 1066 ἐν
1157 1010 1359 1089 γενέσει
1418 1011 1503 1066 καὶ
1544 1014 1728 1090 φθορᾷ,
1764 1011 1850 1075 οἷς
1881 1012 1916 1079 ἡ

266 1096 374 1164 ὕλη
419 1097 768 1171 ὑποκειμένη,
841 1100 884 1154 εἰ
928 1097 1025 1172 μὲν
1078 1096 1210 1162 εἶδος
1267 1096 1485 1176 δέξεται,
1547 1096 1913 1178 εἰδοποιεῒται,

270 1189 360 1244 γαὶ
384 1184 495 1244 ἰδοῦ
524 1185 580 1243 ὅν
611 1210 660 1244 τι
692 1188 922 1264 ἐγένετοο
958 1189 1000 1243 εἱ
1032 1185 1088 1243 δὲ
1124 1189 1402 1266 στερηθείη
1435 1185 1524 1243 τοῦ
1555 1185 1752 1262 εἴδους,
1787 1211 1914 1268 χωο-

271 1290 361 1355 ρεϊ
394 1279 523 1352 πρὸς
557 1279 617 1334 τὸ
642 1275 868 1333 ἀνείδεον
896 1278 985 1334 καὶ
1010 1272 1118 1333 ἰδοὺ
1161 1281 1325 1357 φθορα
1352 1299 1494 1338 τινος
1526 1275 1699 1353 ὄντος,
1724 1279 1810 1333 καὶ
1842 1278 1914 1340 εἷς

268 1369 337 1422 τὸ
370 1379 449 1440 μη
482 1366 539 1422 ὅν
597 1367 824 1434 κίνησις,
869 1368 929 1424 Αἱ
990 1366 1043 1422 δὲ
1090 1370 1231 1423 θεῖαι
1276 1366 1518 1441 δυνάμεις
1570 1369 1656 1423 καὶ
1719 1367 1917 1423 τούτων

270 1456 534 1534 ἆνώτεραι
585 1462 692 1513 τῶν
752 1460 955 1535 φθορῶν
1008 1477 1064 1512 τε
1122 1460 1219 1512 καὶ
1255 1458 1356 1512 τὼν
1401 1456 1680 1533 γενέσεων,
1716 1455 1797 1512 ὅτι
1831 1459 1918 1513 καὶ

273 1544 452 1625 ἆῦλοι,
487 1548 573 1602 καὶ
594 1546 691 1615 τῆς
722 1543 941 1624 ῥευστῆς
974 1544 1309 1610 ἂλλοιώσεως
1342 1546 1719 1621 ἀνῳκισμὲναι.
1755 1554 1918 1606 Τοῦτο

272 1631 329 1690 δὲ
360 1633 532 1713 λέγει,
570 1632 753 1702 ἐπειδὴ
784 1637 994 1713 τρεπτοὶ
1038 1636 1130 1691 καί
1182 1637 1228 1691 οἱ
1280 1634 1499 1713 ἄγγελοι
1553 1633 1917 1715 ἐδημιουργήέ

273 1727 469 1799 θησαν,
503 1724 641 1782 ἀλλὰ
671 1726 806 1781 κατὰ
836 1725 1081 1803 γνώμην,
1136 1728 1194 1782 οὔ
1246 1724 1365 1781 κατ’
1425 1726 1622 1782 οὐσίαν·
1656 1714 1916 1783 ὅθενκαί

2002 653 2375 732 rent,omnia
2394 652 2613 715 virtute
2634 652 2696 714 in
2722 654 2844 716 Deo
2874 661 3049 715 antea
3087 652 3484 729 substiterint,
3513 672 3647 736 quze

1986 740 2075 801 .ab
2094 749 2260 815 eo,ut
2274 740 2885 823 essent,producenda
2906 747 3108 807 erant:
3133 738 3645 823 Operationesve-

2000 847 2091 904 ro,
2118 828 2274 911 quod
2300 837 2576 892 creatura
2612 829 2792 892 etiam
2813 829 2885 891 ad
2910 829 3319 910 operationem
3357 830 3646 911 perducta

2003 918 2459 1000 fuerit.Propter
2477 920 2662 981 hosce
2691 918 2973 981 bonitatis
2994 917 3194 981 radios
3215 925 3277 981 et
3294 926 3432 981 sunt
3451 920 3569 1000 ipsi
3589 928 3649 983 et

2004 1008 2223 1090 vivunt,
2255 1017 2312 1076 et
2356 1009 2527 1071 vitam
2551 1007 3267 1090 habentindeticientem,
3305 1017 3645 1072 etacorru-

2004 1099 2299 1178 ptione,et
2320 1103 2603 1170 morte,et
2622 1097 2897 1177 materia,
2922 1105 2981 1158 et
2998 1103 3382 1169 generatione
3403 1106 3545 1162 sunt
3564 1099 3647 1161 li-

2000 1186 2471 1268 beri.Corruptio
2494 1197 2861 1268 autem,qute
2884 1185 3076 1267 magis
3100 1186 3218 1248 late
3245 1195 3407 1267 patet
3426 1195 3642 1263 morte,

2000 1277 2289 1339 estmotio
2315 1278 2391 1340 ad
2412 1276 2469 1338 id
2492 1274 2650 1358 quod
2684 1293 2804 1337 non
2846 1283 2959 1356 est,
2991 1293 3124 1356 quae
3152 1276 3330 1338 etiam
3359 1277 3646 1358 competit

2000 1365 2628 1427 inanimatis.Virtutes
2651 1372 2850 1427 autem
2876 1362 3264 1443 generatione
3286 1373 3424 1429 sunt
3447 1366 3642 1428 subli-

2004 1453 2375 1537 miores,non
2395 1452 2551 1536 quod
2583 1471 2701 1515 non
2738 1454 2906 1517 factae
2944 1453 3068 1515 sint
3091 1453 3410 1534 (siquidem
3429 1462 3645 1519 creatae

2002 1544 2191 1626 sunt),
2225 1544 2332 1606 sed
2353 1544 2511 1626 quod
2553 1562 2675 1604 non
2718 1551 2994 1606 constent
3020 1542 3289 1626 materia;
3309 1544 3647 1608 istiusmodi

2004 1634 2161 1696 enim
2188 1641 2349 1710 sunt,
2385 1651 2517 1715 qua)
2538 1631 2599 1695 in
2622 1631 3005 1711 generatione
3025 1651 3093 1694 ac
3107 1632 3487 1715 corruptione
3508 1652 3645 1697 ver-

2003 1722 2461 1803 santur,quibus
2487 1722 2730 1784 materia
2762 1720 3111 1802 subjecta,si
3128 1721 3369 1802 quidem
3391 1723 3644 1786 formam

273 1814 462 1869 οὒσίαν
509 1814 617 1871 ἐστὶ
663 1815 871 1876 τούτοις
901 1816 989 1871 καὶ
1047 1816 1106 1870 τὸ
1158 1813 1535 1877 ἁναλλὸίωτον,
1572 1817 1767 1882 Νοητοὶ
1796 1822 1915 1893 γοῦν

2004 1811 2750 1892 suscipiat,efformatur,et
2774 1828 2913 1873 ecce
2928 1809 3154 1890 aliquid
3175 1810 3333 1875 facta
3351 1813 3530 1890 est;si
3551 1831 3645 1876 ve-

302 1905 316 1922 \
547 1904 563 1919 ς
618 1903 643 1925 ,ρ
939 1906 953 1926 \
1109 1901 1124 1922 9
1169 1904 1181 1923 f
1268 1902 1295 1925 ιΙ
1718 1903 1730 1927 ν
1771 1906 1784 1928 (
1852 1905 1882 1915 ’⁸

274 1925 410 1960 εισιν
442 1906 517 1967 ὡς
539 1920 837 1979 ασωματοι,
870 1926 956 1960 και
1000 1926 1105 1980 παρ
1158 1902 1409 1971 αλληλων
1464 1906 1550 1961 καὶ
1607 1927 1711 1984 παρ
1764 1928 1917 1981 ημων

273 1995 522 2050 ὁπωσοῦν
555 1994 849 2068 νοούμενοι,
884 1994 968 2050 καὶ
1024 1994 1191 2072 νοεροὶ
1249 1995 1321 2056 ὡς
1355 2015 1494 2073 νοες,
1525 1996 1613 2051 καὶ
1643 1992 1722 2050 ὅτι
1750 1996 1917 2074 ὑπερ-

270 2084 516 2157 κοσμίως
541 2090 769 2155 νοοῦσιν,
805 2080 1179 2147 ἐπιϐάλλοντες
1223 2081 1291 2138 δι’
1320 2082 1637 2159 ἐλλάμψεως
1667 2098 1785 2147 τοῖς
1816 2084 1917 2140 λό-

271 2194 395 2251 γοις
423 2174 529 2229 τῶν
561 2172 727 2229 ὄντων
770 2173 858 2229 καὶ
902 2174 994 2228 οὑκ
1050 2173 1311 2238 αἰσθητῶς
1355 2174 1426 2237 ὡς
1457 2174 1618 2247 ἡμεῖς
1642 2173 1744 2229 τῶν
1777 2195 1916 2253 πρα-

271 2262 500 2339 γμάτων
543 2260 1077 2338 ἀντιλαμϐανόμενοι.
1128 2263 1187 2319 Εἰ
1238 2259 1293 2316 δὲ
1353 2263 1437 2318 καὶ
1466 2264 1625 2337 ἡμεῖς
1658 2261 1916 2326 πολλάκις

270 2363 396 2414 τοῖς
427 2349 607 2428 λόγοις
650 2350 1032 2425 ἐπικάλλομεν,
1086 2347 1206 2405 ἀλλ’
1252 2348 1676 2426 ἐπίστημονικῶς
1699 2352 1786 2407 καὶ
1826 2352 1917 2415 τὰς

273 2440 455 2519 ἀρχὰς
486 2439 703 2521 ἔχοντες
745 2440 797 2505 ἒξ
854 2441 1172 2513 αἰσθήσεως,
1232 2440 1319 2495 καὶ
1369 2437 1452 2495 διὰ
1498 2450 1649 2499 τοῦτο
1679 2438 1916 2515 δεόμενοι

274 2532 505 2596 ’ταύτης⁸
566 2528 711 2585 οὐδὲν
797 2530 896 2608 γὰρ
956 2528 1056 2594 ἔξω
1116 2534 1215 2596 τῆς
1286 2531 1577 2599 αἰσθήσεως
1638 2552 1917 2608 γινομενον

277 2617 467 2695 ἴσμεν,
501 2617 595 2674 κᾶν
642 2617 936 2694 ᾐσθημένοι
989 2620 1135 2693 ὦμεν
1167 2617 1346 2681 αὑτοῦ,
1382 2617 1529 2675 Ἀλλ’
1561 2621 1608 2675 οἱ
1633 2623 1768 2677 θεῖοι
1801 2621 1917 2685 νόες

274 2708 647 2786 ὑπερκὼμίως
690 2708 811 2770 τοὺς
861 2706 1049 2786 λόγοος
1099 2706 1485 2782 ὲλλάμπονται,
1517 2710 1602 2766 καὶ
1635 2711 1754 2775 τοῖς
1786 2732 1915 2787 συγο

274 2797 453 2875 γενέσι
506 2796 972 2877 διαπορθμέύουσι,
1040 2799 1127 2853 καὶ
1180 2798 1346 2877 μονὴ,
1397 2800 1482 2854 καὶ
1538 2798 1764 2880 ἵδρυσις,
1830 2803 1920 2858 καὶ

276 2887 658 2966 συγκράτησις,
726 2888 814 2942 καὶ
870 2888 1185 2965 συντήρησις
1244 2889 1428 2949 αὗταϊς
1499 2887 1640 2945 ἐστιν
1700 2888 1759 2946 ἐκ
1822 2896 1917 2958 τῆς

2000 1920 2066 1964 ro
2092 1901 2282 1964 forma
2307 1900 2668 1979 privetur,ﬁt
2691 1899 2915 1981 aliquid
2941 1899 3220 1982 informe,
3248 1908 3307 1963 et
3326 1920 3469 1966 ecce
3489 1903 3645 1965 inte-

2001 1991 2148 2052 ritus
2171 1990 2481 2069 cujusdam
2507 1989 2687 2070 entis,
2720 1997 2779 2051 et
2810 1989 2883 2051 ad
2908 1987 2966 2049 id
2993 1989 3153 2070 quod
3175 2009 3295 2052 non
3318 1999 3412 2054 est
3435 1992 3643 2056 motio.

2002 2081 2225 2144 Divinas
2248 2094 2443 2142 autem
2461 2078 2922 2157 virtutes,etiam
2948 2077 3112 2141 hisce
3127 2079 3644 2145 sublimiorestam

2000 2169 2479 2249 corruptionibus
2522 2186 2699 2247 quam
2736 2167 3240 2246 generationibus,
3273 2171 3553 2251 quoniam
3584 2183 3648 2235 et

2000 2258 2423 2320 immateriales
2465 2267 2624 2333 sunt,
2658 2256 2815 2320 etab
2838 2256 3003 2319 omni
3027 2258 3185 2319 ﬂuxa
3230 2258 3643 2323 immutatione

2002 2346 2443 2428 exemptm.Hoc
2465 2347 2630 2423 dicit,
2667 2345 2943 2427 quoniam
2962 2345 3155 2426 angeli
3178 2347 3355 2409 etiam
3379 2351 3641 2412 mutabi-

2002 2438 2089 2500 les
2118 2436 2303 2499 creati
2321 2437 2586 2511 fuerunt,
2627 2435 2734 2498 sed
2756 2435 3087 2498 secundum
3111 2436 3492 2515 sententiam,
3524 2457 3644 2501 non

2001 2527 2329 2591 secundum
2383 2525 2794 2603 substantiam;
2836 2526 2994 2587 unde
3022 2525 3219 2602 quoad
3250 2527 3640 2591 substantiam

2003 2618 2179 2680 etiam
2196 2624 2334 2679 sunt
2352 2614 2770 2678 immutabiles.
2784 2614 3168 2678 Intellectiles
3194 2617 3393 2698 itaque
3413 2616 3642 2693 sunt,in

2003 2714 2289 2788 quantum
2313 2704 2750 2785 incorporei,et
2772 2711 2887 2764 tam
2913 2701 2988 2764 ab
3015 2703 3267 2766 invicem
3286 2723 3462 2787 quam
3483 2725 3517 2768 a
3538 2724 3643 2769 no.

2004 2797 2098 2858 bis
2121 2795 2315 2876 aliquo
2340 2793 2515 2855 modo
2546 2792 2788 2873 cogniti;
2814 2801 2872 2855 et
2892 2792 3315 2876 intelligentes,
3349 2795 3410 2857 in
3438 2814 3639 2874 quan-

2004 2894 2128 2947 tum
2151 2893 2405 2964 mentes,
2431 2890 2489 2945 et
2518 2884 2797 2964 quoniam
2819 2883 3388 2963 supermundialiter
3415 2885 3643 2949 intelli-

274 2977 608 3055 ἆγαθότητος
657 2984 749 3034 τοῦ
787 2982 939 3032 Θεοῦ·
1015 2978 1102 3032 καὶ
1157 2978 1219 3032 τὸ
1281 2976 1423 3033 εἶναι
1483 2978 1678 3042 ταύτας
1738 2979 1915 3060 ὥσπερ

2001 2984 2286 3057 gunt,per
2307 2973 2763 3035 illustrationem
2787 2990 2987 3035 rerum
3002 2972 3267 3035 rationes
3285 2993 3645 3055 cognoscen-

276 3067 395 3123 τινὰ
426 3066 597 3121 ἑστίαν
640 3067 726 3122 καὶ
754 3068 897 3121 θετον
928 3067 1109 3142 βωμὸν
1138 3070 1242 3122 τῶν
1273 3066 1332 3121 ἐκ
1365 3068 1498 3122 Θεοῦ
1521 3068 1752 3145 ἀγαθῶν.
1784 3069 1914 3127 Ἐσ-

2000 3076 2114 3147 tes,
2147 3075 2204 3127 et
2226 3084 2342 3125 non
2366 3063 2687 3144 sensiliter,
2717 3062 2801 3125 uti
2822 3082 2951 3140 nos,
2973 3081 3072 3126 res
3093 3063 3641 3144 apprehendentes.

266 3156 383 3213 τίον
414 3157 514 3234 γὰρ
545 3157 591 3211 οἱ
637 3153 853 3211 παλαιοὶ
882 3157 974 3210 τὸν
1008 3155 1189 3230 βωμὸν
1248 3155 1494 3232 ἐκάλουν,
1544 3156 1595 3211 ἐν
1627 3159 1672 3230 ᾤ
1698 3158 1791 3223 τὰς
1820 3161 1913 3217 θυι-

2001 3155 2170 3229 Quod
2188 3154 2359 3215 sinos
2382 3171 2615 3235 quoque
2639 3171 2760 3214 non
2785 3170 2920 3215 raro
2944 3171 3148 3215 rerum
3179 3153 3445 3218 rationes
3466 3156 3640 3218 intel-

269 3247 389 3311 σίας
420 3244 721 3306 ἐπετέλουν.
755 3235 996 3321 ’Ἔλεγον
1026 3242 1079 3299 δὲ
1123 3244 1211 3300 καὶ
1268 3243 1448 3322 ἑτέραν
1478 3247 1681 3314 νοητήν
1714 3247 1910 3324 ἑστίαν,

268 3338 369 3403 τὴν
398 3338 516 3413 περὶ
544 3337 605 3391 τὸ
636 3335 762 3391 αὒτὸ
791 3340 894 3390 τῶν
911 3334 1062 3389 θείων
1093 3330 1389 3412 ἵδρυσιν,ἡν
1418 3335 1510 3389 καί
1543 3333 1693 3413 ’ίερᾶν
1726 3336 1912 3417 εἶχον,

265 3428 355 3484 καὶ
389 3427 539 3499 ὅρκον
574 3424 820 3503 ἐτίθεντο,
853 3427 971 3480 θεῖα
1031 3422 1083 3478 δὲ
1127 3424 1192 3479 τὰ
1251 3424 1462 3500 οὖράνια
1512 3421 1722 3502 ἔλεγον,
1758 3428 1914 3504 Λέγει

260 3518 365 3595 γὰρ
399 3517 488 3571 καὶ
531 3517 559 3570 ὁ
589 3512 841 3578 Ἰουδαῖος
873 3513 1050 3568 Φίλων
1094 3511 1148 3567 ἐν
1206 3520 1281 3586 τῷ
1332 3514 1446 3589 περὶ
1490 3516 1589 3579 τῆς
1648 3513 1907 3593 φλογίνης

260 3605 528 3685 ῥομφαίας
589 3606 673 3659 καί
732 3606 835 3660 τῶν
893 3600 1150 3683 χερουδὶμ
1208 3601 1376 3679 λόγῳ’
1440 3603 1502 3657 ’Π
1534 3601 1586 3658 δὲ
1624 3613 1764 3679 μονὴ
1809 3612 1914 3661 τῶν

261 3705 358 3754 τοῦ
409 3696 614 3771 κόσμου
671 3700 871 3772 μερῶν,
933 3692 1139 3749 ἑστῶσα
1196 3693 1427 3769 παγίως,
1466 3694 1610 3748 ἑστία
1640 3694 1768 3770 πρὸς
1809 3700 1915 3750 τῶν

260 3783 511 3842 παλαιῶν
569 3780 861 3844 εὒθυϐὀλως
920 3782 1252 3857 ὠνόμασται·
1316 3782 1518 3857 κόσμου
1576 3781 1714 3861 μέρη
1748 3784 1916 3863 λέγων

258 3877 368 3939 τὴν
432 3880 618 3951 φαῦσιδ
676 3877 768 3928 τοῦ
816 3872 991 3950 ἡλίου,
1038 3872 1124 3927 καὶ
1153 3869 1251 3937 την
1279 3871 1366 3926 ἐπὶ
1395 3870 1453 3927 τὸ
1484 3872 1609 3927 αὐτὸ
1636 3871 1916 3929 ἀποκατά-

268 3983 462 4018 στασιν
514 3961 612 4027 τῆς
658 3959 912 4040 σελήνης,
961 3957 1173 4026 αὔξησίν
1231 3979 1287 4013 τε
1342 3960 1429 4015 κᾶὶ
1502 3960 1741 4033 μείωσιν,
1821 3962 1918 4029 τὴν

264 4051 380 4108 τῶν
408 4051 574 4106 ὑετῶν
600 4051 779 4131 χύσιν,
800 4050 1024 4117 τὴντῶν
1054 4049 1286 4127 βροντῶν
1304 4071 1360 4104 τε
1392 4049 1479 4104 καὶ
1508 4048 1791 4127 ἀστραπῶν
1821 4052 1917 4108 σύ-

2000 3245 2462 3325 ligimus,tamen
2478 3242 2806 3304 scientiﬂce
2832 3243 2890 3303 id
2913 3242 3202 3305 habemus
3224 3251 3281 3305 et
3297 3242 3642 3325 dependen-

2001 3344 2091 3397 ter
2120 3353 2153 3394 a
2182 3352 2386 3408 sensu,
2419 3351 2538 3409 quo
2564 3331 2786 3394 idcirco
2806 3349 3070 3411 egemus;
3104 3331 3251 3393 nihil
3286 3333 3449 3394 enim
3480 3334 3639 3415 quod

1998 3442 2238 3486 sensum
2272 3422 2445 3501 fugiat
2463 3420 3018 3500 cognoscimus,etsi
3043 3420 3221 3482 etiam
3247 3423 3378 3502 ejus
3396 3440 3638 3485 sensum

1998 3512 2428 3593 accipimus.At
2450 3518 2680 3572 mentes
2698 3510 2910 3571 divinm
2930 3511 3641 3590 supermundiaiiterillu-

1998 3611 2259 3665 strantur
2278 3601 2702 3680 rationibus,et
2724 3599 2787 3660 in
2808 3607 3326 3676 mentescognatas
3355 3600 3651 3663 transfun-

1999 3693 2168 3768 dunt;
2195 3702 2255 3752 et
2287 3691 2538 3770 mansio,
2576 3698 2634 3750 et
2658 3689 2929 3769 firmitas,
2968 3696 3027 3749 et
3055 3690 3555 3771 contemperatio,
3590 3699 3649 3753 et

1999 3780 2369 3845 conservatio
2401 3780 2543 3860 ipsis
2571 3788 2660 3840 est
2685 3796 2755 3841 ex
2777 3777 3038 3840 bonitate
3061 3776 3191 3854 Dei,
3219 3780 3499 3861 quodque
3530 3781 3652 3842 sint

2001 3872 2189 3934 instar
2218 3868 2508 3932 domicilii
2541 3867 2951 3948 cujusdam,ac
2973 3867 3188 3929 divinae
3211 3885 3329 3929 ara:
3353 3867 3645 3931 bonorum

2002 3978 2133 4043 quae
2162 3978 2232 4022 ex
2267 3958 2380 4020 deo
2413 3950 2791 4019 sunt.'Eczt1v
2818 3957 2978 4018 enim
2998 3965 3227 4017 veteres
3253 3974 3417 4018 aram
3447 3959 3648 4042 appe].

2004 4049 2100 4112 lab
2131 4058 2251 4124 ant,
2290 4048 2350 4108 in
2385 4065 2500 4129 qua
2551 4046 2844 4108 sacriﬁcia
2868 4044 3324 4107 consecrabant.
3358 4045 3650 4110 Dicebant

265 4162 456 4197 στασιν
488 4141 574 4196 καὶ
600 4139 923 4217 οἰκονομίαν,
954 4139 1042 4194 καὶ
1086 4137 1253 4195 τᾶλλα
1286 4135 1317 4191 ἅ
1365 4136 1430 4204 δὴ
1459 4140 1591 4194 κατὰ
1631 4140 1725 4203 τὰς
1760 4142 1914 4207 αὐτὰς

2005 4141 2180 4203 etiam
2212 4138 2329 4201 alio
2361 4135 2500 4197 585
2532 4154 2712 4198 sensu
2736 4136 2937 4211 ἑστίαιν,
2958 4136 3147 4216 ipsam
3180 4153 3380 4199 rerum
3411 4135 3648 4199 divina-

266 4231 443 4293 αἰτίας
488 4229 648 4285 εἰσαεί
698 4250 827 4285 ποτε
859 4228 1113 4306 γίνονται·
1180 4234 1341 4283 ταῦτα
1392 4228 1489 4306 γὰρ
1522 4228 1674 4284 καὶοὶ
1702 4228 1906 4297 Ἐλλη-

2000 4249 2128 4294 rum
2156 4228 2518 4301 firmitatem,
2544 4244 2719 4308 quam
2769 4233 3210 4288 sacrosanctam
3234 4224 3556 4302 habebant,
3591 4236 3649 4289 et

265 4341 357 4385 νες
386 4322 506 4375 θεῖα
537 4317 718 4395 ἔλεγον
776 4320 905 4395 πρὸς
978 4314 1381 4382 ἀντιδιαστολὴν
1432 4322 1537 4372 τῶν
1590 4315 1707 4375 καθ’
1766 4321 1910 4394 ἡμας

2000 4316 2416 4401 jusjurandum
2444 4314 2841 4397 appellabant,
2875 4331 2972 4375 res
3000 4323 3199 4376 autem
3229 4314 3504 4378 caelestes
3528 4335 3637 4379 vo-

261 4409 335 4467 ὂι’
368 4407 535 4472 ἄλλας
583 4405 680 4463 καί
710 4403 873 4469 ἄλλας
908 4406 1075 4471 αἰτίας
1105 4407 1334 4483 ῥευστῶν
1364 4427 1419 4461 τε
1452 4407 1538 4462 καὶ
1577 4405 1908 4473 ἂλλοιωτῶν,

2000 4411 2210 4473 cabant
2244 4405 2670 4468 divinasJ’hilo
2695 4404 2871 4466 etiam
2895 4402 3227 4486 Judaeus,in
3257 4422 3536 4469 sermone
3565 4408 3639 4470 de

260 4500 370 4558 Καὶ
399 4498 462 4553 τὸ
491 4497 718 4577 ἐφίεσθαι
751 4495 909 4552 πάλιν
942 4500 1038 4562 τῆς
1071 4495 1212 4558 θείας
1275 4492 1476 4573 αἴγλης
1536 4496 1717 4576 αὑτὰς,
1769 4498 1909 4558 ἀλλὰ

2000 4506 2273 4585 ﬂammea
2293 4493 2636 4585 rhomphwu
2662 4502 2717 4556 et
2737 4493 3181 4585 cherubimﬁit:
3202 4494 3424 4585 Mansio
3447 4507 3647 4560 autem

257 4588 354 4646 καὶ
398 4589 460 4643 τὸ
515 4589 677 4659 εἶναι,
736 4587 825 4643 καὶ
870 4587 932 4642 τὸ
980 4587 1037 4641 εὗ
1068 4584 1229 4664 εἷναί,
1290 4583 1349 4640 ὲκ
1410 4585 1607 4651 ταύτης
1638 4592 1731 4662 τῇς
1775 4589 1915 4668 ἀγα..

2000 4582 2255 4675 partium
2281 4584 2652 4659 mundi,cum
2675 4592 2792 4675 stet
2811 4583 3260 4665 firmiterﬁattu,
3291 4582 3365 4647 ab
3384 4588 3644 4668 antiquis

255 4678 491 4744 θότητος
548 4673 758 4754 ἔχουσι,
812 4676 899 4730 καί
952 4676 1081 4752 πρὸς
1141 4674 1357 4739 ἐκείνην
1417 4672 1738 4752 ἀγαθοειδῶς
1771 4678 1914 4739 ἀπο..

2000 4672 2160 4745 recta
2185 4675 2529 4754 conjectura
2572 4672 2875 4734 nominata
2920 4681 3029 4754 est,
3063 4680 3259 4754 partes
3291 4674 3497 4737 mundi
3527 4697 3638 4741 vo-

255 4771 572 4844 τυποῦνται,
629 4765 717 4822 καὶ
773 4775 895 4828 ταῖς
953 4761 1072 4838 μετ’
1128 4762 1288 4825 αὐτὰς
1324 4771 1632 4822 κοινωνοῦσι
1679 4770 1784 4822 τῶν
1808 4768 1914 4828 δώ-

2000 4789 2139 4835 caus
2167 4766 2459 4846 fulgorem
2491 4763 2636 4824 solis
2672 4770 2731 4825 et
2761 4761 2915 4824 luna)
2977 4760 3038 4825 in
3092 4762 3372 4826 eumdem
3426 4774 3646 4833 statum

257 4877 396 4935 ρων,
419 4856 492 4918 ὡς
524 4855 554 4910 ὁ
583 4854 697 4932 περὶ
730 4854 886 4918 αὑτὰς
916 4856 1062 4917 θεῖος
1094 4873 1192 4919 της
1214 4849 1507 4929 ,διαδόσεως
1540 4853 1716 4929 Δνόμος
1768 4858 1913 4939 ὕφη-

2000 4853 3034 4932 restitutionem,incrementumque
3051 4870 3119 4913 ac
3144 4850 3644 4935 imminutionem,

258 4958 473 5023 γεϊται.
1199 5029 1207 5030 7
1998 4946 2328 5030 pluviarum
2357 4940 2736 5015 effusionem,
2773 4940 3167 5003 tonitruorum
3217 4960 3287 5004 ac
3343 4943 3646 5025 fulgurum

260 5030 756 5121 constitutionem
789 5050 858 5094 ac
889 5029 1422 5121 dispensationem,
1447 5040 1781 5121 caeteraque
1812 5057 1944 5121 quae
1965 5029 2298 5102 secundum
2322 5031 2562 5093 easdem
2594 5040 2881 5121 perpetuo
2916 5031 3073 5121 fiunt
3101 5051 3117 5112 ;
3153 5049 3289 5095 nam
3313 5033 3440 5098 haec
3471 5037 3648 5101 etiam

263 5121 524 5204 gentiles
546 5120 742 5184 divina
774 5120 1186 5201 nominabant,
1218 5121 1292 5183 ad
1324 5119 1766 5188 distinctionem
1796 5119 1999 5197 rerum
2034 5121 2410 5192 noStratium,
2447 5138 2579 5201 quae
2611 5119 2744 5182 aliis
2772 5127 2949 5203 atque
2981 5120 3111 5184 aliis
3141 5121 3216 5185 de
3259 5124 3453 5187 causis
3481 5126 3653 5188 ﬂuxae

263 5220 410 5284 sunt
467 5230 537 5274 ac
570 5211 905 5275 mutabiles.
961 5210 1235 5293 Dumque
1265 5228 1469 5272 rursus
1500 5209 1621 5273 illa;
1650 5214 1913 5280 divinum
1971 5215 2352 5298 splendorem
2386 5218 2697 5291 appetunt,
2736 5216 2853 5272 tam
2914 5219 2975 5273 ut
3006 5216 3125 5273 sint
3177 5230 3348 5293 quam
3383 5222 3447 5276 ut
3495 5213 3650 5278 bene

262 5302 412 5380 sint,
446 5320 520 5364 ex
574 5301 782 5364 eadem
815 5301 1076 5364 bonitate
1127 5300 1420 5376 obtinent,
1457 5318 1566 5389 nec
1620 5321 1741 5367 non
1772 5307 1885 5389 ipsi
1935 5304 2357 5370 boniformiter
2414 5301 2904 5379 comformantur,
2933 5312 2990 5365 et
3034 5304 3201 5383 juxta
3252 5305 3471 5367 divinae
3499 5304 3650 5385 legis

263 5388 597 5466 dictamen,
629 5391 945 5455 inferiores
975 5410 1114 5454 suos
1142 5391 1435 5453 donorum
1469 5388 1718 5455 istorum
1755 5397 2075 5478 participes
2106 5394 2395 5457 efﬁciunt.

346 5486 476 5559 δυ.
504 5479 643 5539 Ἀπὸ
670 5484 868 5550 ταύτης
912 5484 1008 5550 τῆς
1064 5482 1201 5547 θείας
1252 5480 1583 5559 ἆγαθότητος
1644 5486 1813 5561 αότῳν
1862 5490 1909 5545 οἱ

2071 5484 2183 5565 §Il.
2218 5481 2307 5547 Ab
2333 5482 2443 5544 hac
2469 5481 2671 5545 divina
2694 5480 2957 5543 bonitate
2979 5481 3124 5563 ipsis
3148 5491 3206 5545 et
3233 5482 3451 5563 gradus
3480 5492 3642 5562 sunt,

260 5573 466 5654 βαθμοὶ
496 5574 585 5630 καὶ
614 5573 668 5630 αἱ
695 5571 868 5639 τάξεις
913 5572 1065 5651 εἷσ.ν,
1108 5573 1160 5629 αἱ
1217 5572 1347 5650 πρὸς
1391 5568 1633 5642 ἀλληλας
1664 5575 1905 5654 ὶνώσεις,

2000 5582 2056 5639 et
2080 5573 2355 5654 ordines,
2391 5579 2450 5635 et
2478 5571 2554 5635 ad
2603 5571 2855 5635 invicem
2896 5570 3173 5655 uniones,
3203 5573 3263 5635 id
3294 5582 3395 5635 θεῖ’
3410 5573 3647 5639 divinus

351 5732 559 5802 ‘Psal.
594 5747 701 5811 cu,
731 5730 832 5797 20.
