4030 6204
280 341 390 406 761

768 342 863 403 DE
910 341 1204 405 DlVlNiS
1247 342 1694 423 NOMINIBUS,
1742 342 1904 405 CAP.
1957 343 2059 406 IV.
2098 375 2170 385 —
2217 342 2579 405 PARAPHR
2651 343 3160 406 PACIIYMERE.

3531 340 3649 407 762

278 475 775 557 ἀντιλαμϐάνεταιο)
804 481 897 535 καὶ
960 479 1035 541 είς
1087 478 1210 551 μίαν
1258 478 1487 555 καθαρὰν
1532 484 1726 555 γνῶσιν
1756 477 1921 533 συνά-

2010 494 2138 558 quae
2191 477 2631 554 illuminantur;
2680 477 2934 560 insuper
2989 496 3128 541 vero
3177 479 3356 543 etiam
3388 497 3646 544 conver-

277 591 472 648 γουσα,
505 568 607 637 τήν
636 568 954 646 θεογνωσίαν
984 564 1210 647 δηλαδὴ,
1245 569 1339 634 τὰς
1370 567 1615 631 ποικίλας
1641 566 1791 643 ὄψεις
1834 568 1927 633 τὰς

277 661 353 721 εἰς
396 657 576 716 πολλὰ
606 657 995 734 μεμερισμένας
1041 656 1311 729 δηλονότι.
1378 657 1535 729 Εἶτα,
1584 660 1708 714 ἐπεὶ
1739 657 1774 724 ἠ
1807 654 1928 732 ὄψις

278 748 646 826 αύθυπᾶρκτού
704 750 1018 825 πράγματος
1068 745 1539 827 ἀντιλαμϐάνεται,
1570 748 1636 803 τὰ
1677 744 1735 801 δὲ
1765 744 1927 802 εἴδω-

276 836 347 894 λα
422 840 518 897 οὐκ
627 837 752 894 εἰσὶν
846 838 1042 901 εἰκόνες
1128 838 1327 914 τινῶν,
1387 835 1524 893 ἀλλὰ
1603 835 1927 893 πλαττονται

274 926 384 1002 (διὰ
439 926 595 983 τοῦτο
637 927 737 1004 γὰρ
768 931 864 982 καὶ
911 923 1111 983 εἴδωλα
1157 926 1592 1005 ὠνομάσθησαν),
1625 931 1796 1005 φησὶν
1817 924 1922 999 ὅτι,

276 1018 597 1096 κυριώτερον
627 1014 681 1072 δὲ
726 1017 918 1088 εἰπεῖν,
952 1018 1242 1094 φαντασίας
1275 1019 1440 1072 οἱονεὶ
1489 1013 1919 1089 πλασματώδεις,

272 1106 475 1172 ἐννοίας
506 1108 622 1182 περὶ
650 1107 716 1161 τὰ
748 1104 989 1171 αἰσθητάο
1037 1103 1193 1162 εἴωθε
1242 1106 1342 1183 γὰρ
1371 1107 1404 1172 ἡ
1438 1106 1697 1185 φαντασία
1731 1108 1818 1161 καὶ
1860 1105 1927 1162 τα

277 1196 356 1269 μὴ
417 1194 544 1251 ὅντα
600 1198 697 1252 καὶ
759 1196 834 1249 ὧν
884 1196 956 1259 εἷς
1031 1201 1233 1274 γνῶσιν
1283 1195 1319 1264 ἢ
1368 1192 1488 1252 θέαν
1544 1194 1639 1251 οὒκ
1696 1193 1925 1272 ἤλθομεν

277 1285 659 1347 ἀναπλάττειν,

2013 567 2173 629 tendi
2212 568 2329 630 vim
2380 567 2734 641 habet,dum
2767 587 2801 630 a
2831 567 3015 631 multa
3046 568 3272 633 visione
3298 569 3371 632 ad
3400 569 3457 631 id
3491 569 3650 650 quid
3710 620 3723 625 -

2011 673 2149 717 vere
2179 666 2271 720 est
2300 658 2598 720 convertit
2626 658 3152 738 (quemadmodum
3185 659 3428 722 lucente
3453 660 3651 723 soleis

2011 745 2113 825 qui
2142 745 2320 820 videt,
2354 748 2425 807 ad
2459 748 2654 826 ipsum
2690 745 2945 822 primum
2977 750 3359 823 convertitur,
3392 750 3531 811 592
3554 752 3648 829 ip-

2011 852 2263 915 sumque
2294 836 2624 917 excipit),et
2652 836 2725 897 ad
2760 854 2936 897 unam
2988 856 3193 915 puram
3225 838 3650 920 cognitionem,

2010 923 2287 987 videlicet
2334 925 2404 986 ad
2441 926 2545 988 Dei
2576 926 2871 1000 notitiam,
2906 925 3149 988 adducit
3178 927 3337 989 varia
3374 926 3473 989 illa
3502 928 3646 1003 visa,

2007 1030 2138 1094 quae
2188 1012 2471 1075 nimirum
2521 1014 2592 1076 ad
2637 1015 2822 1077 multa
2850 1021 2987 1076 sunt
3016 1015 3320 1078 distracta.
3354 1018 3651 1079 Caeterum

2009 1121 2144 1165 cum
2175 1102 2336 1164 visus
2365 1121 2490 1164 rem
2523 1121 2630 1184 per
2659 1122 2723 1165 se
2750 1103 3171 1167 subsistentem
3224 1106 3501 1185 postulet,
3535 1107 3651 1185 ﬁg-

2009 1200 2208 1253 menta
2236 1200 2432 1254 autem
2463 1211 2580 1254 non
2611 1192 2727 1255 sint
2749 1193 3037 1272 imagines
3059 1212 3260 1255 rerum
3293 1195 3651 1277 aliquarum,

2007 1281 2112 1343 sed
2146 1281 2445 1362 ﬁngantur
2468 1281 2628 1363 (nam
2654 1281 2880 1344 idcirco
2904 1282 3185 1362 ﬁgmenta
3218 1284 3648 1365 nominantur),

278 1373 467 1452 magis
523 1373 765 1455 proprie
798 1372 1140 1453 phantasias
1189 1390 1293 1434 seu
1323 1371 1783 1452 imaginationes
1835 1375 2036 1433 vocari
2069 1388 2244 1451 posse
2282 1369 2446 1451 dicit,
2482 1380 2685 1452 utpote
2733 1371 3031 1434 fabulosas
3058 1372 3442 1452 cogitationes
3498 1373 3659 1435 circa

275 1463 576 1535 sensilia;
629 1461 780 1524 solet
837 1460 997 1523 enim
1036 1461 1379 1540 imaginatio
1440 1462 1615 1523 etiam
1671 1479 1741 1523 ea
1790 1479 1923 1542 quae
1953 1478 2069 1522 non
2105 1468 2265 1531 sunt,
2300 1469 2357 1521 et
2387 1460 2446 1522 in
2479 1478 2729 1541 quorum
2781 1461 3178 1539 cognitionem
3210 1463 3299 1524 vel
3347 1472 3651 1544 aspectum

273 1572 395 1615 non
428 1554 725 1632 venimus,
757 1550 1070 1629 efﬁngere.

353 1642 384 1723 δ
411 1639 540 1707 VH.
574 1652 739 1701 Τοῦτο
767 1644 827 1697 τὸ
860 1642 1052 1718 ἀγαθὸν
1103 1642 1347 1715 ὑμνεῖται
1379 1645 1475 1699 καῖ
1508 1643 1581 1706 ὡς
1616 1640 1778 1698 καλὸν
1821 1645 1918 1696 καὶ

2084 1639 2113 1720 §
2142 1637 2269 1704 VII.
2294 1637 2419 1702 Hoc
2450 1639 2592 1701 item
2644 1642 2868 1701 bonum
2917 1639 3188 1703 laudatur
3218 1641 3391 1705 etiam
3423 1651 3488 1703 ut
3520 1643 3654 1724 pul-

271 1736 349 1798 ὡς
409 1732 629 1807 καλλος,
688 1733 773 1787 καὶ
827 1733 900 1794 ὡς
947 1730 1155 1810 ἀγάπη,
1189 1732 1277 1787 καὶ
1310 1734 1398 1814 ,ὡς
1429 1732 1727 1810 ἀγαπητόν,
1759 1730 1916 1802 Εἶτα,

2010 1732 2307 1811 chrum,et
2337 1738 2401 1792 ut
2432 1729 2839 1811 pulchritudo,
2873 1739 2930 1791 et
2976 1738 3039 1792 ut
3079 1732 3343 1806 dilectio,
3375 1740 3433 1794 et
3462 1742 3527 1793 ut
3555 1731 3652 1793 di-

270 1823 387 1879 ἐπεὶ
418 1822 579 1879 καλὸι
612 1823 709 1896 μὲν
740 1819 848 1878 ἔστι
894 1822 956 1876 τὸ
1006 1827 1100 1877 τοῦ
1142 1819 1368 1884 καλλους
1427 1820 1681 1901 μετέχον,
1726 1819 1919 1883 κάλλος

270 1911 324 1968 δὲ
361 1912 490 1968 αύτὸ
532 1913 594 1968 τὸ
638 1911 1027 1991 μετεχόμενον,
1077 1914 1172 1966 καὶ
1231 1910 1512 1989 ἀγαπητὸν
1554 1912 1651 1985 μὲν
1703 1914 1763 1966 τὸ
1822 1915 1923 1977 τῆς

269 2002 491 2080 ἀγάπης
533 2002 789 2081 μετέχον,
824 1999 1007 2076 ἀγάπη
1038 1998 1093 2055 δὲ
1123 2001 1249 2058 «ore
1303 2002 1366 2056 τὸ
1412 1999 1802 2080 μετεχὸμενον,
1835 2000 1923 2055 καί

271 2093 355 2172 ἐφ’
384 2094 522 2159 ἡμῖν
578 2093 715 2147 κατὰ
771 2089 1018 2168 διαίρεσιν
1069 2097 1235 2146 ταῦτα
1291 2090 1583 2168 φαίνονται,
1621 2087 1700 2146 δἐι
1733 2091 1796 2146 τὰ
1828 2088 1923 2165 μέν

271 2184 405 2238 εἰσιν
437 2180 592 2254 ἔξεις,
627 2181 694 2237 τὰ
725 2178 779 2235 δὲ
813 2180 963 2258 ἑκτὰ,
998 2180 1184 2258 φησὶν,
1214 2178 1295 2236 ὅτι
1340 2183 1443 2259 οὔχ
1473 2179 1638 2245 οὕτως
1685 2179 1804 2259 ἔχει
1837 2180 1924 2235 καὶ

269 2272 357 2329 ἐπὶ
389 2275 488 2337 τῆς
526 2272 580 2326 ὲν
624 2269 704 2325 ἐνὶ
762 2270 827 2324 τὰ
881 2268 979 2324 ὅλα
1040 2268 1409 2349 συνειληφυίας
1470 2270 1663 2333 αἰτίας,
1718 2262 1806 2328 Ἐν
1850 2270 1925 2325 ἐνὶ

268 2363 372 2438 γαρ
403 2361 493 2417 καὶ
519 2366 596 2432 τῷ
629 2360 766 2432 αύτῷ
797 2360 884 2413 καὶ
934 2359 1026 2419 τὰς
1067 2356 1197 2422 ἕξεις
1229 2360 1317 2415 καὶ
1347 2360 1413 2415 τὰ
1447 2360 1576 2415 me
1608 2357 1920 2433 συλλαμϐα-

270 2472 434 2505 νουσα
486 2448 601 2505 οὔτε
659 2450 733 2508 ὡς
788 2448 962 2521 ὶκτὸν,
1022 2447 1141 2504 οὕτε
1193 2449 1263 2510 ὡς
1295 2447 1417 2518 ἕξις,
1452 2446 1571 2504 ἀλλ’
1603 2449 1732 2519 ὑπὲρ
1763 2454 1927 2503 ταῦτα

271 2540 431 2610 οὖσα,
483 2540 618 2594 αἰτία
679 2550 797 2600 τοῖς
852 2535 1034 2600 ἄλλοις
1095 2543 1200 2593 τῶν
1257 2538 1512 2594 τοιούτων
1544 2539 1751 2616 ἀγαθῶν
1781 2538 1927 2615 γίνε-

268 2651 381 2685 ται.
434 2627 590 2684 Ὅθεν
649 2628 736 2683 καὶ
792 2625 984 2690 κάλλος
1045 2626 1142 2700 μὲν
1193 2625 1409 2704 λέγεται
1456 2626 1539 2682 δὴ
1569 2627 1664 2693 τὴν
1696 2626 1745 2692 ἐξ
1776 2629 1931 2683 αύτοῦ

268 2716 639 2791 διαδιδομένην
686 2722 814 2772 πᾶσι
873 2714 1162 2787 Ααλλονῂν,
1212 2719 1297 2771 καὶ
1356 2713 1439 2771 διὰ
1491 2718 1551 2771 τὸ
1580 2716 1721 2773 εἶναι
1756 2716 1928 2778 αἴτιος

270 2809 453 2873 πάσης
510 2808 853 2884 εὖαρμοστίας
917 2806 1011 2861 ααΐ
1071 2805 1330 2882 ἁγλαϊας’
1392 2805 1613 2874 (καλλος
1673 2807 1772 2884 γὰρ
1813 2808 1926 2863 ἔστι

273 2896 575 2971 συμμετρία
630 2894 809 2969 μελῶν
861 2897 947 2950 καὶ
1034 2898 1209 2974 μερῶν
1267 2896 1401 2970 μετὰ
1442 2900 1543 2962 τῆς
1600 2894 1924 2961 ἐπανθούσης

2006 1820 2552 1882 lectum.Cteterum
2577 1836 2712 1879 cum
2732 1820 3044 1900 pulchrum
3061 1820 3300 1901 quidem
3318 1821 3394 1883 sit
3414 1821 3472 1882 id
3496 1822 3654 1902 quod

2006 1908 2303 1990 particeps
2325 1916 2410 1969 est
2445 1907 2927 1988 pulchritudinis,
2953 1910 3333 1989 pulchritudo
3363 1918 3561 1973 autem
3592 1911 3651 1973 id

2006 1998 2203 2079 ipsum
2228 1997 2384 2080 quod
2416 1998 2821 2080 participatur;
2845 2008 2903 2060 et
2923 1998 3205 2061 dilectum
3234 2000 3475 2081 quidem
3497 2001 3574 2063 sit
3593 2001 3652 2063 id

2006 2088 2162 2170 quod
2200 2087 2503 2170 particeps
2524 2098 2613 2150 est
2634 2088 3000 2169 dilectionis,
3029 2088 3270 2152 dilectio
3299 2108 3439 2151 vero
3463 2089 3523 2151 id
3555 2088 3651 2171 ip-

2006 2197 2136 2240 sum
2160 2179 2318 2255 quod
2349 2179 2849 2252 communicatur,
2884 2185 2946 2243 et
2971 2178 3030 2239 in
3063 2177 3235 2241 nobis
3274 2179 3399 2241 haec
3428 2197 3648 2241 secun-

2007 2266 2147 2329 dum
2192 2265 2641 2329 distinctionem
2693 2275 3004 2348 apparent,
3040 2267 3320 2348 quoniam
3353 2268 3480 2331 hmo
3511 2276 3649 2330 sunt

2007 2356 2268 2432 habitus,
2306 2356 2410 2418 illa
2458 2374 2598 2419 vero
2649 2358 2972 2432 habituata,
3017 2357 3182 2429 dicit,
3218 2357 3499 2438 quoniam
3533 2377 3653 2419 non

2012 2447 2221 2510 eodem
2257 2445 2431 2508 modo
2459 2464 2524 2509 se
2555 2446 2802 2527 habent,
2836 2447 3014 2509 etiam
3060 2447 3122 2508 in
3176 2465 3376 2522 causa,
3431 2465 3565 2525 quas
3595 2446 3657 2509 in

2013 2556 2132 2598 uno
2158 2535 2579 2616 complectitur
2597 2536 3046 2599 universa.Nam
3069 2536 3262 2599 inuno
3284 2544 3345 2598 et
3366 2537 3576 2599 eodem
3601 2545 3659 2599 et

2014 2626 2247 2688 habitus
2271 2634 2330 2689 et
2349 2644 2484 2706 quze
2514 2625 2817 2688 habituata
2848 2635 2986 2689 sunt
3014 2626 3660 2706 complectitur.neque

2017 2725 2078 2777 ut
2120 2716 2488 2778 habituatum
2518 2716 2682 2796 quid,
2733 2734 2845 2778 nec
2875 2724 2939 2777 ut
2969 2715 3227 2796 habitus,
3261 2717 3366 2778 sed
3398 2725 3459 2778 ut
3480 2735 3660 2797 supra

2011 2805 2136 2868 haec
2163 2806 2446 2874 existens,
2467 2805 2601 2866 aliis
2632 2805 2808 2867 etiam
2850 2824 3027 2867 causa
3057 2816 3151 2868 est
3181 2805 3515 2868 istiusmodi
3543 2805 3657 2867 bo-

2008 2914 2241 2959 norum.
2270 2893 2442 2958 Unde
2489 2895 2665 2955 etiam
2721 2895 3095 2975 pulchritudo
3129 2894 3368 2976 dicitur,
3404 2902 3650 2976 propter

271 2986 579 3067 εύχροίαν)
608 2985 643 3052 ἢ
666 2987 752 3040 καὶ
780 2982 862 3040 διὰ
889 2985 949 3040 τὸ
979 2984 1149 3041 πάντα
1197 2987 1328 3062 πρὸς
1386 2985 1542 3043 ἑαυτὸ
1590 2984 1803 3064 καλεῖν,
1835 2987 1921 3041 καὶ

2010 3004 2133 3048 eam
2174 2983 2675 3066 pulchritudinem
2722 3001 2899 3066 quam
2929 2982 3208 3046 omnibus
3250 2983 3553 3066 elargitur.
3592 2994 3651 3046 et

269 3078 344 3139 ὡς
381 3077 460 3131 ἀεὶ
490 3075 547 3130 ὃν
578 3075 666 3131 καὶ
696 3073 832 3147 μηδέ
862 3096 989 3131 ποτε
1023 3075 1333 3149 μειούμενον
1366 3074 1401 3143 ἢ
1448 3073 1624 3139 αὔξον·
1675 3075 1770 3140 τὰς
1818 3075 1917 3151 γὰρ

2010 3075 2159 3156 quod
2206 3083 2418 3136 auctor
2447 3075 2525 3135 sit
2555 3080 2748 3135 omnis
2776 3073 3196 3137 concinnitatis
3224 3091 3292 3136 ac
3314 3073 3651 3155 splendoris

276 3162 580 3240 ὑπερϐολὰς
610 3165 698 3220 καὶ
745 3162 1013 3238 ἐλλείψεις
1065 3166 1249 3228 κακίας
1308 3162 1521 3238 οίδαμεν
1566 3163 1762 3241 λέγειν.
1796 3161 1923 3223 Οὒδὲ

272 3256 415 3311 κατὰ
445 3276 494 3310 τι
526 3257 613 3309 καὶ
642 3254 738 3308 ἀνα
771 3252 932 3329 μέρος
981 3252 1167 3324 καλὸν,
1203 3251 1319 3308 οὒδὲ⁹
1376 3254 1512 3309 κατά
1561 3276 1678 3309 τινα
1727 3253 1922 3333 χρόνον

266 3343 461 3421 καλὸν,
501 3343 635 3399 κατᾶ
680 3345 794 3398 τὶνα
837 3341 891 3398 δὲ
942 3344 1000 3398 ού
1071 3341 1187 3401 οὐδὲ
1245 3344 1376 3418 πρὸς
1426 3365 1475 3399 τι
1532 3342 1720 3413 καλὸν,
1771 3341 1923 3399 οτιδέ-

268 3455 399 3507 που,
437 3430 553 3491 οὖδέ
583 3451 741 3487 τισιν*
796 3431 850 3511 (α
894 3430 957 3498 δή
1008 3432 1177 3488 πάντα
1229 3433 1290 3488 τὸ
1336 3430 1530 3497 καλλος
1572 3431 1923 3511 περιπέφευγε

269 3520 511 3594 πάντως,
545 3528 638 3578 τοῦ
668 3522 783 3577 καθ’
832 3523 975 3596 ἡμᾶς
1030 3519 1196 3579 καλοῦ
1247 3521 1598 3596 ὑποκειμένου
1649 3521 1700 3587 ἐξ
1753 3522 1923 3598 ἀνάγ-

273 3634 381 3679 κης
412 3624 529 3673 τοῖς
574 3611 838 3674 τοιούτοις
892 3607 1391 3687 προσδιορισμοτς’)
1450 3608 1569 3666 ἀλλ’
1622 3612 1696 3676 ὡς
1717 3611 1778 3667 τὸ
1810 3607 1924 3667 καθ’

271 3701 432 3757 ἑαυτὸ
489 3699 759 3776 μονοειδὲς
809 3699 887 3755 ἀεὶ
920 3698 978 3755 ὄν
1008 3697 1194 3771 καλὸν,
1244 3700 1357 3755 ἐπεὶ
1418 3698 1534 3756 οὔτε
1588 3698 1924 3759 σκεδάννυται

270 3794 346 3853 εἰς
382 3789 514 3855 ἕξεις
545 3811 602 3845 τε
634 3791 721 3846 καὶ
776 3787 1033 3868 διαφορὰς
1088 3787 1468 3852 καλλοποιοὺς.
1514 3791 1582 3847 Τὸ
1614 3789 1733 3846 καθ’
1783 3787 1920 3864 ἡμᾶς

268 3882 377 3958 γὰρ
418 3877 616 3941 καλλος
660 3875 1022 3954 σκεδάννυται,
1058 3875 1189 3933 ἄλλο
1247 3878 1347 3955 γὰρ
1404 3876 1601 3942 κάλλος
1650 3876 1922 3957 ὀφθαλμοῦ

267 3970 466 4047 ταχὺν,
525 3969 611 4024 καὶ
669 3965 801 4024 ἄλλο
855 3965 1049 4032 κάλλος
1104 3967 1271 4045 ῥινὸς,
1336 3967 1423 4022 καὶ
1475 3966 1605 4024 ἄλλο
1635 3968 1921 4045 προσώπου

274 4059 503 4130 παντὸς,
535 4059 623 4113 καὶ
657 4056 789 4113 ἄλλο
818 4062 1040 4136 χειρῶν.
1091 4056 1222 4113 Οὗτε
1283 4057 1413 4132 πρὸς
1471 4055 1637 4121 ἐνίους
1667 4057 1728 4112 τὸ
1756 4055 1918 4113 καλὸν

270 4148 411 4218 ἐστι,
445 4146 576 4225 πρὸς
612 4146 774 4207 ἐνίους
820 4143 874 4201 δὲ
904 4154 987 4216 οὗ,
1022 4144 1158 4202 ἆλλὰ
1212 4153 1493 4226 πανταχοῦ
1541 4144 1738 4225 πέφυκε
1801 4146 1923 4223 φαί-

269 4240 453 4293 νεσθαι
487 4237 573 4291 ιιαὶ
595 4235 649 4291 ἐν
679 4240 860 4308 πᾶσιν,
895 4235 1023 4313 ὅπερ
1056 4234 1152 4290 οὒκ
1180 4235 1298 4314 ἔχει
1331 4236 1393 4290 τὸ
1446 4232 1562 4291 καθ’
1593 4237 1740 4309 ἡμᾶς
1785 4234 1923 4291 καλ-

266 4328 393 4389 λοςο
422 4327 466 4381 εἰ
495 4326 592 4403 γὰρ
634 4337 756 4388 τοῖς
803 4330 933 4380 πᾶσι
991 4323 1215 4403 πέφυκεν
1273 4327 1437 4401 εἶναι,
1485 4322 1565 4379 ὅτι
1619 4327 1704 4380 καὶ
1754 4324 1924 4382 πάντα

265 4414 415 4472 γαλὰ
444 4414 584 4494 λίαν,
617 4412 737 4469 αλλ’
785 4413 844 4470 οὗ
897 4411 1208 4487 μονοειδῶς.
1263 4411 1448 4470 "A119
1495 4412 1595 4489 γὰρ
1627 4412 1821 4477 κάλλος
1850 4413 1921 4479 ἠ-

266 4504 416 4580 λίου,
449 4505 535 4559 καὶ
565 4500 696 4558 ἄλλο
725 4501 921 4564 κάλλος
953 4507 1081 4578 γῆς,
1118 4504 1204 4558 οιαὶ
1244 4501 1377 4557 ἀλλο
1426 4499 1640 4575 ὕδατος,
1675 4504 1919 4559 ποικίλα·

265 4593 395 4650 τινὰ
423 4590 623 4672 κάλλη,
659 4592 746 4649 καὶ
789 4591 881 4646 οὖν
942 4592 1014 4653 εἰς
1068 4590 1122 4647 ἐν
1172 4591 1527 4670 συνλγόμενα’
1563 4593 1622 4646 τὸ
1654 4590 1708 4647 δὲ
1759 4591 1924 4648 ὅντως

264 4680 498 4759 κάλλος,
532 4680 803 4755 μονοειδὲς
833 4681 919 4755 ὃν,
956 4679 1286 4737 ποικίλλεται
1340 4682 1470 4758 πρὸς
1515 4681 1582 4737 τὰ
1636 4682 1923 4756 ὃποιείμε-

261 4796 361 4846 να,
393 4774 480 4828 καὶ
508 4770 593 4827 δια
622 4782 777 4830 τοῦτο
810 4770 1063 4850 προέχειν
1096 4771 1150 4826 ἐν
1182 4771 1352 4844 ἐαυτῷ
1395 4771 1612 4847 λέγεται
1645 4773 1733 4828 καὶ
1783 4769 1921 4828 καλ-

262 4862 463 4934 λονὴν,
498 4863 573 4924 ὡς
604 4866 691 4916 καὶ
723 4862 851 4938 προς
885 4860 988 4917 τῶν
1021 4859 1507 4937 δημιουργημάτων
1539 4860 1625 4934 ὃν,
1656 4862 1738 4916 καῖ
1761 4862 1923 4938 ὑπερ-

260 4956 481 5030 οχικώς
512 4950 665 5029 ἒχειν
691 4951 754 5006 τὸ
798 4950 981 5018 κᾶλὸν,
1015 4952 1087 5008 ὡς
1119 4950 1272 5027 πηγὴ
1329 4952 1414 5006 καὶ
1461 4949 1608 5028 ἁρχὴ
1664 4954 1768 5005 τῶν
1825 4971 1922 5004 κα-

259 5042 380 5097 λιῦν
412 5041 685 5098 ἀπᾶντων.
729 5038 832 5097 Κᾶν
890 5039 993 5118 cpit?
1050 5037 1224 5094 πολλὰ
1278 5038 1439 5109 καλὰ,
1492 5038 1614 5095 ἀλλ’
1674 5038 1725 5104 ἐξ
1767 5039 1925 5095 αύτοῦ

258 5134 373 5187 εἱσι
404 5128 574 5185 καλά·
609 5130 741 5204 αὖτῇ
768 5128 868 5206 γὰρ
898 5134 967 5203 τῇ
1024 5129 1281 5207 ὑπερφυεῖ
1330 5127 1564 5203 καλλονῇ
1622 5131 1706 5186 καὶ
1767 5128 1884 5185 ἆναι
1907 5161 1922 5173 -

258 5236 370 5293 τεῳ
399 5224 548 5276 πᾶσα
581 5217 817 5285 καλλονὴ
868 5219 957 5273 καὶ
1015 5224 1118 5273 πᾶν
1179 5216 1343 5273 καλὸν
1401 5218 1657 5279 αἴτιατῶς
1690 5217 1921 5296 προῦφε-

255 5329 497 5374 anim.
528 5305 791 5372 Ἐνοειδές
818 5305 872 5362 δὲ
903 5305 1069 5362 καλὸν
1099 5307 1127 5362 ὀ
1161 5307 1314 5385 Θεὸς,
1352 5304 1465 5361 ἐπεὶ
1516 5310 1577 5364 οὒ
1634 5307 1770 5362 κατὰ
1821 5328 1921 5380 με·

254 5399 451 5478 τοχὴν
501 5405 598 5453 τοῦ
660 5396 909 5468 κάλλους,
945 5397 1107 5457 καλός
1162 5394 1327 5470 ἐστιν,
1361 5397 1434 5458 ὡς
1486 5394 1799 5472 διαιρε“σθαι
1854 5398 1925 5459 είς

2012 3163 2417 3245 (pulchritudo
2470 3163 2628 3224 enim
2677 3171 2767 3224 est
2797 3162 3101 3244 proportio
3150 3162 3551 3225 membrorum
3582 3183 3651 3226 ac

2010 3253 2269 3335 partium
2302 3271 2435 3314 cum
2455 3254 2657 3315 colore
2681 3252 3039 3332 ﬂorido),vel
3062 3252 3242 3317 etiam
3267 3254 3429 3331 quod
3453 3261 3653 3316 omnia

2008 3342 2080 3404 ad
2113 3360 2178 3404 se
2198 3353 2387 3411 vocet,
2424 3350 2484 3404 et
2512 3341 2669 3423 quod
2701 3360 2941 3422 semper
2985 3343 3060 3404 sit
3091 3352 3149 3404 et
3181 3361 3485 3419 nunquam
3535 3343 3651 3404 mi-

2008 3439 2227 3493 nuatur
2254 3431 2349 3492 vel
2380 3440 2715 3510 augeatur;
2776 3449 2913 3491 nam
2963 3450 3243 3494 excessus
3291 3441 3349 3494 et
3379 3432 3648 3494 defectus

2009 3519 2258 3582 malitias
2285 3520 2400 3581 dici
2428 3538 2545 3581 non
2568 3518 3138 3602 ignoramus.Neque
3165 3521 3491 3583 secundum
3507 3521 3646 3603 quid

2009 3617 2067 3671 et
2089 3629 2157 3671 ex
2192 3618 2354 3689 parte
2376 3609 2716 3691 pulchrum,
2745 3626 2939 3688 neque
2958 3609 3275 3688 aliquando
3304 3610 3642 3690 pulchrum,

2008 3698 2319 3778 aliquando
2372 3716 2514 3776 non,
2558 3714 2752 3776 neque
2782 3696 2854 3757 ad
2897 3697 3117 3777 aliquid
3189 3698 3503 3778 pulchrum
3550 3709 3650 3761 aut

2007 3786 2279 3864 alibi,aut
2317 3786 2672 3864 quibusdam
2708 3785 2862 3866 (quae
2912 3788 3121 3868 utique
3176 3788 3376 3850 omnia
3418 3791 3493 3850 ab
3539 3789 3649 3851 ista

2007 3875 2450 3956 pulchritudine
2478 3875 2725 3937 omnino
2757 3875 2954 3937 aliena
2983 3879 3254 3951 sunt,ubi
3281 3887 3481 3941 nostra
3514 3880 3643 3957 pul-

2004 3965 2284 4027 chritudo
2315 3984 2381 4026 ex
2417 3964 2773 4027 necessitate
2827 3965 3160 4027 istiusmodi
3205 3967 3652 4033 deﬁnitionibus

2004 4054 2270 4134 subjecta
2297 4054 2391 4120 sit!
2421 4054 2525 4116 sed
2558 4063 2619 4114 ut
2645 4055 2840 4135 ipsum
2886 4056 3214 4117 secundum
3247 4075 3315 4119 se
3359 4057 3653 4121 uniforme

2007 4162 2246 4226 semper
2277 4154 2568 4206 exsnstens
2601 4144 3227 4225 pulchrum,quoniam
3259 4165 3452 4228 neque
3492 4149 3650 4212 divi-

2008 4234 2166 4295 ditur
2186 4234 2244 4295 in
2272 4234 2503 4295 habitus
2530 4254 2597 4295 ac
2631 4234 3009 4313 pulchriﬁcas
3037 4236 3654 4301 differentiasNos-tra

2010 4324 2167 4384 enim
2201 4322 2585 4404 pulchritudo
2602 4323 3008 4402 distinguitur;
3037 4345 3169 4387 nam
3201 4325 3505 4396 alia,verbi
3526 4345 3655 4406 gra-

2010 4410 2090 4474 tia
2121 4422 2209 4474 est
2252 4413 2639 4492 pulchritudo
2666 4414 2912 4492 0t'llil,8l
2945 4415 3058 4478 alia
3091 4415 3468 4497 pulchritudo
3501 4417 3651 4492 nasi,

2011 4511 2068 4562 et
2099 4503 2213 4564 alia
2248 4503 2430 4565 totius
2463 4503 2658 4577 faciei,
2694 4519 2753 4564 et
2786 4505 2900 4567 alia
2930 4524 3231 4567 manuum.
3271 4507 3393 4568 Nec
3435 4519 3494 4567 ut
3525 4508 3655 4568 aliis

2009 4590 2503 4671 formosum,aliis
2538 4611 2670 4653 vero
2698 4594 2950 4669 non,sed
2988 4593 3211 4675 ultique
3241 4605 3485 4674 apparet
3518 4596 3655 4675 pul-

2009 4682 2243 4753 chrum,
2279 4681 2424 4742 etin
2478 4682 2778 4749 omnibus,
2836 4682 2993 4764 quod
3047 4702 3161 4743 non
3223 4684 3401 4745 habet
3455 4695 3655 4747 nostra

2009 4769 2415 4849 pulchritudo;
2442 4769 2552 4831 etsi
2577 4770 2735 4831 enim
2764 4772 2820 4830 in
2854 4773 3131 4833 omnibus
3153 4790 3285 4834 esse
3308 4785 3650 4852 amet,quo-

2010 4858 2165 4918 niam
2229 4859 2409 4920 etiam
2466 4859 2665 4920 omnia
2696 4861 2835 4921 595
2871 4862 3115 4939 pulchra
3164 4863 3356 4937 valde,
3390 4864 3493 4925 sed
3533 4884 3650 4926 non

2011 4948 2405 5010 uniformiter.
2443 4948 2574 5011 Alia
2630 4958 2720 5010 est
2764 4951 2921 5012 enim
2980 4952 3365 5032 pulchritudo
3396 4953 3561 5028 solis,
3597 4965 3654 5015 et

2007 5037 2122 5099 alia
2154 5037 2530 5116 pulchritudo
2564 5044 2758 5112 terrae,
2794 5047 2855 5101 et
2906 5039 3021 5100 alia
3071 5059 3266 5122 aquae,
3314 5061 3449 5121 quae
3481 5042 3654 5105 varia;

2009 5135 2145 5187 sunt
2180 5126 2682 5207 pulchritudines,
2718 5147 2827 5189 nec
2858 5130 2929 5190 ad
2965 5149 3144 5190 unum
3191 5132 3559 5192 conducunt.
3590 5133 3651 5193 ld

2007 5217 2160 5297 quod
2193 5225 2394 5277 autem
2424 5235 2561 5278 vere
2595 5217 2969 5297 pulchritudo
2997 5220 3311 5281 uniformis
3340 5220 3653 5284 exsistitin

2006 5305 2298 5385 subjertis
2329 5307 2682 5385 variegatur,
2707 5308 2931 5369 idcirco
2957 5308 3015 5369 in
3049 5328 3114 5370 se
3147 5309 3649 5389 pulchritudinem

2011 5394 2359 5474 praehahere
2415 5396 2656 5471 dicitur,
2692 5397 2911 5478 quippe
2960 5398 3118 5478 quod
3170 5407 3306 5459 ante
3353 5408 3655 5460 creaturas

250 5492 627 5562 ὑποκείμενον
656 5509 707 5543 τι
737 5488 823 5542 καὶ
853 5485 1137 5557 ποιότητα,
1190 5483 1308 5539 ἀλλ’
1342 5484 1491 5549 αὒτός
1544 5485 1656 5542 ἐστι
1708 5488 1793 5541 καὶ
1822 5508 1923 5542 κα-

2011 5483 2316 5563 existat,et
2347 5485 2635 5567 quidquid
2667 5486 2980 5566 pulchrum
3015 5496 3102 5547 est
3136 5487 3349 5547 habeat
3383 5487 3655 5548 eminen-

246 5580 363 5637 λὸν
426 5576 514 5633 καὶ
571 5575 794 5649 κάλλος,
828 5577 915 5632 καὶ
970 5575 1099 5652 ὑπὲρ
1154 5582 1342 5632 ταῦτα·
1390 5574 1454 5630 τὰ
1513 5571 1569 5630 δὲ
1606 5573 1712 5630 ἀπὸ
1743 5575 1923 5631 τούτου

2010 5580 2412 5654 ter,tanqnam
2445 5574 2575 5635 fons
2596 5584 2656 5636 et
2683 5575 3037 5654 principium
3089 5573 3477 5655 pulchrorum
3518 5596 3653 5638 om-

248 5666 409 5727 κατὰ
437 5666 689 5749 μετοχὴν
741 5664 879 5723 καλὰ
927 5664 982 5721 ἒν
1031 5664 1284 5731 ποιότητι
1323 5664 1384 5720 τὸ
1426 5661 1588 5720 καλὸν
1619 5663 1923 5731 κέκτηνται.

2014 5662 2340 5726 nium.Etsi
2369 5663 2527 5725 enim
2562 5663 2745 5726 multa
2777 5664 3021 5747 pulchra
3037 5664 3386 5744 sint,tamen
3414 5684 3487 5731 ex
3526 5667 3654 5755 ipso
