4028 6212
408 29 439 43 Ὦ

374 54 437 73 κά

225 328 350 396 765

692 331 788 393 DE
832 329 1129 393 DIVINIS
1173 331 1619 403 NOMINIBUS,
1669 333 1835 395 CAP.
1883 332 1988 395 IV.
2037 366 2106 379 —
2159 334 2543 401 PARAHPR.
2595 339 3104 408 PACHYMERE.

3480 348 3593 413 ’166

224 467 362 523 Θεὸν
389 464 632 542 δυνάμεις
662 468 768 523 τῶν
797 473 1027 546 νοητῶν,
1083 468 1157 531 ὡς
1202 468 1295 525 καί
1332 467 1670 567 ὁμοιότητες,
1705 470 1857 567 bitat-

1950 479 2281 548 permanet.
2313 468 2479 535 Sicut
2519 471 2677 536 idem
2723 474 2809 538 sol
2853 477 3206 543 calefaciens
3236 490 3296 547 et
3332 482 3592 567 lapidem

217 553 282 623 δὴ
317 557 406 613 καὶ
437 554 489 623 ἐξ
521 557 679 613 αῦτοῦ
734 559 832 613 εἶσι
890 559 976 614 καὶ
1034 571 1326 637 προσεχεῖς
1372 557 1539 630 αῦτῷ.
1571 556 1862 635 Ἐτερὸτη-

214 666 302 709 τες
334 645 391 702 δὲ
424 648 580 704 οἱονεὶ
610 650 638 703 6
670 648 973 727 μεριστικὸς
1022 646 1333 722 πληθυσμὸς
1381 647 1436 703 ἐν
1491 659 1613 711 ταῖς
1664 644 1863 703 ὑποϐε-

214 732 467 802 ϐηκυίαις
507 735 749 815 προόδοις
795 744 887 794 τοῦ
931 739 1068 794 Θεὶου
1124 736 1445 811 θελήματος.
1509 735 1866 812 Ἀνομοιότη-

212 846 300 889 τες
333 823 415 899 δὲ,
447 823 631 892 ἒπειδη
661 828 722 882 τὸ
758 826 1035 904 γινόμενον
1081 826 1258 903 ἕτερον
1289 834 1380 883 τοῦ
1424 824 1862 904 δημιοδργήσαν-

212 936 328 979 τος.
370 916 643 974 Κοινωνίαι
695 922 801 972 τῶν
848 916 1098 973 ἐναντίων
1130 918 1182 973 αἰ
1231 920 1336 973 τῶν
1392 918 1672 996 στοιχείων
1727 914 1865 993 κρά-

216 1023 353 1063 σεις⁶
389 1003 750 1085 ἀλληλουχίαι
780 1007 815 1074 ἡ
845 1013 937 1063 τοῦ
969 1002 1169 1080 κόσμου
1218 1006 1415 1066 παντὸς
1472 1006 1724 1083 συνάφεια
1778 1004 1865 1060 καὶ

218 1094 541 1168 συμπάθεια,
603 1093 939 1169 Ἀσυμμιξίαι
996 1098 1102 1151 τῶν
1158 1094 1471 1171 ἡνωμὲνων,
1505 1096 1577 1156 ὡς
1624 1092 1717 1151 ἒπῖ
1771 1094 1865 1161 τὴς

219 1192 312 1242 τοῦ
343 1182 664 1261 ἀνθρωπείου
693 1184 877 1261 γένους
932 1185 1266 1259 κοινότητος,
1300 1186 1387 1241 καὶ
1437 1186 1534 1251 τῆς
1563 1181 1680 1240 καθ’
1734 1182 1858 1239 ἔκα-

220 1294 344 1330 στον
404 1275 677 1352 ἄνθρωπον
731 1276 1015 1343 ἰδιότητος·
1052 1280 1129 1350 τῷ
1158 1276 1254 1352 μὲν
1288 1274 1385 1354 γοὶρ
1414 1283 1577 1351 κοινῴ
1624 1281 1721 1343 τῆς
1767 1298 1863 1332 ου-

220 1365 333 1426 σίας
367 1363 515 1443 λόγῳ
548 1364 742 1428 πέντες
773 1366 1045 1443 ἠνώμεθα·
1078 1373 1146 1443 τῇ
1196 1364 1249 1422 δὲ
1300 1366 1412 1422 καθ’
1474 1364 1693 1423 ἕκαστον
1726 1363 1862 1423 ἶδιό-

218 1475 341 1520 τητι
374 1456 437 1511 τὸ
468 1454 798 1530 ἀσύμμικτον
847 1459 1071 1536 ἔχομεν,
1106 1458 1165 1513 Αἱ
1217 1456 1428 1513 πάντων
1481 1456 1861 1531 ἀμετακίνητοι

219 1545 400 1615 poni“
451 1543 667 1602 ἕκαστον
726 1546 825 1623 γὰρ
887 1543 999 1601 καθ’
1052 1548 1208 1602 ἑαυτὸ
1261 1545 1559 1602 συνίσταται
1591 1546 1677 1602 καὶ
1710 1544 1849 1606 ἔστι,

222 1636 319 1690 Καὶ
380 1633 548 1713 αὖθις,
604 1637 655 1690 αἱ
732 1636 942 1691 πάντων
1005 1635 1059 1691 ἐν
1115 1637 1322 1707 ἑκάστῳ
1373 1639 1661 1696 κοινωνίαι.
1734 1633 1863 1692 Ἐν·-

217 1727 398 1779 τεῦθεν
473 1723 763 1803 διορθοῦται
848 1727 935 1781 καὶ
1020 1724 1170 1791 δόξας
1249 1724 1394 1782 δυοῖν
1462 1724 1704 1781 παλαιῶν
1770 1747 1860 1802 φιο

1947 566 2006 619 et
2033 568 2374 653 vest_em,_et
2404 570 2620 625 terram
2667 567 3050 648 complutam,
3081 577 3138 632 et
3165 566 3403 653 aquam,
3457 576 3596 639 licet

1948 648 2348 711 diversimode
2381 670 2489 731 pro
2517 655 2765 717 materia
2790 656 3084 738 subjecta,
3119 678 3187 722 ex
3211 648 3325 726 hoc
3353 648 3593 727 creatu-

1949 754 2152 798 rarum
2199 740 2464 802 omnium
2498 740 2922 810 substantiales
2951 750 3303 816 existentia).
3337 753 3595 818 Pulchre

1951 834 2147 889 autem
2190 829 2626 895 substantiales
2659 855 2674 908 ;
2710 853 2843 896 nam
2895 838 3221 901 existentiaa
3261 842 3593 905 secundum

1947 916 2179 997 seipsas
2198 919 2540 1000 superiores
2559 930 2696 984 sunt
2718 923 3409 1003 substantiis;existentia
3432 934 3594 996 enim

1949 1011 2387 1087 est,ipsummet
2416 1029 2546 1072 esse
2598 1012 2843 1095 aliquid,
2883 1015 3212 1080 substantia
3241 1037 3386 1084 vero
3415 1031 3505 1087 est
3536 1022 3592 1086 id

1948 1096 2108 1179 quod
2136 1098 2275 1197 quid
2302 1106 2410 1197 est.
2448 1100 2735 1197 Quoniam
2753 1104 2976 1197 _itaque
3005 1106 3081 1167 dc
3112 1111 3399 1173 creaturis
3431 1113 3597 1197 loqui

1950 1193 2067 1266 tur,
2104 1188 2313 1249 merito
2346 1188 2590 1251 dictioni
2612 1194 2878 1274 ὑπάρξεις,
2912 1213 3019 1257 seu
3050 1188 3591 1283 existentite,appo-

1946 1276 2063 1337 suit
2094 1274 2388 1352 οὒσιώδεις,
2436 1297 2540 1341 scu
2591 1284 3036 1348 substantiales.
3088 1285 3352 1352 Uniones
3394 1274 3592 1354 autem

1946 1364 2245 1447 dicuntur,
2282 1386 2400 1429 non
2432 1369 2588 1449 quod
2621 1371 2798 1436 simul
2831 1393 2966 1437 cum
2998 1376 3098 1439 illo
3128 1380 3447 1443 acervatim
3477 1381 3592 1444 ali-

1946 1453 2089 1529 quid
2114 1474 2292 1518 unum
2325 1457 2606 1536 efﬁciant,
2628 1461 2733 1523 sed
2766 1465 2927 1539 quod
2956 1465 3115 1527 Deus
3139 1477 3268 1529 erat
3296 1469 3428 1532 fons
3451 1471 3592 1534 illo-

1944 1562 2073 1637 rum
2097 1554 2159 1637 et
2189 1546 2637 1629 principium,et
2680 1569 2748 1612 ex
2780 1554 2908 1632 ipso
2930 1556 3215 1634 producta
3235 1559 3352 1620 sint
3374 1578 3443 1621 ea
3462 1579 3596 1637 quae

1944 1632 2277 1696 subsistunt
2325 1638 2657 1701 secundum
2707 1632 3176 1721 subsistentiam,
3215 1648 3294 1709 ita
3323 1659 3388 1710 ut
3417 1632 3596 1714 etiam

1947 1722 2020 1782 ad
2043 1721 2459 1788 distinctiones
2488 1732 2926 1809 suppositorum
2953 1746 3296 1815 appareant.
3321 1737 3597 1802 Identita-

217 1810 489 1891 λοσόςρων,
549 1812 965 1888 Ἐμπεδοκλέους
1041 1819 1128 1872 καὶ
1185 1814 1560 1893 Ἀναξαγόρου.
1641 1813 1702 1872 ὐ
1767 1814 1864 1888 μὲν

1950 1816 2036 1873 tes
2078 1825 2280 1875 autem
2326 1825 2463 1877 sunt
2494 1819 2743 1882 virtutes
2795 1810 3173 1888 adductrices
3202 1837 3262 1889 et
3308 1829 3596 1892 unitrices

217 1904 318 1979 γὰρ
349 1902 720 1977 Ἐμπεδοκλῆς
776 1919 1004 1985 σφαῖραν
1064 1905 1170 1963 ἀπὸ
1225 1909 1323 1971 τῆς
1382 1904 1632 1960 ἁπάντων
1689 1903 1863 1984 φιλίας

217 1994 305 2047 καὶ
376 1994 694 2066 συγκρίσεως
753 1993 957 2072 ἔλεγεν,
1034 1995 1171 2052 ὥστε
1239 2000 1317 2070 μὴ
1399 1994 1543 2050 εἶναι
1600 1991 1864 2069 διακρίνε-

217 2084 338 2137 σθαι
385 2080 504 2138 καθ’
536 2083 691 2139 ἑαυτὸ
741 2083 960 2140 ἕκαστον
1016 2085 1122 2141 ἀπὸ
1179 2083 1360 2163 ἄλλοι),
1417 2085 1537 2162 πρὶν
1580 2084 1642 2139 τὸ
1687 2095 1863 2144 νεῖκος

224 2164 463 2250 γενέσθαι
539 2174 625 2228 καὶ
678 2174 778 2240 τὴν
829 2171 1083 2252 διάκρισιν
1139 2174 1258 2230 καθ’
1325 2174 1392 2242 ἢν
1447 2172 1646 2238 ὑπέστη
1682 2174 1709 2228 6
1762 2174 1863 2227 κό-

219 2281 383 2335 σμος.
417 2258 480 2319 Ὀ
510 2259 564 2317 δὲ
594 2260 971 2342 Ἀναξαγόρας,
1004 2262 1109 2318 ’Ἢν
1160 2266 1294 2339 ὁμοῦ
1350 2264 1607 2343 χρήματα
1666 2261 1863 2340 πάντα,

220 2348 395 2428 ἔλεγε.
460 2351 614 2429 Λέγει
674 2354 818 2431 γοῦν,
882 2351 962 2408 ὅτι
1015 2354 1102 2408 καὶ
1161 2353 1280 2409 γαῖ’
1342 2353 1469 2409 αὐτὰ
1516 2353 1576 2407 τὸ
1606 2357 1710 2407 πᾶν
1741 2373 1864 2407 σῦν-

221 2441 487 2514 ίστανται,
545 2442 630 2497 καὶ
690 2446 820 2496 πᾶσι
907 2441 1076 2497 πάντα
1159 2447 1534 2512 κοινωνοῦντα,
1596 2439 1711 2497 οὔτε
1767 2444 1866 2506 τῆς

218 2529 414 2595 οἶκείας
457 2535 623 2605 μονῆς
671 2527 962 2595 ἐξίστανται
1018 2533 1091 2595 ὡς
1150 2543 1379 2609 σφαῖραν
1436 2529 1689 2608 γίνεσθαι⁹
1748 2527 1865 2585 οὔτε

222 2622 332 2693 μὴν
381 2621 758 2697 πραγματικὴν
818 2621 915 2686 τὴν
969 2621 1244 2677 κοινωνίαν
1300 2618 1535 2699 ἔχουσιν,
1590 2619 1662 2682 ὡς
1725 2622 1865 2674 εἶναι

218 2711 273 2765 ἐν
303 2716 384 2783 τῷ
414 2708 557 2787 ἄρτῳ
594 2712 762 2789 τυχὸν
815 2711 905 2765 καὶ
961 2711 1186 2788 χρυσὸν,
1243 2711 1329 2764 καὶ
1386 2707 1558 2779 ξύλον,
1594 2709 1680 2763 καὶ
1713 2705 1865 2774 σίδηο

217 2822 329 2879 ρον,
373 2800 545 2874 ἄτομαί
604 2821 720 2855 τινα
773 2802 860 2855 καὶ
911 2798 995 2856 διὰ
1046 2799 1380 2875 σμικρότητα
1431 2799 1490 2854 οῦ
1533 2798 1862 2876 βλεπόμενα,

217 2893 290 2953 ὡς
321 2893 350 2946 6
384 2888 737 2967 Ἀναξαγόρας
798 2887 1061 2961 ἐδόξασεν,
1118 2888 1173 2951 ὅς
1233 2891 1318 2946 καὶ
1377 2911 1478 2956 την
1507 2887 1710 2966 γένεσιν
1744 2886 1863 2942 διά-

216 3001 390 3053 κρισιν
451 2976 652 3056 ἔλεγεν·
710 2977 831 3034 ἀλλ’
888 2980 984 3035 εἶσὶ
1048 2979 1149 3051 μὲν
1205 2977 1259 3034 ἐν
1318 2978 1587 3055 κοινωνίᾳ,
1648 2974 1863 3052 δυνάμει

219 3066 273 3122 δὲ
314 3072 387 3143 τῇ
435 3068 570 3122 κατὰ
623 3067 914 3144 ποιότητα,
945 3068 1016 3132 ὡς
1046 3064 1312 3135 δύνασθαι,
1348 3065 1472 3144 φέρε
1531 3066 1723 3131 εἰπεῖν,
1778 3064 1864 3120 καὶ

220 3249 307 3303 καὶ
365 3247 473 3302 ἀπὸ
519 3252 625 3301 τῶν
681 3245 888 3325 τροφῶν
945 3246 1167 3323 σάρκας,
1212 3247 1300 3301 καὶ
1342 3242 1535 3300 τᾶλλα·
1597 3243 1732 3299 ὥστε
1780 3244 1867 3298 καὶ

227 3339 326 3404 τὴν
390 3335 565 3413 φιλίαν
598 3337 900 3414 ἂσύγχυτον
931 3337 1096 3408 εἶναι,
1132 3334 1224 3390 καί
1248 3335 1342 3402 τὴν
1385 3333 1619 3413 συνοχὴν
1650 3330 1866 3387 ἀδιάλυ-

220 3449 333 3485 τον.
393 3422 795 3488 Ἀνεκλείπτους
854 3424 908 3480 δὲ
986 3425 1080 3485 τὰς
1141 3422 1393 3503 διαδοχὰς
1464 3429 1570 3478 τῶν
1646 3420 1868 3499 γινομέ-

223 3538 328 3571 νων
388 3514 570 3593 φησίν*
626 3513 783 3578 ’Ἕως
877 3515 977 3592 γὰρ
1049 3513 1163 3591 ὰρτι
1217 3512 1515 3591 ἐργάζεται,
1580 3513 1635 3567 Εἰ
1693 3513 1779 3566 καὶ
1843 3512 1868 3566 6

224 3602 603 3679 Ἀριστοτέλης
633 3602 915 3681 ἔπαπορὼν
948 3603 1139 3681 ἐτέρῶς
1185 3601 1319 3682 λύει,
1377 3600 1532 3671 διότι,
1593 3599 1787 3677 λέγων,
1821 3598 1873 3665 ἐξ

223 3694 478 3764 ἀλλήλων
529 3695 781 3770 γίνονται,
834 3696 920 3749 καὶ
969 3696 1004 3762 ἡ
1036 3693 1196 3772 φθορὰ
1233 3693 1442 3771 τούτου),
1501 3688 1662 3748 ἄλλοι)
1717 3688 1872 3767 γένε-

226 3786 304 3848 σίς
365 3783 477 3840 ἐστι
529 3785 617 3839 καὶ
675 3781 836 3839 ἄλλου
891 3784 1079 3862 φθορὰ,
1140 3782 1325 3839 τούτου
1371 3780 1595 3858 γένεσις,
1629 3779 1714 3835 καὶ
1745 3776 1871 3855 ἐφε-

224 3874 320 3943 ξῆς
381 3873 568 3952 οὔτως,
627 3871 765 3930 ὥστε
824 3874 902 3947 μὴ
946 3872 1234 3928 ἐπιλείπειν
1267 3872 1365 3938 τὴν
1420 3868 1647 3948 γένεσιν.
1683 3869 1867 3926 Ἐπει-

222 3962 289 4030 δὴ
339 3962 397 4018 δὲ
455 3964 638 4025 στάσις
696 3962 802 4018 ἐστὶ
858 3964 944 4018 καὶ
1028 3963 1234 4029 κίνησις
1291 3962 1538 4017 ἁπάντων
1594 3960 1652 4014 τὸ
1712 3965 1869 4013 Θεϊον

218 4053 352 4130 ὑπὲρ
413 4052 596 4108 στάσιν
649 4054 736 4108 καὶ
784 4050 1014 4129 κίνησιν,
1078 4052 1151 4113 ὡς
1205 4049 1425 4107 ἕκαστον
1485 4050 1645 4105 ἱστῶν
1692 4049 1746 4102 ἓν
1791 4051 1868 4119 τῷ

218 4141 397 4216 οἰκείῳ
425 4140 594 4216 λόγῳ,
631 4145 717 4197 καὶ
745 4147 919 4197 κινοῦν
979 4140 1062 4196 ἐπὶ
1120 4141 1219 4206 τὴν
1268 4140 1460 4194 οἰκείαν
1513 4137 1750 4214 κίνησιν,
1782 4133 1865 4190 διὰ

217 4238 377 4289 τοῦτο
414 4229 582 4308 λέγει,
642 4231 693 4286 αἶ
755 4230 964 4292 στάσεις
1021 4235 1189 4285 πᾶσαι
1238 4229 1326 4284 καὶ
1354 4229 1408 4283 αἶ
1459 4227 1720 4304 κινήσεις,
1754 4222 1868 4280 εἴτε

218 4321 465 4400 ἀγγέλων
521 4319 721 4400 εἴποις,
771 4318 873 4375 ἐὶτε
903 4323 1120 4399 ψυχῶν,
1153 4318 1268 4373 εἴτε
1303 4316 1589 4390 σωμάτων,
1636 4314 1696 4371 ἐκ
1741 4314 1870 4372 τούσ-

1947 1918 2147 1963 rerum
2172 1903 2639 1985 intelligibilium
2677 1911 2749 1973 ad
2780 1911 2993 1988 Deum,
3035 1916 3116 1976 uti
3143 1926 3200 1977 et
3242 1917 3594 1981 similitudi-

1948 2010 2056 2054 nes
2089 2013 2104 2073 ;
2139 1996 2619 2088 quandoquidem
2654 2009 2715 2063 et
2757 2019 2829 2063 ex
2860 2002 2989 2082 ipso
3019 2004 3159 2080 sint,
3197 2007 3371 2088 eique
3395 2008 3609 2072 inhse-.

1949 2091 2142 2144 reant.
2181 2083 2561 2179 Diversitates
2589 2098 2789 2179 autem
2826 2100 2965 2154 sunt
2994 2095 3163 2174 quasi
3193 2083 3408 2177 partita
3428 2118 3558 2179 quas
3581 2134 3595 2149 -

1947 2172 2080 2233 dam
2114 2173 2526 2250 multiplicatio
2570 2178 2784 2243 divinas
2824 2172 3141 2246 voluntatis
3179 2172 3253 2248 ad
3310 2172 3594 2251 inferiora

1948 2253 2353 2331 procedentis.
2409 2256 2935 2323 Dissimilitudines
2977 2283 3138 2340 vero,
3193 2269 3470 2343 quoniam
3530 2270 3591 2331 id

1949 2342 2106 2422 quod
2139 2345 2682 2409 creaturdiversum
2709 2359 2839 2411 esta
2874 2362 3163 2417 creatore.
3182 2342 3430 2419 Fcedera
3456 2366 3595 2421 sunt

1950 2433 2385 2495 contrariorum
2412 2435 2846 2500 elementorum
2882 2444 3369 2522 temperationes:
3405 2448 3601 2509 cohte-

1950 2520 2155 2581 reutiaa
2184 2530 2320 2582 sunt
2348 2523 2528 2585 totius
2562 2526 2766 2588 mundi
2810 2520 3102 2593 conneitio
3148 2539 3208 2595 et
3236 2552 3595 2598 consensus.

1950 2608 2172 2671 Rerum
2224 2612 2522 2674 unitarum
2579 2613 3087 2694 impermistiones
3151 2635 3292 2684 sunt
3335 2623 3488 2686 sicut
3537 2625 3598 2687 in

1951 2697 2193 2759 humani
2216 2700 2456 2775 generis
2484 2705 3001 2775 communitate.et
3027 2710 3313 2791 cujusque
3336 2712 3600 2776 hominis

1951 2786 2641 2865 proprietate;communi
2666 2795 2822 2855 enim
2850 2786 3123 2861 essentiae
3138 2786 3365 2863 ratione
3389 2821 3600 2864 omnes

1947 2875 2086 2935 595
2119 2879 2263 2939 uniti
2294 2897 2518 2953 sumus,
2555 2883 3031 2967 uniuscujusque
3061 2907 3200 2951 vero
3234 2891 3598 2970 proprietate

1949 2965 2195 3027 minime
2226 2970 2708 3032 commiscemur.
2758 2965 3101 3038 Immobiles
3132 2965 3398 3040 omnium
3430 3000 3599 3043 man-

1946 3054 2166 3130 siones,
2192 3057 2485 3137 quidlibet
2516 3061 2675 3123 enim
2724 3082 2828 3143 per
2884 3083 2949 3126 se
2980 3066 3255 3129 subsistit
3297 3079 3355 3130 et
3383 3079 3493 3132 est.
3530 3070 3602 3132 Et

221 3158 346 3212 αὕτό
376 3154 559 3218 ὓδατος
593 3159 832 3233 γενέσθαι
864 3156 989 3233 ἀέρα
1019 3158 1105 3212 καὶ
1134 3162 1257 3234 πῦρ,
1295 3156 1382 3210 καὶ
1435 3156 1539 3210 ἀπὸ
1567 3158 1672 3231 γῆς
1702 3152 1859 3231 ὕδωρ,

1950 3149 2455 3226 rursus,omnium
2490 3152 2551 3211 in
2583 3151 2856 3227 quolibet
2905 3158 3384 3223 communiones.
3446 3160 3599 3223 Hinc

1952 3236 2333 3312 corriguntur
2353 3238 2527 3299 etiam
2563 3239 2879 3319 opiniones
2909 3244 3159 3306 duorum
3191 3257 3455 3309 veterum
3475 3250 3601 3311 nhi-

1952 3323 2360 3418 l_osophorom,
2396 3325 2775 3418 Empedoclis
2797 3339 2854 3391 et
2876 3333 3263 3412 Anaxagorae.
3292 3337 3596 3418 Siquidem

1950 3414 2348 3491 Empedocles
2371 3417 2663 3495 sphaeram
2685 3418 2759 3479 ab
2782 3422 3046 3483 omnium
3068 3424 3324 3487 amicitia
3339 3414 3395 3488 et
3427 3448 3597 3490 com-

1958 3502 2232 3565 mistione
2261 3507 2607 3583 nominavit;
2641 3509 2719 3570 ita
2753 3519 2815 3570 ut
2845 3511 3141 3591 quidlibet
3163 3532 3270 3593 per
3291 3534 3357 3577 se
3387 3518 3460 3577 ab
3486 3518 3601 3579 alio

1957 3592 2215 3655 discerni
2253 3604 2537 3671 nequeat.
2573 3607 2889 3678 antequam
2925 3620 3117 3681 pugna
3151 3592 3245 3665 tiat
3278 3613 3335 3665 et
3364 3605 3597 3683 divisio,

1956 3684 2284 3744 secundum
2301 3702 2477 3762 quam
2499 3687 2755 3748 mundus
2771 3689 3443 3771 subsistit;Anaxagoras
3462 3714 3599 3757 vero

1958 3770 2184 3834 Omnia
2204 3775 2400 3864 simul
2426 3775 2957 3849 erant,aiebat.Ait
2974 3770 3309 3861 itaque,per
3336 3800 3400 3843 se
3421 3784 3600 3864 quid-

1956 3860 2099 3922 libet
2129 3859 2540 3942 subsistere,et
2578 3865 2778 3926 omnia
2809 3859 3087 3929 omnibus
3122 3859 3595 3948 communicare,

1953 3969 2147 4031 neque
2169 3969 2203 4011 a
2233 3953 2473 4033 propria
2508 3955 2816 4016 mansione
2842 3955 3273 4033 desciscere,et
3298 3961 3383 4022 sic
3413 3963 3601 4043 spha-

1951 4059 2075 4100 ram
2109 4046 2542 4104 exsistereznon
2563 4052 2759 4105 tamen
2785 4046 3006 4107 realem
3034 4047 3192 4110 inter
3222 4068 3287 4111 se
3325 4070 3602 4114 commu-

1952 4131 2191 4191 nionem
2228 4132 2468 4207 habent,
2505 4133 2585 4194 ita
2611 4142 2673 4194 ut
2703 4134 2864 4196 verbi
2897 4138 3084 4215 gratia
3121 4138 3296 4200 etiam
3328 4140 3389 4202 in
3424 4160 3597 4221 pane,

1951 4238 2189 4299 aurum,
2222 4229 2281 4281 et
2309 4221 2556 4302 lignum,
2609 4232 2671 4284 et
2704 4224 2926 4286 ferrum
2975 4226 3097 4289 sint
3124 4229 3304 4291 atomi
3326 4231 3594 4310 quidam,

1953 4309 2059 4386 qui
2097 4322 2340 4389 propter
2364 4310 2707 4390 parvitatem
2736 4315 2981 4378 minime
3002 4309 3598 4391 videantur,utiAna-

217 4398 312 4468 τοῦ
356 4412 475 4468 εἶσί.
542 4398 715 4468 Nodos
748 4416 874 4487 γοῦν
912 4407 1094 4468 στάσις
1127 4408 1235 4464 ἐστέ
1284 4408 1344 4462 τὸ
1372 4408 1601 4484 ἱδρῦσθαι
1741 4405 1864 4482 πρὸς

1956 4418 2190 4477 xagoraa
2212 4398 2449 4480 placuit,
2479 4400 2576 4480 qui
2596 4403 3042 4480 generationem
3062 4406 3410 4469 divisionem
3442 4429 3599 4471 nun-

219 4503 351 4559 Θεὸν
405 4497 678 4571 ἀνατάσει,
738 4506 834 4555 κᾶν
879 4496 1291 4555 ἀποστέλλοιντο
1362 4497 1449 4551 καὶ
1505 4490 1864 4550 καταϐαίνοιεν

1956 4488 2213 4568 cupavit;
2248 4498 2668 4552 verumtamen
2693 4494 3139 4555 communicant
3161 4496 3373 4558 virtute
3394 4516 3606 4561 secun-

220 4590 307 4646 ἕπὶ
335 4590 405 4646 τὰ
437 4585 799 4655 ὅποόεϐηκὸτα
837 4587 1076 4664 προνοίας
1135 4586 1297 4665 χάριν
1354 4591 1459 4641 τῶν
1516 4580 1871 4662 ὠφεληθησο-

222 4681 424 4755 μένων.
850 4696 851 4699 “

1955 4579 2096 4638 dum
2132 4576 2502 4653 qualitatem,
2550 4588 2611 4639 ut
2664 4581 3107 4659 quodammodo
3140 4584 3252 4647 dici
3298 4586 3502 4664 possit,
3541 4590 3598 4649 id

1954 4668 2145 4745 ipsum
2174 4666 2328 4745 quod
2361 4675 2451 4727 est
2472 4684 2644 4743 aquae
2659 4670 2784 4729 ﬁeri
2802 4687 3000 4731 aerem
3029 4672 3384 4752 etignem,et
3415 4694 3447 4736 a
3477 4685 3601 4738 ter-

221 4754 287 4832 ra
316 4785 563 4849 aquam,
592 4772 651 4828 et
702 4785 737 4828 a
766 4765 915 4827 cibis
968 4782 1202 4843 carnes,
1240 4771 1298 4825 et
1328 4771 1547 4824 caetera
1584 4781 1599 4833 ;
1643 4760 1725 4822 ita
1773 4770 1838 4822 ut
1864 4755 2131 4849 amicitia
2162 4754 2620 4849 sit_incont‘usa,
2657 4765 2714 4818 et
2745 4761 3092 4849 complexus
3147 4762 3597 4827 indissolubilis.

221 4817 651 4922 Eliges};
675 4817 1155 4917 autver-nuaitwesse
1178 4817 1599 4915 successiones
1630 4868 1832 4911 eorum
1867 4865 1997 4952 quae
2023 4846 2171 4945 fiunt
2199 4865 2212 4902 ε
2254 4842 2447 4950 Usque
2471 4846 2636 4952 cpiln
2672 4848 2854 4907 modo
2876 4857 3175 4952 operatur
3202 4865 3250 4952 τι
3264 4852 3603 4952 -Et.Aristo-

221 4948 374 5009 tetes
406 4946 547 5007 illud
580 4944 824 5008 dubium
869 4943 1043 5005 aliter
1072 4942 1276 5015 solvit,
1303 4940 1443 5001 dum
1476 4940 1580 5011 ait,
1607 4938 1805 4999 omnia
1832 4934 1907 4998 ab
1941 4934 2194 5032 invicem
2240 4934 2404 5006 oriri,
2431 4943 2489 5044 et
2520 4934 3167 5044 hujnslcorruptiouem
3199 4939 3605 5044 alteriusesse

218 5037 699 5118 generationem.
734 5042 793 5096 et
816 5032 1067 5095 alterius
1084 5030 1529 5110 corruptionem
1559 5028 1738 5108 hujus
1760 5044 1892 5088 esse
1921 5025 2392 5135 generationem,
2422 5031 2479 5083 et
2508 5025 2594 5084 sic
2616 5025 2925 5135 .subjungit
2954 5032 3357 5135 rationemme
3378 5032 3607 5135 scilicet

221 5112 465 5190 deﬁciat
490 5125 816 5203 generatio.
846 5123 992 5186 Cum
1020 5129 1218 5182 autem
1250 5127 1436 5219 status
1460 5118 1535 5219 sit
1557 5131 1614 5178 et
1637 5125 1831 5222 ruptus
1860 5112 2130 5222 omnium
2162 5112 2338 5222 Deus,
2359 5130 2554 5222 Asppra
2581 5113 2972 5222 stationem‘et
3005 5117 3323 5222 motionem
3348 5122 3602 5222 exsistit,

220 5200 517 5297 tanquam
535 5232 662 5276 rem
693 5210 1021 5294 quamlibet
1046 5212 1105 5270 in
1139 5208 1378 5289 propria
1407 5206 1639 5307 ratione
1670 5207 1936 5307 ﬁrmans,
1969 5210 2028 5261 et
2069 5217 2325 5300 .movens
2353 5200 2424 5259 ad
2461 5206 2754 5302 propriam
2789 5205 3108 5265 motionem
3139 5227 3154 5282 ;
3187 5208 3405 5307 idcirco
3433 5209 3599 5288 dicit,

216 5293 434 5368 omnes
463 5293 756 5364 stationes
780 5320 847 5362 ac
884 5299 1203 5374 motiones,
1234 5298 1358 5360 sive
1417 5298 1757 5397 angelorum
1814 5293 2002 5399 dicas,
2035 5293 2156 5399 sive
2212 5293 2566 5399 animarum,
2601 5293 2723 5399 sive
2770 5308 3114 5399 corporum,
3151 5312 3222 5399 ex
3253 5296 3382 5399 ipso
3436 5313 3598 5399 sunt.

214 5394 509 5459 ﬂentium
552 5392 732 5470 igitur
760 5390 934 5452 statio
966 5398 1074 5464 est,
1109 5387 1337 5450 ﬁrmari
1379 5387 1438 5448 in
1487 5384 1870 5447 contentione
1899 5380 1973 5443 ad
2036 5381 2244 5459 Deum,
2281 5384 2387 5439 etsi
2434 5380 2781 5460 delegentut‘
2811 5389 2869 5442 et
2918 5381 3285 5446 descendant
3314 5386 3384 5445 ad
3446 5387 3600 5451 infe-

214 5486 406 5560 riora,
438 5491 502 5545 ut
524 5497 638 5563 cpe
669 5478 1070 5560 indigentibus
1096 5475 1467 5558 provideant.

295 5714 323 5743 ι’
348 5693 532 5760 Joan.
565 5713 623 5774 ν,
659 5696 763 5759 17.
