4086 6206
221 302 350 367 769
875 301 973 368 DE
1017 262 1313 369 DIVINIS
1354 294 1802 382 NOMINIBUS,
1844 310 1878 371 c

1964 308 2007 370 Ρ.
2059 303 2161 371 IV.
2199 340 2276 352 --
2306 303 2639 371 PARAPH.
2689 297 3205 372 PACHYMER/E.
3473 302 3596 374 770

211 439 283 494 τὰ
342 439 444 513 μὲν
492 450 744 518 στοιχεῖα
783 438 881 506 τὴν
942 437 1059 494 κατ’
1112 438 1324 495 εὔθεταν
1366 440 1428 495 τὸ
1458 439 1556 513 μὲν
1589 448 1709 519 πῦρ,
1744 440 1876 496 ἄνω’

1964 436 2273 512 Quomodo
2302 446 2500 501 autem
2533 457 2628 500 res
2644 437 2944 501 sensibilis
2963 447 3083 501 tres
3101 440 3280 502 hasce
3306 441 3601 523 motiones

207 528 248 594 ἠ
284 525 344 583 δὲ
375 528 447 606 γῆ
476 543 645 584 κατω’
680 529 741 583 τὸ
794 524 849 582 δὲ
880 534 1008 603 πᾶν,
1056 529 1155 594 τὴν
1180 528 1378 600 κύκοῳ·
1417 531 1462 585 οἱ
1492 526 1544 585 δὲ
1581 528 1871 603 πλανῆται,

1964 529 2278 608 habet,nisi
2301 530 2438 610 quia
2462 529 2732 590 videlicet
2753 530 3049 591 elementa
3075 529 3317 606 quidem
3340 538 3595 605 rectum,

210 616 319 683 τὴν
352 614 617 683 ἑλικοειδῆ
667 618 799 673 καθὸ
829 617 934 673 ἀπὸ
966 623 1069 673 τῶν
1102 619 1289 673 νοτίων
1318 617 1403 674 ἐπὶ
1451 620 1514 674 τὰ
1543 620 1747 699 βόρεια,
1786 622 1873 677 καὶ

1964 626 2018 678 ut
2042 619 2194 697 ignis
2217 637 2488 700 sursum,
2520 628 2678 680 terra
2707 618 3010 692 deorsum,
3033 619 3375 681 universum
3400 628 3596 681 autem
3682 620 3685 625 λ

216 707 329 763 ἀπὸ
387 713 496 763 τῶν
524 708 745 786 βορείων
774 706 861 764 ἐπὶ
889 709 955 764 τὰ
984 708 1131 765 νότια
1181 709 1278 777 τὴν
1305 709 1511 777 κίνησιν
1545 710 1753 792 ἔχουσι,
1787 707 1872 768 καὶ

1964 709 2067 770 hoc
2116 708 2497 789 circularem,
2554 708 2803 787 planetae
2856 725 2990 768 vero
3028 708 3338 789 obliquum
3376 717 3599 770 moturn

215 799 294 860 εἷς
341 799 402 853 τὸ
436 799 560 853 αὗνὸ
612 810 845 870 σημεῖον
897 796 1057 853 πάλιν
1115 798 1528 856 ἐπανακυκλοῦσι
1563 821 1580 882 ς
1618 803 1712 859 Καὶ
1771 803 1870 880 γὰρ

1964 796 2438 877 habent,quando
2469 798 2709 878 quidem
2728 796 2801 858 al)
2823 800 3048 860 Austro
3085 816 3286 859 versus
3318 797 3596 878 Boream,

210 889 278 942 ὲκ
334 893 426 943 τοῦ
463 895 594 946 Θεοῦ
650 888 716 942 τὰ
745 887 917 943 πάντα
958 889 1045 943 καὶ
1074 886 1143 943 δι’
1200 889 1378 963 αὖτοῦ,
1412 890 1507 945 κάν
1540 910 1737 969 σμικρα
1792 912 1870 957 τις

1964 900 2007 949 et
2030 886 2286 948 vicissim
2319 905 2353 948 a
2375 887 2565 949 Borea
2598 904 2805 948 versus
2843 887 3123 949 Austrum
3173 895 3508 967 moventur,
3541 899 3601 951 et

213 978 371 1056 φύσις
404 978 463 1052 ᾗ,
497 975 594 1032 κᾶν
637 974 876 1054 μεγαλη,
910 977 1008 1032 κᾶν
1042 975 1138 1044 ἴση
1169 992 1286 1042 τοῖς
1316 978 1519 1057 ἄλλοις,
1547 981 1643 1036 κᾶν
1668 981 1722 1036 ἐν
1763 980 1868 1056 μὲ-

214 1088 330 1143 τρῳ
364 1068 463 1121 τινὶ
494 1065 791 1143 ὡρισμένῳ,
826 1067 876 1121 αἱ
922 1074 1027 1121 τῶν
1079 1075 1399 1143 σωματικῶν
1440 1067 1712 1146 ἀντιλογίαι
1764 1091 1861 1146 με-

216 1162 351 1233 ρῶν,
388 1158 438 1211 αἱ
497 1156 762 1233 ἁρμονίαι,
798 1156 850 1210 αἱ
907 1161 1013 1211 τῶν
1044 1164 1232 1236 χυμῶν
1274 1156 1508 1231 κράσεις,
1546 1161 1611 1215 τὰ
1653 1158 1750 1216 ὅλα
1803 1160 1869 1215 τὰ

218 1244 386 1325 μέρη,
415 1250 518 1301 πᾶν
550 1243 607 1300 ἓν
658 1246 744 1301 καὶ
775 1247 1002 1310 πλῆθος.
1038 1245 1191 1303 ’Ἐστι
1223 1247 1322 1324 γᾶρ
1355 1249 1437 1302 καὶ
1497 1247 1551 1303 ἓν
1581 1249 1716 1304 κατὰ
1772 1249 1870 1316 τὴν

216 1332 458 1391 σύνδεσιν
517 1340 623 1390 τῶν
657 1340 856 1412 μερῶν,
889 1336 960 1399 ὡς
1003 1332 1298 1412 ἅνθρωπος,
1330 1337 1475 1410 ﬁsi):
1529 1336 1670 1393 ἔστιν
1699 1337 1755 1393 ἓν
1786 1340 1872 1394 καὶ

215 1425 359 1480 κατᾶ
415 1423 516 1491 τὴν
557 1429 649 1480 τοῦ
706 1421 939 1492 πλήθους
997 1421 1311 1504 ἕνωσιν,ὡς
1369 1424 1558 1503 δῆμος,
1590 1425 1867 1507 ἐκκλησία,

213 1512 444 1589 ποίμνη.
506 1515 577 1570 Τὸ
604 1514 759 1569 ποιὸν
817 1512 1065 1593 ἑκάστου,
1098 1514 1158 1568 τὸ
1188 1515 1377 1570 ποσόν”
1435 1525 1586 1574 τοῦτο
1616 1516 1716 1594 γάρ
1760 1517 1868 1573 ἐστι

214 1605 278 1659 τὸ
314 1601 566 1675 πηλίκον,
601 1603 651 1658 αἱ
680 1608 787 1658 τῶν
817 1604 1100 1683 στοιχείων
1157 1605 1419 1661 κοινώνίσι
1446 1628 1529 1661 και
1562 1603 1865 1676 διακρίσεις,

217 1694 362 1751 Καθὸ
436 1692 535 1771 γὰρ
608 1692 770 1769 ἑτέρῳ
841 1691 1044 1751 ἕνούταί
1111 1716 1186 1765 τι,
1246 1692 1609 1751 ἁποδιίσταται
1681 1695 1864 1756 ἄλλου.

1950 976 2021 1038 ad
2048 976 2103 1037 id
2140 975 2294 1037 idem
2329 986 2611 1055 punctum
2646 977 2847 1037 denuo
2880 975 3596 1057 revolvuntur?Siquidem

1952 1083 2022 1128 ex
2041 1068 2161 1128 Deo
2184 1072 2361 1146 etper
2384 1064 2567 1127 Deum
2592 1077 2732 1127 sunt
2756 1065 3362 1145 omnia,quantumvis
3391 1074 3598 1128 natura

1951 1156 2028 1216 sit
2055 1154 2349 1236 parva,vel
2380 1153 2706 1232 magna,vel
2726 1155 2972 1234 aequalis
2988 1155 3210 1230 aliis;et
3238 1155 3413 1216 modo
3436 1164 3597 1217 certo

1956 1243 2221 1318 deﬁnita,
2253 1262 2676 1325 corporearum
2708 1263 2949 1324 quoque
2980 1245 3232 1324 partium
3258 1244 3598 1323 proportio-

1955 1353 2061 1395 nes
2078 1344 2134 1395 et
2166 1333 2919 1412 congruentite,humorum
2956 1333 3596 1413 temporationes,tota,

1956 1432 2174 1504 partes,
2209 1441 2385 1484 omne
2410 1442 2596 1484 unum
2631 1432 2688 1484 et
2716 1422 3057 1485 multitudo.
3099 1421 3200 1483 Est
3229 1431 3431 1484 autem
3460 1424 3598 1504 quid

1954 1531 2138 1573 unum
2170 1511 2502 1573 secundum
2538 1511 2975 1589 colligationem
3010 1511 3366 1592 partium,ut
3393 1512 3619 1588 homo,

1952 1600 2083 1678 bos;
2112 1609 2280 1662 etest
2306 1619 2486 1662 unum
2512 1601 2839 1662 secundum
2867 1600 3261 1662 multitudinis
3291 1600 3596 1678 unionem,

1951 1700 2012 1752 ut
2043 1691 2315 1771 pepulus,
2352 1690 3246 1770 congregatio,grex.Cujusque
3276 1689 3419 1752 item
3445 1709 3598 1770 qua-

213 1782 356 1837 κκτὰ
415 1782 514 1857 γὰρ
545 1781 604 1836 τὸ
653 1782 844 1859 θερμὸν
901 1783 960 1837 τὸ
1016 1788 1117 1859 πῦρ
1171 1782 1247 1855 τῷ
1279 1782 1389 1861 ἀέρι
1449 1784 1750 1860 ἑνούμενον,
1776 1793 1867 1841 τοῦ

1964 1781 2085 1843 litas
2108 1799 2174 1841 ac
2193 1779 2636 1860 quantitaszhoc
2656 1780 2816 1841 enim
2841 1788 2933 1841 est
2954 1779 3598 1858 quale,elementorum

215 1870 403 1934 ὓδατος
450 1871 760 1950 χωρίζεται,
792 1869 861 1927 Ἠ
892 1869 946 1927 ἐν
1000 1875 1117 1934 τοῖς
1152 1876 1424 1949 μεγέθεσιν
1471 1873 1703 1952 ἀπειρία,
1734 1876 1866 1931 κατὰ
1948 1868 3600 1942 οοηιῐηιιηὶοηεεειο(1ἱειὶηοιίοηεεΩιιθωεόωοάιιωεηὶω

217 1962 321 2028 την
374 1958 650 2038 διαίρεσιν⁶
680 1962 715 2027 ἡ
762 1960 817 2016 ἐν
866 1972 985 2021 τοῖς
1039 1961 1284 2039 ἀριθμοῖς
1340 1962 1553 2039 ἀπειρία
1582 1965 1718 2019 κατὰ
1771 1964 1866 2030 τὴν

1964 1958 2174 2039 aliquid
2217 1960 2386 2021 alteri
2418 1959 2640 2031 unitur,
2672 1958 2757 2021 sic
2787 1960 2861 2021 ab
2912 1960 3098 2022 altero
3145 1968 3478 2040 separatur;
3513 1959 3601 2021 sic

219 2053 521 2125 πρόσθεσιν·
559 2055 662 2104 πᾶν
705 2048 894 2128 πέρας,
931 2050 975 2105 οἱ
1032 2049 1399 2127 ἑρμηνευτικοὶ
1429 2049 1581 2129 λόγοι
1633 2053 1869 2131 πάντων,

223 2143 277 2195 αἱ
329 2137 523 2212 τάξεις,
559 2141 609 2193 αἱ
641 2140 771 2214 πρὸς
820 2136 1030 2205 ἄλληλα
1073 2141 1358 2220 ὑπερεχαῖ,
1392 2145 1533 2197 πᾶσα
1586 2142 1755 2217 οὖσὶα,
1789 2145 1875 2197 ἀἱ

226 2232 260 2294 ἡ
320 2228 376 2283 ἐν
432 2230 565 2304 αὐτῇ
623 2228 751 2298 ἕξις,
811 2234 955 2284 πᾶσα
1027 2228 1241 2302 δύναμις
1300 2234 1386 2284 κιὶ
1453 2229 1713 2309 ἐνέρχεια,
1787 2233 1876 2288 καὶ

229 2323 371 2373 πᾶσι
406 2315 677 2388 αἴσθησις,
709 2316 805 2372 καί
848 2316 1033 2395 λόγος,
1069 2319 1156 2373 καὶ
1207 2318 1407 2396 ἐπαφὴ,
1441 2317 1602 2397 ἤγουν
1653 2326 1870 2398 γνῶσις,

226 2408 316 2463 καὶ
378 2405 677 2484 ἐπιστήμη,
709 2407 796 2461 καὶ
851 2412 993 2462 πᾶσα
1043 2404 1227 2471 ἕνωτις
1283 2406 1349 2462 δι’
1381 2408 1643 2483 ἀγνωσίας
1703 2430 1873 2488 προσ·

228 2495 493 2555 ϐάλλουσα
546 2510 662 2559 τοῖς
693 2497 977 2573 κρείττοσι,
1014 2498 1098 2553 καὶ
1150 2504 1253 2553 πᾶν
1285 2497 1365 2570 ὃν,
1401 2498 1450 2563 ἐξ
1491 2501 1672 2575 αὒτοῧ,
1706 2502 1791 2555 καὶ
1821 2499 1874 2554 ἐν

229 2588 395 2665 αὖτῷ,
428 2586 519 2641 καὶ
562 2587 636 2648 εἷς
667 2586 816 2663 αὖτὸ,
849 2586 935 2640 καὶ
980 2588 1107 2664 πρὸς
1140 2587 1266 2641 αὗδ)
1322 2589 1437 2665 ἰρᾷ,
1471 2589 1557 2642 κιὶ
1581 2588 1668 2642 ὑπ’
1724 2592 1879 2645 αὐτοῦ

229 2674 536 2755 συνέχεται,
567 2675 655 2730 καὶ
707 2676 762 2729 ἐν
821 2678 961 2748 αὐτῷ
1021 2681 1163 2730 πᾶσα
1206 2674 1375 2753 ἀρχὴ,
1411 2676 1445 2744 ἢ
1506 2674 1873 2752 παραδειγμα-

228 2764 375 2838 τικῆ,
406 2765 534 2840 πρὸς
593 2763 661 2830 ἢν
691 2765 887 2840 γίνεται
945 2765 1004 2820 τὸ
1038 2762 1342 2841 γινόμενον·
1380 2772 1535 2822 τοῦτο
1561 2763 1617 2820 δε
1669 2763 1811 2820 ἐστιν
1839 2767 1873 2833 ἡ

226 2852 361 2932 ἰδέα,
413 2850 532 2919 ἥτις
575 2850 685 2908 ἐστὶ
741 2848 923 2919 νόησις
985 2851 1298 2927 αὒτοτελὴς,
1330 2851 1505 2918 ἀίδιος
1560 2860 1651 2909 τοῦ
1702 2852 1874 2910 ἀϊδίου

228 2949 385 3001 Θεοῦσ
449 2941 486 3009 ἢ
516 2939 721 3013 τελικὰ,
757 2944 842 2998 καὶ
906 2945 972 3010 ἧς
1006 2941 1159 2998 ἕνεκα
1215 2944 1276 2998 τὸ
1305 2942 1584 3020 γινόμενον
1633 2942 1872 3001 τελειοῦ-

230 3049 334 3086 ται⁶
393 3030 430 3098 ἢ
460 3032 740 3102 ποιητικὴ,
772 3032 808 3099 ἡ
868 3031 1245 3111 κεχωρισμένη
1279 3038 1370 3089 τοῦ
1416 3030 1872 3110 ἀποτελέσματος·

225 3121 261 3186 ἦ
290 3118 488 3194 εἷδική,
519 3120 548 3176 ὃ
589 3121 787 3198 γίνεται
830 3122 893 3176 τὸ
923 3119 1222 3198 γίνόμενον·
1256 3121 1292 3190 ἢ
1351 3123 1728 3202 στοιχειώδης,
1761 3124 1875 3180 oio-

1955 2048 2107 2126 ignis
2139 2049 2464 2112 secundum
2492 2048 2749 2110 calorem
2784 2057 2845 2110 et
2872 2048 2996 2111 aeri
3030 2047 3233 2110 unitur
3267 2058 3325 2111 et
3355 2048 3430 2111 ab
3452 2067 3606 2130 aqua

1959 2144 2325 2213 segregatur.
2346 2135 2609 2197 infinitas
2640 2135 2698 2197 in
2732 2135 3241 2215 magnitudinibus
3269 2138 3600 2199 secundum

1957 2224 2399 2295 divisionetn,in
2433 2226 2697 2286 numeris
2718 2226 3050 2287 secundum
3078 2225 3600 2300 additionemmm.

1961 2314 2052 2373 nis
2082 2313 2705 2393 ﬁnis,interpretantes
2728 2332 3038 2376 sermones
3059 2316 3600 2390 ontnium,ordines

1960 2412 2176 2463 mutua“:
2200 2403 2790 2477 excellentiwmmnis
2811 2404 3156 2476 substantia,
3182 2413 3240 2464 et
3269 2403 3465 2464 omnis
3498 2405 3600 2465 ba-

1960 2491 2115 2553 bitus
2148 2491 2242 2572 qui
2278 2491 2337 2553 in
2370 2510 2440 2555 ea
2469 2501 2579 2567 est,
2610 2501 2670 2555 et
2701 2493 2896 2554 omnis
2928 2494 3011 2554 vis
3059 2501 3118 2553 et
3166 2491 3510 2567 efﬁcacitas,
3542 2502 3602 2554 et

1962 2582 2153 2642 «tinnis
2181 2589 2489 2661 sensus,et
2508 2583 2750 2662 ratio,et
2776 2592 2962 2643 tactus
2993 2583 3113 2643 sive
3141 2584 3600 2654 notio,etscien-

1961 2671 2060 2741 tia,
2097 2677 2155 2733 et
2183 2672 2379 2731 omnis
2409 2673 2546 2733 unio
2598 2691 2729 2752 qua
2781 2691 2887 2753 per
2938 2673 3369 2751 ignorationem
3417 2671 3603 2734 rebus

1957 2759 2196 2839 optimis
2225 2761 2560 2841 conjungit,
2594 2770 2652 2823 et
2672 2781 2850 2823 omne
2880 2762 3037 2843 quod
3070 2770 3261 2841 est,ex
3286 2760 3506 2843 ipso,et
3537 2762 3599 2823 in

1956 2848 2175 2930 ipso,et
2202 2848 2275 2911 ad
2308 2849 2502 2929 ipsum
2536 2858 2647 2923 est,
2682 2859 2740 2912 et
2769 2859 3015 2931 spectat.
3044 2862 3106 2913 et
3134 2850 3208 2912 ab
3241 2857 3367 2930 ipso
3398 2851 3601 2913 conti-

1959 2946 2152 3008 netur,
2192 2947 2250 3000 et
2280 2938 2339 2999 in
2372 2939 2503 3021 ipso
2564 2939 2763 3003 existit
2821 2959 2999 3002 omne
3048 2940 3410 3019 principium
3469 2939 3596 3002 sive
3637 2971 3651 2984 -

1958 3030 2661 3111 exemplare,secuudum
2688 3035 2841 3112 quod
2868 3032 2930 3094 iit
2952 3031 3014 3094 id
3033 3032 3192 3113 quod
3226 3032 3314 3108 iit;
3341 3033 3454 3094 hoc
3486 3052 3603 3094 au-

1961 3129 2081 3183 tem
2108 3128 2203 3182 est
2242 3120 2398 3197 idea,
2445 3137 2577 3201 qua;
2605 3130 2694 3182 est
2723 3122 3046 3193 intellectio
3079 3139 3185 3201 per
3214 3138 3279 3184 se
3311 3121 3603 3203 perfecta,

227 3211 301 3266 νεὶ
357 3210 515 3272 ὑλικὴ
555 3208 607 3275 ἐξ
665 3208 724 3266 οὖ
754 3208 1146 3290 ἐνυπάρχοντος
1204 3212 1400 3288 γίνεται
1457 3215 1517 3269 τὶ
1574 3213 1876 3291 γινόμενον,

1964 3215 2347 3290 sempiterna,
2383 3209 2737 3289 sempiterni
2766 3210 2897 3281 Dei;
2949 3215 3072 3272 sive
3106 3210 3310 3284 ﬁnale,
3342 3218 3403 3272 et
3432 3212 3606 3290 cujus

232 3300 329 3357 Καὶ
387 3300 559 3355 πάντα
587 3299 653 3355 τα
709 3298 832 3355 ὄντα
862 3298 922 3354 ἐκ.
976 3305 1071 3355 τοῦ
1099 3297 1265 3355 καλου
1321 3300 1460 3381 ἐστι,
1493 3302 1581 3358 καὶ
1611 3302 1782 3358 πάντα
1812 3300 1878 3356 τὰ

1964 3300 2146 3379 gratia
2177 3298 2235 3360 id
2266 3299 2424 3381 quod
2457 3299 2522 3361 iit
2556 3300 2886 3381 perficitur,
2909 3304 3034 3362 sive
3056 3298 3507 3380 eiiiciens,quod
3527 3301 3604 3362 ab

230 3392 325 3447 οὐκ
384 3385 508 3444 ὄντα
568 3387 630 3443 ἐκ
682 3395 776 3443 τοῦ
830 3386 997 3444 καλοῦ
1052 3387 1151 3463 μὲν
1199 3388 1258 3445 οὗ
1306 3386 1576 3468 λεγονται,
1609 3389 1725 3449 οὐδέ
1780 3391 1878 3467 γὰρ

1964 3388 2175 3449 eil‘ectu
2231 3397 2566 3469 separatum
2613 3398 2725 3466 est;
2759 3393 2883 3451 sive
2932 3389 3202 3469 formale,
3246 3388 3404 3470 quod
3448 3389 3512 3449 ﬁt
3542 3388 3603 3450 id

231 3477 420 3558 ἔχουσι
470 3477 740 3548 σύστασιν,
767 3475 887 3533 ἀλλ’
936 3475 991 3532 ἐν
1037 3484 1114 3551 τῷ
1143 3477 1293 3552 καλῴ
1350 3480 1468 3535 εἶσι·
1512 3478 1725 3556 λέγεται
1780 3480 1878 3557 γὰρ

1964 3477 2121 3554 quod
2146 3477 2519 3559 producitur;
2553 3478 2677 3541 sive
2717 3479 3088 3541 elementare
3117 3496 3224 3540 seu
3260 3477 3598 3558 materiale,

229 3569 290 3623 τὸ
317 3565 483 3623 καλὸν
511 3568 667 3622 τοῦτο
698 3566 1125 3647 ἀφαιρεματικῶς
1155 3566 1263 3623 ἀπὸ
1292 3567 1529 3630 πάντων,

1964 3585 2035 3628 ex
2059 3567 2231 3645 cujus
2263 3566 2530 3646 subjecto
2563 3567 2627 3627 (it
2653 3567 2716 3630 id
2744 3568 2899 3648 quod
2948 3568 3035 3630 fit.
3086 3565 3159 3627 Et
3198 3566 3404 3628 omnia
3434 3585 3603 3646 quat-

232 3672 468 3737 cunque
523 3662 666 3715 sunt
714 3671 789 3716 ex
838 3653 997 3717 bono
1050 3662 1209 3735 sunt,
1244 3662 1304 3719 et
1348 3673 1719 3740 quaecunque
1770 3674 1888 3717 non
1945 3663 2089 3718 sunt
2131 3675 2166 3717 a
2216 3656 2466 3737 pulchro
2523 3656 2765 3738 quidem
2823 3674 2940 3719 non
3000 3654 3485 3735 denominantur,
3516 3656 3609 3717 si-

232 3745 473 3828 quidem
504 3761 624 3806 non
657 3742 877 3807 habent
904 3753 1145 3822 statum,
1177 3745 1281 3808 sed
1313 3743 1374 3807 in
1405 3744 1654 3827 pulchro
1683 3753 1823 3808 sunt
1859 3767 1876 3820 ;
1934 3743 2155 3808 dicitur
2180 3751 2379 3807 autem
2410 3744 2522 3808 hoc
2551 3746 2865 3827 pulchrum
2897 3746 2974 3809 de
3002 3743 3280 3808 omnibus
3308 3762 3417 3826 per
3438 3744 3609 3808 abla-

230 3841 479 3898 tionem.

314 3923 345 4005 §
400 3922 506 3988 Χῖ·
540 3924 811 3985 Ἐντεῦθεν
867 3921 1130 3981 εἰσϐάλλει
1166 3924 1283 4003 περὶ
1341 3923 1559 4006 ἔρωτος,
1596 3927 1683 3983 καί
1723 3946 1878 4006 φησυ

2049 3923 2078 4004 §
2113 3921 2209 3986 XI.
2237 3925 2376 3986 598
2406 3924 2518 3988 Hic
2548 3925 2623 3987 de
2651 3944 2855 3988 amore
2884 3943 3222 3987 sermonem
3268 3923 3610 3986 introducit

236 4021 402 4071 Πᾶσιν
458 4014 544 4071 οὖν
576 4013 686 4071 ἐστι
716 4016 777 4071 τὸ
824 4012 989 4070 καλὸν
1018 4014 1105 4072 καὶ
1164 4013 1371 4093 ἐφετὸν,
1402 4017 1488 4072 καὶ
1539 4016 1784 4096 ἑραστὸν,
1814 4013 1878 4077 δι’

1964 4034 2035 4074 ac
2058 4014 2160 4077 ait:
2178 4011 2473 4077 Omnibus
2491 4015 2669 4095 igitur
2689 4015 3002 4096 pulchrum
3036 4023 3094 4076 et
3119 4011 3518 4077 desiderabile
3548 4021 3609 4075 et

232 4104 487 4172 αὖτὸ,καῖ
518 4105 675 4162 αὖτοῦ
702 4102 881 4182 ἕνεκα,
904 4104 991 4159 καὶ
1021 4103 1081 4159 οὗ
1121 4099 1187 4159 δι’
1238 4102 1368 4161 ἄλλο
1398 4125 1469 4178 τι,
1504 4107 1590 4162 καὶ
1621 4105 1698 4179 μὴ
1723 4104 1884 4179 μόνον

232 4191 301 4249 δι’
358 4196 518 4251 σῦτοῦ
549 4192 719 4249 πάντα
776 4194 904 4270 πρὸς
936 4190 1146 4260 ἄλληλα
1195 4194 1287 4249 τὸν
1343 4192 1513 4273 ἔρωτα
1541 4193 1750 4275 ἔχουσι.
1810 4196 1885 4253 Τὰ

232 4282 334 4357 μὲν
390 4281 542 4349 ἢττω
570 4287 676 4338 τῶν
728 4281 1041 4361 κρειττόνων
1072 4281 1515 4363 ἐπιστρεπτικῶς,
1550 4287 1614 4340 τὰ
1643 4281 1698 4339 δὲ
1745 4284 1885 4358 ὁμό-

230 4393 433 4452 στοιχα
490 4376 594 4426 τῶν
650 4374 933 4449 ὁμοταγῶν
980 4378 1326 4452 κοινωνικῶς,
1387 4374 1474 4429 καὶ
1530 4373 1597 4430 τὰ
1666 4373 1886 4452 κρείττω

229 4466 342 4517 τῶν
396 4462 636 4528 ἡττόνων
692 4463 1085 4541 προνοητικῶς,
1145 4460 1284 4517 ἀλλὰ
1337 4463 1425 4519 καὶ
1500 4463 1632 4521 αὐτὰ
1688 4464 1887 4520 ἑαυτῶν

234 4556 581 4625 συνεκτικῶς,
635 4551 725 4606 καὶ
780 4550 974 4627 πάντα,
1024 4551 1157 4628 πρὸς
1215 4552 1278 4607 τὸ
1327 4549 1499 4608 παλὸν
1553 4552 1641 4608 καὶ
1694 4551 1890 4630 ἀγαθὸν

236 4639 657 4713 ἀπεώυνόμὲνα,
693 4644 898 4696 ποιοῦσι
952 4641 1038 4696 καὶ
1068 4639 1348 4716 βούλονται
1404 4639 1504 4696 ’ὃσα
1534 4649 1744 4699 ποιοῦσι
1803 4640 1891 4697 καὶ

236 4726 546 4805 βούλονταιο
580 4729 667 4785 καὶ
696 4726 882 4793 ἁπλῶς
941 4728 1114 4786 πάντα
1142 4726 1395 4798 ἀλλήλων
1424 4730 1513 4785 καὶ
1543 4729 1745 4787 ἑαυτῶν
1774 4728 1885 4808 ἐρᾷ,

239 4819 330 4875 καὶ
381 4820 411 4875 ὁ
441 4819 570 4880 Θεὸς
627 4816 843 4875 πάντων
874 4815 992 4899 ἐρᾷ,
1023 4816 1117 4874 ἵνα
1145 4819 1212 4874 τὰ
1242 4818 1413 4875 πάντα
1443 4818 1614 4897 ἀγαθὰ
1660 4819 1885 4894 ποιήσῃ.

245 4907 345 4963 Διᾶ
374 4906 530 4965 τοῦτό
574 4910 685 4964 ἐστι
718 4907 804 4963 καὶ
832 4908 860 4963 ὁ
889 4911 1034 4972 θεῖος
1064 4906 1196 4986 ἔρως
1228 4911 1313 4965 καὶ
1334 4906 1555 4987 ἀγαθὸς,
1580 4909 1668 4964 καὶ
1699 4908 1894 4986 ἄγαθοῦ

239 4997 582 5077 πράγματος,
615 4993 915 5062 ἐπιτηδείου
944 4996 1018 5059 εἰς
1048 4997 1077 5053 ὃ
1106 4997 1327 5077 ἀγαθὸν,
1355 4997 1442 5054 καὶ
1469 4994 1554 5053 διὰ
1579 4998 1645 5053 τὸ
1671 4996 1888 5075 ἀγαθόν’

238 5085 337 5143 ’ἱνα
393 5087 495 5164 γὰρ
545 5084 805 5163 τελειώσῃ
848 5088 936 5143 καὶ
978 5086 1189 5164 συνέξῃ,
1246 5088 1334 5144 καὶ
1387 5086 1610 5165 ἁγιάσῃ,
1668 5088 1890 5166 γίνεται.

242 5177 411 5241 Οὗτος
464 5176 565 5255 γὰρ
595 5178 623 5232 ὃ
680 5174 810 5254 ἔρως
839 5175 935 5233 καΐ
991 5177 1055 5233 τὸ
1112 5184 1270 5234 Θετον
1318 5175 1557 5244 ἐκίνησεν
1586 5177 1659 5243 εἷς
1716 5197 1889 5257 παρα-

238 5265 432 5344 γωγῆν
475 5267 633 5341 ἡμῶν
676 5267 765 5322 καί
808 5266 1081 5343 πρόνοιαν,
1109 5266 1202 5323 ’ίνα
1248 5267 1335 5323 καὶ
1388 5267 1676 5345 πρακτικὸν
1706 5264 1893 5334 Ξσηται

244 5356 332 5410 καὶ
390 5356 722 5431 κιιούμενον,
753 5356 841 5412 καί
886 5356 964 5431 μὴ
994 5356 1149 5433 μείνῃ
1178 5354 1390 5435 ἄγονον,
1447 5353 1613 5413 Ἀλλὰ
1643 5377 1891 5432 σημειω-

237 5464 388 5518 τεον,
424 5441 507 5499 ὅτι
558 5446 617 5503 οὐ
667 5442 751 5500 δεῖ
778 5444 1065 5525 προσέχειν
1118 5457 1241 5509 ταῖς
1271 5442 1496 5519 λέξεσιν,
1528 5442 1666 5503 ἀλλὰ
1695 5451 1765 5523 τῇ
1793 5443 1891 5502 δυ-

240 5532 403 5607 ναμει
463 5534 555 5590 τοῦ
583 5554 807 5593 σκοπου.
842 5533 1005 5597 Θείως
1058 5535 1157 5613 γὰρ
1190 5534 1321 5591 αὐτὰ
1350 5536 1379 5591 ὁ
1421 5531 1582 5613 λόγος
1624 5530 1888 5603 διέξεισιν

240 5619 364 5680 ὡδὶ
421 5623 523 5703 γὰρ
602 5620 964 5703 προσεεύομεν
1020 5626 1120 5693 την
1175 5621 1476 5701 tuo)pr
1530 5632 1625 5683 τοῦ
1674 5622 1891 5701 ἶρωτος,

1966 4103 2221 4165 amabile
2244 4112 2333 4164 est
2356 4114 2596 4185 propter
2619 4123 2684 4167 se
2702 4114 2759 4166 et
2786 4105 2878 4166 sui
2899 4123 3095 4185 causa,
3130 4111 3188 4164 et
3217 4120 3335 4163 non
3366 4110 3612 4183 propter

1966 4192 2188 4273 aliquid
2214 4192 2396 4267 aliud,
2428 4200 2627 4256 etnon
2658 4196 2846 4256 solum
2883 4212 2989 4276 per
3017 4211 3083 4256 se
3113 4200 3314 4254 omnia
3343 4191 3417 4254 ad
3446 4192 3604 4254 invi-

1968 4301 2097 4344 cem
2130 4299 2398 4344 amorem
2442 4282 2681 4346 habent.
2729 4283 2798 4345 Et
2829 4282 3110 4346 inferiora
3143 4282 3380 4363 quidem
3410 4289 3615 4343 amant

1968 4372 2306 4452 superiora,
2331 4374 2736 4436 convertenda
2761 4392 2825 4435 se
2841 4375 2914 4435 ad
2938 4382 3094 4448 ea;el
3115 4390 3246 4453 quae
3284 4381 3419 4434 sunt
3441 4372 3612 4453 ejus-

1972 4461 2107 4523 dem
2141 4461 2599 4542 ordinis,amant
2628 4462 2721 4526 sui
2744 4464 3124 4537 similia,cum
3158 4462 3232 4524 iis
3268 4461 3611 4523 communi-

1972 4549 2161 4613 cando
2186 4570 2201 4611 :
2229 4558 2291 4611 et
2333 4552 2642 4632 superiora
2670 4552 2955 4614 inferiora
2988 4549 3351 4632 providendo
3383 4550 3527 4624 illis;
3556 4559 3616 4612 et

1970 4638 2205 4717 singula
2233 4658 2299 4702 se
2323 4638 2474 4720 ipsa,
2508 4641 2914 4705 conservando
2945 4658 3035 4718 se,
3071 4640 3341 4703 etomnia
3374 4638 3447 4701 ad
3472 4638 3611 4718 pul-

1973 4729 2179 4791 chrum
2206 4738 2263 4790 et
2285 4727 2508 4793 bonum
2528 4730 2753 4793 directa
2772 4731 3079 4794 faciuntac
3106 4729 3307 4791 volunt
3327 4745 3609 4810 quascun-

1973 4836 2089 4898 que
2124 4818 2345 4880 l'aciunt
2403 4837 2470 4881 ac
2527 4819 2749 4898 volunt;
2800 4828 2860 4883 et
2911 4818 3268 4900 simpliciter
3315 4816 3518 4879 omnia
3547 4834 3615 4878 se

1976 4915 2180 4968 mutuo
2212 4917 2271 4970 et
2298 4908 2495 4989 seipsa
2523 4918 2747 4991 amant,
2781 4918 2842 4972 et
2888 4908 3049 4971 Deus
3103 4919 3265 4969 amat
3294 4905 3519 4983 omnia,
3553 4915 3619 4967 ut

1975 4994 2178 5059 omnia
2206 4996 2362 5059 bona
2396 4998 2628 5061 reddat.
2663 4999 2952 5072 Quocirca
2980 4998 3160 5061 etiam
3194 4995 3428 5059 divinus
3448 5014 3618 5058 amor

1977 5094 2036 5148 et
2067 5085 2257 5148 bonus
2285 5094 2399 5161 est,
2432 5096 2490 5148 et
2519 5088 2606 5149 rei
2640 5088 2813 5150 bonae
2840 5088 2916 5150 ad
2948 5089 3168 5150 bonum
3201 5086 3615 5160 conducentis,

1977 5184 2036 5235 et
2065 5184 2308 5256 propter
2336 5174 2582 5258 lmnum;
2615 5178 2680 5240 lit
2725 5179 2882 5240 enim
2916 5186 2980 5240 ut
3010 5176 3300 5259 perﬁciat,
3333 5184 3393 5239 et
3421 5174 3617 5236 conti-

1978 5271 2201 5338 neat,et
2221 5264 2891 5349 sanctilicet.Siquidem
2917 5267 3013 5331 hic
3028 5285 3196 5329 amor
3219 5264 3395 5328 etiam
3426 5266 3613 5327 Deum

1979 5353 2165 5415 movit
2184 5351 2258 5414 ad
2287 5354 2473 5416 nostri
2495 5357 2954 5436 productionem
2977 5376 3046 5419 ac
3074 5353 3526 5436 providentiam,
3552 5362 3619 5414 ut

1976 5442 2155 5506 etiam
2189 5451 2393 5522 ageret
2416 5462 2487 5507 ac
2510 5455 2871 5522 moveretur,
2911 5464 3020 5508 nec
3071 5443 3293 5508 sterilis
3342 5459 3618 5504 remane-

1973 5541 2088 5596 ret.
2117 5532 2458 5598 Notandum
2508 5543 2729 5608 autem,
2787 5554 2906 5598 non
2955 5536 3112 5615 ipsas
3144 5532 3464 5607 dictiones,
3509 5532 3618 5594 sed

1980 5622 2094 5686 vim
2108 5622 2278 5705 scopi
2305 5624 2729 5688 attendendam
2749 5623 3124 5690 esse.Divine
3156 5621 3317 5686 enim
3330 5622 3458 5685 haec
3488 5621 3622 5709 ipse
