4086 6206
480 284 587 352 771

1652 286 1717 358 S.’
1764 287 2094 359 DIONYSII
2157 288 2667 359 AIiEOPAGszE

3726 288 3832 357 77‘2

475 439 678 483 sermo
697 423 1095 504 explicat,non
1120 422 1277 487 enim
1304 425 1645 489 invocamus
1671 433 1864 508 ipsum
1888 446 2106 490 nomen

2197 431 2263 491 ὡς
2322 433 2370 488 οἱ
2404 420 2700 497 ”Ελληνες¹
2764 428 2877 488 οὔδε
2908 430 3007 507 γάρ
3065 428 3175 486 ἐστι
3219 437 3371 488 τοῦτο
3428 428 3569 485 ἴδιον
3615 434 3720 485 τῶν
3772 432 3833 485 τὲ

471 511 785 585 amoris,ut
815 514 1303 596 gentilesmeque
1321 517 1435 578 hoc
1462 519 1766 597 proprium
1791 527 1882 586 est
1902 535 2113 579 eorum

465 600 570 680 qui
600 617 646 661 rt
669 619 697 662 s
726 601 956 664 divinas
981 604 1311 683 intelligere
1334 613 1605 686 cupiunt,
1639 607 1740 669 sed
1774 626 1952 668 sonos
1987 608 2111 669 exi-

472 687 558 751 les
579 694 1379 769 auretenusadmittunt,nec
1403 696 1875 759 eosintrinsecus
1897 696 2114 757 admis-

471 795 568 867 sos
588 778 771 860 ipsam
794 781 1054 844 animam
1082 793 1394 863 penetrare
1406 786 1630 859 sinunt,
1643 805 1832 867 neque
1848 786 2002 848 scire
2017 804 2113 847 vo-

471 866 619 945 lunt,
654 871 1176 952 aequipollentibus
1198 876 1375 936 etiam
1402 866 1926 955 dictionibus,quae
1954 875 2111 937 mul-

471 965 592 1019 tum
636 960 859 1022 terreni
891 963 1148 1043 sapiunt,
1173 983 1269 1025 res
1294 964 1522 1027 divinas
1561 971 1825 1046 expromi
1869 965 2113 1026 minime

469 1047 799 1130 prohiberi;
826 1051 929 1112 sed
955 1052 1168 1115 stolide
1212 1054 1526 1116 elementis
1563 1072 1630 1115 ac
1670 1053 2030 1115 dictionibus
2055 1064 2112 1115 et

470 1135 715 1215 syllabis
744 1137 1002 1201 animam
1030 1160 1145 1202 non
1175 1143 1650 1222 penetrantibus,
1687 1142 1791 1204 sed
1826 1142 2110 1204 extrinse-

469 1242 576 1287 cus
596 1244 774 1288 aures
801 1228 1155 1292 l'erientibus
1182 1231 1447 1293 tenacius
1474 1233 1799 1303 adhaerent;
1837 1251 1903 1292 ac
1921 1232 1967 1292 si
1992 1252 2107 1295 non

471 1315 649 1378 liceat
678 1326 934 1398 quatuor
965 1338 1069 1398 per
1096 1318 1185 1381 bis
1217 1320 1333 1383 duo
1368 1320 1834 1402 signiﬁcare,aut
1870 1321 2107 1400 simpli-

469 1421 572 1467 ces
608 1406 796 1468 lineas
836 1417 1052 1471 rectas.
1098 1406 1327 1471 Similis
1349 1410 1530 1481 enim,
1567 1411 1687 1471 imo
1711 1409 1917 1472 eadem
1942 1421 2105 1485 sunt,

470 1494 594 1557 sive
617 1495 749 1575 quis
771 1496 1100 1558 secundum
1127 1498 1451 1561 Cretenses
1477 1500 1745 1560 matriam
1781 1499 1962 1580 dicat,
1988 1500 2111 1561 sive

466 1584 789 1645 secundum
827 1604 935 1649 nos
967 1587 1239 1667 patriam,
1275 1598 1336 1649 et
1367 1589 1452 1651 sic
1482 1589 1556 1651 de
1585 1589 1835 1652 caeteris.
1864 1587 1948 1651 Ne
1983 1596 2110 1650 sin-

2195 523 2315 576 θεϊι.
2345 535 2511 577 νοετιν
2542 518 2987 592 ἐθελόντων,ἁλλ’
3019 519 3228 575 ἐκείνων
3262 526 3365 575 τῶν
3396 519 3515 583 τοὺς
3551 516 3726 597 ἤχους
3754 516 3834 574 δε·

2195 611 2447 690 χομένων
2481 607 2641 688 μέχρι
2675 610 2779 665 τῶν
2816 608 3018 682 ὥντων,
3051 612 3135 664 καὶ
3179 604 3489 672 ἆὸιαϐέτους
3524 605 3715 672 ἔξωθεν
3745 610 3834 674 τῆς

2194 704 2380 780 ψυχῆς
2438 700 2770 778 συνεχόντων
2804 698 3010 778 αὖτοὺς,
3048 699 3134 754 καὶ
3190 699 3267 769 μὴ
3308 696 3572 754 θελόντων
3634 695 3835 778 εἰδέναι,

2195 787 2275 845 ὅτι
2335 791 2421 846 καὶ
2498 787 2582 845 διὰ
2636 786 2961 863 ὶσοδυνάμων
3031 786 3225 853 λέξεων
3286 786 3422 844 πολὺ
3478 791 3531 845 τὸ
3593 789 3836 867 χαμηλὸν

2197 878 2434 959 ἐχουσῶν
2494 880 2552 935 οὗ
2609 876 2917 952 Αωλυόμεθα
2975 877 3235 956 ἐκφωνεϊν
3309 877 3402 940 τὰς
3453 878 3602 937 θείας
3662 875 3833 940 λέξεις·

2197 969 2656 1048 προσπασχόντων
2706 967 2759 1022 δὲ
2791 965 3033 1035 ἆιογίτως
3066 967 3354 1046 στοιχείοις
3412 969 3502 1023 καὶ
3533 965 3731 1040 λέξεσι,
3761 967 3843 1022 καὶ

2197 1054 2486 1122 συλλαϐαῖς
2538 1058 2614 1132 μὴ
2647 1053 3028 1120 διαϐαινούσαις
3077 1056 3151 1115 εἷς
3198 1055 3405 1135 ψυχὴν,
3439 1054 3565 1111 ἀλλ’
3616 1056 3715 1118 ἔξω
3749 1077 3840 1111 που

2193 1150 2311 1225 περὶ
2358 1148 2422 1202 τὰ
2450 1147 2562 1201 ὦτα
2610 1146 3008 1224 περιηκοόσαις,
3045 1144 3224 1222 ὥσπερ
3281 1147 3323 1199 εἷ
3358 1145 3434 1218 μὴ
3493 1143 3564 1212 ἢν
3598 1144 3713 1210 ἐξὸν
3759 1146 3840 1199 τον

2192 1235 2419 1312 τέσσαρα
2474 1238 2641 1292 εἰπεῖν
2701 1233 2784 1290 διὰ
2841 1244 2932 1292 τοῦ
2987 1233 3061 1298 δὶς
3122 1233 3232 1314 δΰο,
3294 1234 3330 1302 ἢ
3386 1236 3451 1290 τὰ
3506 1236 3845 1311 εὒθύγραμμα

2193 1329 2558 1405 δρθόγραμμα.
2609 1316 2824 1399 ’Ὅμοια
2858 1325 2958 1400 γὰρ
2988 1324 3075 1380 καὶ
3131 1325 3191 1379 τὰ
3223 1324 3378 1402 αὒτὰ,
3418 1323 3449 1391 ἢ
3492 1325 3593 1391 τῆς.
3631 1320 3845 1398 μητρίδα

2194 1417 2328 1472 κατὰ
2386 1415 2506 1479 τοὺς
2590 1423 2795 1493 Κρῆτας
2857 1410 3079 1491 πατρίδα
3156 1415 3325 1469 εἰπεῖν
3384 1412 3497 1469 καθ’
3560 1414 3723 1487 ὑμᾶς,
3767 1415 3847 1468 καὶ

2193 1504 2384 1577 τᾶλλα,
2416 1503 2508 1560 ’ἕνα
2559 1507 2636 1579 μὴ
2664 1502 2779 1559 καθ’
2822 1502 3045 1559 ἕκαστον
3078 1501 3451 1577 διατρίϐωμεν,
3484 1501 3609 1558 δέον
3640 1499 3846 1581 εἰδέναι,

2197 1591 2276 1649 ὅτι
2321 1606 2436 1657 τοῖς
2487 1594 2665 1672 λόγοις
2727 1590 2810 1648 δ;ὰ
2868 1593 2962 1654 τὰς
3014 1591 3279 1658 αἰσθήσεις
3338 1593 3625 1671 χρώμεθα.
3675 1592 3851 1647 ’Πνίκα

471 1674 606 1751 gula
621 1676 1387 1757 recenseamus,sciendum
1417 1697 1521 1739 cur
1543 1678 1738 1741 verbis
1752 1688 1810 1741 et
1835 1680 2109 1742 sensibus

2197 1686 2296 1761 γὰρ
2340 1686 2429 1739 τὸν
2462 1685 2779 1762 προφορικὸν
2835 1682 3019 1738 τοῦτον
3052 1680 3208 1758 λόγον
3259 1690 3505 1757 κινοῦμεν
3539 1683 3663 1760 περί
3718 1703 3849 1742 τινος

469 1762 979 1835 utamur.Quando
1007 1768 1161 1826 enim
1189 1784 1525 1828 sermonem
1546 1766 1646 1848 qui
1674 1767 2109 1847 pronuntiatur.

2198 1778 2304 1828 τῶν
2354 1774 2639 1845 αἰσθητῶν,
2693 1772 2813 1828 τότε
2873 1770 3065 1836 λέξεων
3120 1774 3209 1827 καὶ
3268 1778 3481 1849 γραφῶν
3536 1774 3627 1827 καὶ
3686 1770 3851 1847 λόγων

472 1870 778 1915 movemus
800 1854 875 1916 de
891 1854 1096 1917 sensili
1119 1857 1471 1937 aliquo,tum
1496 1857 1858 1919 dictionibus
1887 1868 1944 1919 et
1967 1862 2109 1919 scri-

2197 1860 2419 1937 δεόμεθα
2472 1864 2598 1940 πρὸς
2669 1859 2898 1930 δήλωσιν
2959 1862 3051 1917 τοῦ
3121 1859 3472 1933 καλουμένοσ,
3540 1862 3600 1918 Εἰ
3658 1858 3712 1916 δὲ
3765 1859 3849 1938 ἄρ’

470 1942 658 2022 pluris
679 1952 736 2003 et
757 1942 952 2005 verbis
979 1963 1126 2025 opus
1176 1945 1467 2007 habemus
1488 1946 1560 2006 ad
1596 1947 1745 2026 ejus,
1774 1947 1929 2027 quod
1955 1947 2109 2009 dici-

2198 1951 2388 2016 ἐαυτῆς
2415 1953 2449 2019 ἡ
2485 1952 2639 2031 ψυχὴ
2698 1952 2827 2029 πρὸς
2854 1951 2918 2007 τὰ
2979 1951 3143 2016 νοητὰ
3200 1951 3435 2006 κινεῖται
3479 1949 3569 2005 διὰ
3599 1957 3708 2006 τῶν
3763 1951 3848 2025 6,:-

466 2032 1151 2107 tnr,declarationem.Si
1179 2044 1374 2097 autem
1393 2037 1592 2096 anima
1623 2056 1654 2097 ει
1684 2037 1884 2117 seipsa
1912 2037 1983 2098 ad
2022 2037 2109 2098 in-

2197 2043 2299 2097 ﬁci):
2348 2040 2645 2117 ἐνεργειῶν,
2696 2041 2934 2118 περιτταὶ
2991 2039 3128 2113 μετὰ
3189 2045 3296 2094 τῶν
3355 2040 3627 2106 αἰσθητῶν
3681 2040 3733 2094 αἱ
3774 2040 3844 2095 αἰ-

466 2120 794 2200 telligibilia
824 2131 1116 2200 movetur;
1144 2124 1202 2186 in
1227 2125 1403 2186 rectis
1430 2125 1874 2205 operationibus
1905 2145 2109 2207 super-

2197 2131 2431 2199 σθήσειςθ
2491 2129 2673 2205 ὑψηλὰ
2726 2131 2824 2208 γὰρ
2881 2129 3227 2208 φαντάζεται.
3294 2118 3471 2185 ’Ὅταν
3513 2127 3574 2183 δὲ
3621 2127 3849 2194 θεοειδὴς

469 2210 574 2272 ﬂui
595 2220 732 2272 sunt
748 2230 882 2272 cum
906 2213 1227 2275 sensilibus
1249 2213 1769 2289 sensus,sublimia
1785 2216 1946 2277 enim
1964 2216 2110 2277 ima-

468 2301 1022 2380 ginantur.Quando
1034 2313 1231 2365 autem
1251 2303 1558 2366 deiformis
1572 2304 1784 2366 effecta
1805 2304 1982 2366 fuerit
1996 2305 2106 2367 ele-

464 2387 800 2450 vationibus
824 2389 1100 2470 paulatim
1129 2392 1469 2472 proficiens,
1502 2400 1684 2470 atque
1718 2410 1827 2468 per
1848 2387 2104 2472 ignotam

464 2478 748 2541 unionem
773 2480 1211 2543 intellectiones
1251 2499 1389 2543 suas
1432 2481 1490 2542 in
1545 2481 1851 2544 inaccesso
1885 2483 2109 2544 lumine

467 2567 899 2650 babuerit,tum
935 2569 1112 2632 etiam
1143 2570 1552 2649 intelligibiles
1582 2572 1956 2652 operationes
1976 2581 2112 2634 sunt

465 2658 803 2738 superﬂuae,
827 2658 983 2721 sicut
1005 2671 1065 2722 et
1084 2678 1318 2737 sensus,
1346 2663 1624 2743 quoniam
1651 2661 1740 2723 his
1763 2660 2112 2724 sublimiora

463 2747 683 2826 cogitat
716 2748 914 2811 anima
938 2749 1063 2829 jam
1098 2752 1222 2812 Deo
1252 2751 1437 2813 unita.
1472 2752 1613 2812 599
1633 2750 1881 2824 Quando
1909 2757 2107 2812 autem

470 2854 642 2898 mens
671 2837 838 2898 humi
862 2839 1133 2919 repentia
1162 2858 1264 2901 seu
1290 2841 1600 2902 terrestria
1641 2840 2020 2921 imaginatur,
2051 2848 2113 2902 et

451 2926 528 2988 ‘in
558 2927 761 2988 sensili
784 2927 980 3009 aliquo
1010 2929 1236 2990 moveri
1268 2929 1490 3004 studet,
1519 2940 1656 2991 tunc
1682 2931 1965 2993 clariores
1987 2949 2085 2992 ser

2192 2218 2411 2295 γένηται
2490 2221 2863 2297 προγόπτιυσα
2910 2231 3031 2281 ταῖς
3105 2218 3239 2291 μετὰ
3306 2218 3494 2295 μικρὸν
3570 2215 3850 2275 ἁνατᾶσεσι

2190 2307 2278 2362 καὶ
2310 2304 2376 2361 δι’
2407 2307 2646 2364 ὲνώσεως
2676 2307 2951 2384 ἀγνώστου
2980 2308 3108 2383 πρὸς
3150 2307 3211 2361 τὸ
3265 2306 3555 2382 ἀπρόσιτον
3604 2313 3718 2384 φῶς
3761 2306 3847 2368 τὰς

2191 2394 2442 2458 ἐπιϐολὰς
2502 2395 2638 2475 ἔχῃ,
2671 2397 2790 2453 τότε
2847 2398 2935 2452 καὶ
2995 2399 3042 2451 αἱ
3076 2396 3249 2472 νοεραὶ
3308 2394 3571 2472 ἐνέργειαι
3620 2402 3851 2473 περιτταί

2195 2486 2349 2562 εἰσιν,
2381 2488 2452 2547 ὡς
2507 2489 2592 2542 καὶ
2625 2489 2676 2542 αἱ
2732 2487 3022 2557 αίσθήσεις,
3056 2482 3241 2551 ἐπειδὴ
3274 2485 3339 2540 τὰ
3387 2484 3701 2563 ὑψηλότερα
3730 2486 3847 2541 τού-

2194 2595 2300 2629 των
2330 2574 2366 2640 εη
2409 2575 2562 2654 ψυχὴ
2593 2573 2906 2653 διανοεῖται,
2940 2573 3129 2630 λοιπὸν
3178 2573 3426 2648 ἡνωμένη
3462 2579 3605 2646 Θεῷ.
3671 2565 3848 2632 ’Ὅταν

2194 2660 2248 2718 δὲ
2308 2665 2334 2718 6
2383 2674 2501 2726 νοῦς
2549 2662 2865 2744 χαμαίζηλοι
2895 2668 3190 2743 φαντασθῇ,
3236 2666 3323 2720 καὶ
3367 2665 3486 2735 περί
3540 2687 3688 2729 τινος
3750 2664 3847 2719 ἀπὸ

2192 2761 2299 2812 τῶν
2365 2756 2625 2821 αἰσθητῶν
2682 2751 2881 2830 σπεύδῃ
2958 2757 3259 2827 κινηθῆναι,
3316 2752 3438 2809 τότε
3497 2754 3620 2819 τοὺς
3685 2775 3846 2832 σαφε-

2199 2845 2411 2917 στέρους
2471 2842 2658 2922 λογους
2714 2844 2800 2901 καὶ
2859 2844 2924 2898 τὰ
2981 2842 3265 2920 τρανότερα
3322 2849 3428 2899 τῶν
3480 2845 3690 2922 δρατιιιν
3741 2845 3846 2922 χρὴ

2200 2935 2557 3012 ἐπιλέγεσθαι,
2594 2932 2724 2991 διότι
2769 2935 3109 3013 ἁτρανώτων,
3143 2936 3231 2991 καὶ
3288 2932 3500 3004 ἀδήλων
3530 2942 3643 2991 τῶν
3676 2957 3846 3012 παρα-

473 3033 714 3097 mones,
733 3030 789 3079 et
824 3036 955 3098 quae
983 3018 1044 3079 in
1070 3018 1248 3080 rebus
1270 3018 1602 3083 visibilibus
1629 3019 1882 3081 maxime
1897 3019 2109 3100 perspi-

2198 3027 2457 3101 κειμένων
2511 3038 2631 3086 ταῖς
2666 3022 2964 3090 αἰσθήσεσιν
3008 3022 3172 3081 ὄντων
3215 3022 3330 3081 οὔδε
3388 3025 3518 3081 αὐτὰ
3550 3028 3603 3081 αἱ
3664 3026 3845 3094 αἰσθη-

468 3122 579 3167 cna
598 3107 1018 3186 sunt,seligere
1051 3116 1306 3188 oportet,
1326 3108 1550 3191 quippe
1580 3110 1817 3190 quando
1847 3108 1950 3170 illa
1978 3128 2113 3189 qua;

467 3195 745 3258 sensibus
772 3196 1006 3278 objecta
1035 3207 1174 3260 sunt
1206 3198 1454 3260 minime
1485 3200 1739 3280 liquent,
1764 3206 1827 3260 et
1856 3197 2106 3262 obscura

469 3289 781 3361 exsistunt,
816 3295 938 3347 tum
988 3287 1195 3369 utique
1237 3306 1451 3350 sensus
1480 3307 1549 3351 ea
1582 3306 1718 3370 qua:
1748 3298 2104 3371 occurrunt,

467 3373 658 3436 menti
689 3375 991 3454 porrigere
1022 3396 1140 3438 non
1172 3386 1334 3440 recte
1360 3386 1666 3458 poterunt.

548 3463 580 3544 §
608 3463 735 3527 XII.
772 3463 886 3527 Sed
920 3483 996 3528 ne
1025 3467 1152 3529 haec
1197 3467 1402 3529 dicere
1430 3467 1740 3529 videamur
1780 3466 1854 3529 ad
1884 3467 2112 3531 divinas

468 3548 805 3633 Scripturas
825 3553 1505 3638 immutandas,agedum
1518 3574 1592 3619 ex
1616 3556 1761 3639 ipsis
1783 3554 2109 3638 Scripturis

468 3643 687 3705 amoris
706 3662 923 3706 nomen
946 3645 1576 3708 astruamus.Adducit
1606 3645 1786 3725 igitur
1817 3650 1875 3707 in
1899 3654 2106 3708 testem

465 3732 660 3814 ipsum
687 3731 1065 3796 Salomonem
1094 3743 1154 3797 et
1182 3753 1456 3815 magnum
1492 3733 1806 3816 lgnatium,
1832 3744 1891 3798 et
1912 3735 2109 3799 denuo

468 3821 1048 3905 Salomonem,cujus
1070 3825 1246 3887 etiam
1272 3825 1449 3887 verba
1479 3824 1811 3887 divinorum
1843 3825 2110 3887 introdu-

471 3911 701 3977 ctiones
730 3914 1106 3976 oraculorum
1157 3923 1217 3976 et
1254 3914 1494 3977 umbras
1515 3915 1717 3994 gratiae
1747 3933 1880 3976 esse
1911 3913 2105 3996 tradit;

474 4019 551 4063 ne
580 3999 720 4082 quid
751 4002 932 4078 igitur
960 4021 1068 4065 nos
1098 4002 1160 4064 in
1194 4005 1307 4065 hoc
1340 4013 1556 4068 terreat
1576 4004 1666 4066 vel
1701 4003 2110 4085 perturbet,si-

471 4090 712 4171 quidem
766 4091 1022 4171 theologi
1071 4111 1390 4155 commune
1435 4101 1685 4156 censent
1727 4111 1860 4157 esse
1890 4112 2112 4156 nomen

473 4180 694 4242 amoris
712 4179 1161 4261 etdilectionis;
1194 4182 1520 4264 quinetiam
1556 4183 1823 4246 nonnulli
1856 4183 2113 4245 divinius

473 4287 607 4332 esse
638 4277 844 4350 putant
873 4289 1094 4333 nomen
1120 4273 1360 4354 amoris,
1397 4281 1672 4354 tanquam
1695 4272 2110 4350 occultius,si-

472 4367 572 4422 cut
600 4360 777 4421 etiam
811 4360 1001 4440 magis
1031 4362 1655 4436 absonum.Quantum
1689 4361 1850 4424 enim
1875 4362 2113 4426 videtur

2201 3137 2311 3181 σεις
2370 3113 2679 3185 δυνήσονται
2736 3112 2915 3178 καλῶς
2974 3119 3311 3192 παραστῆσαι
3369 3118 3447 3187 τῷ
3494 3120 3571 3188 νῷ
3601 3114 3667 3170 τὰ
3716 3115 3846 3170 ὑπο-

2194 3206 2434 3280 κείμενα.

2278 3470 2306 3551 §
2364 3451 2498 3534 XII.
2532 3470 2678 3539 Πλὴν
2735 3470 2826 3528 ’ίνα
2866 3473 2944 3548 μὴ
3008 3468 3246 3548 δοκῶμεν
3316 3477 3733 3548 παρακινοῦντες
3786 3471 3846 3525 τὰ

2191 3563 2313 3617 θεῖα
2370 3560 2548 3639 λόγια,
2584 3559 2680 3639 ἄγε
2737 3561 2841 3618 ἀπὸ
2895 3567 3000 3617 τῶν
3050 3567 3269 3641 Γραφῶν
3326 3562 3761 3639 παραστήσωμεν
3791 3561 3846 3615 τὸ

2194 3657 2287 3707 τοῦ
2343 3651 2537 3729 ἔρωτος
2596 3649 2785 3726 ὄνομα.
2842 3650 2998 3729 Φέρει
3030 3650 3154 3729 γοῦν
3210 3652 3301 3706 τον
3331 3648 3659 3723 Σολομῶντα
3712 3648 3845 3726 μαρ-

2194 3760 2346 3818 τυρα,
2377 3741 2464 3796 καὶ
2513 3741 2602 3796 τὸν
2632 3739 2799 3817 μέγαν
2844 3736 3122 3818 Ἰγνάτιον·
3185 3742 3273 3797 καὶ
3330 3739 3490 3796 πάλιν
3547 3741 3641 3795 τὸν
3676 3736 3844 3795 Σολο-

2195 3833 2404 3908 μῶντα,
2448 3830 2509 3884 οὗ
2563 3830 2650 3885 καὶ
2704 3830 2771 3885 τὰ
2825 3827 3039 3908 ῥήματα
3094 3828 3499 3907 προεισαγωγέις
3550 3833 3661 3883 τῶν
3702 3828 3843 3884 θείων

2193 3915 2389 3996 λογίων
2437 3919 2620 3997 φησὶν,
2672 3920 2747 3985 ὡς
2806 3920 2960 3983 σκιὰς
3015 3923 3112 3985 τῆς
3168 3919 3414 3997 χάριτος·
3473 3916 3605 3974 ὣστι
3658 3919 3737 3992 μῆ
3766 3937 3843 3979 τις

2194 4008 2336 4081 ἡμᾶς
2393 4004 2760 4083 δεδιττόμενος
2803 4009 2890 4064 καὶ
2944 4004 3182 4086 ἐκφοϐῶν
3238 4005 3521 4085 θορυϐείτω
3552 4009 3673 4084 περὶ
3726 4008 3841 4061 τού-

2194 4114 2309 4152 τουσ
2364 4096 2411 4153 οἱ
2467 4096 2566 4174 γὰρ
2627 4095 2868 4173 θεολόγοι
2930 4098 3104 4154 κοινὸν
3134 4093 3304 4171 ὄνομα
3350 4097 3574 4151 τίθενται
3633 4097 3695 4151 τὸ
3749 4098 3836 4161 τῆς

2196 4185 2409 4264 ἀγάπης
2446 4188 2534 4243 καὶ
2562 4186 2623 4243 τὸ
2669 4192 2763 4244 τοῦ
2794 4185 3012 4266 ἔρωτος,
3044 4185 3182 4249 τινὲς
3242 4184 3295 4240 δὲ
3325 4182 3521 4241 τούτων
3553 4186 3643 4239 ui
3700 4184 3836 4240 θειό-

2196 4294 2348 4353 τερον
2391 4272 2558 4350 ὄνομα
2599 4274 2823 4332 τίθενται
2857 4277 2917 4331 τὸ
2967 4284 3060 4333 τοῦ
3088 4273 3305 4353 ἔρωτος,
3341 4276 3414 4336 ὡς
3458 4271 3834 4351 κρυφιωδέστεκ

2197 4386 2309 4444 ρον,
2345 4365 2472 4421 καθὸ
2504 4365 2589 4421 καὶ
2637 4363 2999 4444 ἀτοπώτερον,
3056 4358 3230 4422 ’Ὅσον
3287 4363 3387 4441 γὰρ
3429 4361 3665 4439 ἀπρεπὲς
3720 4361 3835 4442 φαί-

469 4448 759 4512 indecens
789 4458 848 4512 et
871 4450 1087 4514 divinis
1119 4471 1237 4514 non
1267 4454 1889 4527 conveniens,tantum
1924 4459 2017 4514 est
2059 4460 2109 4514 et

2201 4474 2343 4510 νεται
2403 4454 2490 4510 καὶ
2518 4466 2636 4518 τοῖς
2695 4454 2852 4518 θείοις
2883 4451 3107 4527 ἀπᾷδον,
3140 4452 3393 4510 τοσοῦτόν
3422 4451 3533 4507 ἐστι
3571 4451 3662 4506 καὶ
3717 4451 3835 4528 χρό-

471 4539 793 4615 occultum,
826 4540 966 4603 dum
1001 4543 1325 4624 quaerimus
1368 4542 1663 4625 quomodo
1717 4548 1776 4603 et
1826 4559 2006 4619 quam
2039 4541 2109 4605 ob

2199 4565 2341 4620 cptov,
2389 4547 2688 4613 ζητοῦντων
2747 4545 2923 4623 ἡμῶν,
2959 4542 3103 4608 ὅπως
3161 4543 3248 4599 καὶ
3307 4540 3375 4611 διΪ
3433 4540 3499 4608 ἢν
3542 4540 3644 4607 τὴν
3682 4541 3836 4595 αἰτίαν

473 4648 711 4693 causam
745 4631 832 4692 sic
864 4639 1123 4696 vocetur.
1150 4631 1295 4697 Cum
1328 4624 1443 4697 hoc
1476 4634 1772 4712 itaque,nt
1801 4631 1990 4693 Deum
2016 4630 2109 4694 de-

2199 4631 2363 4689 οὕτων
2395 4630 2626 4711 λέγεται.
2680 4634 2875 4690 Τούτου
2904 4632 3030 4711 γοῦν
3059 4630 3363 4708 θεοπρεπῶς
3397 4627 3528 4704 παρ’
3559 4631 3718 4704 ἡμῶν
3747 4624 3833 4681 λε-

474 4726 589 4802 cet,
622 4737 657 4781 a
688 4717 861 4782 nobis
890 4719 1114 4784 dictum
1147 4721 1459 4804 sit,vulgns
1490 4721 1968 4801 bominnm,cum
1993 4738 2109 4781 non

2197 4720 2448 4800 γομένου,
2480 4723 2546 4777 τὰ
2601 4720 2778 4792 πλήθη
2831 4722 2912 4797 μὴ
2966 4723 3292 4802 χωρήσαντα
3345 4720 3408 4776 τὸ
3464 4715 3695 4779 ὲνοεεδὲς
3748 4719 3835 4780 τῆς

470 4809 661 4890 capiat
681 4808 1146 4874 nnit‘ormitatem
1178 4812 1450 4876 amatorii
1483 4809 1743 4874 nominis
1775 4808 1985 4884 divini,
2021 4809 2109 4871 vel

2197 4809 2456 4891 ἐρωτικῆς
2504 4812 2820 4891 θεωνυμίας,
2850 4811 2886 4879 ἢ
2917 4808 3035 4869 καθ’
3085 4811 3152 4877 ἣν
3190 4812 3218 4866 6
3255 4811 3385 4873 Θεὸς
3419 4806 3513 4886 ἐρᾷ
3538 4813 3646 4863 τῶν
3674 4804 3836 4861 ἀπάν-

471 4898 801 4960 secundum
835 4918 1011 4980 quam
1044 4900 1201 4963 Deus
1229 4910 1385 4964 amat
1415 4899 1748 4981 omnia,qui
1778 4906 1869 4961 est
1892 4899 2109 4961 unicus

2197 4921 2321 4974 των,
2356 4902 2384 4956 6
2428 4900 2651 4977 ἑνιαϊος,
2684 4902 2774 4958 καὶ
2831 4898 3058 4976 ἁπλοῦς,
3090 4899 3179 4957 καὶ
3226 4899 3358 4976 ὑπὲρ
3420 4903 3521 4953 πᾶν
3574 4895 3704 4975 ἔρως
3757 4893 3838 4948 καὶ

473 4994 531 5051 et
552 4987 830 5068 simplex;
863 4997 921 5052 et
951 5009 1130 5071 supra
1160 4995 1357 5053 omnia
1397 5010 1585 5064 amor,
1630 5008 1826 5070 neque
1857 4998 1949 5050 est
1972 4988 2109 5051 divi-

474 5095 575 5140 sus
608 5077 667 5138 in
702 5078 852 5140 fines
885 5080 1124 5161 multos,
1158 5085 1266 5144 sed
1317 5089 1382 5144 ‘in
1416 5101 1621 5162 unum,
1657 5080 1797 5170 dum
1831 5076 2114 5141 omnibus

476 5168 629 5230 bene
658 5166 818 5247 facit,
853 5168 942 5231 vel
974 5171 1301 5232 secundum
1336 5191 1511 5253 quam
1571 5188 1680 5231 nos
1720 5166 1913 5249 ipsum
1944 5186 2112 5230 ama-

474 5276 630 5333 mus;
657 5276 791 5320 nam
819 5259 994 5321 etiam
1023 5260 1119 5323 hic
1141 5261 1484 5323 amorillius
1506 5257 1825 5322 uniformis
1858 5277 1989 5320 esse
2006 5256 2116 5320 de-

475 5347 766 5431 bet,juxta
787 5348 956 5413 illud:
984 5352 1215 5433 Diliges
1255 5350 1586 5414 Dominum
1625 5350 1816 5413 Deum
1845 5356 2011 5410 tuum
2040 5364 2119 5410 ea:

475 5446 600 5503 tota
624 5446 822 5502 mente
846 5448 1041 5517 qu,el
1062 5458 1137 5503 ex
1153 5448 1281 5504 tota
1296 5443 1503 5502 anima
1528 5446 1658 5521 tua,
1682 5444 1738 5502 et
1757 5453 1834 5500 ex
1853 5440 1992 5500 lotis
2018 5436 2108 5499 vi-

472 5527 642 5592 ribus
656 5530 777 5593 tuis
790 5528 922 5606 8,ita
944 5538 1008 5593 nt
1036 5530 1096 5593 in
1119 5530 1317 5593 anima
1343 5529 1496 5593 nulli
1534 5527 1707 5594 alteri
1730 5526 1923 5593 amori
1946 5525 2116 5591 locus

556 5695 578 5728 ι
601 5679 777 5745 Deut.
807 5696 890 5767 vr,
923 5682 962 5744 ὅ
995 5705 1012 5763 ;
1041 5683 1249 5752 Matth.
1285 5699 1431 5764 χχιι,
1460 5682 1559 5747 37.

2195 4991 2273 5066 μὴ
2330 4987 2716 5064 ἐσκεδασμένος
2761 4992 2833 5052 εἷς
2892 4988 3022 5057 τέλη
3077 4986 3278 5067 πολλὰ,
3311 4983 3433 5043 ἀλλ’
3466 4985 3539 5051 εἷς
3585 4984 3642 5040 ἓν
3669 4985 3726 5041 τὸ
3776 4981 3837 5038 τὰ

2196 5080 2369 5136 πάντα
2412 5081 2829 5159 ἀγαθοποιῆσαι,
2878 5080 2910 5149 ἢ
2969 5080 3087 5136 καθ’
3144 5078 3208 5146 ἣν
3253 5075 3456 5155 ἐρῶμεν
3513 5075 3692 5132 αὺτοῦ·
3758 5075 3836 5130 καὶ

2197 5169 2348 5233 οὗτος
2396 5169 2497 5248 γὰρ
2528 5170 2557 5225 6
2588 5168 2720 5243 ἔρως
2766 5169 2925 5225 αὺτοῦ
2955 5166 3190 5236 ἐνοειδὴς
3244 5163 3512 5245 ὀφείλεται
3544 5164 3686 5219 εἶναι
3716 5159 3837 5217 κατὰ

2198 5258 2281 5318 τό.
2331 5256 2660 5336 ’Λγαπήσεις
2725 5259 2911 5338 Κύριον
2966 5258 3058 5314 τὸν
3117 5256 3246 5313 Θεόν
3306 5276 3402 5310 σου
3445 5249 3497 5318 ἐξ
3555 5250 3688 5319 ὅλης
3745 5254 3834 5327 τῆς

2199 5345 2427 5413 διανοίας
2472 5370 2587 5427 σου,
2648 5349 2735 5405 καὶ
2789 5347 2842 5412 ἐξ
2896 5345 3027 5414 ὅλης
3089 5344 3186 5414 τῆς
3250 5348 3438 5423 ψυχῆς
3497 5363 3615 5413 σου,
3649 5341 3734 5397 καὶ
3788 5338 3835 5410 ἐξ

2198 5435 2331 5504 ὅλης
2373 5437 2472 5503 τῆς
2504 5437 2692 5517 ἰσχύος
2746 5459 2862 5517 σου,
2895 5436 2973 5514 μῆ
3003 5435 3224 5516 ἔχοντος
3257 5433 3443 5514 χώραν
3472 5430 3648 5511 ἐτέρου
3703 5427 3835 5509 ἔρω-

2197 5547 2288 5594 τος
2344 5525 2399 5585 ἐν
2456 5524 2525 5606 τῇ
2548 5533 2640 5586 τοῦ
2671 5525 2804 5587 Θεοῦ
2833 5525 3007 5609 ἐρώτη
3038 5530 3216 5609 ψυχῇ.
3251 5521 3461 5593 Ταύτην
3496 5519 3583 5581 οὗν
3628 5520 3727 5590 τὴν
3754 5524 3839 5579 τοῦ
