4086 6206
264 329 392 403 773

717 334 815 405 es
862 330 1155 403 DIVlNIS
1198 325 1651 414 NOMINIBUS,
1697 326 1862 397 CAP.
1910 332 1921 392 ι

2005 377 2015 388 .
2069 364 2139 375 -
2187 324 2572 393 PARAPHH.
2620 328 3134 396 PACHYM‘ERIE.

3527 328 3644 400 774

268 469 470 549 ἔρωτος
517 470 812 547 θεωννμίαν
840 472 906 527 τὰ
951 467 1128 539 πλήθη
1160 470 1220 526 06
1265 468 1613 548 χωρήσαντα,
1647 464 1921 531 ὲξώλισθον

2009 462 2085 525 sit
2110 481 2284 544 quam
2318 463 2505 525 amori
2537 464 2757 526 divino.
2794 466 2923 527 Hoc
2972 464 3151 543 igitur
3193 467 3375 528 divini
3430 470 3654 531 amoris

269 559 362 619 ἰπὶ
407 564 502 617 τὸν
555 560 956 640 σωματοπρεπῆ
1006 562 1093 616 καὶ
1143 557 1468 637 διῃρημένον
1519 558 1606 613 καὶ
1656 556 1924 634 μεριστόν

269 649 444 714 ἄλλος
487 652 575 730 γὰρ
616 650 779 709 ἄλλοι)
834 653 950 725 ἒρᾷ,
996 650 1082 706 καὶ
1134 646 1295 711 ἄλλος
1345 644 1508 703 ἄλλοι)
1538 644 1737 723 ἐφίεται
1795 645 1929 700 κατᾶ

270 741 371 796 τὸν
428 750 667 800 τοιοῦτον
695 742 887 817 ἔρωτα,
922 740 980 802 ὃς
1038 740 1133 796 οὐκ
1163 736 1304 794 ἔστιν
1355 735 1558 803 ἀληθὴς
1604 734 1757 817 ἔρως,
1794 732 1930 789 ἀλλὰ

271 828 488 904 μᾶλλον
518 815 766 901 εἴδωλον,
801 828 837 897 ἢ
867 815 1133 893 ἔκπτωσις
1161 834 1256 886 τοῦ
1283 826 1422 885 θείου
1452 824 1668 903 ἔρωτος.
1707 815 1801 888 Ὠς
1831 824 1930 902 γὰρ

267 920 307 988 ἡ
364 920 692 996 κομμωτικὴ
726 919 822 987 τῆς
863 923 1225 996 γυμναστικῆς
1280 913 1504 972 εἴδωλόν
1532 915 1668 994 ἐστι,
1699 915 1760 971 τὸ
1801 935 1931 995 φαι-

273 991 501 1083 νόμενον
563 991 1002 1088 έπιχρωννύουσα
1044 1005 1268 1086 κάλλος,
1312 1004 1443 1085 ὅπερ
1489 1005 1625 1061 κατὰ
1652 991 1932 1073 -ἂλήθνειαν

269 1099 308 1165 ἡ
340 1099 680 1177 γυμναστικὴ
732 1109 905 1175 ποιεῖ,
940 1098 1027 1152 καὶ
1075 1098 1110 1165 ἡ
1140 1094 1472 1171 ὀψαρτυτικὴ
1516 1091 1610 1161 τῆς
1665 1093 1928 1165 ίατρικῆς’

272 1186 419 1245 οὕτω
473 1188 560 1244 καὶ
615 1188 643 1243 ὁ
701 1188 1034 1262 σωματικὸς,
1092 1184 1289 1263 ἔρωτος
1345 1192 1440 1243 τοῦ
1494 1184 1634 1240 θείου
1704 1180 1928 1238 εἴδωλόν

271 1274 446 1357 ἔστιν,
482 1276 709 1333 ἔκκαίων
762 1276 850 1333 καὶ
899 1277 1051 1338 οὗτος
1106 1275 1204 1343 τὴν
1258 1274 1465 1353 ψυχὴν,
1498 1270 1617 1328 ἀλλ’
1673 1272 1745 1336 είς
1786 1268 1930 1328 ὠδὶν

269 1366 557 1443 ἀγαπητὸν
612 1368 702 1422 καὶ
753 1366 1006 1440 μόνιμον,
1038 1364 1075 1432 ἢ
1134 1361 1340 1439 μᾶλλον
1384 1360 1667 1426 ἔκπτωσις·
1724 1360 1930 1424 ἐκεῖνος

270 1456 377 1533 γὰρ
408 1457 437 1511 ὸ
464 1457 608 1517 θεῖος
658 1453 789 1533 ἔρως
847 1454 1046 1510 οίκετός
1081 1452 1192 1510 ἔστι
1223 1458 1290 1520 τῆ
1325 1456 1507 1531 ψυχῇ,
1545 1453 1698 1513 οὗτος
1741 1446 1795 1505 δὲ
1826 1448 1927 1505 ἆλ-

273 1543 486 1624 λότριος
518 1546 608 1601 καὶ
657 1543 940 1608 ἱινοίκειος.
977 1536 1152 1603 ’Ὅθεν
1181 1544 1267 1601 καὶ
1322 1546 1421 1609 τῆς
1454 1542 1639 1621 ψυχῆς
1696 1542 1928 1620 φυσικῶς

272 1636 366 1689 καὶ
421 1633 559 1690 κατὰ
591 1635 751 1713 χάριν
808 1633 1043 1713 ἐχούσης
1093 1633 1324 1712 ὲφίεσθαι
1384 1636 1475 1688 τοῦ
1517 1630 1681 1692 ὄντως
1739 1628 1926 1708 καλοῦ,

269 1722 361 1778 καὶ
421 1722 549 1799 πρὸς
602 1724 695 1778 τὸν
735 1720 899 1794 ζῆλον
953 1721 1113 1779 αὐτοῦ
1142 1719 1615 1798 διαθερμαίνεσθαι,
1665 1717 1929 1796 ἐγγίνεται

2011 570 2232 614 nomen
2256 552 2460 629 vulgus
2489 572 2603 613 non
2639 552 3001 634 intelligens,
3037 574 3105 615 ac
3136 574 3399 618 amorem
3436 576 3646 638 corpo-

2010 658 2178 703 reum
2212 651 2270 702 et
2299 641 2655 703 distractum
2684 661 2752 703 ac
2778 642 3028 704 divisum
3056 644 3350 725 dilapsum
3378 648 3652 718 est;alius

2013 731 2172 790 enim
2205 730 2363 791 aliud
2397 738 2578 810 amat,
2613 738 2670 791 et
2700 730 2851 791 alius
2874 731 3035 792 aliud
3067 735 3289 813 appetit
3321 738 3648 801 secundum

2014 817 2347 881 istiusmodi
2378 837 2666 899 amarem,
2701 818 2805 901 qui
2850 839 2966 882 non
3004 830 3092 882 est
3121 840 3293 884 verus
3322 841 3508 903 amor,
3545 826 3646 891 sed

2017 909 2203 988 magis
2234 909 2612 970 simulacrum
2647 908 2735 970 vel
2789 910 3082 991 prolapsio
3114 911 3186 972 ab
3218 931 3421 975 amore
3450 914 3649 977 divino

2014 998 2183 1061 Sicut
2211 999 2369 1060 enim
2401 1017 2498 1061 ars
2526 998 2764 1060 fucandi
2816 1000 3198 1062 simulacrum
3235 1012 3326 1063 est
3371 1009 3514 1064 artis
3542 1025 3647 1086 gy-

2017 1088 2494 1162 mnasticaa,dum
2526 1087 2659 1150 fuco
2681 1089 2894 1150 coloris
2917 1090 3421 1169 pulchritudinem
3443 1095 3651 1156 menti~

2017 1186 2317 1259 tur,quam
2343 1195 2549 1239 revera
2571 1196 2670 1240 ars
2700 1178 3064 1241 exercitandi
3095 1189 3153 1240 et
3194 1180 3486 1244 culinaria
3517 1202 3649 1245 me-

2014 1268 2213 1329 dicina
2258 1268 2594 1343 conferunt;
2613 1269 2698 1330 sic
2724 1270 2904 1331 etiam
2933 1288 3100 1331 amor
3122 1287 3444 1351 corporeus
3468 1273 3650 1335 simu-

2014 1356 2241 1418 lacrum
2268 1358 2603 1419 estamoris
2649 1358 2856 1433 divini,
2889 1377 3022 1421 cum
3056 1359 3151 1421 hic
3184 1361 3359 1423 etiam
3390 1362 3647 1424 animam

2013 1446 2433 1522 accendat,sed
2459 1448 2531 1509 ad
2565 1447 2711 1508 nihil
2734 1447 3027 1527 diligibile
3054 1467 3123 1510 ac
3145 1449 3527 1530 stabile,quin
3549 1471 3651 1533 po-

2015 1536 2128 1597 tius
2142 1536 2364 1598 amoris
2395 1536 2594 1617 lapsus
2625 1547 2719 1599 est
2746 1557 2759 1599 :
2787 1537 3081 1618 siquidem
3106 1538 3337 1601 divinus
3360 1540 3458 1602 ille
3483 1559 3652 1603 amor

2016 1625 2290 1706 proprius
2336 1639 2425 1687 est
2466 1626 2703 1701 animae,
2740 1628 2837 1689 hic
2867 1636 3060 1689 autem
3106 1628 3334 1690 alienus
3364 1637 3424 1691 et
3451 1639 3651 1693 extra-

2013 1734 2186 1778 neus.
2211 1713 2380 1778 Unde
2403 1715 2579 1779 etiam
2624 1723 2838 1779 anima:
2863 1716 3207 1778 naturaliter
3232 1727 3290 1781 et
3318 1720 3649 1783 secundum

273 1810 375 1886 μὲν
430 1812 465 1879 ἡ
524 1812 750 1878 τοιαάτη
806 1810 976 1890 θέρμη
1007 1811 1094 1867 καὶ
1150 1810 1379 1877 κίνησις·
1445 1807 1585 1875 πλὴν
1628 1807 1921 1864 ἐκπίπτειέ

2012 1804 2256 1883 gratiam
2293 1805 2528 1868 insitum
2559 1813 2671 1879 est,
2693 1815 2758 1867 ut
2778 1824 2980 1868 verum
3004 1808 3144 1869 400
3174 1808 3393 1870 bonum
3418 1819 3657 1890 appetat

174 1910 181 1917 ’
271 1907 392 1962 νοῦς
453 1905 553 1968 τῆς
582 1899 842 1968 ἀληθινῆς
893 1901 1141 1978 κρίσεως,
1173 1900 1262 1955 καὶ
1312 1897 1382 1954 δι’
1410 1895 1628 1973 ὀρέξεως
1680 1899 1928 1973 συλαγω-

272 2002 483 2069 γεϊται,
518 1991 603 2046 καὶ
660 1990 722 2046 τὸ
753 1990 985 2064 μισητὸν
1028 1990 1166 2045 κατὰ
1209 1990 1360 2067 φῦαιν
1391 1988 1633 2044 ποθεινὸν
1690 1988 1924 2064 ἡγεῖται.

266 2081 357 2136 καὶ
408 2080 478 2134 ὡς
512 2078 671 2153 μένον
727 2079 790 2135 τὸ
838 2078 1248 2157 παρερχόμενον
1284 2076 1515 2156 στέργει,
1546 2077 1721 2140 καθὼς
1765 2075 1927 2151 sip-rl-

270 2187 382 2225 ται·
446 2158 540 2233 Ὠς
596 2168 801 2224 ἑστῶτα
850 2165 1190 2246 ὲλογίσαντο,
1237 2168 1323 2222 καὶ
1385 2170 1489 2245 οὔχ
1518 2167 1588 2227 ὡς
1640 2187 1924 2245 φευγοντι,

273 2259 373 2315 Καὶ
403 2257 556 2313 τοῦτό
607 2256 749 2313 ἔστιν
776 2258 811 2324 ἦ
869 2263 962 2313 1:06
991 2256 1129 2312 θείου
1161 2255 1353 2334 ἔρωτος
1400 2254 1688 2334 ἔκπτωσις,
1724 2256 1784 2310 ἐκ
1838 2261 1930 2310 τοῦ

274 2346 510 2410 ἀπαθοῦς
544 2348 616 2409 είς
674 2346 764 2403 τὸν
798 2345 1037 2425 ἐμπαθῆ,
1071 2346 1132 2402 ἐκ
1177 2356 1269 2404 τοῦ
1297 2346 1437 2404 θείου
1482 2345 1555 2407 εἰς
1588 2346 1678 2400 τὸν
1735 2366 1925 2418 σωμα-

274 2437 445 2509 τικὸν,
484 2435 542 2492 ἔκ
600 2443 692 2492 τοῦ
749 2433 908 2493 ἆὺλου
958 2437 1030 2495 εἰς
1090 2437 1181 2491 τὸν
1232 2433 1435 2491 ἕνυλον·
1498 2434 1784 2513 ἂχώρητον
1827 2435 1926 2512 γάρ

270 2525 384 2582 ἔστι
415 2530 493 2598 τῷ
520 2531 627 2581 τῶν
671 2522 886 2581 ¹πολλῶν
921 2524 1111 2594 πλήθει
1144 2526 1204 2580 τὸ
1263 2525 1464 2580 ἑνιαῒον
1498 2534 1585 2580 τιιιᾷ
1617 2527 1753 2579 θείου
1789 2522 1922 2587 ἔρω-

2014 1902 2072 1955 et
2100 1895 2172 1955 ad
2205 1894 2495 1956 fervorem
2548 1895 2675 1974 ejus
2728 1895 3070 1976 incalescat,
3122 1899 3399 1977 quoniam
3446 1899 3650 1962 istius-

2014 1982 2175 2045 modi
2210 1984 2468 2045 calorem
2512 2001 2586 2045 ac
2632 1991 2852 2045 motum
2904 1986 3135 2063 inserit;
3168 2005 3370 2049 verum
3427 2008 3653 2053 mensa

2009 2091 2149 2134 vero
2169 2073 2400 2152 judicio
2425 2073 2750 2147 aberrat,et
2778 2092 2883 2153 per
2914 2076 3458 2158 concupiscentiam
3482 2097 3649 2141 aver-

2013 2162 2161 2224 titur
2189 2172 2246 2223 et
2281 2163 2337 2223 id
2366 2166 2521 2243 quoa!
2582 2165 2908 2225 secundum
2955 2175 3218 2231 naturam
3252 2166 3386 2227 odio
3422 2167 3649 2231 haben-

2013 2252 2150 2312 dum
2188 2252 3081 2326 est,existimatdesiderandum
3118 2266 3341 2327 esse,et
3373 2268 3648 2339 tanquam

2011 2341 2153 2421 quid
2188 2360 2547 2421 permanens
2603 2342 2659 2403 id
2722 2344 2879 2421 quod
2934 2344 3338 2405 transitorium
3369 2356 3481 2421 est,
3516 2367 3649 2410 am-

2011 2431 2309 2511 plectitur,
2334 2432 2485 2492 sicut
2507 2431 2724 2493 dictum
2746 2441 2854 2509 est,
2891 2433 3028 2513 quia
3059 2443 3334 2513 tanquam
3369 2436 3639 2498 stabilem

2007 2519 2263 2601 amabat,
2300 2532 2359 2581 et
2393 2538 2511 2582 non
2543 2531 2823 2598 tanquam
2873 2521 3161 2601 fugacem.
3196 2523 3271 2585 Et
3304 2524 3397 2586 hic
3427 2535 3517 2587 est
3544 2528 3639 2588 di-

269 2637 388 2688 τος,
420 2614 509 2671 καί
555 2611 641 2672 διὰ
689 2623 865 2693 τοῦτο,
921 2616 993 2679 ὡς
1037 2613 1450 2693 δυσχερέστερον
1499 2618 1585 2670 καὶ
1636 2611 1921 2679 διαϐεϐλη-

2012 2611 2126 2671 vini
2159 2609 2379 2671 amoris
2412 2611 2630 2689 lapsus,
2680 2629 2749 2671 ex
2783 2610 3139 2690 impassibili
3170 2617 3229 2673 in
3273 2613 3634 2692 passibilem,

268 2705 427 2780 μένον
483 2703 572 2762 ἐπὶ
604 2710 699 2763 τοῦ
752 2713 906 2777 Θεοὺ,
939 2705 1184 2760 τάττεται
1237 2705 1368 2780 πρὸς
1402 2705 1461 2759 τὸ
1494 2702 1676 2768 ἀνάξκι
1722 2704 1921 2766 τούτοις

2010 2719 2080 2760 ex
2115 2698 2317 2761 divino
2351 2699 2408 2759 in
2436 2717 2897 2780 corporeum,ex
2942 2700 3321 2763 immateriali
3362 2703 3420 2764 in
3454 2715 3641 2770 mate-

268 2795 344 2857 εἰς
380 2797 480 2862 τήν
508 2802 602 2852 τοῦ
654 2792 821 2859 ὄντως
854 2793 1049 2873 ἔρωτος
1089 2796 1308 2871 γνῶσιν,
1341 2793 1431 2849 καί
1480 2791 1618 2849 ὥστε
1648 2794 1919 2868 συντόμως

2008 2787 2239 2859 rialem;
2274 2788 2432 2866 vulgi
2461 2789 2621 2850 enim
2658 2791 2830 2852 turba
2867 2809 2987 2852 non
3035 2794 3190 2872 capit
3219 2796 3461 2854 unicum
3494 2796 3640 2859 illud

267 2881 596 2950 ἀπολυθῆναι
646 2886 745 2951 τῆς
774 2884 1023 2950 τοιαύτης
1068 2881 1453 2957 διεψευσμένης
1514 2880 1667 2949 δόξης
1716 2881 1776 2938 ἐκ
1830 2889 1917 2940 τοῦ

2005 2877 2184 2939 divini
2214 2878 2459 2950 amoris,
2486 2886 2545 2940 et
2575 2878 2822 2951 idcirco,
2850 2887 3129 2961 tanquam
3160 2878 3219 2943 id
3248 2881 3410 2958 quod
3438 2884 3643 2948 durius

266 2973 553 3051 γινώσκειν
610 2969 1043 3048 διαϐεϐλημένην
1090 2979 1183 3037 τὴν
1239 2970 1375 3037 λέξιν
1432 2973 1525 3028 τοῦ
1566 2970 1779 3050 ἔρωτος,
1831 2973 1920 3028 καὶ

2005 2967 2081 3029 sit
2109 2976 2166 3028 et
2197 2967 2383 3045 magis
2416 2986 2685 3043 exosum,
2734 2969 2809 3030 de
2868 2968 2989 3032 Deo
3049 2971 3306 3050 ponitur,
3342 2980 3404 3033 ut
3433 2973 3641 3054 vulgus

267 3064 461 3133 ἥκιστα
517 3069 597 3137 τῷ
626 3068 741 3136 Θεῷ
795 3061 1117 3141 πρέπουσαν.
1156 3058 1306 3118 Οὕτω
1347 3061 1446 3140 γὰρ
1494 3062 1582 3118 καὶ
1614 3063 1666 3117 ἓν
1715 3068 1783 3138 τῇ
1828 3061 1919 3118 οὒ-

2005 3054 2171 3118 hisce
2200 3061 2259 3116 in
2288 3056 2413 3119 veri
2428 3056 2650 3118 amoris
2666 3059 3068 3131 cognitionem
3092 3058 3639 3143 adducatur,utque

269 3151 431 3232 ρανίῳ
477 3150 722 3232 ίεραρχία
755 3153 939 3232 φησὶν,
971 3145 1052 3206 ὅτι
1102 3151 1163 3206 τὸ
1200 3147 1412 3244 ,μᾶλλον
1460 3150 1799 3231 ἀπεμςρατνον
1830 3151 1920 3206 εὖ·

2007 3145 2365 3244 compendio
2384 3144 2459 3244 ab
2490 3145 2827 3244 istiusmodi
2848 3148 2993 3209 falsa
3014 3147 3295 3226 opinione
3320 3148 3639 3227 liberetur,

268 3241 428 3320 χερὲς
486 3240 628 3297 ἐστιν
669 3240 753 3297 ἐπὶ
811 3247 943 3298 Θεοῦ
985 3238 1253 3317 λέγεσθάι,
1288 3240 1375 3294 καὶ
1404 3239 1568 3298 πλέον
1613 3246 1707 3298 τοῦ
1761 3241 1921 3307 ἧττον

2007 3234 2147 3295 dum
2178 3234 2475 3314 intelligit,
2501 3235 2675 3297 etiam
2703 3254 2947 3298 exosum
2997 3237 3145 3299 alias
3174 3239 3397 3301 amoris
3419 3259 3637 3305 nomen

270 3330 538 3410 τοιούτου,
587 3332 661 3395 ὡς
721 3330 1070 3407 ἀπαγομένης
1128 3328 1358 3385 ἐντεῦθεν
1413 3334 1512 3396 τῆς
1544 3327 1773 3395 διανοίας
1831 3330 1921 3386 εὗ-

2006 3332 2065 3385 et
2099 3322 2305 3385 inﬁma
2334 3343 2590 3405 qumque
2644 3324 2759 3406 ipsi
2790 3329 2914 3389 Deo
2943 3335 3305 3405 competere.
3355 3328 3454 3392 Sic
3478 3332 3637 3396 enim

268 3418 469 3493 κόλως,
504 3419 584 3476 ὅτι
630 3420 689 3476 06
717 3419 870 3478 τοῦτό
919 3420 1061 3476 ἐστιν
1091 3420 1120 3475 ὁ
1163 3419 1315 3491 Θεὸς,
1348 3416 1485 3475 ἀλλὰ
1511 3420 1646 3475 κατά
1671 3441 1796 3476 τινα
1825 3417 1921 3477 λό-

266 3531 362 3589 γον
391 3508 600 3584 ὸψηλὸν
625 3508 764 3566 οὕτω
818 3507 1061 3587 λέγεται.
1096 3510 1182 3570 Τίς
1218 3508 1317 3586 γὰρ
1350 3507 1639 3575 ὑπονοήσει
1671 3510 1761 3565 τὸν
1792 3511 1923 3565 Θεὸν

265 3600 535 3677 πάνθηρα,
566 3599 601 3667 ἢ
658 3598 846 3655 λέοντα
882 3621 898 3677 ς
959 3604 1083 3665 Φῶς
1123 3595 1202 3676 δὲ,
1234 3598 1271 3667 ἢ
1329 3609 1454 3677 πῦρ,
1487 3598 1521 3666 ἢ
1568 3605 1774 3674 πνεῦμα
1833 3598 1919 3655 ἐπὶ

267 3696 401 3745 Θεὸς)
458 3686 749 3765 λεγόμενον
800 3686 1004 3763 μᾶλλον
1061 3688 1239 3760 ἂπατᾷ
1267 3687 1365 3757 τὴν
1417 3685 1674 3759 διάνοιαν,
1705 3687 1918 3762 μήποτέ.

264 3799 317 3835 τι
360 3778 559 3834 τούτων
588 3776 719 3839 ἐστί.
770 3779 872 3835 Τὸν
902 3778 1060 3835 αὐτὸν
1104 3777 1299 3856 τρόπον
1329 3776 1423 3834 καῖ
1472 3776 1558 3833 ἐπὶ
1587 3787 1680 3836 τοῦ
1722 3775 1915 3855 ἔρωτος

262 3868 363 3937 τῆς
423 3870 691 3949 ivi-truc"
739 3867 826 3925 ἐπὶ
881 3870 979 3944 μὲν
1024 3876 1155 3927 Θεοῦ
1182 3870 1244 3927 τὸ
1304 3867 1559 3950 δυσχερὲς
1615 3867 1782 3944 ὄνομα
1821 3876 1916 3926 τοῦ

266 3960 463 4037 ἔρωτος
521 3960 789 4033 τάττεται,
820 3957 901 4040 ἐφ’
952 3962 1108 4036 ἡμῶν
1166 3958 1243 4031 δὲ,
1291 3958 1410 4016 ἔνθα
1467 3958 1560 4015 κα¹ἰ
1617 3957 1815 4015 ἄτοπόν
1872 3981 1921 4015 τι

264 4048 525 4112 πολλάκις
555 4048 621 4116 ἧν
652 4050 890 4116 οἷηθῆναί
934 4070 1079 4113 τινας
1110 4055 1215 4106 τῶν
1267 4047 1622 4129 χαμαιζήλων
1650 4050 1737 4105 καὶ
1767 4070 1921 4129 μοχ-

266 4141 465 4216 θηρῶν,
500 4140 534 4206 ἡ
569 4137 841 4215 ἀγάπησις
888 4136 1100 4215 λέγεται
1157 4138 1541 4218 εὖφημότερον,
1573 4138 1707 4193 κατὰ
1760 4139 1822 4193 τὸ
1863 4141 1919 4194 ὲν

260 4232 332 4303 τῇ
375 4227 563 4306 πρώτῃ
614 4234 719 4283 τῶν
754 4225 1041 4285 Βασιλειῶν
1079 4229 1223 4307 παρὰ
1270 4234 1363 4284 τοῦ
1412 4225 1576 4283 Δασίδ
1618 4227 1748 4306 πρὸς
1793 4226 1917 4284 ’[ω-

264 4315 440 4393 νοίθαμ
499 4314 811 4395 λεγόμενον.
881 4312 1031 4374 Ἐπεὶ
1084 4331 1201 4379 τοῖς
1257 4317 1422 4395 ὀρθῶς
1473 4316 1720 4372 ἀκούωσι
1783 4317 1915 4395 πρὸς

259 4410 370 4463 τῶν
426 4408 580 4484 ἰερῶν
635 4404 901 4483 θεολὸγων
958 4405 1320 4481 ταύτοδνόναμα
1378 4407 1656 4463 τάττονται
1697 4405 1761 4461 τὰ
1827 4404 1915 4463 δύο

260 4502 428 4554 ταῦτα
486 4495 722 4569 ὀνὸματα
756 4496 828 4559 εἷς
872 4496 967 4557 τὰς
1023 4494 1166 4560 θείας
1221 4494 1586 4574 ἐκφαντορίας,
1621 4495 1709 4552 καὶ
1753 4493 1914 4561 δηλοῖ

2007 3412 2181 3475 etiam
2206 3413 2263 3473 in
2292 3413 2533 3476 Calestz‘
2548 3414 2904 3477 hierarchia
2924 3414 3020 3476 ait-
3038 3416 3132 3477 «Id
3154 3416 3309 3497 quod
3329 3420 3513 3500 magis
3541 3421 3643 3483 ab-

2005 3520 2216 3564 sonum
2243 3512 2335 3565 est
2354 3512 2685 3584 opportune
2706 3504 2780 3566 de
2805 3503 2921 3565 Deo
2944 3504 3282 3586 dici,eoque
3316 3515 3501 3586 magis
3522 3528 3638 3591 quo

2000 3591 2173 3653 vilius
2199 3593 2418 3667 existit;
2438 3593 2716 3674 quoniam
2739 3593 2874 3654 hinc
2899 3593 3072 3655 facile
3097 3612 3265 3656 mens
3287 3595 3629 3676 abducitur,

2001 3689 2065 3742 ut
2085 3681 2515 3761 cogitet,Deum
2541 3701 2659 3745 non
2674 3701 2805 3744 esse
2818 3681 3281 3756 istiusmodi.sed
3307 3687 3633 3752 secundum

1999 3770 2315 3833 sublimem
2335 3771 2592 3852 aliquem
2608 3790 2846 3834 sensum
2860 3773 2943 3834 sic
2955 3773 3264 3853 appellari.
3281 3798 3302 3830 ι
3315 3774 3458 3850 Quis
3473 3779 3635 3843 enim

1998 3860 2334 3941 opinabitur
2356 3860 2544 3924 Deum
2566 3862 2916 3943 pantheram
2940 3880 3076 3925 esse
3098 3863 3183 3925 vel
3216 3864 3486 3927 leonem?
3514 3866 3637 3929 Lux

2003 3957 2200 4012 autem
2225 3950 2314 4012 vel
2337 3950 2490 4029 ignis
2515 3955 2594 4011 vel
2620 3952 2862 4031 spiritus
2889 3970 3027 4013 cum
3075 3952 3149 4013 de
3182 3955 3302 4016 Deo
3332 3954 3637 4039 dicuntur,

2004 4039 2234 4103 facilius
2292 4047 2548 4102 mentem
2600 4039 2881 4103 aberrare
2920 4041 3157 4114 faciunt,
3194 4061 3270 4105 ne
3319 4043 3469 4107 forte
3493 4048 3635 4127 quid

2003 4129 2213 4191 horum
2248 4128 2575 4192 sit.Eodem
2613 4130 2789 4193 modo
2820 4131 2995 4193 etiam
3025 4130 3101 4193 de
3127 4150 3330 4194 amere
3356 4154 3424 4195 ac
3457 4134 3637 4199 dilec-

2003 4219 2189 4298 tione;
2214 4219 2274 4282 in
2298 4220 2419 4283 Deo
2444 4220 2687 4297 quidem
2716 4239 2961 4283 exosum
2996 4221 3140 4282 illud
3177 4240 3392 4285 nomen
3416 4227 3636 4289 amoris

2002 4310 2264 4390 ponitur,
2290 4310 2351 4371 in
2385 4309 2558 4371 nobis
2588 4319 2811 4381 autem,
2846 4311 2944 4371 ubi
2975 4328 3386 4392 smpenumero
3410 4314 3634 4397 aliquid

1995 4399 2317 4462 absurdum
2351 4400 2622 4462 homines
2651 4408 2824 4462 terra!
2852 4400 3013 4462 afﬁxi
3042 4401 3327 4481 suspicari
3372 4417 3632 4484 possent,

1994 4488 2235 4551 dilectio
2266 4488 2502 4561 dicitur;
2550 4489 2707 4570 quod
2754 4506 2968 4551 nomen
3022 4490 3328 4551 honestius
3378 4492 3634 4569 videtur,

260 4583 364 4652 τὴν
422 4583 667 4641 ἑνοποιὸν
712 4585 801 4641 καὶ
859 4584 1215 4662 συγκρατικὴν
1274 4582 1491 4660 δύναμιν
1549 4583 1604 4639 ἐν
1668 4590 1744 4660 τῷ
1800 4585 1915 4659 Θεῷ

2005 4578 2160 4658 iuxta
2189 4578 2335 4640 illud
2357 4577 2514 4660 quod
2551 4580 2609 4639 in
2634 4578 2821 4658 primo
2853 4579 3077 4659 Regum
3110 4596 3144 4640 a
3176 4579 3394 4643 Davide
3440 4582 3513 4644 ad
3537 4583 3635 4647 Jo-

260 4673 697 4753 προϋφεστῶσαν,
754 4671 838 4729 διὰ
897 4674 959 4731 τὸ
1009 4672 1176 4731 καλὸν
1233 4674 1320 4729 καὶ
1363 4673 1582 4754 ἀγαθὸν,
1641 4673 1733 4730 ἵνα
1777 4696 1913 4752 συγ-

261 4768 551 4841 κιρνῶνται
606 4759 811 4831 δηλαδὴ
840 4761 907 4818 τὰ
963 4761 1133 4819 πάντα
1164 4763 1237 4825 ὡς
1285 4762 1509 4841 ἐρῶντα,
1544 4763 1713 4835 τούτῳ
1741 4760 1806 4831 δὴ
1836 4764 1915 4838 τῷ

263 4858 380 4927 Θεῷ
422 4854 495 4915 ὡς
545 4852 795 4929 ἐρωμένῳ
853 4849 1003 4926 καλῷ
1049 4854 1139 4908 καὶ
1187 4852 1392 4930 ἀγαθῷ,
1425 4853 1514 4909 καὶ
1550 4852 1612 4908 ἐκ
1640 4852 1731 4909 τοῦ
1782 4860 1913 4909 Θεοῦ

261 4938 603 5017 ινδιδομένην
634 4940 720 4999 διὰ
749 4943 808 4998 τὸ
839 4938 1005 4999 καλὸν
1034 4941 1195 5002 πάλιν
1232 4943 1320 4999 καὶ
1349 4941 1565 5022 ἀγαθὸν,
1594 4940 1687 4999 ἵνα
1714 4938 1913 5009 δηλον-

260 5031 343 5087 ὸτι
389 5030 522 5109 πρὸς
581 5028 790 5099 ἄλληλα
820 5030 886 5087 τὰ
918 5030 1016 5107 μὲν
1044 5032 1289 5111 ὁμοταγῆ
1338 5030 1666 5112 συνέχωνται
1697 5033 1771 5096 ὡς
1814 5031 1913 5088 δινᾶ

260 5119 422 5200 μέρος
480 5120 683 5200 ἐρῶντά
711 5142 770 5178 τε
802 5121 891 5178 καὶ
949 5118 1211 5199 ἐρώμεναο
1243 5121 1310 5178 τὰ
1364 5118 1421 5177 δὲ
1451 5120 1634 5197 πρῶτα
1664 5122 1794 5202 πρὸς
1850 5122 1914 5178 τὰ

257 5208 518 5289 ὑφειμένα
588 5223 829 5268 κινοτντο
884 5208 969 5265 καὶ
1042 5208 1203 5289 ὲρῷεν
1258 5219 1456 5266 τούτων
1526 5210 1909 5290 προνοούμενα,

258 5296 356 5354 ἵνα
416 5300 489 5359 ὡς
520 5298 677 5355 ἑαυτὰ
721 5299 950 5355 κάκεῖνα
977 5296 1263 5366 ποιήσωσι·
1323 5298 1388 5355 τὰ
1419 5296 1473 5353 δὲ
1532 5295 1914 5379 καταδεέστερα

256 5387 395 5464 πρὸς
451 5387 517 5443 τὰ
546 5387 806 5467 ὑπέρτερα
850 5387 1203 5465 ἆγαπὴτικῶς
1233 5386 1412 5468 ἔχοιεν
1465 5386 1907 5468 ἐπιστρεφόμενα,

254 5472 353 5531 ἵνα
409 5475 657 5553 κάκεῖνα,
694 5478 768 5540 ὡς
821 5473 1064 5553 δυνατὸν,
1092 5473 1189 5544 τῆς
1238 5474 1523 5557 ὓπερτέρας
1553 5474 1711 5543 ἕξεως
1768 5476 1912 5535 ἀπο-

253 5560 437 5622 λαύωα
446 5586 494 5621 ιν
504 5612 519 5628 .

1998 4668 2234 4730 natham
2266 4668 2659 4731 dicitur.Cum
2691 4677 2892 4730 autem
2927 4671 2985 4730 in
3018 4670 3201 4733 sacris
3234 4672 3308 4732 de
3341 4673 3463 4735 Deo
3501 4691 3633 4736 ser-

1999 4758 2278 4819 monibus
2322 4765 2536 4819 arecte
2581 4757 2981 4819 sentientibus
3030 4759 3145 4821 duo
3190 4759 3316 4822 haec
3364 4762 3627 4837 nomina,

1995 4864 2107 4908 ceu
2126 4846 2576 4928 aequipollentia
2616 4846 2830 4908 divinis
2866 4847 3406 4929 explanationibns,
3456 4851 3634 4914 adhi-

1995 4936 2336 5012 beantur,et
2355 4936 2634 4999 uniﬁcam
2664 4937 2985 5013 quamdam
3015 4937 3289 5001 virtutem
3321 4958 3427 5002 seu
3453 4960 3631 5023 copu-

1996 5025 2157 5089 laudi
2184 5026 2301 5088 vim
2323 5026 2681 5106 signiﬁcent,
2717 5044 2847 5107 qua;
2869 5025 2929 5089 in
2956 5029 3075 5090 Deo
3098 5030 3631 5113 praeexistit,prop-

1997 5124 2087 5177 ter
2116 5116 2428 5197 pulchrum
2459 5126 2522 5178 et
2555 5116 2796 5192 bonum,
2832 5124 2896 5178 ut
2925 5118 3205 5181 nimirum
3242 5138 3378 5198 quas
3406 5121 3632 5184 ordinis

1997 5213 2138 5267 sunt
2164 5204 2627 5287 ejusdem,velut
2658 5205 2917 5269 vicissim
2946 5208 3203 5271 amantia
3234 5217 3292 5270 et
3317 5218 3532 5286 amata,
3563 5228 3629 5272 se

2000 5304 2200 5358 mutuo
2226 5296 2721 5377 complectantur;
2774 5297 2961 5376 prima
3012 5316 3152 5360 vero
3186 5297 3465 5359 inferiora
3493 5316 3626 5359 mo-

1997 5396 2164 5449 veant
2185 5394 2243 5449 et
2272 5395 2496 5461 ament,
2531 5385 2603 5448 iis
2644 5387 3033 5466 providendo,
3066 5396 3130 5449 ut
3161 5386 3260 5448 illa
3287 5387 3376 5447 sui
3410 5387 3628 5451 similia

1995 5476 2564 5556 etliciant;inferiora
2591 5494 2727 5539 vero
2758 5476 2832 5539 ad
2854 5476 3163 5558 superiora
3186 5474 3525 5557 amabiliter
3541 5478 3627 5540 af-

1994 5567 2147 5630 fecta
2177 5574 2626 5641 convertantur,
2652 5574 2714 5627 ut
2743 5565 2847 5629 illa
2887 5564 3083 5648 quoad
3114 5562 3242 5628 ﬁeri
3274 5572 3488 5648 potest,
3522 5586 3625 5633 su-

1993 5661 2291 5741 periorem
2322 5662 2541 5721 statum
2569 5660 3027 5741 consequantur.
