4086 6206
213 320 332 392 777
726 322 825 396 DE
868 321 1170 396 DIVINIS
1208 322 1663 404 NOMINIBUS,
1707 317 1872 393 CAP.
1919 319 2023 391 IV.
2075 359 2151 373 -
2194 323 2527 388 PARAPH.
2575 316 3093 389 PACHYMERE.
3479 318 3601 388 778

215 466 363 523 ἔστιν
410 466 448 533 ἡ
477 462 744 544 γλυκύτης
773 477 889 530 τοῖς
946 465 1244 542 ἀγνοοῦσινο
1278 464 1322 519 εξ
1374 463 1474 541 γὰρ
1505 461 1630 540 παρ’
1687 461 1863 518 ἄλλων

1960 459 2197 522 modum
2254 458 2416 522 enim
2469 458 2664 522 mellis
2713 458 3096 523 dulcedinem
3147 475 3444 543 amamus,
3479 477 3599 524 non

214 555 378 612 τινῶν
427 552 738 630 ἑκινούμεθα
765 554 840 618 εἰς
870 553 1047 622 τούτο,
1082 553 1231 631 τάχα
1278 550 1342 608 ἂν
1371 550 1432 607 ἐκ
1459 551 1660 608 τούτων
1707 548 1870 632 εἴχο-

1960 547 2197 612 aliunde
2253 547 2398 611 moti
2447 567 2625 630 quam
2681 547 2754 611 ab
2803 549 2953 630 ipsa,
2989 567 3103 612 nec
3153 559 3399 632 propter
3442 549 3604 614 aliud

217 665 318 720 μεν
363 643 540 722 λέγειν
571 665 647 725 τι,
683 645 771 701 καὶ
817 645 864 701 οἱ
893 643 1202 722 ἀγνοοῦντες
1258 643 1320 699 εκ
1347 641 1570 717 τούτων,
1609 639 1870 703 συνίεσαν,

1960 656 2138 720 quam
2196 637 2362 700 illam
2419 638 2736 720 ipsammet
2793 638 3197 721 dulcedinem,
3233 648 3608 723 quaprOpter

216 733 372 793 Οὕτω
429 733 539 790 νόει
587 734 676 790 καὶ
729 732 816 790 ἐπὶ
870 741 964 791 τοῦ
1013 733 1152 790 θείου
1207 733 1293 788 καὶ
1324 730 1487 797 ὄντως
1540 729 1871 809 γλυκασμοῦ,

1960 728 2134 790 etiam
2168 725 2608 806 inexplicabilis
2637 743 2728 792 est
2758 727 3013 792 dulcedo
3060 729 3224 792 illam
3267 728 3599 810 ignoranti-

214 821 298 880 δτι
362 822 415 889 ἐξ
446 823 606 879 αύτοῦ
657 823 684 878 6
717 821 870 900 ἔρως·
932 823 1022 878 καὶ
1071 821 1196 878 αὐτό
1225 821 1338 878 ἐστι
1392 821 1455 876 τὸ
1509 819 1756 899 ὶραστδν,
1787 813 1872 875 καὶ

1961 815 2092 892 bus;
2117 816 2169 880 si
2197 819 2358 880 enim
2390 817 2464 879 ab
2508 817 2641 880 aliis
2673 817 3029 900 quibusdam
3059 818 3134 880 ad
3167 819 3280 882 hoc
3320 837 3596 884 movere-

214 910 284 970 δι’
343 913 528 991 αὐτοῦ,
557 913 644 969 καὶ
671 910 792 968 καθ’
848 912 996 986 αὑτὸ,
1030 912 1118 967 καὶ
1147 910 1208 966 οὗ
1257 907 1329 967 δι’
1359 908 1513 967 ἄλλο·
1573 907 1874 986 ἰξῃοημένη

213 1002 318 1081 γάρ
374 1005 488 1059 ἔστι
547 1001 761 1058 πάντων
821 1003 855 1069 ἡ
913 1001 1135 1068 τοιαύτη
1178 998 1391 1074 ἕνωσις,
1422 999 1511 1056 καὶ
1567 997 1738 1070 ἁπλῆ,
1785 998 1874 1054 καὶ

213 1092 310 1146 ἀπ’
366 1091 526 1149 αὐτοῦ
565 1089 659 1148 τοῦ
703 1091 926 1169 ἐραστοῦ
977 1088 1285 1164 κινουμένη.
1348 1086 1641 1168 ’¹Αναρχον
1671 1085 1725 1144 δὲ
1782 1088 1870 1143 καὶ

214 1179 574 1248 ἀτελεύτητον
627 1179 721 1236 τὸν
751 1182 896 1237 θεῖον
943 1178 1114 1259 ἔρωτα
1140 1177 1310 1258 λὲγει,
1340 1179 1412 1242 ὡς
1444 1181 1511 1235 ἔκ
1555 1184 1645 1235 τοῦ
1674 1177 1869 1255 ἀγαθοῦ

214 1272 480 1348 προϊόντα
535 1271 626 1326 καὶ
662 1271 794 1348 πρὸς
836 1271 899 1326 τὸ
946 1269 1139 1344 ἀγαθὸν
1197 1267 1680 1347 ἓπαναστρέιροντα·
1735 1265 1871 1322 κατὰ

216 1359 412 1440 σχῆμα
477 1357 728 1416 κυκλικὸν
760 1357 902 1438 (ἐπεὶ
949 1359 1037 1415 καὶ
1078 1360 1112 1426 ἡ
1143 1363 1237 1415 τοῦ
1278 1357 1474 1415 κύκλου
1531 1356 1756 1436 γραμμῆ
1811 1358 1872 1414 οὒ

211 1450 483 1527 γνώριμον
541 1447 660 1524 ὄψει
720 1448 837 1505 ὅθεν
893 1447 1109 1527 ἤρξατο,
1167 1448 1258 1504 καὶ
1318 1448 1379 1503 οὗ
1425 1445 1724 1525 κατέληξε)’
1783 1445 1871 1501 καὶ

212 1561 316 1617 γαρ
367 1538 421 1604 ἐξ
469 1540 628 1596 αὐτοῦ
677 1537 706 1605 ἦ
764 1538 991 1618 τάγαθοῦ
1040 1535 1240 1616 ἔφεσις,
1272 1536 1362 1593 καὶ
1419 1537 1492 1599 εἷς
1525 1535 1652 1592 αὐτὸ
1710 1533 1872 1591 πάλιν

211 1629 333 1708 ὁρᾷ,
365 1628 422 1685 ἒν
479 1629 622 1703 αὐτῷ
651 1627 706 1685 δέ
754 1628 863 1684 ἐστι
908 1627 994 1684 καὶ
1023 1625 1169 1702 μένει
1220 1628 1281 1682 τὸ
1312 1626 1433 1705 ἒρᾷν
1473 1630 1574 1693 τῆς
1606 1633 1873 1705 συμφυοῦς

213 1718 573 1795 ἆγαθότητος,
607 1719 694 1774 καὶ
749 1723 854 1774 τῶν
883 1717 1016 1793 πρὸς
1058 1717 1120 1771 τὸ
1169 1715 1364 1792 ἀγαθὸν
1424 1713 1868 1790 ἀνατεινομένων,

1961 906 2323 988 mur,utique
2345 926 2415 970 ex
2442 907 2537 970 his
2561 908 2786 990 aliquid
2819 909 3022 972 dicere
3070 927 3406 991 possemus,
3439 909 3602 974 unde

1953 996 2127 1058 etiam
2158 995 2497 1075 ignorantes
2521 997 3083 1076 cognoscerent.Sic
3114 998 3306 1079 cogita
3335 999 3514 1063 etiam
3536 999 3602 1064 in

1951 1086 2151 1148 divina
2165 1105 2424 1168 veraque
2445 1087 2762 1151 dulcedine
2778 1106 3046 1152 amorem
3061 1107 3135 1152 ex
3151 1089 3276 1170 ipsa
3289 1089 3599 1167 exsistere,

1953 1185 2012 1237 et
2040 1181 2225 1257 ipsam
2260 1195 2392 1240 esse
2420 1176 2738 1241 amabilem
2769 1196 2903 1241 cum
2948 1186 3192 1261 propter
3220 1197 3311 1261 se,
3337 1185 3462 1242 tum
3493 1198 3604 1264 per

1953 1274 2108 1345 se,et
2138 1285 2256 1327 non
2302 1277 2546 1349 propter
2591 1267 2779 1343 aliud,
2811 1285 2950 1330 nam
2980 1267 3322 1332 istiusmodi
3352 1270 3496 1334 unio
3525 1270 3600 1334 ab

1955 1353 2234 1419 omnibus
2281 1365 2558 1438 exempta
2586 1365 2699 1432 est;
2733 1368 2793 1421 et
2840 1358 3116 1440 simplex,
3143 1367 3203 1421 et
3229 1359 3305 1421 ab
3348 1359 3604 1440 ipsemet

1955 1443 2200 1506 amabili
2233 1453 2412 1510 mota.
2437 1445 2623 1508 Porro
2651 1446 2797 1509 dicit
2824 1465 3086 1510 amorem
3127 1448 3291 1511 hunc
3335 1447 3602 1512 divinum

1956 1533 2252 1616 principio
2275 1537 2514 1617 ﬁneque
2547 1544 2992 1619 carere,utpote
3017 1555 3089 1600 ex
3120 1536 3278 1600 bono
3309 1538 3606 1620 prodeun-

1955 1632 2170 1701 tem,et
2193 1623 2264 1686 ad
2300 1625 2521 1687 bonum
2555 1645 2621 1690 se
2653 1635 3134 1707 convertentem,
3169 1629 3504 1692 secundum
3527 1628 3600 1691 li-

1954 1731 2158 1791 guram
2211 1715 2565 1777 circularem
2624 1715 3152 1798 (quemadmodum
3212 1737 3410 1800 neque
3441 1717 3603 1782 linea

217 1805 446 1891 Ἐφεξῇς
500 1807 674 1874 τίθησι
705 1809 796 1864 καὶ
843 1806 1127 1886 μαρτυρίαν
1170 1811 1276 1861 τῶν
1334 1803 1636 1884 λεγομένων
1664 1807 1728 1861 ‘ex
1780 1803 1872 1862 τοῦ

1960 1803 2164 1865 circuli
2194 1804 2476 1884 cognosci
2525 1813 2720 1887 potest
2767 1806 2925 1868 unde
2977 1806 3364 1891 incemperit,
3399 1809 3486 1873 vel
3521 1807 3599 1872 ub

211 1895 352 1952 θείου
387 1886 666 1975 Ἱεροθέου.

1955 1892 2225 1973 desierit)
2261 1895 2480 1956 etenim
2515 1913 2587 1957 ex
2633 1895 2765 1977 ipso
2816 1894 2956 1959 boni
3011 1895 3401 1975 desiderium,
3434 1906 3500 1962 et
3525 1897 3601 1961 ad

212 1983 414 2066 ipsum
469 1984 688 2047 iterum
719 1983 957 2062 tendit;
991 1983 1053 2047 in
1084 1984 1213 2066 ipso
1265 2002 1406 2048 vero
1437 1991 1528 2046 est
1552 1990 1610 2045 et
1641 1989 1844 2046 manet
1871 1999 2040 2045 amor
2079 1991 2307 2063 agnatae
2332 1982 2643 2062 bonitatis,
2677 1985 3064 2069 omniumque
3111 1986 3185 2049 ad
3217 1986 3440 2052 bonum
3487 1987 3602 2052 hoc

211 2074 632 2153 aspirantium.
667 2074 898 2138 Deinde
923 2075 1171 2156 apponit
1199 2073 1383 2137 etiam
1415 2072 1827 2136 testimonium
1858 2089 2063 2134 eorum
2095 2090 2227 2155 quae
2256 2071 2415 2136 dicta
2443 2082 2582 2137 sunt
2611 2093 2685 2137 ex
2719 2074 2855 2137 divo
2885 2074 3236 2143 Hierotheo.

914 2173 1185 2262 Ἰεροθέου.

291 2281 323 2363 §
352 2280 485 2347 XV.
532 2281 850 2351 Ἐπίστησον
882 2280 1027 2348 ὅπως
1063 2285 1092 2340 6
1146 2281 1318 2362 μίγας
1351 2271 1599 2362 Ἰερόθεος
1629 2282 1697 2340 τὰ
1752 2282 1870 2361 περὶ

211 2380 306 2431 τοῦ
363 2373 642 2432 ἐπαινετοῦ
671 2372 865 2452 ἔρωτος
924 2370 1111 2453 ἄριστα
1173 2370 1479 2453 φιλοσοφεῖ·
1517 2375 1725 2453 πρῶτον
1770 2372 1868 2447 μὲν

209 2466 358 2521 θετον
417 2464 574 2520 αὐτὸν
603 2461 798 2540 λέγων,
832 2461 1016 2531 ἐπειδὴ
1070 2462 1158 2519 καὶ
1186 2467 1396 2541 πρῶτον
1453 2459 1629 2519 αἴτιον
1674 2461 1869 2540 ἔρωτος

210 2555 239 2610 'o
284 2553 416 2616 Θεός
450 2553 590 2610 ἐστιν
619 2551 962 2630 ἒξῃρημὲνως
990 2552 1079 2609 καί
1128 2551 1396 2616 ἀναιτίως,
1435 2553 1492 2609 Εἰ
1536 2551 1634 2630 γὰρ
1665 2553 1692 2607 6
1735 2550 1869 2630 ἔρως

211 2642 369 2710 αὒτός
429 2643 569 2698 ἐστιν
601 2643 635 2710 ἡ
696 2642 906 2720 ἀγάπη,
938 2644 1011 2705 ὡς
1072 2643 1400 2721 προείρηται,
1449 2641 1741 2720 γέγραπται
1790 2639 1866 2697 δέ·

213 2730 357 2790 ’Ότι
394 2735 421 2788 6
455 2733 586 2796 Θεὸς
626 2732 813 2809 ἀγάπη
870 2732 1001 2807 ἐστὶ,
1064 2728 1308 2798 δηλονότι
1359 2731 1572 2788 πάντων
1629 2730 1870 2793 ἐνοποιός

212 2819 369 2900 ἔρως,
403 2819 522 2888 ἤτοι
553 2821 738 2899 ἀγάπη
771 2823 798 2877 6
848 2822 977 2884 Θεός
1012 2819 1176 2881 ἐστιν.
1215 2821 1453 2878 Ἐκεῖθεν
1511 2819 1598 2876 οὖν
1631 2817 1872 2894 μεταϐα-

212 2917 376 2972 τικῶς
429 2911 666 2988 πρόεισιν
699 2907 785 2966 ἐπ’
837 2909 1121 2988 ἀγγέλους,
1157 2909 1272 2966 ὅθεν
1325 2911 1412 2966 καὶ
1442 2908 1727 2988 ὰγγελικὸν
1776 2912 1874 2968 αύ-

210 3001 303 3055 τὸν
356 3021 544 3080 φησιν,
577 3000 696 3056 ἔνθα
746 2998 980 3074 μάλιστα
1036 3001 1121 3055 καὶ
1161 3002 1251 3055 τὸν
1289 3002 1386 3066 τῆς
1434 2997 1685 3064 ἐνότητος
1735 2997 1873 3076 εὖροι

210 3110 293 3153 τις
358 3088 422 3144 ἂν
468 3089 637 3167 ἔρωτα
695 3093 862 3145 θεῖον⁸
893 3087 1036 3147 οὐδὲν
1069 3090 1168 3167 γὰρ
1211 3089 1526 3168 ἀσύμφωνον
1555 3089 1589 3156 ἢ
1648 3088 1873 3144 στασιά-

212 3187 299 3250 ζον
333 3179 452 3235 ἐστι
485 3179 610 3258 περ’
655 3181 860 3242 αὐτοῖς.
897 3187 1052 3236 Εῖται
1110 3175 1228 3254 μετ’
1272 3175 1530 3255 ἀγγέλους
1560 3178 1650 3233 καὶ
1697 3178 1874 3254 νοερόν

213 3291 377 3347 φησιν
427 3268 620 3346 ἔρωτα,
653 3269 892 3326 τουτέστι
951 3268 1093 3345 παρὰ
1147 3266 1302 3330 θείοις
1362 3265 1575 3344 ἀνδράσι
1606 3279 1721 3332 τοῖς
1773 3272 1871 3333 τῆς

2619 2181 2950 2248 Hierothet'.

2029 2270 2210 2351 §XV.
2243 2271 2507 2336 Observa
2553 2291 2732 2356 quam
2769 2275 3053 2355 praeclare
3104 2294 3352 2356 magnus
3383 2275 3600 2341 Hiero-

1954 2360 2126 2424 theus
2157 2362 2230 2425 de
2261 2361 2548 2425 laudabili
2589 2381 2797 2426 amore
2847 2363 3127 2440 disserat,
3172 2367 3429 2446 primum
3459 2369 3600 2448 qui-

1953 2450 2090 2540 dem
2123 2451 2384 2516 divinum
2415 2451 2608 2533 ipsum
2639 2471 2938 2529 asserens,
2972 2456 3253 2536 quoniam
3284 2455 3446 2519 Deus
3472 2464 3604 2540 ipse

1954 2539 2181 2621 primus
2207 2550 2414 2604 auctor
2434 2550 2522 2604 est
2541 2544 2788 2624 amoris,
2819 2542 2997 2626 idque
3043 2562 3151 2626 per
3181 2539 3598 2612 excellentiam

1955 2640 2012 2692 et
2042 2630 2172 2693 sine
2203 2631 2474 2695 causa.Si
2505 2629 2666 2694 enim
2697 2650 2864 2694 amor
2895 2633 3025 2715 ipse
3048 2634 3307 2698 charitas
3348 2643 3460 2713 est,
3481 2635 3595 2714 uti,

1957 2720 2332 2800 praedictum,
2378 2722 2666 2802 scriptum
2711 2721 2787 2783 sit
2831 2732 3070 2786 autem:
3105 2725 3411 2802 Quoniam
3443 2726 3601 2792 Deus

1955 2809 2231 2872 charitas
2250 2818 2340 2872 est
2359 2809 2472 2891 *,id
2493 2817 2594 2898 est,
2613 2827 2782 2872 amor
2808 2813 3072 2875 omnium
3103 2815 3599 2898 uniﬁcns,utique

1958 2898 2216 2960 charitas
2238 2901 2397 2962 Deus
2431 2907 2542 2962 est.
2575 2897 2800 2962 Isthinc
2825 2900 3004 2981 igitur
3040 2921 3146 2984 per
3167 2897 3598 2986 transgressio-

1960 3005 2097 3049 nem
2131 2989 2511 3067 progreditur
2539 2989 2610 3051 ad
2647 2990 2917 3070 angelos,
2951 2992 3110 3055 unde
3139 2993 3336 3075 ipsum
3359 3014 3600 3076 quoque

1958 3079 2297 3158 angelicum
2321 3077 2595 3159 dicit,ubi
2627 3078 2883 3141 maxime
2897 3081 3030 3163 quis
3059 3085 3593 3164 reperiatdivinum

1960 3165 2127 3228 illum
2158 3185 2437 3229 amorem.
2459 3167 2728 3246 unitatis;
2763 3169 2910 3231 nihil
2943 3172 3103 3232 enim
3126 3174 3282 3253 apud
3305 3177 3467 3255 ipsos
3490 3175 3604 3237 dis.

1957 3275 2170 3320 sonum
2202 3267 2300 3318 aut
2328 3257 2700 3320 seditiosum.
2749 3259 2976 3323 Deinde
3023 3271 3155 3342 post
3203 3264 3466 3343 angelos,
3504 3265 3604 3327 in-

215 3356 541 3425 Ἐκκλησίας
573 3356 801 3432 δηλαδὴ,
841 3359 970 3436 πρὸς
1013 3358 1099 3420 οὓς
1129 3359 1156 3414 6
1191 3355 1396 3419 Παῦλός
1433 3373 1617 3435 φησιν·
1654 3353 1780 3412 ’Ίνα
1808 3356 1869 3412 τὰ

1960 3347 2316 3425 telligentem
2366 3367 2606 3428 quoque
2635 3366 2899 3410 amorem
2933 3364 3380 3426 commemorat,
3421 3354 3482 3416 id
3514 3363 3604 3417 est

212 3447 344 3503 αὐτὸ
397 3446 612 3524 λέγητε⁶
649 3450 737 3503 καὶ
799 3448 1073 3522 ὁΚύριος“
1134 3444 1267 3503 ’Ἰνα
1296 3447 1426 3503 ὦσιν
1483 3444 1561 3508 ἓν,
1598 3445 1736 3502 Εἶτα
1787 3448 1873 3502 καὶ

214 3538 360 3615 παρὰ
403 3549 522 3599 τοῖς
554 3535 736 3600 ἄλλοις
782 3536 1104 3614 ἀνθρώποις,
1138 3536 1192 3592 ἐν
1224 3540 1306 3600 οἷς
1362 3537 1389 3591 6
1419 3536 1537 3614 περὶ
1568 3534 1750 3615 φιλίας
1776 3533 1870 3592 )0-

212 3651 312 3707 γος
368 3628 500 3684 ἐστί’
561 3630 650 3684 τὸν
695 3630 795 3706 γὰρ
853 3629 990 3684 κατὰ
1051 3629 1144 3692 τὰς
1205 3628 1422 3706 λογικὰς
1472 3628 1651 3708 ψυχὰς
1707 3627 1875 3705 ἔρωτα

211 3719 400 3798 νοερὸν
430 3717 558 3774 εἶπε
589 3722 823 3797 ψυχικὸν
867 3717 920 3773 δὲ
952 3719 1202 3776 ἐκάλεσεν
1233 3718 1401 3798 ἔρωτα
1457 3720 1550 3774 τὸν
1581 3721 1684 3775 τῶν
1741 3715 1875 3773 ἀλό-

210 3829 352 3885 γων.
417 3807 512 3866 Ἐκ
569 3811 668 3886 γὰρ
725 3809 822 3876 τῆς
870 3807 1134 3885 ἐρωτικῆς
1195 3809 1394 3874 ταύτης
1451 3805 1755 3883 δυνάμεως,
1791 3807 1879 3863 καὶ

208 3897 396 3964 πτηνὰ
427 3896 688 3975 ἀγεληδὸν
736 3898 1018 3977 ’ίπτανται,
1051 3900 1136 3954 καὶ
1198 3899 1354 3971 πεζὰ,
1385 3897 1474 3953 καὶ
1523 3898 1692 3963 νηκτὰ
1751 3919 1871 3953 συν-

209 3986 490 4062 νέμονται.
551 3989 785 4047 Φυσικὸν
818 3988 989 4064 ἔρωτά
1041 4009 1172 4067 φησι
1203 3989 1293 4043 τὸν
1343 3993 1447 4043 τῶν
1480 3985 1744 4066 ἐμψύχων
1794 3987 1881 4042 καὶ

209 4075 576 4150 ἀναισθήτων,
609 4079 697 4134 καὶ
750 4077 892 4140 ἰδίως
924 4084 1030 4133 τῶν
1089 4076 1424 4146 ἀναισθήτων
1455 4077 1592 4136 κατᾷ
1649 4076 1747 4142 τὴν
1778 4076 1874 4131 ἐκ·

207 4167 375 4233 τικην
420 4165 836 4234 ἐπιτηδειότητα
896 4167 1135 4246 ἐρώντων
1181 4172 1274 4223 τοῦ
1327 4163 1646 4244 δημιουργοῦ
1676 4163 1760 4220 διὰ
1817 4166 1877 4220 τὸ

207 4255 308 4310 ὑπ’
368 4257 526 4312 αύτοῦ
558 4258 888 4314 συνεστάναι*
956 4257 1094 4313 κατὰ
1152 4257 1252 4333 γὰρ
1309 4256 1406 4322 τὴν
1441 4254 1664 4334 φυσικὴν
1708 4257 1878 4312 αὖτῶν

206 4345 454 4424 κίνησιν,
488 4350 574 4401 καὶ
603 4347 734 4404 αὐτὰ
763 4347 894 4426 πρὶς
927 4346 1016 4401 τὸν
1049 4346 1176 4401 Θεὸν
1221 4343 1604 4424 ἑπέστραπται,

1957 3437 2054 3516 qui
2085 3436 2230 3499 insit
2262 3437 2398 3498 viris
2419 3438 2633 3499 divinis
2665 3437 2968 3515 Ecclesiae,
2997 3441 3070 3502 ad
3095 3460 3242 3525 quos
3274 3443 3494 3506 Paulus
3521 3445 3606 3506 ait

1955 3534 2022 3588 ut
2069 3527 2233 3588 idem
2280 3526 2492 3589 dicatis
2512 3542 2559 3601 v;
2593 3537 2649 3588 et
2677 3529 3007 3592 Dominus:
3052 3531 3125 3592 Ut
3153 3533 3282 3593 sint
3331 3550 3524 3595 mium
3552 3567 3595 3598 ι.

1959 3617 2174 3678 Postea
2203 3615 2382 3676 etiam
2414 3617 2489 3678 de
2517 3615 2652 3678 aliis
2682 3617 3031 3680 hominibus
3061 3626 3163 3701 qui
3193 3621 3473 3684 amicitiae
3500 3638 3604 3684 ra-

1960 3704 2182 3766 tionem
2228 3703 2369 3764 403
2411 3705 2653 3787 habent;
2681 3724 2814 3767 nam
2847 3725 3108 3770 amorem
3141 3709 3244 3791 qui
3275 3719 3367 3774 est
3387 3730 3601 3775 secun-

1959 3795 2099 3856 dum
2131 3795 2361 3855 animas
2405 3793 2746 3872 rationales,
2784 3798 3210 3878 intelligentem
3245 3801 3596 3880 nominavit,

1961 3883 2282 3946 animalem
2309 3902 2446 3946 vero
2466 3884 2689 3947 vocavit
2703 3905 2967 3949 amorem
2990 3889 3419 3955 brutorum.Ex
3439 3911 3601 3954 ama-

1965 3973 2114 4036 toria
2142 3973 2249 4035 hac
2274 3974 2488 4036 virtute
2539 3985 2602 4036 et
2653 3975 2922 4038 volucres
2961 3980 3248 4058 gregatim
3294 3982 3510 4063 volant,
3543 3991 3603 4045 et

1958 4064 2265 4126 terrestria
2293 4063 2674 4145 natatiliaque
2703 4066 3206 4146 conjunguuntur.
3229 4072 3412 4133 Porro
3442 4091 3604 4134 amo-

1960 4172 2086 4216 rem
2116 4153 2442 4215 naturalem
2488 4163 2657 4216 vocat
2681 4155 2849 4218 illum
2885 4174 3083 4219 rerum
3115 4159 3511 4223 animatarum
3545 4170 3606 4224 et

1960 4265 2140 4308 sensu
2166 4246 2520 4320 carentium,
2557 4265 2690 4308 cum
2741 4264 2920 4310 sensu
2950 4249 3214 4312 carentia
3242 4251 3421 4313 etiam
3455 4271 3599 4333 pro-

1961 4337 2089 4417 prie
2114 4334 2503 4398 habitudinali
2527 4335 2859 4418 aptitudine
2877 4335 3219 4400 Creatorem
3237 4349 3607 4422 ament,pro-

208 4423 618 4514 pterea’quod
650 4434 724 4497 ab
753 4423 883 4516 ipso
913 4433 1204 4516 producta
1233 4433 1354 4496 sint
1389 4452 1407 4510 ;
1438 4451 1574 4494 nam
1605 4429 1939 4497 secundum
1971 4423 2303 4491 naturalem
2350 4443 2523 4486 suum
2555 4434 2779 4488 motum
2813 4427 2995 4489 etiam
3026 4428 3283 4508 ipsemet
3308 4429 3381 4491 ad
3415 4431 3606 4495 Deum

209 4531 679 4590 convertuntur.

890 4627 992 4680 Τοῦ
1033 4621 1217 4682 αὐτοῦ.

296 4709 329 4790 §
384 4707 544 4776 XVI.
589 4708 810 4779 Ἐπειδὴ
841 4709 902 4768 ἐκ
957 4713 1050 4769 τοῦ
1092 4709 1286 4767 ἐνιαίου
1316 4711 1410 4767 καί
1471 4708 1636 4774 ὅντως
1678 4707 1870 4789 ἔρωτος

200 4809 314 4860 τοῦ
373 4800 505 4857 Θεοῦ
562 4799 794 4865 πολλοὺς
856 4800 1056 4880 ’έρωτας
1102 4797 1479 4878 συνετάξαμεν,
1525 4800 1647 4865 τοὺς
1701 4799 1871 4877 ἀγγε-

201 4891 430 4971 λικοὺς,
463 4892 585 4954 τοὺς
637 4893 871 4971 νοεροὺς,
903 4893 1026 4956 τοὺς
1073 4891 1363 4972 ψυχικοὺε,
1418 4890 1540 4951 τοὺς
1599 4889 1870 4969 φυσικοὺς,

205 4980 394 5062 (οὗτοι
451 4981 550 5058 γάρ
579 4981 709 5038 εἰσιν
771 4980 944 5056 οἱμὲν
999 4981 1301 5058 ὲγκόσμιοι,
1332 4982 1380 5036 οἱ
1422 4978 1475 5036 δὲ
1530 4978 1873 5056 ὓπερκόσμιοι

199 5073 442 5150 ἔρωτες,
473 5072 548 5126 ὧν
577 5068 926 5150 ὑπερέχουσιν
956 5072 1006 5126 αἱ
1035 5075 1140 5127 τῶν
1175 5072 1368 5148 νοερῶν
1416 5071 1474 5126 τὶ
1502 5069 1592 5126 καὶ
1621 5067 1874 5148 νοητῶνο)

194 5162 345 5243 φέρε
404 5156 758 5236 συνελίξωμεν
823 5158 1062 5223 ἅπαντας
1119 5159 1205 5216 ἐπὶ
1263 5161 1354 5216 τὸν
1412 5156 1620 5236 Πατέρα
1683 5158 1875 5217 αοότῶν.

195 5251 539 5325 Σημείωσαι
601 5247 678 5325 δὲ,
713 5247 795 5306 ὅτι
839 5249 996 5328 νοερά
1024 5251 1122 5306 εἰσι
1171 5249 1236 5305 τὰ
1266 5255 1475 5327 νοῦντα,
1511 5247 1677 5314 νοητὰ
1705 5245 1758 5302 δὲ
1818 5248 1881 5304 τά

193 5339 508 5414 νοούμεναο
577 5339 664 5394 καὶ
732 5335 1130 5411 ὒπερϐαίνονται
1205 5337 1273 5395 τα
1347 5338 1499 5417 νοερᾶ
1557 5337 1698 5416 παρὰ
1772 5337 1878 5394 τῶν

191 5433 458 5508 νοητῶν,
486 5425 606 5484 ’ὅθεν
665 5430 755 5485 καὶ
797 5429 966 5507 τροφή
1015 5427 1126 5485 ἐστι
1155 5428 1263 5485 τῶν
1305 5428 1568 5485 νοούντων
1614 5427 1679 5482 τὰ
1723 5427 1878 5483 νοού-

1899 4627 1946 4678 D

2625 4612 2944 4694 Ejusdem.

2036 4712 2065 4793 §
2095 4709 2546 4783 XIV.Quoniam
2579 4726 2651 4771 ex
2674 4727 2791 4771 uno
2821 4726 2891 4772 ac
2910 4726 3048 4772 vero
3078 4727 3284 4775 amore
3313 4710 3422 4776 Dei
3443 4712 3600 4776 mul-

1955 4810 2050 4866 tos
2088 4819 2326 4863 amores
2359 4797 2862 4875 coordinavimus,
2895 4799 3220 4880 angelicas,
3257 4803 3604 4884 intelligen-

1956 4899 2068 4972 tes,
2100 4889 2416 4978 animales,
2450 4887 2750 4952 naturales
2797 4888 3122 4970 (siquidem
3178 4891 3391 4956 horum
3423 4894 3606 4978 aliqui

1962 4972 2296 5042 mundiales
2317 4985 2476 5055 sunt,
2508 4978 2610 5040 alii
2639 4997 2778 5042 vero
2800 4997 3036 5044 amores
3058 4972 3602 5064 supramundiales,

1960 5068 2120 5130 inter
2147 5088 2299 5150 quos
2328 5067 2788 5148 intelligentiam
2820 5076 2879 5132 et
2906 5068 3372 5153 intelligibilium
3405 5075 3601 5138 excel-

1962 5158 2400 5238 lunt),agedum
2433 5176 2645 5220 omnes
2673 5157 2746 5221 ad
2778 5162 3128 5224 earumdem
3145 5161 3383 5234 Patrem
3410 5163 3600 5226 colle-

1961 5247 2100 5310 ctim
2132 5245 2670 5311 reducamusNota
2698 5256 2920 5323 autem,
2956 5251 3344 5333 intelligentia
3375 5271 3508 5316 esse
3531 5271 3603 5316 ea

1961 5355 2090 5419 quze
2122 5337 2888 5419 intelligunt,intelligibilia
2917 5359 3053 5403 vero
3083 5360 3153 5405 ea
3189 5361 3323 5424 qua
3362 5340 3597 5406 Intelli-

1960 5434 2269 5505 guntur,et
2289 5427 2684 5509 intelligentia
2708 5429 2781 5491 ab
2806 5429 3290 5511 intelligibilibns
3305 5431 3600 5516 superari,

300 5573 328 5606 ι
355 5558 382 5626 l
407 5559 582 5627 Joan.
615 5578 696 5640 iv,
728 5561 792 5642 8,
815 5561 1080 5628 lectione
1110 5560 1295 5630 varia.
1327 5559 1416 5626 Ct'.
1444 5561 1517 5624 P.
1545 5557 1819 5623 Sabatier
1846 5568 1962 5628 vet.
2014 5562 2300 5630 Italicam.
2383 5575 2410 5620 1
2439 5562 2659 5646 Philip.
2695 5579 2760 5647 ιι,
2792 5562 2853 5630 2.
2933 5571 2962 5609 ³
2994 5562 3166 5631 Joan.
3198 5583 3342 5650 xvn,
3369 5567 3474 5633 21.

513 5701 781 5766 Ρλτιιοι..
823 5701 938 5772 Gn.
969 5699 1068 5767 Ill.

3235 5709 3314 5776 25
