4030 6204
288 337 413 405 785
759 347 856 410 DE
901 348 1198 413 DIVINIS
1241 351 1695 432 NOMINIBUS,
1739 352 1903 416 CAP.
1949 351 2060 417 IV.
2110 381 2184 393 —-
2231 346 2617 411 PARAPHR.
2664 340 3185 410 PAGHYMERIE.
3531 339 3653 407 786

284 476 543 541 τίτὲθνισιν
603 479 777 556 ἕτερον
825 481 1093 559 λογισμὸν
1180 483 1556 564 ἀληθέστερον,
1603 489 1691 543 καί
1747 510 1929 565 φησιν,

2024 502 2160 546 nem
2194 483 2414 556 facere,
2459 479 2629 544 aliam
2666 478 2912 560 opponit
2936 479 3226 542 rationem
3247 477 3564 559 veriorem,
3596 486 3658 542 et

283 566 367 622 ὅτι
402 570 461 623 τό
493 572 677 639 κακὸν,
725 576 759 646 ᾖ
790 574 978 643 κακὸν,
1025 572 1269 647 οὕὲεμὲαν
1303 575 1508 652 γένεσιν
1566 589 1736 646 ποιεῖ,
1772 577 1929 651 μόνον

2018 572 2351 650 ait,ma|um
2374 588 2490 650 qua
2522 568 2742 630 malum
2766 568 2841 631 ad
2869 568 3088 630 nullam
3109 568 3555 648 generationem
3576 566 3659 630 fa-

280 653 338 708 ὃέ
371 658 586 734 φθείρει,
640 659 762 714 ὅσον
806 662 866 715 τὸ
918 660 1001 716 ἐπ’
1037 666 1199 735 αυτῷ,
1235 664 1330 731 τὴν
1362 670 1467 722 τῶν
1512 664 1676 721 ὄντων
1708 665 1929 723 ὒπόστα-

2016 678 2176 729 cere,
2206 659 2313 722 sed
2333 668 2560 721 tantum
2584 676 2997 740 corrumpere,
3030 665 3321 735 quantum
3346 676 3419 719 ex
3438 675 3503 720 se
3531 666 3651 738 est,

279 766 391 805 σιν,
428 748 484 801 Ei
516 745 567 800 δὲ
598 746 753 824 ὶέγοι
791 772 869 812 τις
922 752 1044 806 αὸτῖ)
1098 756 1488 831 γενεσιουργὸν,
1526 753 1657 811 διότι
1687 758 1721 822 ἡ
1754 754 1929 834 ἑτερου

2016 767 2217 812 rerum
2240 747 2713 810 subsistentiam.
2741 746 2803 810 Si
2832 748 2965 824 quis
3008 755 3205 809 autem
3254 745 3493 820 dixerit,
3539 746 3654 809 hoc

279 837 447 908 ιρθορα
503 838 719 911 θιτεροε)
774 837 976 914 γένεσίς
1036 839 1198 913 ἐστιν,
1263 841 1600 923 ἀποκριτέον,
1634 846 1707 907 ὡς
1752 845 1922 924 οἱ)χῇ

2016 839 2145 921 ipso
2193 837 2563 914 generationi
2593 836 2958 910 subservire,
2994 835 3151 917 quod
3177 835 3419 898 alterius
3448 853 3657 899 corru-

279 923 476 1014 :st-fpcv.
508 921 683 980 δίδωσι
714 927 809 993 τὴν
840 927 1063 1004 γένεσιν·
1102 928 1221 986 ἀλλ’
1275 933 1309 999 ἡ
1364 936 1459 1005 μὲν
1505 921 1671 1012 φθορὰ
1701 921 1919 1014 φθείρὲι,

2016 929 2128 1009 ptio
2146 927 2392 989 alterius
2409 929 2711 1005 generatio
2743 924 3653 1014 exsistat,respondendum,non

278 1012 325 1064 εἰ
357 1009 411 1064 δὲ
441 1033 500 1087 γε
534 1016 618 1067 καὶ
652 1014 849 1088 γίνεται
910 1039 983 1093 τι,
1045 1016 1105 1073 ἐκ
1161 1021 1253 1073 τοῦ
1307 1009 1528 1096 ἀγαθοῦ.
1554 1009 1776 1101 γίνεται,
1820 1009 1923 1079 *καὶ

2016 1018 2066 1079 in
2085 1024 2370 1097 quantum
2388 1015 2717 1094 corrumpit
2736 1015 2879 1078 dare
2904 1016 3379 1094 generationem;
3400 1013 3505 1077 sed
3524 1032 3653 1077 cor-

277 1098 431 1154 ἔσται
463 1103 521 1155 τὸ
554 1104 737 1162 κακόν.
802 1108 1107 1181 Σημείιυσαι
1153 1108 1251 1185 γὰρ
1298 1107 1379 1165 ὅτι
1412 1109 1486 1165 ἔτι
1541 1098 1791 1188 γυμνάζει
1831 1113 1922 1168 τὸν

278 1186 468 1264 λόγον,
532 1193 617 1247 καὶ
649 1190 730 1248 δια
760 1203 914 1251 τοῦτο
944 1196 1109 1273 λέγει,
1158 1197 1268 1253 ἔστι
1317 1200 1400 1256 καὶ
1443 1199 1538 1257 οὒκ
1570 1200 1738 1263 ἔστιν,
1774 1190 1924 1258 ’Ἐσ-

279 1300 369 1333 ται
401 1280 572 1335 τοίνυν
607 1284 662 1337 τὸ
698 1286 861 1340 κακὸν
894 1288 1057 1363 φθορᾶ
1086 1288 1185 1362 μὲν
1216 1287 1283 1345 δι’
1317 1288 1495 1346 ἑαυτο’
1519 1288 1610 1345 διὰ
1639 1291 1699 1346 τὸ
1730 1289 1925 1369 ἀγαθὸν

281 1366 338 1421 δὲ
373 1372 761 1448 γενεσιουργὸν.
800 1377 897 1431 Καὶ
924 1372 990 1430 δι’
1023 1376 1175 1435 ἑαυτὸ
1207 1378 1302 1452 μὲν
1336 1376 1452 1435 οὔτε
1485 1379 1569 1458 ὃν,
1613 1378 1729 1437 οὔτε
1759 1380 1924 1437 ὄντων

294 1456 570 1523 ποιητικόν
630 1460 763 1516 ἐστι·
815 1465 976 1519 κακον
1033 1466 1131 1542 γὰρ
1160 1468 1244 1541 ὃν,
1278 1468 1394 1532 πῶς
1426 1466 1487 1524 ἂν
1517 1469 1739 1536 συσταίη
1769 1468 1923 1539 ποτὲ,

287 1549 378 1602 καὶ
411 1545 563 1603 πόθεν
597 1550 759 1630 σχοίη
805 1552 903 1619 τὴν
948 1551 1185 1629 ὕπαρξιν,
1220 1554 1466 1634 στέρησις
1499 1556 1581 1629 ὅν;
1621 1558 1718 1613 Διὰ
1766 1556 1821 1613 δὲ
1870 1559 1930 1614 τὸ

286 1636 513 1712 ἀγαθὸν,
546 1639 631 1694 καὶ
664 1641 722 1695 ὃν
776 1644 861 1696 καὶ
890 1643 1102 1719 ἀγαθῶν
1145 1646 1424 1713 ποιήτικόν
1449 1645 1610 1703 ἐστιν·
1638 1647 1695 1702 ὃν
1720 1647 1928 1721 μέν,ὃτι

282 1727 473 1781 τούτου
528 1728 957 1811 ὑποχωροῦντος,
1023 1732 1200 1790 ἐκεῖνο
1258 1734 1585 1811 ἐμφαίνεται·
1626 1736 1838 1813 ἀγαθῶν
1870 1734 1925 1792 δὲ

2006 1106 2201 1188 ruptio
2225 1105 2466 1184 quidem
2491 1103 3052 1185 corrumpit,siquid
3075 1112 3271 1167 autem
3291 1103 3655 1185 gignitur,ex

2011 1196 2167 1257 bono
2199 1194 2483 1275 gignitur,
2510 1202 2568 1255 et
2599 1194 2715 1257 erit
2747 1192 3272 1258 malum.0bserva
3295 1193 3457 1256 enim
3487 1192 3648 1273 quod

2009 1285 2205 1348 adhuc
2228 1286 2524 1345 examinet
2551 1284 2872 1356 rationem,
2906 1288 2968 1346 et
2997 1283 3224 1346 idcirco
3248 1282 3429 1347 dicat:
3461 1283 3567 1347 Est
3594 1289 3654 1345 et

2012 1393 2130 1435 non
2160 1372 2476 1454 est.Atque
2497 1372 2647 1435 adeo
2674 1372 2894 1439 malum
2917 1390 2989 1435 ex
3012 1390 3076 1435 se
3095 1371 3336 1451 quidem
3370 1371 3487 1435 erit
3512 1389 3648 1435 cor-

2014 1463 2235 1544 ruptio,
2269 1462 2562 1524 subservit
2589 1468 2787 1524 autem
2839 1461 3209 1541 generationi
3268 1477 3372 1541 per
3402 1461 3461 1524 id
3491 1460 3651 1544 quod

2014 1552 2237 1613 bonum
2271 1556 2459 1615 est.Et
2484 1569 2589 1633 per
2610 1568 2676 1613 se
2695 1550 2936 1632 quidem
2970 1568 3165 1632 neque
3192 1567 3291 1613 res
3312 1558 3424 1624 est,
3454 1568 3650 1632 neque

2012 1659 2111 1702 res
2146 1639 2440 1719 producit;
2466 1659 2600 1702 cum
2626 1639 2784 1703 enim
2808 1640 2883 1701 sit
2907 1639 3151 1720 malum,
3179 1640 3475 1720 quomodo
3496 1659 3646 1702 con-

2013 1730 2182 1792 sistat
2212 1748 2497 1810 unquam,
2530 1738 2586 1791 et
2611 1728 2771 1791 unde
2805 1728 3021 1791 habeat
3042 1728 3480 1809 exsistentiam,
3508 1747 3645 1792 cum

282 1837 588 1896 ποιητικνι,
622 1817 702 1874 ὅτι
735 1818 789 1874 ἐν
818 1827 893 1894 τῷ
949 1822 1171 1899 φθείρειν
1226 1831 1381 1881 τοῦτο
1427 1826 1529 1891 τὴν
1582 1822 1923 1893 εἰδοπεποιηο

2016 1820 2088 1881 sit
2118 1818 2393 1898 privatio?
2417 1818 2531 1880 Per
2568 1818 2790 1881 bonum
2823 1826 3023 1881 autem
3047 1830 3107 1880 et
3136 1836 3234 1881 res
3262 1828 3378 1891 est,
3413 1825 3473 1881 et
3499 1818 3656 1881 bona

282 1904 454 1979 μένην
493 1908 691 1986 ουσίαν,
726 1908 1087 1989 ἀντεισαγετσι
1120 1912 1266 1976 εἶδος
1308 1912 1481 1991 ἕτερον
1512 1918 1610 1981 τῆς
1640 1913 1771 1982 ὕλης
1803 1914 1926 1971 ἔνθ’

2016 1909 2286 1988 producit
2317 1907 2733 1989 Res,inquam,
2757 1907 3040 1989 quoniam
3074 1908 3184 1971 hoc
3215 1907 3537 1970 recedente
3566 1908 3644 1969 il-

284 1999 628 2074 παρχούσης,
682 2000 766 2054 καὶ
810 1997 895 2054 διὰ
941 2002 1002 2056 τὸ
1059 2001 1254 2079 ἀγαθὸν
1316 2000 1619 2083 δεχομένης
1655 2003 1754 2071 τὴν
1783 2001 1926 2061 εἰδο-

2016 1998 2113 2060 lnd
2128 2005 2393 2078 apparet;
2410 1997 2563 2059 bona
2594 2016 2731 2059 vero
2762 1996 3205 2077 producit,quia
3233 1996 3374 2059 dum
3393 1997 3649 2060 hoccor—

283 2087 526 2151 ιιτοίησιν⁸
560 2085 764 2161 μᾶλλον
792 2087 846 2143 δὲ
878 2089 990 2146 ἐπεὶ
1031 2090 1300 2153 ἀκώλυτός
1328 2091 1470 2148 ἐστιν
1523 2093 1577 2149 ἐν
1620 2105 1738 2156 τοῖς
1767 2095 1928 2157 θείοις

281 2173 487 2252 λογίοις
510 2177 543 2243 ἡ
568 2176 618 2241 ἐξ
647 2176 1028 2256 ἐποιλογισμοῦ
1057 2185 1165 2236 τῶν
1196 2179 1581 2261 ἀκριϐεστέρων
1612 2179 1925 2261 παράδοσις.

283 2267 359 2321 Τὸ
392 2271 515 2335 πᾶν,
552 2264 716 2344 λέγει,
752 2276 843 2325 τοῦ
872 2270 1067 2347 ἀγαθοῦ
1118 2269 1250 2350 ἐστι,
1285 2271 1458 2335 καθὼς
1503 2272 1592 2328 καὶ
1648 2290 1929 2350 παρακατ-

284 2354 383 2409 ιὼν
414 2352 688 2420 ἀποδείξει.
751 2357 871 2422 ΠΒς
919 2359 1018 2436 γὰρ
1075 2356 1221 2415 ἔσται
1272 2361 1334 2415 τὸ
1396 2360 1523 2417 asta
1580 2361 1671 2416 καὶ
1726 2360 1930 2438 ἀγαθὸν

282 2446 359 2508 ὡς
406 2442 466 2499 ὲκ
490 2451 581 2499 τοῦ
634 2446 854 2524 φθείρειν
911 2445 1188 2525 προξενοῦν
1247 2447 1478 2524 γένεσιν,
1514 2449 1605 2505 καὶ
1647 2449 1815 2506 κακὸν
1854 2450 1930 2512 ὡς

285 2536 524 2612 φθεῖρονς
557 2532 673 2590 ουδὲ
727 2536 826 2613 γὰρ
860 2537 951 2593 τοῦ
994 2538 1153 2594 αὒτοῦ
1198 2538 1287 2593 καὶ
1327 2534 1445 2602 ἕνὸς
1480 2537 1794 2617 πράγματος
1837 2538 1931 2614 μία

288 2623 428 2679 κατᾶ
485 2625 544 2678 τὸ
586 2626 711 2682 «ora
750 2622 991 2705 δύναμις,
1041 2627 1130 2683 καὶ
1178 2627 1341 2706 φθορά
1396 2625 1506 2683 ἐστι
1563 2628 1652 2685 καὶ
1697 2625 1929 2707 γένεσις·

288 2711 422 2787 ὅπερ
481 2710 772 2787 συμϐαίνει,
832 2712 989 2794 εἴπερ
1046 2713 1343 2789 δεξαίμεθα,
1397 2715 1478 2772 ὅτι
1525 2713 1749 2792 δύναμις
1817 2715 1931 2773 ἔστι

286 2802 352 2855 τὸ
407 2803 571 2858 κακὸν
626 2801 743 2858 καθ’
787 2803 981 2872 ἑαυτὴν
1037 2806 1114 2879 μή
1186 2805 1485 2885 φθείρουσα,
1544 2806 1682 2864 κατὰ
1725 2802 1931 2881 συμϐεο

287 2888 457 2957 ὄγμος
486 2888 665 2958 δὲτὴν
722 2890 926 2968 γένεσιν
975 2892 1306 2975 παρέχουσα,
1369 2894 1488 2957 Πῶς
1545 2895 1644 2973 γὰρ
1677 2900 1777 2962 τῆς
1823 2901 1930 2952 τῶν

287 2977 539 3035 ἐναντίων
587 2981 848 3051 κινήσεως
897 2981 990 3058 μία
1032 2984 1119 3040 καί
1154 2984 1186 3052 ἦ
1229 2984 1364 3050 αὐτὴ
1406 2982 1553 3040 ἔσται
1583 2981 1827 3061 δύναμις
1876 2986 1931 3043 Εἰ

285 3070 389 3146 γαρ
418 3071 506 3126 καὶ
532 3071 560 3126 ὅ
591 3071 767 3149 ἰατρὸς
808 3068 1020 3151 λέγεται
1076 3070 1294 3149 δύναμιν
1347 3072 1498 3154 ἔχειν
1552 3074 1788 3153 ὑγιάσαι,
1846 3075 1932 3132 καὶ

285 3156 504 3232 δύναμιν
563 3158 711 3239 ἔχειν
758 3162 911 3219 νόσον
942 3174 1271 3242 παρασχεῖν,
1304 3164 1365 3219 τὸ
1395 3162 1495 3238 μὶν
1525 3161 1641 3219 καθ’
1673 3166 1824 3235 αὐτὸ,
1870 3164 1931 3219 τὸ

281 3245 339 3302 δε
371 3247 509 3304 κατᾶ
538 3247 873 3324 συμϐεϐηκὸς
919 3257 988 3327 τῇ
1019 3252 1245 3323 απουσίᾳ
1307 3254 1403 3309 καὶ
1466 3257 1541 3324 τῷ
1599 3252 1677 3327 μὴ
1705 3250 1930 3310 intoxi-

278 3340 498 3411 ψασθαι⁶
552 3340 641 3395 καὶ
698 3341 787 3396 τὸν
843 3338 1173 3419 κυϐερνήτην
1203 3339 1279 3416 μή
1318 3339 1479 3402 μόνον
1537 3342 1775 3417 παρόντα
1833 3344 1933 3410 τῆς

278 3426 556 3503 σωτηρίας
586 3429 683 3494 τῆς
734 3430 866 3493 νεὼς
921 3428 1232 3504 αἰτιώμεθα,
1281 3427 1419 3485 ἀλλὰ
1463 3429 1552 3485 καὶ
1594 3427 1802 3486 ἆπόντα
1832 3434 1931 3496 τῆς

277 3513 575 3580 ἀπωλείας.
637 3508 723 3575 ’Ὂ
771 3518 873 3597 γὰρ
917 3520 1084 3595 παρὸν
1150 3518 1437 3591 αἰτιώμεθα
1476 3514 1653 3590 τοῦδε,
1715 3518 1873 3598 φησὶν
1905 3520 1933 3576 ὁ

276 3603 680 3683 Ἀριστοτέλης,
715 3616 869 3665 τοῦτο
903 3609 987 3663 καὶ
1017 3606 1152 3663 ἇπδν
1184 3605 1474 3680 αἰτιώμεθα
1514 3612 1609 3663 τοῦ
1667 3609 1926 3672 ἑδαντίου,

280 3694 449 3752 Ἀλλὰ
478 3697 879 3775 προῦπόκειται,
922 3696 1003 3752 ὅτι
1046 3694 1265 3771 δύναμις
1299 3696 1375 3760 τίς
1442 3717 1584 3753 εστιν
1613 3694 1668 3752 ἰν
1698 3697 1927 3771 τούτοις,

279 3786 335 3841 ὲν
361 3785 549 3857 ἱκείνῳ
590 3786 688 3858 μὲν
742 3795 835 3845 τοῦ
891 3786 1130 3863 ὕγιάσαι,
1185 3785 1241 3842 ἐν
1290 3785 1461 3859 τούτῳ
1519 3783 1577 3841 δὲ
1605 3793 1700 3843 τοῦ
1732 3792 1927 3867 σῶσαι,

278 3876 497 3942 ἧστινος
541 3877 575 3943 ἡ
608 3875 834 3932 ἂπουσία
868 3872 1130 3932 τάναντία
1180 3874 1439 3955 παρέχει·
1494 3876 1585 3931 καὶ
1653 3875 1769 3933 καθ’
1802 3877 1929 3934 αὐτὸ

280 3964 380 4038 μὲν
422 3965 488 4019 τα
545 3962 662 4020 καθ’
696 3963 797 4030 ἕξιν
827 3964 1090 4044 γίνονται,
1120 3964 1185 4020 τὰ
1215 3962 1269 4019 δὲ
1299 3964 1437 4020 κατὰ
1492 3963 1742 4040 στέρησιν
1793 3966 1932 4022 κατὰ

392 4049 423 4073 ρ
455 4050 485 4069 ο
576 4054 588 4073 1
675 4052 690 4069 9
924 4054 938 4071 \
986 4053 999 4073 ρ
1102 4053 1117 4070 \
1552 4054 1567 4071 ε
1745 4053 1759 4073 ο
1844 4054 1858 4076 ’

280 4068 637 4130 συμοεοῃκος*
670 4066 849 4110 exstas
892 4051 947 4110 δε
978 4076 1013 4121 η
1059 4075 1157 4128 μεν
1212 4052 1455 4122 στέρησις
1521 4074 1581 4111 το
1640 4058 1739 4111 καθ
1803 4056 1932 4111 αυτὸ

282 4140 428 4222 ἔχει,
480 4144 509 4210 ἦ
539 4142 593 4198 δὲ
623 4142 733 4208 ἕξις
766 4146 825 4200 τὸ
880 4144 1020 4200 κατὰ
1069 4140 1429 4217 συμϐεϐηκός.
1466 4143 1550 4209 Τίς
1583 4142 1671 4200 οὖν
1704 4145 1738 4211 ἡ
1768 4141 1932 4200 δύνα-

282 4255 375 4306 μις
430 4232 584 4304 αὕτη,
620 4234 655 4300 ἡ
687 4234 824 4289 κατὰ
882 4232 1128 4306 στέρησιν
1187 4231 1572 4312 συνισταμένη,
1630 4230 1748 4301 ἥτις
1789 4235 1928 4290 ἔστὶν

281 4323 337 4376 ἑν
399 4328 476 4394 τῷ
534 4323 675 4394 αὒτῷ
731 4322 818 4376 καὶ
873 4322 1007 4401 φορὰ
1056 4322 1145 4378 καὶ
1202 4319 1407 4397 γένεσις
1466 4318 1585 4380 οὐδὲ
1667 4321 1769 4399 γὰρ
1829 4320 1928 4388 τῆς

279 4414 478 4489 φθορᾶς
534 4411 569 4477 ἡ
625 4408 871 4486 στέρησις
932 4410 1135 4488 γέδεσίς
1180 4408 1348 4488 ἐστιν,
1408 4404 1532 4464 ἀλλ’
1574 4408 1610 4475 ἦ
1669 4407 1926 4485 γενέσεως

2008 2088 2231 2167 rumpit
2254 2085 2640 2149 substantiam
2665 2085 3520 2167 formatam,subintroducitur
3538 2086 3654 2149 alia

2013 2175 2204 2238 forma
2226 2174 2910 2256 materiminexistentis,
2943 2182 3003 2237 et
3041 2191 3149 2255 per
3170 2173 3391 2236 bonum
3424 2174 3652 2240 forma-

2017 2268 2240 2328 tionem
2293 2264 2669 2344 suscipientis
2704 2284 2722 2340 ;
2755 2263 3088 2345 praesertim
3120 2281 3257 2326 cum
3287 2262 3458 2327 obvia
3485 2264 3565 2326 sit
3589 2265 3649 2327 in

2017 2354 2228 2417 divinis
2256 2354 2512 2417 oraculis
2544 2374 2615 2416 ex
2646 2371 2848 2417 rerum
2881 2355 3312 2435 praacipuarum
3334 2371 3652 2418 enumera-

2017 2445 2177 2506 tione
2221 2443 2361 2505 408
2409 2443 2672 2505 traditio.
2708 2444 2832 2506 Hoc
2870 2441 3234 2517 universum,
3268 2442 3483 2525 inquit,
3507 2442 3652 2505 boni

2016 2540 2127 2605 est,
2178 2539 2329 2595 sicut
2383 2531 2445 2594 iu
2505 2549 2819 2611 progressu
2856 2529 3307 2594 demonstrabit.
3344 2529 3655 2604 Quomodo

2017 2622 2173 2683 enim
2194 2621 2253 2683 id
2285 2622 2480 2702 ipsum
2504 2624 2619 2683 erit
2640 2625 2703 2683 et
2725 2622 3038 2695 bonum,in
3066 2628 3354 2698 quantum
3376 2638 3652 2683 corrum-

2015 2711 2214 2792 pendo
2238 2717 2541 2793 promovet
2558 2709 3027 2791 generationem,
3053 2719 3111 2773 et
3132 2708 3446 2791 malum,in
3468 2728 3656 2791 quan-

2015 2810 2139 2863 tum
2161 2797 2518 2881 corrumpit?
2548 2818 2742 2881 neque
2783 2798 2943 2862 enim
2971 2798 3241 2880 ejusdem
3273 2808 3333 2862 et
3361 2799 3542 2861 unius
3569 2798 3661 2862 rei
3746 2832 3749 2837 ν

2019 2888 2206 2951 virtus
2223 2888 2395 2951 unica
2408 2886 2739 2952 secundum
2763 2888 2920 2951 idem
2945 2896 3005 2950 et
3019 2887 3322 2968 corruptio
3344 2894 3434 2951 est
3462 2894 3523 2950 et
3550 2906 3659 2968 ge-

2017 2977 2434 3059 neratio;quod
2455 2978 2661 3056 utique
2683 2977 3050 3058 contingit,si
3071 2975 3492 3054 concedamus,
3541 2996 3662 3040 ma-

2018 3067 2140 3130 lum
2164 3086 2300 3131 esse
2320 3067 2597 3129 virtutem
2621 3085 2751 3150 quas
2777 3065 3107 3129 secundum
3147 3084 3213 3129 se
3246 3084 3365 3130 non
3396 3084 3667 3130 corrum-

2022 3166 2256 3238 pat,per
2277 3155 2560 3219 accidens
2582 3162 2783 3218 autem
2805 3162 2863 3218 et
2883 3153 3331 3236 generationem
3359 3155 3662 3219 exhibeat.
3739 3212 3748 3220 .

2020 3243 2331 3319 Quomodo
2349 3244 2506 3307 enim
2526 3253 2723 3307 motus
2744 3242 3189 3307 contrariorum
3208 3262 3323 3307 una
3336 3244 3668 3326 eademque

2018 3339 2109 3396 vis
2134 3336 2277 3399 erit?
2304 3352 2438 3397 nam
2466 3334 2519 3397 si
2542 3333 2721 3396 etiam
2742 3332 3008 3396 medicus
3033 3333 3267 3397 dicatur
3290 3332 3513 3396 habere
3546 3333 3667 3396 vim

2021 3425 2292 3500 sanandi,
2325 3432 2384 3485 et
2419 3422 2641 3486 habere
2658 3424 2771 3484 vim
2805 3422 3082 3485 morbum
3114 3421 3487 3496 conferendi,
3520 3422 3669 3486 illud

2020 3513 2263 3595 quidem
2288 3531 2395 3594 per
2417 3513 2627 3594 se,hoc
2650 3529 2723 3575 au
2734 3521 2853 3574 tem
2879 3529 2988 3592 per
3008 3510 3309 3592 accidens,
3320 3512 3667 3593 propterab-

2017 3602 2267 3663 sentiam
2288 3602 2378 3664 vel
2404 3600 2987 3676 inadvertentiam;et
3015 3598 3409 3680 gubernatori
3428 3618 3548 3661 non
3577 3618 3671 3663 so-

2017 3690 2137 3753 lum
2199 3690 2473 3772 praesenti
2523 3689 2775 3752 salutem
2827 3688 2991 3751 navis
3035 3687 3413 3763 ascribimus,
3462 3707 3667 3752 verum

2016 3781 2190 3841 etiam
2240 3779 2470 3843 absenti
2514 3778 2935 3859 perditionem.
2970 3775 3139 3850 Quod
3192 3775 3353 3840 enim
3401 3795 3668 3859 praesens

2017 3868 2197 3949 hujus
2214 3886 2453 3930 causam
2474 3867 2751 3946 dicimus,
2777 3865 2972 3949 inquit
2989 3865 3364 3942 Aristoteles,
3396 3866 3455 3929 id
3487 3867 3667 3931 etiam

2018 3959 2237 4019 absens
2250 3957 2529 4019 contrarii
2546 3973 2785 4019 causam
2813 3958 3160 4020 asserimus.
3181 3954 3298 4019 Sed
3319 3973 3666 4038 prmsuppo-

2021 4046 2254 4108 niturin
2280 4047 2371 4108 his
2392 4046 2477 4108 vis
2497 4046 2716 4126 aliqua,
2764 4046 2823 4106 in
2872 4044 2974 4107 illo
3001 4044 3242 4126 quidem
3285 4046 3561 4128 curandi,
3604 4043 3668 4108 in

2022 4137 2133 4197 hoc
2152 4145 2346 4198 autem
2376 4133 2855 4215 servandi,cujus
2882 4134 3155 4197 absentia
3183 4134 3483 4197 contraria
3518 4152 3670 4214 prae-

2018 4234 2228 4302 stet;ac
2255 4244 2362 4306 per
2383 4243 2448 4287 se
2470 4224 2709 4305 quidem
2734 4224 2833 4286 illa
2856 4225 3005 4286 ﬁunt
3026 4225 3360 4287 secundum
3375 4223 3668 4304 habitum,

2018 4316 2143 4377 haec
2174 4334 2312 4402 vero
2363 4313 2692 4378 secundum
2745 4313 3141 4393 privationem
3196 4332 3303 4395 per
3341 4312 3664 4377 accidens:

2015 4405 2099 4466 ibi
2130 4401 2326 4467 autem
2361 4404 2607 4487 privatio
2641 4421 2707 4466 se
2740 4402 2918 4465 habet
2974 4421 3081 4484 per
3131 4421 3219 4479 se,
3256 4401 3493 4465 habitus
3523 4419 3664 4466 vero

280 4500 369 4555 xxi
415 4508 505 4558 τοῦ
547 4498 693 4555 εἶναι
743 4497 990 4575 στέρησις
1046 4500 1233 4579 φθορά⁶
1284 4495 1401 4553 οὐδὲ
1463 4501 1561 4565 τῆς
1625 4498 1927 4573 στερήσεως

2018 4513 2125 4576 per
2154 4494 2455 4557 accidens.
2481 4493 2763 4567 Quaanam
2798 4492 2995 4573 itaque
3026 4493 3150 4555 haec
3172 4492 3259 4553 vis
3287 4491 3527 4574 sit,qua3
3571 4508 3667 4554 se-

279 4588 512 4645 ἆπουσία
544 4585 711 4665 εἶδος,
757 4568 876 4644 ἀλλ’
904 4590 940 4657 ἡ
971 4568 1072 4644 τοῦ.
1092 4568 1266 4652 εἴδους
1331 4587 1555 4643 ἀπουσία
1611 4568 1774 4666 φθορὰ
1843 4589 1929 4645 καὶ

2019 4568 2283 4644 cundum
2316 4583 2711 4663 privationem
2733 4568 3252 4661 subsistat,qumin
3285 4568 3499 4644 eodem
3521 4581 3667 4642 sitet

281 4676 555 4755 στέρησις,
595 4677 691 4733 Διὰ
714 4685 889 4755 τοῦτο,
924 4677 1036 4734 ἐπεὶ
1072 4678 1155 4733 καὶ
1186 4678 1248 4733 τὸ
1291 4678 1453 4732 κακὸν
1477 4675 1768 4757 αὒτοφθορά
1797 4675 1933 4756 ἔστι,

281 4769 342 4823 τὸ
390 4764 444 4822 δὲ
507 4767 705 4844 ἀγαθὸν
737 4764 1081 4842 αὒτοδόνσμις
1133 4767 1206 4829 εἷς
1269 4765 1494 4843 γένεσιν,
1547 4771 1664 4827 πῶς
1723 4763 1785 4820 ἂν
1841 4764 1934 4833 εἴη

284 4858 319 4924 ἡ
366 4856 664 4934 αὖτοφθορὰ
712 4852 1081 4931 αὒτοδύναμις,
1140 4857 1212 4920 ὡς
1271 4852 1515 4910 δύνασθαι
1568 4853 1735 4922 αὒτὴν
1805 4876 1933 4911 ποι-

282 4959 366 5002 εῖν
409 4963 485 5025 τις
532 4942 683 5002 Ἀλλ’
747 4943 937 5002 εἰδέναι
995 4945 1133 5025 χρὴ,
1200 4944 1280 5001 ὅτι
1326 4943 1439 5000 insi
1496 4944 1559 4999 τὸ
1612 4940 1929 5017 αὖτὸκακον,

282 5037 667 5114 αὒτοαμετρον,
713 5037 801 5092 καὶ
860 5032 1239 5105 αὒτοανείδεον,
1276 5034 1360 5089 καὶ
1419 5032 1593 5106 ἑαυτῷ
1641 5034 1805 5090 κακὸν
1836 5031 1933 5089 οὒ-

283 5121 472 5187 σιὼὃές
517 5123 683 5204 ἐστιν,
716 5125 778 5182 οὗ
835 5125 945 5199 μὴν
990 5122 1153 5202 ἑτέρῳ
1208 5122 1394 5179 κακόν·
1440 5128 1608 5204 ’τοῦτο
1655 5123 1753 5200 γὰρ
1784 5119 1931 5185 εἶδός

281 5213 422 5269 ἐστιν
479 5213 600 5270 οἷον
654 5216 740 5271 καὶ
798 5210 1129 5287 συμϐεϐηκὸς
1192 5213 1400 5273 κακίας.
1438 5199 1666 5290 ἿΩσπερ
1697 5209 1857 5268 πάλιν
1903 5214 1931 5268 ὁ

284 5304 415 5366 Θεὸς
460 5304 806 5381 αὖτὰμετρον,
866 5303 951 5358 καὶ
1005 5299 1420 5373 αὒτοειδοποιὸθ,
1470 5302 1557 5357 καὶ
1610 5299 1931 5378 αὒτοᾶγαθον

281 5391 557 5471 οοῖισιώἰες,
616 5397 675 5450 οὔ
719 5394 825 5464 μὴν
881 5394 941 5446 το
999 5390 1053 5446 ἐν
1108 5390 1270 5467 ἑτέρῳ
1327 5390 1542 5467 ἀγαθόν·
1594 5387 1929 5466 κυμόεϐηκὸς

280 5485 381 5559 γὰρ
412 5489 590 5543 τοῦτο.
634 5483 797 5539 Τοῦτο
856 5481 1024 5536 τοὲνυν
1085 5483 1146 5535 τὸ
1190 5479 1484 5535 αὒτὸιιικον
1534 5479 1649 5536 οὔτε
1694 5480 1776 5539 ὃν.
1815 5478 1930 5535 οὔτε

280 5571 564 5637 ποιητικόν
598 5572 761 5649 ἐστιν,
810 5572 903 5627 οὕί
933 5569 988 5623 ἐν
1030 5569 1242 5645 ὑπάρξει
1279 5569 1377 5625 τινὶ
1412 5569 1671 5647 φαίνεται,
1726 5568 1842 5625 ἀλλ’
1875 5568 1930 5624 ἐν

284 5659 615 5739 παρεισδύσει
672 5663 724 5718 ἐν
786 5668 853 5737 τῇ
913 5668 1001 5718 του
1059 5660 1254 5738 ἀγαθοῦ
1312 5660 1580 5736 στερήσει,
1622 5658 1717 5718 Καὶ
1775 5659 1929 5714 τοῦτό

2021 4672 2323 4753 corruptio
2369 4678 2427 4734 et
2458 4671 2793 4751 generatio?
2830 4667 3034 4751 Neque
3077 4670 3237 4733 enim
3267 4669 3668 4751 corruptionis

2022 4762 2266 4842 privatio
2287 4760 2591 4842 generatio
2613 4758 2840 4836 est,sed
2871 4759 3273 4839 generationis
3293 4768 3353 4822 et
3379 4759 3667 4822 exsisten-

2017 4857 2118 4913 tiae
2145 4852 2393 4932 privatio
2418 4850 2720 4930 corruptio
2748 4857 2862 4925 est;
2878 4867 3072 4930 neque
3089 4850 3433 4932 privationis
3450 4847 3666 4912 absen-

2021 4940 2099 5000 tia
2123 4941 2312 5003 l'orma
2336 4938 2559 5016 est,sed
2583 4938 2790 5000 formas
2834 4936 3110 5001 absentia
3150 4938 3453 5021 corruptio
3481 4945 3572 5002 est
3600 4942 3664 5002 et

2021 5029 2671 5111 privatio.Quapropter
2689 5045 2825 5089 cum
2850 5026 3029 5090 etiam
3058 5028 3280 5091 malum
3315 5047 3422 5109 per
3450 5045 3517 5090 se
3538 5043 3665 5089 cor-

2017 5121 2215 5200 ruptio
2238 5120 2566 5201 sit,bonum
2612 5126 2811 5180 autem
2846 5134 2954 5199 per
2980 5134 3047 5181 se
3077 5118 3272 5182 valeat
3301 5118 3375 5180 ad
3407 5134 3660 5199 genera-

2019 5205 2571 5289 tionem,quomodo
2592 5223 2699 5287 per
2719 5225 2783 5268 se
2803 5208 3105 5289 corruptio
3128 5208 3205 5270 sit
3224 5225 3335 5287 per
3353 5224 3419 5268 se
3449 5207 3654 5278 virtus,

2019 5308 2079 5362 ut
2114 5297 2314 5379 possit
2344 5296 2565 5377 aliquid
2596 5295 2822 5359 facere?
2849 5295 2964 5359 Sed
2994 5293 3495 5377 sciendum,quod
3518 5310 3655 5356 cum

2019 5406 2126 5468 per
2175 5406 2243 5451 se
2297 5387 2541 5461 malum,
2579 5403 2687 5467 per
2717 5403 2782 5448 se
2829 5386 3212 5462 immensum,
3272 5402 3379 5467 per
3446 5401 3512 5446 se
3566 5381 3658 5444 in-

2016 5478 2295 5557 forme,et
2315 5496 2377 5537 se
2400 5477 2527 5557 ipso
2551 5472 2950 5537 essentialiter
2974 5475 3195 5535 malum
3210 5474 3434 5545 sit,non
3454 5480 3655 5534 autem

2017 5586 2122 5646 per
2141 5567 2391 5628 alterum
2421 5565 2666 5641 malum;
2693 5564 2802 5625 hoc
2830 5563 2988 5625 enim
3020 5563 3210 5625 forma
3249 5571 3360 5638 est,
3395 5571 3455 5625 et
3483 5561 3650 5640 quasi

2014 5655 2292 5718 accidens
2325 5654 2587 5717 malitiae.
2620 5652 2783 5718 Sicut
2828 5651 3042 5715 iterum
3075 5652 3233 5716 Deus
3263 5670 3371 5734 per
3397 5670 3462 5716 se
3491 5668 3656 5715 men-
