4030 6204
260 360 388 428 789

431 502 458 514 ν

738 365 837 427 DE
879 363 1177 430 DIVINIS
1216 364 1669 440 NOMINIBUS,
1715 363 1877 429 CAP.
1925 366 2038 431 IV.
2099 391 2177 413 —-
2221 368 2603 434 PARAPHR.
2652 366 3172 434 PACHYMERE.

3526 343 3648 437 790

255 523 366 568 σης
397 502 495 566 τῆς
522 499 701 571 ἕξεως,
739 501 774 568 ἢ
805 497 940 574 μηδὲ
970 497 1345 578 ἐγγινομένης,
1381 498 1524 554 εἶναί
1565 522 1614 554 τι
1670 501 1756 556 καὶ
1787 502 1908 580 ὑφί-

1996 504 2187 564 ciente
2215 503 2944 576 habitu,sicutdeﬁcieute
2973 505 3170 568 calore
3187 506 3341 585 ignis
3363 481 3649 588 (manent)

259 595 483 647 στασθαι
535 589 768 661 δύναται,
807 591 865 644 :6
903 587 957 643 δὲ
1006 590 1138 644 κατά
1169 588 1340 644 πάντα
1369 595 1466 644 :06
1513 588 1710 666 ἀγαθοῦ
1762 590 1915 646 ἑστε-

257 681 517 759 ρημὲνον,
550 683 624 744 ὡς
673 680 816 735 εἶναι
846 679 1160 750 αὒτόκακον,
1197 677 1294 734 οὒκ
1330 678 1471 734 εἶναι
1532 684 1711 740 ποσῶς
1757 677 1914 735 δύνα-

257 774 370 831 ταί.
412 769 590 836 Τίθησι
623 776 746 846 γοῦν
781 765 1114 844 παράδειγμα
1146 768 1237 823 τὸν
1294 766 1614 838 ἀκόλαστον,
1651 768 1706 828 ὃς
1756 766 1808 822 ἐν
1840 774 1915 841 τῷ

255 866 429 914 κακοῦ
456 857 711 937 μετέχειν
738 858 853 914 οὔτε
900 856 1064 934 ἐστὶν,
1098 855 1214 911 οὔτε
1267 855 1430 918 ὄντως
1465 855 1744 929 ἐπιθυμεῖ,
1777 854 1916 936 (οἷος

258 951 361 1023 γὰρ
422 950 448 1004 6
506 946 658 1026 ἔρως,
711 949 929 1002 τοιαῦτα
990 948 1076 1001 καὶ
1139 946 1203 1000 τα
1243 943 1460 1021 ἐραστὰ)
1504 944 1623 1000 κατ’
1667 947 1792 1001 13:6
1857 945 1914 1001 δὲ

253 1038 408 1110 ὅμως
468 1040 526 1092 :6
565 1040 662 1103 τῆς
721 1037 958 1100 ἐνώσεως
1007 1037 1092 1090 καὶ
1143 1034 1316 1114 φιλίας
1351 1041 1544 1114 σχῆμα
1575 1057 1794 1115 μετεχει
1825 1044 1914 1092 :06

254 1128 482 1202 ἀγαθοῦ,
537 1129 580 1182 εὶ
613 1128 698 1181 καὶ
743 1128 818 1199 μη
867 1126 1041 1203 ὄντος,
1075 1123 1211 1178 ἀλλά
1254 1132 1346 1180 τοῦ
1403 1123 1705 1188 δοκοῦντος·
1764 1135 1913 1183 τοῦτο

254 1217 361 1293 γάρ
408 1217 516 1272 ἐστι
547 1218 606 1271 :6
640 1214 866 1292 ἀμυδρὸν
900 1219 994 1280 τῆς
1046 1214 1210 1280 ὄντων
1242 1214 1417 1291 φιλίας
1471 1214 1770 1292 ἀπήχημα.
1808 1212 1909 1274 Καὶ

253 1309 283 1362 6
333 1314 409 1379 τῷ
449 1309 597 1380 θυμῷ
648 1305 990 1382 ἀπορώμενος
1053 1304 1303 1384 μετέχειν
1352 1304 1566 1378 λέγεται
1619 1306 1711 1360 :06
1768 1303 1908 1382 ἀγα-

253 1403 353 1455 θοῦ
381 1403 434 1453 εν
462 1406 537 1472 τῷ
587 1401 715 1476 πρὸς
749 1396 1019 1477 διόρθωσιν
1052 1400 1312 1453 κινεῖσθαι
1342 1396 1446 1451 τῶν
1478 1395 1771 1452 δοκούντων
1803 1419 1908 1452 κα-

254 1490 390 1546 κῶν.
439 1488 589 1545 Οὕτω
630 1489 717 1543 καὶ
748 1489 774 1542 6
826 1488 923 1552 τῆς
957 1486 1214 1552 κακίστης
1270 1489 1412 1555 ζωῆς
1462 1485 1736 1564 ἐφιέμενος
1801 1508 1905 1560 με-

252 1577 412 1657 τέχει
459 1584 554 1634 :06
601 1575 798 1653 ἀγαθοῦ
842 1575 895 1630 ἐν
927 1583 1002 1649 τῷ
1048 1580 1146 1642 τῆς
1204 1572 1460 1641 δοκούσης
1493 1579 1634 1650 αύτῷ
1689 1575 1910 1654 ἀρίστης

253 1672 404 1736 ζωῆς
452 1667 704 1747 ἐφίεσθαι,
747 1668 842 1723 Καὶ
890 1668 917 1721 6
945 1666 1005 1721 :6
1056 1665 1220 1720 κακὸν
1250 1661 1302 1719 δὲ
1361 1665 1557 1738 μετιὼν
1607 1664 1661 1719 ἐν
1693 1686 1768 1738 τῳ
1815 1664 1908 1721 δο-

253 1770 378 1812 κεῖν
431 1755 594 1812 καλὸν
651 1759 828 1812 ποιεῖν
889 1754 1108 1834 μετέχει
1164 1759 1254 1810 :06
1314 1753 1530 1831 ἀγαθοῦ.
1593 1753 1805 1828 ’¹Ωστε,
1851 1753 1911 1810 ἂν

2002 593 2192 653 calida
2219 612 2348 672 quae
2374 594 2656 654 calefacta
2685 602 2840 668 sunt,
2877 601 2932 654 et
2960 593 3178 672 frigora
3230 596 3379 658 nivis
3413 596 3644 678 frigida,

2002 699 2131 759 qnze
2161 683 2460 758 frigelacta
2482 691 2640 746 sunt.
2671 685 2738 743 Et
2761 701 2998 745 rursum
3025 685 3140 744 alia
3169 693 3328 766 sunt,
3356 704 3489 767 qum
3506 687 3647 749 dum

2005 769 2235 850 aliquos
2259 771 2490 833 habitus
2515 791 2630 833 non
2658 772 3235 854 participant,tamen
3261 784 3570 838 servantur
3591 783 3652 840 et

2003 859 2469 933 exsistunt.Quot
2486 862 2641 922 enim
2660 880 2756 922 res
2780 869 2916 923 sunt
2939 863 3067 923 vitae
3087 864 3420 944 mentisque
3439 884 3650 947 exper-

2001 957 2372 1012 tesattameu
2406 961 2563 1023 sunt,
2616 951 2868 1031 lapides,
2917 960 2978 1013 et
3007 955 3247 1032 stirpes,
3284 961 3341 1015 et
3372 953 3591 1016 similia
3615 955 3649 1017 *ἲ

1999 1039 2143 1101 Veni
2177 1042 2354 1101 etiam
2384 1040 2456 1101 ad
2486 1043 2675 1121 ipsum
2702 1041 2968 1122 Deum;‘a
2991 1045 3314 1107 substantia
3336 1053 3649 1126 exemptus

1999 1139 2171 1208 est,et
2203 1139 2292 1191 est
2312 1130 3010 1210 supersubstantialis.Et
3034 1135 3387 1215 simpliciter
3415 1134 3477 1197 in
3509 1135 3644 1198 aliis

1996 1219 2361 1296 quidem,vel
2391 1220 2639 1281 absente
2671 1221 2850 1284 etiam
2883 1222 3088 1285 habitu
3134 1224 3221 1286 vel
3268 1243 3386 1285 non
3438 1223 3642 1302 insito,

1995 1328 2124 1371 esse
2146 1309 2372 1386 aliquid
2404 1318 2460 1371 et
2491 1310 2814 1374 subsistere
2847 1321 3057 1392 potest;
3091 1313 3249 1394 quod
3276 1331 3415 1375 vero
3448 1313 3644 1376 omni-

1997 1399 2169 1460 modo
2203 1401 2353 1462 bono
2387 1400 2677 1480 privatum
2703 1409 2812 1470 est,
2847 1409 3128 1482 tanquam
3160 1421 3267 1482 per
3297 1421 3363 1464 se
3398 1403 3642 1484 malum,

1996 1509 2366 1570 nequaquam
2401 1492 2685 1552 exsistere
2717 1498 2931 1569 potest.
2971 1491 3146 1554 Ponit
3187 1491 3363 1570 igitur
3393 1492 3649 1574 exempli

1995 1582 2177 1660 gratia
2201 1582 2382 1643 intem
2395 1581 2838 1660 perantem,qui
2872 1589 3162 1658 quatenus
3187 1582 3327 1644 mali
3356 1583 3652 1664 particeps

1997 1681 2313 1752 est,neque
2337 1681 2666 1748 est,neque
2681 1671 2923 1732 omnino
2949 1673 3268 1753 quidquam
3283 1673 3655 1755 concupiscit

1997 1761 2213 1838 (qualis
2247 1762 2408 1822 enim
2441 1780 2612 1822 amor
2633 1772 2744 1841 est,
2783 1761 2923 1824 talia
2961 1768 3021 1822 et
3069 1762 3169 1824 illa
3199 1780 3331 1843 quae
3360 1767 3651 1839 amantur)

251 1845 434 1912 πάντη
485 1848 545 1901 τὸ
577 1845 767 1923 ἀγαθὸν
820 1843 1038 1920 ἀνέλῃς,
1069 1843 1280 1905 ἀνεῖλες
1342 1844 1431 1898 καὶ
1486 1843 1682 1904 πέντα.
1737 1834 1908 1900 ’Ὥστε

1999 1834 2169 1914 simul
2201 1861 2400 1913 tamen
2416 1834 2752 1912 secundum
2772 1850 3090 1928 quamdam
3115 1834 3354 1913 unibnis
3372 1860 3434 1914 et
3452 1834 3655 1914 amici-

252 1937 348 1989 καὶ
397 1936 454 1990 :6
485 1935 544 1990 ἐκ
590 1938 782 2013 φθορᾶς
813 1935 1042 2011 γίνεσθαι
1077 1931 1308 2010 γένεσιν,
1343 1932 1371 1987 ὃ
1430 1931 1676 2006 ἀνωτέρω
1706 1932 1910 2011 ἔλεγεν,

254 2024 356 2079 οὒκ
405 2023 512 2078 ἔστι
538 2029 704 2079 κακοῦ
750 2021 988 2099 δύναμις,
1024 2020 1138 2077 ἀλλ’
1202 2021 1403 2099 ἀγαθοῦ
1438 2023 1658 2092 ἥττονος
1691 2021 1911 2100 ἐπικρά-

251 2134 434 2178 τησις,
495 2101 711 2188 ιἰὶσπερ
763 2114 850 2167 καὶ
899 2114 934 2179 ἡ
979 2112 1149 2188 ὑγίεια
1198 2111 1342 2175 τάξις
1400 2111 1510 2166 ἐστὶ
1563 2112 1650 2166 καὶ
1699 2133 1911 2186 συμμε-

250 2204 373 2276 τρία
427 2207 531 2256 τῶν
577 2201 837 2279 κράσεων,
874 2202 905 2268 ἡ
953 2199 1008 2255 δὲ
1040 2207 1192 2262 νόσος
1243 2199 1480 2274 ἔλλειψις
1511 2205 1610 2268 τῆς
1655 2201 1912 2267 τοιαύτης

250 2291 476 2361 τάξεως,
511 2289 652 2356 πλὴν
696 2287 750 2345 δὲ
781 2292 840 2346 οὗ
870 2290 1070 2361 «iam,
1105 2287 1242 2345 ἀλλᾶ
1296 2307 1462 2350 mor
1501 2292 1544 2344 εἱ
1577 2290 1676 2368 γὰρ
1706 2290 1909 2365 πάσης,

248 2381 575 2456 φθαρήσεται
627 2378 685 2433 ἅν
715 2381 776 2434 :6
803 2384 961 2458 ζῶον,
994 2380 1080 2435 καί
1110 2380 1144 2445 ἡ
1197 2377 1351 2442 νόσος
1383 2381 1480 2459 οὔχ
1529 2381 1910 2450 ὑποστήσεται,

253 2467 434 2526 "Ben:
517 2469 688 2524 τοίνυν
743 2471 778 2538 ἦ
857 2470 1010 2531 νόσος
1069 2467 1294 2524 ἀπουσία
1379 2469 1605 2547 ὑγιείας,
1665 2469 1911 2525 σύστασιν

255 2560 460 2639 ἔχουσα
508 2559 606 2625 τὴν
673 2556 967 2638 ἐλαχίστην
1024 2556 1188 2622 τάξιν·
1253 2556 1313 2614 ἂν
1373 2559 1450 2633 μὴ
1508 2559 1607 2636 γὰρ
1664 2559 1910 2638 ἀποφύγῃ

248 2654 443 2729 ὑγίεια,
479 2651 572 2707 οὒκ
609 2649 670 2706 ἂν
702 2649 919 2716 συσταίη
970 2652 1005 2718 ἡ
1053 2648 1229 2722 νόσος,
1264 2648 1701 2729 παρυφισταμένη
1755 2648 1808 2704 ἐν
1835 2654 1912 2722 τῷ

250 2745 353 2808 τὴν
407 2739 508 2804 ἕξιν
567 2738 985 2819 ἀποδιίστασθαι,
1019 2738 1135 2794 οὒδὲ
1181 2738 1452 2812 νικωμένη
1495 2739 1598 2794 61:6
1626 2738 1725 2806 τῆς
1759 2738 1912 2794 νόσου

249 2833 288 2898 ἡ
319 2832 487 2908 ὗγῖεια
518 2828 750 2886 ἄπεισινο
784 2827 920 2885 οὕτω
985 2829 1084 2907 γὰρ
1116 2829 1178 2883 ἂν
1209 2829 1370 2908 εἶχεν
1400 2830 1435 2895 ἧ
1484 2829 1634 2894 νόσος
1666 2829 1753 2883 καὶ
1809 2827 1908 2894 τὴν

251 2920 560 2996 πρωτίστην
607 2918 775 2983 ταξιν.
808 2916 958 2974 Ἀλλ’
991 2920 1024 2985 ἡ
1086 2923 1184 2985 τῆς
1214 2917 1414 2994 ὑγιείας
1448 2916 1697 2995 στέρησις
1749 2917 1903 2980 νόσος

251 3011 385 3066 ἐστί’
447 3008 531 3064 διὰ
582 3015 736 3064 τοῦτο
779 3009 878 3086 γὰρ
940 3007 1065 3064 εἷπε
1124 3006 1220 3063 καὶ
1273 3007 1731 3085 παρυφισταμέδη·
1787 3005 1903 3062 οὑδέ

2001 1944 2094 2004 tim
2115 1942 2374 2022 speciem
2402 1939 2538 2002 boni
2565 1939 2856 2020 particeps
2885 1940 3192 2016 exsistit,si
3220 1958 3338 2003 non
3358 1941 3651 2004 exsisten-

1999 2033 2094 2106 tis,
2155 2035 2360 2093 saltem
2409 2031 2749 2109 apparentis
2784 2053 2799 2103 ς
2835 2031 2947 2092 hoc
2992 2033 3152 2094 enim
3185 2041 3274 2092 est
3329 2030 3650 2093 obscurum

1998 2122 2300 2202 quoddam
2335 2139 2543 2183 eorum
2578 2139 2710 2196 quae
2738 2129 2877 2181 sunt
2904 2121 3179 2184 amicitiae
3205 2119 3545 2198 vestigium.
3579 2118 3651 2183 Et

1999 2213 2098 2291 qui
2123 2211 2430 2272 iracundia
2461 2210 3051 2291 abutitur,particeps
3077 2229 3211 2272 esse
3245 2209 3386 2271 boni
3409 2209 3647 2283 dicitur,

1997 2303 2055 2363 in
2088 2309 2379 2383 quantum
2409 2309 2677 2362 movetur
2698 2301 2772 2361 ad
2794 2299 3146 2378 corrigenda
3169 2299 3270 2361 illa
3290 2318 3423 2380 quas
3449 2299 3654 2360 viden-

1996 2399 2091 2453 tur
2124 2392 2297 2454 mala.
2335 2390 2431 2454 Sic
2464 2401 2521 2452 et
2551 2391 2601 2452 is
2647 2391 2747 2472 qui
2780 2391 3160 2451 deterrimam
3193 2388 3370 2450 vitam
3397 2388 3646 2470 expetit,

1997 2479 2137 2541 boni
2169 2481 2460 2562 particeps
2483 2477 2803 2553 exsistit,in
2825 2487 3108 2560 quantum
3138 2477 3301 2557 cupit
3331 2477 3504 2537 vitam
3535 2496 3648 2558 op-

1996 2576 2196 2631 timam
2231 2569 2341 2648 ipsi
2391 2571 2597 2631 visam.
2656 2567 2728 2629 Et
2759 2569 2858 2649 qui
2905 2568 3126 2628 malum
3170 2565 3532 2646 aggreditur,
3587 2566 3650 2628 in

1995 2667 2281 2736 quantum
2307 2659 2547 2720 videtur
2577 2659 2799 2720 bonum
2829 2675 3030 2737 agere,
3050 2657 3270 2718 bonum
3307 2655 3647 2735 participat.

1994 2751 2074 2809 Ita
2099 2755 2218 2810 utsi
2253 2750 2498 2808 omnino
2533 2747 2755 2809 bonum
2783 2746 3116 2826 sustuleris,
3152 2745 3355 2807 omnia
3385 2744 3653 2806 sustule-

1993 2839 2176 2902 ris.Et
2205 2838 2363 2918 quod
2396 2856 2463 2898 ex
2499 2838 2885 2917 corruptione
2911 2839 3010 2898 ﬁat
3033 2835 3453 2915 generatio,uti
3478 2851 3654 2916 supe-

1987 2929 2114 2989 rius
2136 2927 2438 3006 dixit,non
2474 2935 2564 2987 est
2598 2928 2737 2988 mali
2763 2927 2870 3000 vis,
2899 2927 3005 2987 sed
3029 2925 3276 2986 minoris
3304 2923 3442 2985 boni
3469 2924 3650 2985 victo-

1990 3017 2272 3080 ria.Sicut
2297 3017 2476 3078 etiam
2510 3017 2733 3078 sanitas
2763 3016 2909 3077 ordo
2944 3023 3111 3077 estet
3143 3014 3650 3076 commensuratio

251 3100 353 3176 γάρ
421 3097 538 3176 ἔχει
595 3097 912 3172 ὑπόστασιν,
987 3096 1104 3153 ἀλλ’
1174 3099 1292 3153 οἷον
1377 3099 1774 3174 παρυπὸστασιν
1850 3095 1902 3152 ἐν

1996 3107 2324 3185 lemperiei,
2362 3106 2608 3168 morbus
2634 3124 2770 3167 vero
2803 3105 3074 3167 defectus
3109 3102 3448 3164 istiusmodi
3481 3101 3652 3164 ordi-

249 3196 330 3262 τῷ
359 3188 455 3254 τὴν
485 3187 682 3265 ὒγίειαν
741 3185 982 3264 ἀπεῖναι,
1018 3185 1198 3264 ὥσπερ
1227 3187 1288 3242 :6
1319 3207 1508 3248 σκοτος
1542 3191 1608 3261 τῇ
1640 3193 1732 3241 :06
1787 3207 1904 3264 φω-

1996 3195 2105 3265 nis,
2143 3204 2546 3256 verumtamen
2585 3213 2702 3255 non
2733 3193 3134 3274 universi,sed
3175 3193 3469 3272 alioujus:
3509 3208 3652 3254 nam

250 3280 342 3338 τὸς
401 3276 743 3354 ὑποχωρέσει
802 3275 1210 3354 παρυφίσταται,
1262 3276 1332 3333 Τὸ
1389 3281 1511 3350 γοῦν
1583 3274 1759 3341 πέντη
1818 3279 1908 3329 :06

1996 3283 2042 3345 si
2068 3283 2334 3346 defectus
2367 3293 2527 3346 esset
2549 3283 2810 3344 universi
2833 3283 3084 3346 ordinis,
3109 3283 3326 3344 animal
3357 3281 3651 3354 interiret,

251 3368 453 3443 ἀγαθοῦ
509 3366 728 3442 ἄμοιρον
758 3367 850 3421 οὒκ
903 3363 1035 3436 ἔστι,
1069 3367 1130 3420 :6
1165 3361 1220 3419 δὲ
1277 3363 1510 3443 μετέχον
1565 3365 1653 3419 καὶ
1709 3363 1908 3438 ἀγαθοῦ

1996 3382 2050 3432 et
2085 3374 2324 3434 morbus
2360 3391 2478 3434 non
2509 3371 2884 3434 subsisteret.
2915 3371 3016 3434 Est
3045 3373 3244 3452 itaque
3277 3369 3521 3432 morbus
3551 3367 3654 3430 ab-

250 3455 391 3511 κατά
445 3457 506 3511 :6
540 3455 756 3531 ἀγαθον,
791 3455 877 3510 καὶ
909 3455 1024 3510 καθ’
1056 3452 1180 3510 ὅσον
1225 3453 1445 3532 μετέχει
1492 3451 1582 3509 τοῦ
1610 3452 1829 3529 ἀγαθοῦ,
1871 3452 1906 3520 ἢ

1996 3461 2180 3523 sentin
2209 3462 2619 3540 sanitatis,pro
2655 3468 2808 3522 statu
2840 3461 3065 3523 habens
3095 3451 3398 3522 minimam
3431 3458 3654 3520 consti-

250 3544 461 3619 μᾶλλον
491 3543 526 3612 ἢ
557 3547 718 3612 ἧττόν
765 3543 900 3616 ἐστι,
932 3541 1027 3599 καῖ
1061 3542 1114 3598 ἰν
1146 3556 1262 3606 τοῖς
1295 3531 1438 3598 οὖσίν
1469 3541 1634 3604 ἐστιν,
1673 3531 1904 3615 Ὀμοίως

1996 3551 2330 3630 tntionem;
2370 3531 2690 3612 nisinenim
2743 3556 2966 3612 sanitas
3026 3551 3358 3628 aufugeret,
3404 3547 3649 3610 morbus

250 3633 412 3690 πάλιν
443 3635 528 3689 καὶ
571 3633 657 3690 ὶπὶ
684 3634 776 3689 :06
831 3633 956 3690 αὐτὸ
988 3632 1128 3689 εἶναι
1196 3631 1333 3688 κατά
1365 3631 1664 3710 ἀπόφασιν
1707 3631 1768 3686 :6
1812 3631 1914 3708 γὰρ

248 3721 477 3797 μηδαμῆ
537 3721 799 3796 μηδαμῶς
855 3721 939 3794 ὃν,
971 3720 1099 3796 ὅπερ
1159 3720 1221 3776 ἂν
1253 3723 1340 3777 καὶ
1388 3719 1602 3797 λέγοιτο
1634 3719 1722 3776 καὶ
1786 3721 1912 3776 αύτο

247 3813 392 3868 εἶναι
429 3813 566 3867 κατά
594 3811 884 3890 ἀπόφασιν,
930 3813 1024 3867 οὒκ
1055 3810 1221 3871 ἔσται.
1261 3811 1331 3869 T6
1375 3807 1426 3865 δὲ
1462 3809 1540 3884 μῆ
1572 3809 1668 3884 μέν
1716 3808 1800 3884 ὃν,
1835 3813 1911 3874 πῆ

249 3901 305 3956 δὲ
365 3902 444 3975 μὴ
474 3901 557 3980 3ο,
591 3898 706 3956 καθ’
765 3900 886 3957 ὅσον
920 3907 1012 3957 :06
1070 3900 1232 3964 ὅντως
1281 3898 1431 3960 ὄντος
1495 3899 1910 3976 ἀποπέπτωκεν,

250 3993 348 4047 οὒκ
401 3990 512 4046 ’ἑστι
548 3995 632 4045 καὶ
675 3990 727 4046 ἓν
771 3991 846 4063 τῷ
890 4011 1069 4052 ποσως
1102 3989 1267 4060 εἶναι,
1300 3987 1394 4044 καί
1429 3989 1489 4044 :6
1525 3989 1604 4063 μὴ
1663 3988 1720 4042 ὃν
1756 3988 1914 4045 αὖτοῡ

249 4079 616 4158 διακρατεϊται
664 4079 758 4135 καῖ
831 4078 1161 4156 διασώζεται·
1237 4077 1392 4134 τοῦτό
1451 4078 1550 4155 γὰρ
1611 4075 1762 4153 ἔλεγε
1823 4076 1911 4131 καὶ

1999 3659 2116 3701 ηοη
2155 3639 2528 3714 subsisteret,
2563 3639 2665 3720 qui
2688 3639 2962 3702 consistit
2991 3639 3052 3702 in
3088 3639 3320 3701 defectu
3351 3636 3648 3698 constitu-

1999 3728 2198 3807 tionis,
2233 3747 2429 3808 neque
2459 3728 2682 3790 sanitas
2731 3746 2766 3790 a
2799 3727 3007 3790 morbo
3037 3733 3314 3808 superata
3366 3724 3604 3788 abesset
3641 3744 3659 3802 ;

1999 3835 2131 3876 nam
2165 3817 2249 3877 sic
2272 3816 2450 3879 etiam
2486 3815 2726 3877 morbus
2759 3815 3026 3896 primum
3081 3815 3355 3877 ordinem
3388 3812 3660 3876 haberet.

2000 3907 2228 3966 Verum
2255 3903 2502 3966 morbus
2521 3915 2610 3966 est
2635 3905 2892 3986 privatio
2925 3902 3457 3985 sanitatis,idcirro
3483 3903 3664 3964 etiam

1997 3995 2143 4056 dixit
2167 3996 2610 4075 παρυφισταμένη
2647 3995 2733 4074 (id
2767 4003 2856 4057 est
2888 3995 3032 4074 quid
3066 3994 3261 4056 minus
3291 4011 3468 4073 quam
3512 3991 3664 4054 sub-

1994 4084 2264 4158 sistens;)
2320 4083 2615 4161 siquidem
2648 4103 2765 4145 non
2820 4084 2994 4146 habet
3039 4081 3520 4156 subsistentiam,
3553 4081 3665 4144 sed

246 4170 526 4246 πρότερον,
574 4169 653 4224 ὅτι
715 4171 801 4226 καὶ
855 4170 920 4224 τα
977 4168 1308 4245 ἐστερημέναι
1365 4165 1595 4239 δυναμοϊ
1657 4165 1794 4220 κατά
1850 4165 1908 4219 :6

1996 4174 2161 4253 quasi
2185 4172 2634 4234 subsistentiam
2669 4174 2750 4235 41
2773 4177 2799 4235 l
2822 4177 2879 4235 in
2899 4176 3012 4236 hoc
3044 4173 3202 4255 quod
3232 4172 3383 4234 absit
3409 4176 3657 4254 sanitas;

247 4258 387 4319 ὅλως
420 4257 585 4318 εἶναι.
645 4261 716 4316 Τὸ
754 4260 876 4334 γοῦν
915 4259 1084 4323 πάντη
1143 4258 1310 4312 κακὸν
1355 4257 1445 4312 οὖν
1481 4254 1621 4312 ἔστι.
1652 4255 1713 4309 :6
1743 4251 1794 4308 δὲ
1830 4258 1906 4319 πῆ

2000 4251 2152 4323 sicut
2178 4261 2436 4324 tenebrae
2463 4263 2615 4325 lucis
2629 4265 3032 4326 subtractione
3053 4251 3494 4344 quodammodo
3524 4251 3668 4322 subl-

246 4348 346 4414 μέν
395 4350 610 4424 ἀγαθὸν,
647 4353 722 4414 πῆ
756 4346 806 4403 δὲ
865 4349 956 4404 οὒκ
985 4347 1204 4426 ἀγαθὸν,
1242 4346 1394 4401 τοῦτό
1434 4345 1543 4400 ἐστι
1576 4343 1635 4400 τό
1658 4364 1756 4398 τινι
1793 4363 1907 4415 μα-

2002 4351 2420 4424 sistunt.Quod
2436 4351 2633 4432 itaque
2647 4353 2891 4415 omnino
2915 4353 3054 4414 boni
3069 4343 3282 4431 expers
3298 4359 3539 4424 est,non
3561 4367 3668 4413 ex-

247 4439 487 4517 χόμενον
531 4437 731 4514 ἀγαθῷ,
779 4449 1052 4514 κρατεῖται
1085 4433 1138 4491 δὲ
1185 4436 1270 4492 καὶ
1329 4436 1454 4494 αὒτὸ
1485 4435 1576 4489 καὶ
1625 4431 1904 4510 συνέχεται

2003 4439 2311 4517 ἰεῑίι;ιιιιοι1
2333 4431 2705 4502 ουιθιηίδοηί
2737 4443 3039 4522 particeps
3070 4440 3521 4520 est,secundum
3555 4437 3668 4500 bo-

245 4529 390 4604 παρά
437 4533 529 4582 :06
569 4527 762 4604 ἀγαθοῦ
791 4532 860 4602 τῇ
913 4529 1086 4589 ποσεῦς
1119 4525 1370 4599 μετουσίᾳ
1429 4522 1609 4583 13:06.
1648 4519 1754 4578 Κάν
1809 4520 1907 4597 γὰρ

2002 4539 2228 4599 num,et
2251 4529 2308 4589 in
2330 4538 2615 4608 quantum
2643 4519 3100 4610 boniparticeps
3124 4519 3332 4603 est,vel
3357 4529 3547 4608 majus
3572 4525 3665 4589 vel

246 4615 346 4681 τὴν
404 4613 600 4670 δειλίαν
633 4615 834 4694 εἴποις,
865 4613 964 4671 κᾶν
1024 4617 1084 4671 τὸ
1130 4613 1342 4690 θράσος,
1375 4612 1558 4691 ἔχωσι
1594 4612 1686 4666 καὶ
1742 4619 1906 4667 ταῦτα

1996 4601 2951 4699 minusquid-exsistit,etinrebus
2976 4601 3293 4682 es't.Simvili
3330 4601 3505 4678 modo
3543 4615 3665 4677 eti-

244 4704 296 4769 ἔξ
356 4705 550 4782 ἀγαθοῦ
598 4718 812 4782 μοῖραν
877 4706 909 4771 ἡ
944 4705 1039 4777 μὲν
1101 4705 1162 4760 :6
1219 4703 1572 4780 προνοητικὸν
1609 4701 1695 4756 καὶ
1738 4698 1898 4779 φιλό-

241 4802 403 4872 ζωον,
441 4795 498 4849 τὸ
557 4792 612 4849 δὲ
667 4793 936 4872 τολμηρὸν
969 4795 1055 4849 καὶ
1105 4795 1234 4870 πρὸς
1281 4792 1400 4853 τοὺς
1438 4788 1696 4854 κινδύνους
1764 4787 1903 4844 ἐτοι-

244 4905 370 4956 μον,
432 4883 611 4949 Πὶνιη
670 4885 769 4961 γαρ
819 4881 1136 4946 ἀπελθόιτος
1179 4889 1270 4938 :06
1329 4881 1548 4958 ἀγαθοῦ,
1581 4881 1641 4933 :6
1698 4877 1903 4933 ἐναπο-

245 4986 437 5044 μεϊναν
498 4971 615 5028 06::
646 4971 868 5028 καθόλου
910 4971 1106 5048 ἀγαθὸν
1156 4968 1328 5048 ἔσται,
1364 4968 1480 5026 οὔτε
1525 4969 1742 5043 μικτὸν,
1792 4963 1906 5021 06::

243 5065 354 5135 μὴν
415 5061 728 5120 αότόκακον.
792 5063 868 5120 Τὰ
926 5062 1049 5139 γοῦν
1107 5058 1196 5117 δύο
1245 5057 1569 5136 παρέδραμε,
1636 5057 1754 5116 Πῶς
1806 5056 1906 5131 γὰρ

243 5151 473 5207 καθόλου
527 5150 673 5206 ἔσται
733 5153 948 5229 ἀγαθὸν,
983 5148 1034 5215 ἐξ
1095 5152 1256 5228 οὗπερ
1300 5147 1506 5215 ἀπῆλθε
1536 5149 1596 5204 :6
1647 5141 1904 5206 παντελὲς

244 5241 441 5317 ἀγαθόν
479 5259 494 5313 ;
527 5247 641 5303 πῶς
674 5238 727 5294 δὲ
781 5238 941 5295 πέλιν
972 5240 1263 5295 αὖτόκικυν
1310 5237 1484 5316 ἔσται,
1519 5233 1702 5301 ἐπειδὴ
1734 5233 1907 5289 πάντα

245 5331 310 5385 τὰ
364 5329 490 5385 ὄντα
521 5339 610 5387 :06
639 5329 834 5405 ἀγαθοῦ
878 5327 1181 5406 μετέχοντᾶ
1213 5329 1308 5384 εἰσι
1344 5348 1368 5399 ;
1425 5334 1580 5383 τοῦτο
1609 5323 1662 5380 δὲ
1697 5343 1897 5379 παντε-

245 5415 352 5482 λσῦς
383 5416 578 5496 ini/ve:
626 5419 719 5473 :05
749 5417 964 5494 ἀγαθοῦ.
1004 5421 1075 5475 T6
1133 5415 1210 5497 δὲ,
1247 5416 1326 5472 ὅτι
1372 5419 1432 5471 0-3
1476 5417 1664 5490 μικτὸν
1707 5412 1900 5467 ἐναπο-

245 5505 582 5584 λειφθιεσεται
615 5510 668 5561 ὲν
699 5513 765 5582 τῇ
819 5505 1073 5562 παντελεῖ
1105 5505 1330 5573 ἀπουσία
1373 5513 1464 5562 :06
1513 5505 1727 5584 ἀγαθου,
1760 5501 1899 5555 ἀπο-

248 5593 476 5651 δείκνυσι
525 5595 699 5674 λέγων
729 5595 916 5656 ο’3τιος’
987 5598 1042 5652 Εἰ
1073 5594 1332 5670 δώσομεν,
1372 5594 1452 5651 ὅτι
1513 5595 1565 5649 ὲν
1598 5599 1664 5668 τῇ
1707 5611 1907 5646 παντε-

250 5686 337 5740 λεῖ
369 5685 598 5758 ἀπουσίᾳ
645 5694 735 5742 νοῦ
764 5685 960 5762 ἀγαθοῦ
991 5687 1048 5741 :6
1091 5685 1448 5760 ἐναπομετναν
1510 5685 1674 5740 κακὸν
1729 5679 1912 5742 ἀτελές

1988 4733 2077 4772 am
2111 4719 2164 4772 in
2191 4732 2254 4772 eo
2286 4716 2438 4787 quod
2470 4716 2677 4774 dicitur
2704 4719 2887 4789 ipsum
2914 4733 3036 4775 esse
3054 4733 3152 4788 per
3183 4717 3656 4785 amrmationem;

1989 4817 2118 4859 nam
2143 4801 2295 4873 quod
2317 4818 2680 4876 nequaquam
2702 4821 2942 4877 usquam
2962 4805 3296 4864 est.tametsi
3318 4803 3490 4861 etiam
3516 4802 3666 4859 dice-

1987 4897 2141 4948 retur
2165 4891 2349 4962 ipsum
2366 4909 2492 4949 esse
2519 4909 2622 4965 per
2651 4895 3500 4968 aﬂlrmationem,nequaquum
3531 4893 3661 4958 erit.

1989 4972 2155 5045 Quod
2189 4982 2386 5035 autem
2422 4975 2634 5054 partim
2668 4975 2906 5054 quidem
2941 4986 3053 5056 est,
3089 4977 3306 5056 partim
3362 4993 3500 5036 vero
3541 4991 3663 5036 non

1991 5070 2104 5134 est,
2137 5061 2193 5121 in
2227 5070 2527 5142 quatenus
2553 5063 2627 5125 ab
2656 5082 2724 5124 eo
2760 5066 2920 5142 quod
2954 5083 3090 5128 vere
3131 5074 3222 5127 est
3251 5064 3500 5138 decidit,
3543 5081 3662 5125 non

1991 5160 2079 5213 est
2112 5151 2286 5212 etiam
2322 5153 2412 5214 vel
2445 5153 2694 5233 aliquali
2731 5155 2929 5228 modo,
2955 5165 3012 5220 et
3045 5175 3164 5217 non
3198 5174 3307 5217 ens
3338 5155 3525 5236 ipsius
3552 5171 3658 5214 su-

1992 5249 2227 5321 peratur
2247 5250 2422 5324 atque
2445 5252 2731 5317 servatur;
2773 5262 2848 5305 na
2867 5264 2919 5306 m
2955 5247 3065 5307 hoc
3090 5244 3478 5324 etiam,prius
3514 5243 3663 5304 dixit

1983 5331 2342 5407 quodetiam
2365 5333 2694 5412 privatione
2708 5352 2735 5394 s
2757 5335 2998 5396 roboret
3014 5333 3346 5397 secundum
3362 5332 3520 5414 quod
3537 5349 3665 5394 om-

1987 5420 2126 5479 nino
2177 5430 2334 5484 suut.
2383 5423 2555 5495 Quod
2594 5423 2789 5503 itaque
2821 5442 3064 5505 prorsus
3096 5423 3316 5484 malum
3368 5432 3485 5495 est,
3546 5439 3663 5484 nec

1992 5519 2078 5569 est
2104 5510 2343 5590 quidem
2382 5533 2395 5573 :
2433 5513 2588 5594 quod
2622 5522 2820 5574 autem
2857 5513 3071 5595 partim
3121 5515 3370 5592 quidem
3409 5509 3660 5592 bonum,

1999 5601 2206 5678 partim
2259 5619 2394 5662 vero
2459 5622 2576 5662 non
2655 5601 2873 5664 bonum
2926 5612 3036 5677 est,
3119 5602 3230 5662 hoc
3307 5601 3490 5664 alicui
3547 5601 3662 5663 bo-

2005 5707 2080 5750 no
2132 5689 2502 5771 adversatur,
2533 5699 2967 5753 verumtamen
3000 5697 3320 5774 superatur
3366 5699 3426 5754 et
3474 5692 3663 5756 conti-
