  <div class='ocr_page' id='page_1' title='image "/cluster/home/n/w/nwhite01/storage/ocr_20150623/3/hvd.32044029831450/415.png"; bbox 0 0 4030 6204; ppageno 0'>
   <div class='ocr_carea' id='block_1_1' title="bbox 448 290 560 354">
    <p class='ocr_par' dir='ltr' id='par_1_1' title="bbox 448 290 560 354">
     <span class='ocr_line' id='line_1_1' title="bbox 448 290 560 354; baseline 0.009 -1"><span class='ocrx_word' id='word_1_1' title='bbox 448 290 560 354; x_wconf 86' lang='grc'><strong>791</strong></span> 
     </span>
    </p>
   </div>
   <div class='ocr_carea' id='block_1_2' title="bbox 1617 290 2653 385">
    <p class='ocr_par' dir='ltr' id='par_1_2' title="bbox 1617 290 2653 385">
     <span class='ocr_line' id='line_1_2' title="bbox 1617 290 2653 385; baseline -0.003 -31"><span class='ocrx_word' id='word_1_2' title='bbox 1617 292 1678 354; x_wconf 92' lang='lat' dir='ltr'><strong>s.</strong></span> <span class='ocrx_word' id='word_1_3' title='bbox 1733 291 2071 353; x_wconf 80' lang='lat' dir='ltr'><strong>DIONYSII</strong></span> <span class='ocrx_word' id='word_1_4' title='bbox 2122 290 2653 385; x_wconf 54' lang='lat' dir='ltr'><strong>AHEOPAGITIE.</strong></span> 
     </span>
    </p>
   </div>
   <div class='ocr_carea' id='block_1_3' title="bbox 3692 300 3802 365">
    <p class='ocr_par' dir='ltr' id='par_1_3' title="bbox 3692 300 3802 365">
     <span class='ocr_line' id='line_1_3' title="bbox 3692 300 3802 365; baseline 0 -1"><span class='ocrx_word' id='word_1_5' title='bbox 3692 300 3802 365; x_wconf 77' lang='lat'>792</span> 
     </span>
    </p>
   </div>
   <div class='ocr_carea' id='block_1_4' title="bbox 442 422 2087 510">
    <p class='ocr_par' dir='ltr' id='par_1_4' title="bbox 442 422 2085 506">
     <span class='ocr_line' id='line_1_4' title="bbox 442 422 2085 506; baseline -0.002 -16"><span class='ocrx_word' id='word_1_6' title='bbox 442 433 623 491; x_wconf 87' lang='lat' dir='ltr'><strong>netur</strong></span> <span class='ocrx_word' id='word_1_7' title='bbox 661 446 693 487; x_wconf 91' lang='lat' dir='ltr'><strong>a</strong></span> <span class='ocrx_word' id='word_1_8' title='bbox 725 426 883 487; x_wconf 89' lang='lat' dir='ltr'><strong>bono</strong></span> <span class='ocrx_word' id='word_1_9' title='bbox 940 422 1182 506; x_wconf 89' lang='lat' dir='ltr'><strong>aliquali</strong></span> <span class='ocrx_word' id='word_1_10' title='bbox 1228 423 1362 503; x_wconf 86' lang='lat' dir='ltr'><strong>ejus</strong></span> <span class='ocrx_word' id='word_1_11' title='bbox 1420 423 1896 504; x_wconf 76' lang='lat' dir='ltr'><strong>participatione.</strong></span> <span class='ocrx_word' id='word_1_12' title='bbox 1962 423 2085 486; x_wconf 89' lang='lat' dir='ltr'><strong>Etsi</strong></span> 
     </span>
    </p>
   </div>
   <div class='ocr_carea' id='block_1_5' title="bbox 2171 422 3801 510">
    <p class='ocr_par' dir='ltr' id='par_1_5' title="bbox 2171 425 3801 510">
     <span class='ocr_line' id='line_1_5' title="bbox 2171 425 3801 510; baseline 0.007 -29"><span class='ocrx_word' id='word_1_13' title='bbox 2171 425 2311 483; x_wconf 76' lang='grc' dir='ltr'>ἐστιν</span> <span class='ocrx_word' id='word_1_14' title='bbox 2362 426 2582 506; x_wconf 71' lang='grc' dir='ltr'><strong>ἀγαθὸν,</strong></span> <span class='ocrx_word' id='word_1_15' title='bbox 2619 425 2763 502; x_wconf 76' lang='grc' dir='ltr'>μένει</span> <span class='ocrx_word' id='word_1_16' title='bbox 2821 426 3010 485; x_wconf 84' lang='grc' dir='ltr'>λοιπὸν</span> <span class='ocrx_word' id='word_1_17' title='bbox 3064 428 3118 484; x_wconf 82' lang='grc' dir='ltr'>ὲν</span> <span class='ocrx_word' id='word_1_18' title='bbox 3170 430 3312 504; x_wconf 74' lang='grc' dir='ltr'><strong>αὒτῷ</strong></span> <span class='ocrx_word' id='word_1_19' title='bbox 3352 453 3402 487; x_wconf 91' lang='grc' dir='ltr'><strong>τι</strong></span> <span class='ocrx_word' id='word_1_20' title='bbox 3446 432 3658 510; x_wconf 73' lang='grc' dir='ltr'>ἀγαθόν·</span> <span class='ocrx_word' id='word_1_21' title='bbox 3692 434 3801 491; x_wconf 71' lang='grc' dir='ltr'>ἀλλ’</span> 
     </span>
    </p>
   </div>
   <div class='ocr_carea' id='block_1_6' title="bbox 444 512 2081 597">
    <p class='ocr_par' dir='ltr' id='par_1_6' title="bbox 444 512 2081 597">
     <span class='ocr_line' id='line_1_6' title="bbox 444 512 2081 597; baseline -0.002 -18"><span class='ocrx_word' id='word_1_22' title='bbox 444 516 605 579; x_wconf 90' lang='lat' dir='ltr'><strong>enim</strong></span> <span class='ocrx_word' id='word_1_23' title='bbox 666 514 1221 597; x_wconf 88' lang='lat' dir='ltr'><strong>pusillanimitatem</strong></span> <span class='ocrx_word' id='word_1_24' title='bbox 1271 520 1465 575; x_wconf 88' lang='lat' dir='ltr'><strong>autem</strong></span> <span class='ocrx_word' id='word_1_25' title='bbox 1498 513 1808 576; x_wconf 81' lang='lat' dir='ltr'><strong>audaciam</strong></span> <span class='ocrx_word' id='word_1_26' title='bbox 1841 512 2081 589; x_wconf 75' lang='lat' dir='ltr'><strong>dixeris,</strong></span> 
     </span>
    </p>
   </div>
   <div class='ocr_carea' id='block_1_7' title="bbox 441 602 2086 685">
    <p class='ocr_par' dir='ltr' id='par_1_7' title="bbox 441 602 2086 685">
     <span class='ocr_line' id='line_1_7' title="bbox 441 602 2086 685; baseline -0.004 -15"><span class='ocrx_word' id='word_1_27' title='bbox 441 607 666 670; x_wconf 80' lang='lat' dir='ltr'><strong>habent</strong></span> <span class='ocrx_word' id='word_1_28' title='bbox 696 610 872 667; x_wconf 90' lang='lat' dir='ltr'><strong>etiam</strong></span> <span class='ocrx_word' id='word_1_29' title='bbox 903 604 1031 665; x_wconf 57' lang='lat' dir='ltr'><strong>haec</strong></span> <span class='ocrx_word' id='word_1_30' title='bbox 1063 602 1398 683; x_wconf 88' lang='lat' dir='ltr'><strong>portionem</strong></span> <span class='ocrx_word' id='word_1_31' title='bbox 1440 604 1699 685; x_wconf 83' lang='lat' dir='ltr'><strong>aliquam</strong></span> <span class='ocrx_word' id='word_1_32' title='bbox 1757 603 1921 678; x_wconf 88' lang='lat' dir='ltr'><strong>boni,</strong></span> <span class='ocrx_word' id='word_1_33' title='bbox 1987 604 2086 664; x_wconf 91' lang='lat' dir='ltr'><strong>illa</strong></span> 
     </span>
    </p>
   </div>
   <div class='ocr_carea' id='block_1_8' title="bbox 439 693 2085 779">
    <p class='ocr_par' dir='ltr' id='par_1_8' title="bbox 439 693 2085 779">
     <span class='ocr_line' id='line_1_8' title="bbox 439 693 2085 779; baseline -0.002 -22"><span class='ocrx_word' id='word_1_34' title='bbox 439 696 684 779; x_wconf 87' lang='lat' dir='ltr'><strong>quidem</strong></span> <span class='ocrx_word' id='word_1_35' title='bbox 732 693 1158 775; x_wconf 83' lang='lat' dir='ltr'><strong>providentiam</strong></span> <span class='ocrx_word' id='word_1_36' title='bbox 1195 701 1253 754; x_wconf 90' lang='lat' dir='ltr'><strong>et</strong></span> <span class='ocrx_word' id='word_1_37' title='bbox 1308 710 1572 755; x_wconf 88' lang='lat' dir='ltr'><strong>amorem</strong></span> <span class='ocrx_word' id='word_1_38' title='bbox 1605 693 1765 768; x_wconf 62' lang='lat' dir='ltr'><strong>vitae,</strong></span> <span class='ocrx_word' id='word_1_39' title='bbox 1800 694 1925 754; x_wconf 82' lang='lat' dir='ltr'><strong>haec</strong></span> <span class='ocrx_word' id='word_1_40' title='bbox 1949 712 2085 754; x_wconf 89' lang='lat' dir='ltr'><strong>vero</strong></span> 
     </span>
    </p>
   </div>
   <div class='ocr_carea' id='block_1_9' title="bbox 438 782 2086 865">
    <p class='ocr_par' dir='ltr' id='par_1_9' title="bbox 438 782 2086 865">
     <span class='ocr_line' id='line_1_9' title="bbox 438 782 2086 865; baseline -0.004 -16"><span class='ocrx_word' id='word_1_41' title='bbox 438 786 852 849; x_wconf 83' lang='lat' dir='ltr'><strong>strenuitatem</strong></span> <span class='ocrx_word' id='word_1_42' title='bbox 886 792 945 846; x_wconf 84' lang='lat' dir='ltr'><strong>et</strong></span> <span class='ocrx_word' id='word_1_43' title='bbox 970 786 1045 847; x_wconf 90' lang='lat' dir='ltr'><strong>ad</strong></span> <span class='ocrx_word' id='word_1_44' title='bbox 1066 782 1326 865; x_wconf 79' lang='lat' dir='ltr'><strong>pericula</strong></span> <span class='ocrx_word' id='word_1_45' title='bbox 1352 782 2086 864; x_wconf 88' lang='lat' dir='ltr'><strong>promptitudinem.Bonu</strong></span> 
     </span>
    </p>
   </div>
   <div class='ocr_carea' id='block_1_10' title="bbox 438 872 2086 955">
    <p class='ocr_par' dir='ltr' id='par_1_10' title="bbox 438 872 2086 955">
     <span class='ocr_line' id='line_1_10' title="bbox 438 872 2086 955; baseline -0.004 -16"><span class='ocrx_word' id='word_1_46' title='bbox 438 876 600 939; x_wconf 89' lang='lat' dir='ltr'><strong>enim</strong></span> <span class='ocrx_word' id='word_1_47' title='bbox 636 891 877 955; x_wconf 80' lang='lat' dir='ltr'><strong>prorsus</strong></span> <span class='ocrx_word' id='word_1_48' title='bbox 894 872 1243 936; x_wconf 82' lang='lat' dir='ltr'><strong>decedente.</strong></span> <span class='ocrx_word' id='word_1_49' title='bbox 1272 872 1333 934; x_wconf 88' lang='lat' dir='ltr'><strong>id</strong></span> <span class='ocrx_word' id='word_1_50' title='bbox 1360 872 1515 954; x_wconf 89' lang='lat' dir='ltr'><strong>quod</strong></span> <span class='ocrx_word' id='word_1_51' title='bbox 1538 881 1811 934; x_wconf 88' lang='lat' dir='ltr'><strong>remanet</strong></span> <span class='ocrx_word' id='word_1_52' title='bbox 1834 890 1943 933; x_wconf 91' lang='lat' dir='ltr'><strong>nec</strong></span> <span class='ocrx_word' id='word_1_53' title='bbox 1965 892 2086 933; x_wconf 84' lang='lat' dir='ltr'><strong>om-</strong></span> 
     </span>
    </p>
   </div>
   <div class='ocr_carea' id='block_1_11' title="bbox 441 963 2089 1045">
    <p class='ocr_par' dir='ltr' id='par_1_11' title="bbox 441 963 2089 1045">
     <span class='ocr_line' id='line_1_11' title="bbox 441 963 2089 1045; baseline -0.001 -17"><span class='ocrx_word' id='word_1_54' title='bbox 441 966 584 1028; x_wconf 89' lang='lat' dir='ltr'><strong>nino</strong></span> <span class='ocrx_word' id='word_1_55' title='bbox 616 964 837 1027; x_wconf 90' lang='lat' dir='ltr'><strong>bonum</strong></span> <span class='ocrx_word' id='word_1_56' title='bbox 863 965 997 1040; x_wconf 88' lang='lat' dir='ltr'><strong>erit,</strong></span> <span class='ocrx_word' id='word_1_57' title='bbox 1030 982 1227 1045; x_wconf 91' lang='lat' dir='ltr'><strong>neque</strong></span> <span class='ocrx_word' id='word_1_58' title='bbox 1249 963 1516 1045; x_wconf 91' lang='lat' dir='ltr'><strong>mistum,</strong></span> <span class='ocrx_word' id='word_1_59' title='bbox 1550 982 1745 1043; x_wconf 89' lang='lat' dir='ltr'><strong>neque</strong></span> <span class='ocrx_word' id='word_1_60' title='bbox 1774 963 1948 1024; x_wconf 81' lang='lat' dir='ltr'><strong>etiam</strong></span> <span class='ocrx_word' id='word_1_61' title='bbox 1984 983 2089 1043; x_wconf 86' lang='lat' dir='ltr'><strong>per</strong></span> 
     </span>
    </p>
   </div>
   <div class='ocr_carea' id='block_1_12' title="bbox 440 1052 2084 1134">
    <p class='ocr_par' dir='ltr' id='par_1_12' title="bbox 440 1052 2084 1134">
     <span class='ocr_line' id='line_1_12' title="bbox 440 1052 2084 1134; baseline -0.004 -15"><span class='ocrx_word' id='word_1_62' title='bbox 440 1073 506 1119; x_wconf 85' lang='lat' dir='ltr'><strong>se</strong></span> <span class='ocrx_word' id='word_1_63' title='bbox 539 1055 782 1118; x_wconf 89' lang='lat' dir='ltr'><strong>malum.</strong></span> <span class='ocrx_word' id='word_1_64' title='bbox 816 1054 942 1116; x_wconf 90' lang='lat' dir='ltr'><strong>Duo</strong></span> <span class='ocrx_word' id='word_1_65' title='bbox 986 1052 1167 1133; x_wconf 77' lang='lat' dir='ltr'><strong>igitur</strong></span> <span class='ocrx_word' id='word_1_66' title='bbox 1207 1062 1536 1134; x_wconf 86' lang='lat' dir='ltr'><strong>percurret.</strong></span> <span class='ocrx_word' id='word_1_67' title='bbox 1588 1052 1895 1126; x_wconf 83' lang='lat' dir='ltr'><strong>Quomodo</strong></span> <span class='ocrx_word' id='word_1_68' title='bbox 1926 1052 2084 1113; x_wconf 90' lang='lat' dir='ltr'><strong>enim</strong></span> 
     </span>
    </p>
   </div>
   <div class='ocr_carea' id='block_1_13' title="bbox 439 1141 2082 1224">
    <p class='ocr_par' dir='ltr' id='par_1_13' title="bbox 439 1141 2082 1224">
     <span class='ocr_line' id='line_1_13' title="bbox 439 1141 2082 1224; baseline -0.005 -15"><span class='ocrx_word' id='word_1_69' title='bbox 439 1147 683 1209; x_wconf 91' lang='lat' dir='ltr'><strong>omnino</strong></span> <span class='ocrx_word' id='word_1_70' title='bbox 714 1144 828 1207; x_wconf 91' lang='lat' dir='ltr'><strong>erit</strong></span> <span class='ocrx_word' id='word_1_71' title='bbox 856 1143 1101 1224; x_wconf 87' lang='lat' dir='ltr'><strong>bonum,</strong></span> <span class='ocrx_word' id='word_1_72' title='bbox 1136 1161 1169 1204; x_wconf 90' lang='lat' dir='ltr'><strong>a</strong></span> <span class='ocrx_word' id='word_1_73' title='bbox 1199 1161 1315 1223; x_wconf 93' lang='lat' dir='ltr'><strong>quo</strong></span> <span class='ocrx_word' id='word_1_74' title='bbox 1359 1142 1620 1205; x_wconf 87' lang='lat' dir='ltr'><strong>decessit</strong></span> <span class='ocrx_word' id='word_1_75' title='bbox 1672 1141 2082 1203; x_wconf 89' lang='lat' dir='ltr'><strong>omnimodum</strong></span> 
     </span>
    </p>
   </div>
   <div class='ocr_carea' id='block_1_14' title="bbox 2170 516 3805 598">
    <p class='ocr_par' dir='ltr' id='par_1_14' title="bbox 2170 516 3805 598">
     <span class='ocr_line' id='line_1_14' title="bbox 2170 516 3805 598; baseline 0.004 -24"><span class='ocrx_word' id='word_1_76' title='bbox 2170 519 2255 575; x_wconf 70' lang='grc' dir='ltr'>οὖν</span> <span class='ocrx_word' id='word_1_77' title='bbox 2284 517 2337 574; x_wconf 79' lang='grc' dir='ltr'>ἐν</span> <span class='ocrx_word' id='word_1_78' title='bbox 2389 522 2456 593; x_wconf 74' lang='grc' dir='ltr'><strong>τῇ</strong></span> <span class='ocrx_word' id='word_1_79' title='bbox 2484 516 2740 574; x_wconf 80' lang='grc' dir='ltr'>παντελεῖ</span> <span class='ocrx_word' id='word_1_80' title='bbox 2774 516 2995 592; x_wconf 72' lang='grc' dir='ltr'>ἀπουσίᾳ</span> <span class='ocrx_word' id='word_1_81' title='bbox 3028 527 3119 577; x_wconf 79' lang='grc' dir='ltr'>τοῦ</span> <span class='ocrx_word' id='word_1_82' title='bbox 3177 520 3375 598; x_wconf 70' lang='grc' dir='ltr'>ἀγαθοῦ</span> <span class='ocrx_word' id='word_1_83' title='bbox 3402 523 3484 579; x_wconf 58' lang='grc' dir='ltr'><strong>καἶ</strong></span> <span class='ocrx_word' id='word_1_84' title='bbox 3530 526 3586 581; x_wconf 77' lang='grc' dir='ltr'>τὸ</span> <span class='ocrx_word' id='word_1_85' title='bbox 3616 524 3805 585; x_wconf 79' lang='grc' dir='ltr'>τέλειον</span> 
     </span>
    </p>
   </div>
   <div class='ocr_carea' id='block_1_15' title="bbox 2169 605 3809 688">
    <p class='ocr_par' dir='ltr' id='par_1_15' title="bbox 2169 605 3809 688">
     <span class='ocr_line' id='line_1_15' title="bbox 2169 605 3809 688; baseline 0.004 -25"><span class='ocrx_word' id='word_1_86' title='bbox 2169 608 2255 663; x_wconf 78' lang='grc' dir='ltr'><strong>καὶ</strong></span> <span class='ocrx_word' id='word_1_87' title='bbox 2315 607 2375 662; x_wconf 82' lang='grc' dir='ltr'>τὸ</span> <span class='ocrx_word' id='word_1_88' title='bbox 2412 605 2595 670; x_wconf 77' lang='grc' dir='ltr'>ἀνελὲς</span> <span class='ocrx_word' id='word_1_89' title='bbox 2639 606 2887 688; x_wconf 69' lang='grc' dir='ltr'>ἀπέσται,</span> <span class='ocrx_word' id='word_1_90' title='bbox 2939 611 3029 666; x_wconf 85' lang='grc' dir='ltr'>καὶ</span> <span class='ocrx_word' id='word_1_91' title='bbox 3080 612 3198 673; x_wconf 82' lang='grc' dir='ltr'><strong>πῶς</strong></span> <span class='ocrx_word' id='word_1_92' title='bbox 3247 609 3395 667; x_wconf 76' lang='grc' dir='ltr'>ἔσται</span> <span class='ocrx_word' id='word_1_93' title='bbox 3434 620 3586 671; x_wconf 73' lang='grc' dir='ltr'>τοῦτο</span> <span class='ocrx_word' id='word_1_94' title='bbox 3640 614 3809 679; x_wconf 70' lang='grc' dir='ltr'>ἀτελὲς</span> 
     </span>
    </p>
   </div>
   <div class='ocr_carea' id='block_1_16' title="bbox 2169 695 3809 778">
    <p class='ocr_par' dir='ltr' id='par_1_16' title="bbox 2169 695 3809 778">
     <span class='ocr_line' id='line_1_16' title="bbox 2169 695 3809 778; baseline 0.006 -27"><span class='ocrx_word' id='word_1_95' title='bbox 2169 695 2391 775; x_wconf 62' lang='grc' dir='ltr'><strong>ἀγαθόν,</strong></span> <span class='ocrx_word' id='word_1_96' title='bbox 2429 696 2549 752; x_wconf 85' lang='grc' dir='ltr'>τότε</span> <span class='ocrx_word' id='word_1_97' title='bbox 2583 712 2603 769; x_wconf 86' lang='grc'><strong><em>;</em></strong></span> <span class='ocrx_word' id='word_1_98' title='bbox 2648 698 2746 775; x_wconf 78' lang='grc' dir='ltr'>γὰρ</span> <span class='ocrx_word' id='word_1_99' title='bbox 2804 697 2965 773; x_wconf 82' lang='grc' dir='ltr'>μόνον</span> <span class='ocrx_word' id='word_1_100' title='bbox 2998 699 3283 778; x_wconf 66' lang='grc' dir='ltr'>ὀφθήσεται</span> <span class='ocrx_word' id='word_1_101' title='bbox 3314 702 3374 756; x_wconf 74' lang='grc' dir='ltr'>τὸ</span> <span class='ocrx_word' id='word_1_102' title='bbox 3425 705 3586 758; x_wconf 80' lang='grc' dir='ltr'>κακὸν</span> <span class='ocrx_word' id='word_1_103' title='bbox 3639 704 3809 768; x_wconf 74' lang='grc' dir='ltr'>ἀτελὲς</span> 
     </span>
    </p>
   </div>
   <div class='ocr_carea' id='block_1_17' title="bbox 2170 782 3808 870">
    <p class='ocr_par' dir='ltr' id='par_1_17' title="bbox 2170 782 3808 870">
     <span class='ocr_line' id='line_1_17' title="bbox 2170 782 3808 870; baseline 0.007 -31"><span class='ocrx_word' id='word_1_104' title='bbox 2170 784 2389 862; x_wconf 76' lang='grc' dir='ltr'><strong>ἀγαθὸν,</strong></span> <span class='ocrx_word' id='word_1_105' title='bbox 2426 782 2514 841; x_wconf 84' lang='grc' dir='ltr'><strong>ὅτε</strong></span> <span class='ocrx_word' id='word_1_106' title='bbox 2563 784 2622 841; x_wconf 75' lang='grc' dir='ltr'>οὒ</span> <span class='ocrx_word' id='word_1_107' title='bbox 2652 787 2853 864; x_wconf 79' lang='grc' dir='ltr'>γίνεται</span> <span class='ocrx_word' id='word_1_108' title='bbox 2906 788 3176 856; x_wconf 69' lang='grc' dir='ltr'>παντελὴς</span> <span class='ocrx_word' id='word_1_109' title='bbox 3208 790 3430 846; x_wconf 75' lang='grc' dir='ltr'><strong>ἀπουσία</strong></span> <span class='ocrx_word' id='word_1_110' title='bbox 3462 795 3552 847; x_wconf 72' lang='grc' dir='ltr'>τοῦ</span> <span class='ocrx_word' id='word_1_111' title='bbox 3602 792 3808 870; x_wconf 76' lang='grc' dir='ltr'><strong>ἀγαθοῦ,</strong></span> 
     </span>
    </p>
   </div>
   <div class='ocr_carea' id='block_1_18' title="bbox 2169 872 3815 957">
    <p class='ocr_par' dir='ltr' id='par_1_18' title="bbox 2169 872 3815 957">
     <span class='ocr_line' id='line_1_18' title="bbox 2169 872 3815 957; baseline 0.005 -27"><span class='ocrx_word' id='word_1_112' title='bbox 2169 872 2340 931; x_wconf 75' lang='grc' dir='ltr'>Ἀλλὰ</span> <span class='ocrx_word' id='word_1_113' title='bbox 2370 872 2435 930; x_wconf 72' lang='grc' dir='ltr'>τό</span> <span class='ocrx_word' id='word_1_114' title='bbox 2474 876 2708 932; x_wconf 72' lang='grc' dir='ltr'>τοιοῦτον</span> <span class='ocrx_word' id='word_1_115' title='bbox 2737 889 2856 942; x_wconf 83' lang='grc' dir='ltr'>τοϊς</span> <span class='ocrx_word' id='word_1_116' title='bbox 2891 877 2987 952; x_wconf 77' lang='grc' dir='ltr'><strong>μὲν</strong></span> <span class='ocrx_word' id='word_1_117' title='bbox 3019 879 3125 933; x_wconf 75' lang='grc' dir='ltr'>τῶν</span> <span class='ocrx_word' id='word_1_118' title='bbox 3157 878 3367 957; x_wconf 76' lang='grc' dir='ltr'>ἀγαθῶν</span> <span class='ocrx_word' id='word_1_119' title='bbox 3389 883 3460 946; x_wconf 83' lang='grc' dir='ltr'>ὼς</span> <span class='ocrx_word' id='word_1_120' title='bbox 3492 884 3653 938; x_wconf 78' lang='grc' dir='ltr'>κακὸν</span> <span class='ocrx_word' id='word_1_121' title='bbox 3683 883 3815 939; x_wconf 67' lang='grc' dir='ltr'>ἐναν-</span> 
     </span>
    </p>
   </div>
   <div class='ocr_carea' id='block_1_19' title="bbox 2168 961 3815 1049">
    <p class='ocr_par' dir='ltr' id='par_1_19' title="bbox 2168 961 3815 1049">
     <span class='ocr_line' id='line_1_19' title="bbox 2168 961 3815 1049; baseline 0.006 -31"><span class='ocrx_word' id='word_1_122' title='bbox 2168 969 2394 1040; x_wconf 75' lang='grc' dir='ltr'>τιοῦται,</span> <span class='ocrx_word' id='word_1_123' title='bbox 2427 962 2532 1019; x_wconf 76' lang='grc' dir='ltr'><strong>τῶν</strong></span> <span class='ocrx_word' id='word_1_124' title='bbox 2595 961 2648 1019; x_wconf 76' lang='grc' dir='ltr'><strong>δὲ</strong></span> <span class='ocrx_word' id='word_1_125' title='bbox 2679 967 2751 1027; x_wconf 82' lang='grc' dir='ltr'>ὡς</span> <span class='ocrx_word' id='word_1_126' title='bbox 2808 966 3003 1043; x_wconf 82' lang='grc' dir='ltr'>ἀγαθὸν</span> <span class='ocrx_word' id='word_1_127' title='bbox 3049 964 3365 1044; x_wconf 70' lang='grc' dir='ltr'><strong>ἐξήρτηται·</strong></span> <span class='ocrx_word' id='word_1_128' title='bbox 3401 970 3672 1049; x_wconf 75' lang='grc' dir='ltr'>μάχεσθαι</span> <span class='ocrx_word' id='word_1_129' title='bbox 3727 974 3815 1049; x_wconf 73' lang='grc' dir='ltr'>γὰρ</span> 
     </span>
    </p>
   </div>
   <div class='ocr_carea' id='block_1_20' title="bbox 2169 1050 3815 1139">
    <p class='ocr_par' dir='ltr' id='par_1_20' title="bbox 2169 1050 3815 1139">
     <span class='ocr_line' id='line_1_20' title="bbox 2169 1050 3815 1139; baseline 0.006 -32"><span class='ocrx_word' id='word_1_130' title='bbox 2169 1050 2223 1107; x_wconf 75' lang='grc' dir='ltr'>ἒν</span> <span class='ocrx_word' id='word_1_131' title='bbox 2267 1058 2397 1108; x_wconf 78' lang='grc' dir='ltr'>πᾶσι</span> <span class='ocrx_word' id='word_1_132' title='bbox 2428 1053 2493 1109; x_wconf 81' lang='grc' dir='ltr'><strong>τὰ</strong></span> <span class='ocrx_word' id='word_1_133' title='bbox 2543 1052 2672 1108; x_wconf 68' lang='grc' dir='ltr'>αὐτὰ</span> <span class='ocrx_word' id='word_1_134' title='bbox 2705 1054 2839 1109; x_wconf 79' lang='grc' dir='ltr'>κατὰ</span> <span class='ocrx_word' id='word_1_135' title='bbox 2891 1054 2958 1110; x_wconf 79' lang='grc' dir='ltr'><strong>τὰ</strong></span> <span class='ocrx_word' id='word_1_136' title='bbox 2990 1057 3120 1112; x_wconf 75' lang='grc' dir='ltr'>αὐτὰ</span> <span class='ocrx_word' id='word_1_137' title='bbox 3166 1054 3445 1118; x_wconf 79' lang='grc' dir='ltr'>ἀδύνατον.</span> <span class='ocrx_word' id='word_1_138' title='bbox 3484 1064 3589 1119; x_wconf 78' lang='grc' dir='ltr'><strong>Οὐκ</strong></span> <span class='ocrx_word' id='word_1_139' title='bbox 3645 1059 3739 1139; x_wconf 63' lang='grc' dir='ltr'>ἄρα</span> <span class='ocrx_word' id='word_1_140' title='bbox 3766 1063 3815 1119; x_wconf 75' lang='grc' dir='ltr'>ὃν</span> 
     </span>
    </p>
   </div>
   <div class='ocr_carea' id='block_1_21' title="bbox 2170 1141 2599 1201">
    <p class='ocr_par' dir='ltr' id='par_1_21' title="bbox 2170 1141 2599 1201">
     <span class='ocr_line' id='line_1_21' title="bbox 2170 1141 2599 1201; baseline 0.012 -5"><span class='ocrx_word' id='word_1_141' title='bbox 2170 1143 2229 1197; x_wconf 81' lang='grc' dir='ltr'>τὸ</span> <span class='ocrx_word' id='word_1_142' title='bbox 2276 1141 2572 1198; x_wconf 74' lang='grc' dir='ltr'>αὒτόκακον</span> <span class='ocrx_word' id='word_1_143' title='bbox 2586 1189 2599 1201; x_wconf 94' lang='grc'><strong>.</strong></span> 
     </span>
    </p>
   </div>
   <div class='ocr_carea' id='block_1_22' title="bbox 440 1231 3813 1316">
    <p class='ocr_par' dir='ltr' id='par_1_22' title="bbox 440 1231 3813 1316">
     <span class='ocr_line' id='line_1_22' title="bbox 440 1231 3813 1316; baseline 0.001 -17"><span class='ocrx_word' id='word_1_144' title='bbox 440 1234 661 1299; x_wconf 90' lang='lat' dir='ltr'><strong>bonum</strong></span> <span class='ocrx_word' id='word_1_145' title='bbox 682 1233 714 1298; x_wconf 85' lang='lat'><strong>?</strong></span> <span class='ocrx_word' id='word_1_146' title='bbox 743 1233 1041 1316; x_wconf 92' lang='lat' dir='ltr'><strong>quomodo</strong></span> <span class='ocrx_word' id='word_1_147' title='bbox 1066 1250 1204 1296; x_wconf 86' lang='lat' dir='ltr'><strong>vero</strong></span> <span class='ocrx_word' id='word_1_148' title='bbox 1228 1233 1440 1294; x_wconf 87' lang='lat' dir='ltr'><strong>iterum</strong></span> <span class='ocrx_word' id='word_1_149' title='bbox 1474 1250 1582 1311; x_wconf 89' lang='lat' dir='ltr'><strong>per</strong></span> <span class='ocrx_word' id='word_1_150' title='bbox 1607 1251 1668 1294; x_wconf 90' lang='lat' dir='ltr'><strong>se</strong></span> <span class='ocrx_word' id='word_1_151' title='bbox 1689 1234 1905 1294; x_wconf 91' lang='lat' dir='ltr'><strong>malum</strong></span> <span class='ocrx_word' id='word_1_152' title='bbox 1931 1237 2065 1303; x_wconf 83' lang='lat' dir='ltr'><strong>erit,</strong></span> <span class='ocrx_word' id='word_1_153' title='bbox 2087 1247 2223 1292; x_wconf 91' lang='lat' dir='ltr'><strong>cum</strong></span> <span class='ocrx_word' id='word_1_154' title='bbox 2256 1234 2455 1291; x_wconf 85' lang='lat' dir='ltr'><strong>omnia</strong></span> <span class='ocrx_word' id='word_1_155' title='bbox 2479 1248 2616 1310; x_wconf 81' lang='lat' dir='ltr'><strong>quae</strong></span> <span class='ocrx_word' id='word_1_156' title='bbox 2649 1240 2790 1291; x_wconf 90' lang='lat' dir='ltr'><strong>sunt</strong></span> <span class='ocrx_word' id='word_1_157' title='bbox 2814 1231 3038 1293; x_wconf 87' lang='lat' dir='ltr'><strong>bo&#39;num</strong></span> <span class='ocrx_word' id='word_1_158' title='bbox 3064 1234 3465 1316; x_wconf 83' lang='lat' dir='ltr'><strong>participent?</strong></span> <span class='ocrx_word' id='word_1_159' title='bbox 3496 1238 3608 1300; x_wconf 86' lang='lat' dir='ltr'><strong>hoc</strong></span> <span class='ocrx_word' id='word_1_160' title='bbox 3629 1247 3813 1301; x_wconf 89' lang='lat' dir='ltr'><strong>autem</strong></span> 
     </span>
    </p>
   </div>
   <div class='ocr_carea' id='block_1_23' title="bbox 440 1318 3814 1403">
    <p class='ocr_par' dir='ltr' id='par_1_23' title="bbox 440 1318 3814 1403">
     <span class='ocr_line' id='line_1_23' title="bbox 440 1318 3814 1403; baseline 0 -14"><span class='ocrx_word' id='word_1_161' title='bbox 440 1324 784 1389; x_wconf 79' lang='lat' dir='ltr'><strong>omnimodo</strong></span> <span class='ocrx_word' id='word_1_162' title='bbox 833 1324 999 1386; x_wconf 89' lang='lat' dir='ltr'><strong>abest</strong></span> <span class='ocrx_word' id='word_1_163' title='bbox 1029 1341 1063 1384; x_wconf 90' lang='lat' dir='ltr'><strong>a</strong></span> <span class='ocrx_word' id='word_1_164' title='bbox 1090 1321 1272 1385; x_wconf 87' lang='lat' dir='ltr'><strong>bono.</strong></span> <span class='ocrx_word' id='word_1_165' title='bbox 1321 1321 1488 1396; x_wconf 89' lang='lat' dir='ltr'><strong>Quod</strong></span> <span class='ocrx_word' id='word_1_166' title='bbox 1520 1341 1655 1385; x_wconf 89' lang='lat' dir='ltr'><strong>vero</strong></span> <span class='ocrx_word' id='word_1_167' title='bbox 1687 1341 1882 1403; x_wconf 88' lang='lat' dir='ltr'><strong>neque</strong></span> <span class='ocrx_word' id='word_1_168' title='bbox 1918 1322 2159 1382; x_wconf 87' lang='lat' dir='ltr'><strong>mistum</strong></span> <span class='ocrx_word' id='word_1_169' title='bbox 2188 1319 2330 1400; x_wconf 89' lang='lat' dir='ltr'><strong>quid</strong></span> <span class='ocrx_word' id='word_1_170' title='bbox 2360 1318 2669 1382; x_wconf 90' lang='lat' dir='ltr'><strong>residuum</strong></span> <span class='ocrx_word' id='word_1_171' title='bbox 2703 1321 2816 1382; x_wconf 89' lang='lat' dir='ltr'><strong>erit</strong></span> <span class='ocrx_word' id='word_1_172' title='bbox 2872 1321 2931 1382; x_wconf 94' lang='lat' dir='ltr'><strong>in</strong></span> <span class='ocrx_word' id='word_1_173' title='bbox 2970 1323 3325 1386; x_wconf 90' lang='lat' dir='ltr'><strong>omnimoda</strong></span> <span class='ocrx_word' id='word_1_174' title='bbox 3356 1326 3504 1388; x_wconf 92' lang='lat' dir='ltr'><strong>boni</strong></span> <span class='ocrx_word' id='word_1_175' title='bbox 3535 1326 3814 1398; x_wconf 85' lang='lat' dir='ltr'><strong>absentia,</strong></span> 
     </span>
    </p>
   </div>
   <div class='ocr_carea' id='block_1_24' title="bbox 436 1408 3818 1496">
    <p class='ocr_par' dir='ltr' id='par_1_24' title="bbox 436 1408 3818 1496">
     <span class='ocr_line' id='line_1_24' title="bbox 436 1408 3818 1496; baseline 0.001 -20"><span class='ocrx_word' id='word_1_176' title='bbox 436 1414 697 1477; x_wconf 88' lang='lat' dir='ltr'><strong>ostendit</strong></span> <span class='ocrx_word' id='word_1_177' title='bbox 728 1413 816 1476; x_wconf 88' lang='lat' dir='ltr'><strong>sic</strong></span> <span class='ocrx_word' id='word_1_178' title='bbox 847 1413 1053 1475; x_wconf 80' lang='lat' dir='ltr'><strong>dicens</strong></span> <span class='ocrx_word' id='word_1_179' title='bbox 1088 1432 1102 1473; x_wconf 90' lang='lat'><strong>:</strong></span> <span class='ocrx_word' id='word_1_180' title='bbox 1136 1412 1200 1475; x_wconf 89' lang='lat' dir='ltr'><strong>Si</strong></span> <span class='ocrx_word' id='word_1_181' title='bbox 1244 1413 1457 1475; x_wconf 87' lang='lat' dir='ltr'><strong>demus</strong></span> <span class='ocrx_word' id='word_1_182' title='bbox 1491 1415 1547 1475; x_wconf 93' lang='lat' dir='ltr'><strong>in</strong></span> <span class='ocrx_word' id='word_1_183' title='bbox 1580 1413 1922 1473; x_wconf 90' lang='lat' dir='ltr'><strong>omnimoda</strong></span> <span class='ocrx_word' id='word_1_184' title='bbox 1955 1409 2095 1470; x_wconf 90' lang='lat' dir='ltr'><strong>boni</strong></span> <span class='ocrx_word' id='word_1_185' title='bbox 2154 1408 2449 1480; x_wconf 87' lang='lat' dir='ltr'><strong>absentia,</strong></span> <span class='ocrx_word' id='word_1_186' title='bbox 2487 1410 2707 1470; x_wconf 91' lang='lat' dir='ltr'><strong>malum</strong></span> <span class='ocrx_word' id='word_1_187' title='bbox 2738 1410 2894 1490; x_wconf 79' lang='lat' dir='ltr'><strong>quod</strong></span> <span class='ocrx_word' id='word_1_188' title='bbox 2930 1422 3201 1474; x_wconf 87' lang='lat' dir='ltr'><strong>remanet</strong></span> <span class='ocrx_word' id='word_1_189' title='bbox 3232 1414 3663 1496; x_wconf 82' lang='lat' dir='ltr'><strong>imperfectum</strong></span> <span class='ocrx_word' id='word_1_190' title='bbox 3696 1436 3818 1480; x_wconf 88' lang='lat' dir='ltr'><strong>esse</strong></span> 
     </span>
    </p>
   </div>
   <div class='ocr_carea' id='block_1_25' title="bbox 437 1498 3820 1586">
    <p class='ocr_par' dir='ltr' id='par_1_25' title="bbox 437 1498 3820 1586">
     <span class='ocr_line' id='line_1_25' title="bbox 437 1498 3820 1586; baseline 0.001 -19"><span class='ocrx_word' id='word_1_191' title='bbox 437 1504 664 1567; x_wconf 91' lang='lat' dir='ltr'><strong>bonum</strong></span> <span class='ocrx_word' id='word_1_192' title='bbox 700 1503 1039 1565; x_wconf 90' lang='lat' dir='ltr'><strong>manebitin</strong></span> <span class='ocrx_word' id='word_1_193' title='bbox 1064 1503 1191 1582; x_wconf 89' lang='lat' dir='ltr'><strong>ipso</strong></span> <span class='ocrx_word' id='word_1_194' title='bbox 1209 1502 1517 1565; x_wconf 90' lang='lat' dir='ltr'><strong>residuum</strong></span> <span class='ocrx_word' id='word_1_195' title='bbox 1539 1502 1777 1581; x_wconf 88' lang='lat' dir='ltr'><strong>aliquod</strong></span> <span class='ocrx_word' id='word_1_196' title='bbox 1803 1501 2056 1574; x_wconf 90' lang='lat' dir='ltr'><strong>bonum;</strong></span> <span class='ocrx_word' id='word_1_197' title='bbox 2090 1499 2256 1580; x_wconf 90' lang='lat' dir='ltr'><strong>atqui</strong></span> <span class='ocrx_word' id='word_1_198' title='bbox 2289 1498 2351 1560; x_wconf 91' lang='lat' dir='ltr'><strong>in</strong></span> <span class='ocrx_word' id='word_1_199' title='bbox 2385 1498 2734 1559; x_wconf 88' lang='lat' dir='ltr'><strong>omnimoda</strong></span> <span class='ocrx_word' id='word_1_200' title='bbox 2760 1499 2901 1561; x_wconf 92' lang='lat' dir='ltr'><strong>boni</strong></span> <span class='ocrx_word' id='word_1_201' title='bbox 2932 1502 3232 1583; x_wconf 84' lang='lat' dir='ltr'><strong>absentia,</strong></span> <span class='ocrx_word' id='word_1_202' title='bbox 3269 1512 3386 1565; x_wconf 91' lang='lat' dir='ltr'><strong>tam</strong></span> <span class='ocrx_word' id='word_1_203' title='bbox 3412 1506 3571 1583; x_wconf 88' lang='lat' dir='ltr'><strong>quod</strong></span> <span class='ocrx_word' id='word_1_204' title='bbox 3604 1509 3820 1586; x_wconf 84' lang='lat' dir='ltr'><strong>perfec-</strong></span> 
     </span>
    </p>
   </div>
   <div class='ocr_carea' id='block_1_26' title="bbox 434 1586 3817 1675">
    <p class='ocr_par' dir='ltr' id='par_1_26' title="bbox 434 1586 3817 1675">
     <span class='ocr_line' id='line_1_26' title="bbox 434 1586 3817 1675; baseline 0 -18"><span class='ocrx_word' id='word_1_205' title='bbox 434 1603 559 1657; x_wconf 90' lang='lat' dir='ltr'><strong>tum</strong></span> <span class='ocrx_word' id='word_1_206' title='bbox 585 1613 758 1675; x_wconf 82' lang='lat' dir='ltr'><strong>quam</strong></span> <span class='ocrx_word' id='word_1_207' title='bbox 786 1593 940 1675; x_wconf 91' lang='lat' dir='ltr'><strong>quod</strong></span> <span class='ocrx_word' id='word_1_208' title='bbox 967 1591 1375 1673; x_wconf 83' lang='lat' dir='ltr'><strong>imperfectum</strong></span> <span class='ocrx_word' id='word_1_209' title='bbox 1400 1591 1728 1665; x_wconf 77' lang='lat' dir='ltr'><strong>est,aberit,</strong></span> <span class='ocrx_word' id='word_1_210' title='bbox 1755 1589 2052 1672; x_wconf 86' lang='lat' dir='ltr'><strong>quomodo</strong></span> <span class='ocrx_word' id='word_1_211' title='bbox 2076 1606 2215 1667; x_wconf 86' lang='lat' dir='ltr'><strong>ergo</strong></span> <span class='ocrx_word' id='word_1_212' title='bbox 2240 1586 2354 1650; x_wconf 89' lang='lat' dir='ltr'><strong>erit</strong></span> <span class='ocrx_word' id='word_1_213' title='bbox 2376 1588 2490 1649; x_wconf 90' lang='lat' dir='ltr'><strong>hoc</strong></span> <span class='ocrx_word' id='word_1_214' title='bbox 2517 1589 2930 1669; x_wconf 83' lang='lat' dir='ltr'><strong>imperfectum</strong></span> <span class='ocrx_word' id='word_1_215' title='bbox 2966 1590 3225 1655; x_wconf 89' lang='lat' dir='ltr'><strong>bonum?</strong></span> <span class='ocrx_word' id='word_1_216' title='bbox 3251 1602 3391 1654; x_wconf 87' lang='lat' dir='ltr'><strong>tunc</strong></span> <span class='ocrx_word' id='word_1_217' title='bbox 3418 1596 3577 1656; x_wconf 92' lang='lat' dir='ltr'><strong>enim</strong></span> <span class='ocrx_word' id='word_1_218' title='bbox 3598 1605 3817 1660; x_wconf 87' lang='lat' dir='ltr'><strong>tantum</strong></span> 
     </span>
    </p>
   </div>
   <div class='ocr_carea' id='block_1_27' title="bbox 434 1677 3822 1766">
    <p class='ocr_par' dir='ltr' id='par_1_27' title="bbox 434 1677 3822 1766">
     <span class='ocr_line' id='line_1_27' title="bbox 434 1677 3822 1766; baseline -0 -18"><span class='ocrx_word' id='word_1_219' title='bbox 434 1684 747 1766; x_wconf 77' lang='lat' dir='ltr'><strong>apparebit</strong></span> <span class='ocrx_word' id='word_1_220' title='bbox 772 1683 988 1745; x_wconf 90' lang='lat' dir='ltr'><strong>malum</strong></span> <span class='ocrx_word' id='word_1_221' title='bbox 1016 1682 1427 1762; x_wconf 81' lang='lat' dir='ltr'><strong>imperfectum</strong></span> <span class='ocrx_word' id='word_1_222' title='bbox 1465 1682 1709 1756; x_wconf 92' lang='lat' dir='ltr'><strong>bonum,</strong></span> <span class='ocrx_word' id='word_1_223' title='bbox 1737 1681 1975 1762; x_wconf 84' lang='lat' dir='ltr'><strong>quando</strong></span> <span class='ocrx_word' id='word_1_224' title='bbox 2006 1698 2119 1740; x_wconf 92' lang='lat' dir='ltr'><strong>non</strong></span> <span class='ocrx_word' id='word_1_225' title='bbox 2147 1684 2235 1739; x_wconf 90' lang='lat' dir='ltr'><strong>est</strong></span> <span class='ocrx_word' id='word_1_226' title='bbox 2265 1677 2611 1738; x_wconf 87' lang='lat' dir='ltr'><strong>omnimoda</strong></span> <span class='ocrx_word' id='word_1_227' title='bbox 2643 1678 2785 1741; x_wconf 90' lang='lat' dir='ltr'><strong>boni</strong></span> <span class='ocrx_word' id='word_1_228' title='bbox 2819 1678 3114 1741; x_wconf 89' lang='lat' dir='ltr'><strong>absentia.</strong></span> <span class='ocrx_word' id='word_1_229' title='bbox 3141 1682 3259 1744; x_wconf 91' lang='lat' dir='ltr'><strong>Sed</strong></span> <span class='ocrx_word' id='word_1_230' title='bbox 3286 1684 3342 1743; x_wconf 89' lang='lat' dir='ltr'><strong>id</strong></span> <span class='ocrx_word' id='word_1_231' title='bbox 3369 1684 3523 1763; x_wconf 86' lang='lat' dir='ltr'><strong>quod</strong></span> <span class='ocrx_word' id='word_1_232' title='bbox 3553 1696 3646 1746; x_wconf 88' lang='lat' dir='ltr'><strong>est</strong></span> <span class='ocrx_word' id='word_1_233' title='bbox 3670 1688 3822 1766; x_wconf 85' lang='lat' dir='ltr'><strong>ejus-</strong></span> 
     </span>
    </p>
   </div>
   <div class='ocr_carea' id='block_1_28' title="bbox 434 1766 3823 1855">
    <p class='ocr_par' dir='ltr' id='par_1_28' title="bbox 434 1766 3823 1855">
     <span class='ocr_line' id='line_1_28' title="bbox 434 1766 3823 1855; baseline 0.001 -19"><span class='ocrx_word' id='word_1_234' title='bbox 434 1774 620 1853; x_wconf 84' lang='lat' dir='ltr'><strong>modi,</strong></span> <span class='ocrx_word' id='word_1_235' title='bbox 641 1772 993 1855; x_wconf 87' lang='lat' dir='ltr'><strong>qnihusdam</strong></span> <span class='ocrx_word' id='word_1_236' title='bbox 1018 1772 1259 1853; x_wconf 89' lang='lat' dir='ltr'><strong>quidem</strong></span> <span class='ocrx_word' id='word_1_237' title='bbox 1286 1770 1458 1832; x_wconf 90' lang='lat' dir='ltr'><strong>bonis</strong></span> <span class='ocrx_word' id='word_1_238' title='bbox 1480 1780 1761 1852; x_wconf 89' lang='lat' dir='ltr'><strong>tanquam</strong></span> <span class='ocrx_word' id='word_1_239' title='bbox 1788 1770 2005 1831; x_wconf 86' lang='lat' dir='ltr'><strong>malum</strong></span> <span class='ocrx_word' id='word_1_240' title='bbox 2033 1766 2467 1843; x_wconf 86' lang='lat' dir='ltr'><strong>adversabitur,</strong></span> <span class='ocrx_word' id='word_1_241' title='bbox 2496 1766 2569 1827; x_wconf 92' lang='lat' dir='ltr'><strong>ab</strong></span> <span class='ocrx_word' id='word_1_242' title='bbox 2585 1766 2718 1827; x_wconf 90' lang='lat' dir='ltr'><strong>aliis</strong></span> <span class='ocrx_word' id='word_1_243' title='bbox 2737 1777 2933 1829; x_wconf 88' lang='lat' dir='ltr'><strong>autem</strong></span> <span class='ocrx_word' id='word_1_244' title='bbox 2973 1778 3254 1851; x_wconf 90' lang='lat' dir='ltr'><strong>tanquam</strong></span> <span class='ocrx_word' id='word_1_245' title='bbox 3281 1772 3502 1834; x_wconf 90' lang='lat' dir='ltr'><strong>bonum</strong></span> <span class='ocrx_word' id='word_1_246' title='bbox 3530 1776 3823 1840; x_wconf 80' lang='lat' dir='ltr'><strong>eximitur;</strong></span> 
     </span>
    </p>
   </div>
   <div class='ocr_carea' id='block_1_29' title="bbox 431 1857 3821 1947">
    <p class='ocr_par' dir='ltr' id='par_1_29' title="bbox 431 1857 3821 1947">
     <span class='ocr_line' id='line_1_29' title="bbox 431 1857 3821 1947; baseline -0.001 -18"><span class='ocrx_word' id='word_1_247' title='bbox 431 1872 737 1947; x_wconf 83' lang='lat' dir='ltr'><strong>nequeunt</strong></span> <span class='ocrx_word' id='word_1_248' title='bbox 757 1863 915 1924; x_wconf 89' lang='lat' dir='ltr'><strong>enim</strong></span> <span class='ocrx_word' id='word_1_249' title='bbox 950 1862 1156 1923; x_wconf 90' lang='lat' dir='ltr'><strong>eadem</strong></span> <span class='ocrx_word' id='word_1_250' title='bbox 1180 1862 1509 1923; x_wconf 80' lang='lat' dir='ltr'><strong>secundum</strong></span> <span class='ocrx_word' id='word_1_251' title='bbox 1539 1860 1749 1922; x_wconf 88' lang='lat' dir='ltr'><strong>eadem</strong></span> <span class='ocrx_word' id='word_1_252' title='bbox 1778 1861 1934 1922; x_wconf 79' lang='lat' dir='ltr'><strong>inter</strong></span> <span class='ocrx_word' id='word_1_253' title='bbox 1959 1879 2023 1921; x_wconf 91' lang='lat' dir='ltr'><strong>se</strong></span> <span class='ocrx_word' id='word_1_254' title='bbox 2050 1860 2105 1918; x_wconf 92' lang='lat' dir='ltr'><strong>in</strong></span> <span class='ocrx_word' id='word_1_255' title='bbox 2135 1857 2413 1919; x_wconf 92' lang='lat' dir='ltr'><strong>omnibus</strong></span> <span class='ocrx_word' id='word_1_256' title='bbox 2439 1874 2728 1937; x_wconf 82' lang='lat' dir='ltr'><strong>pugnare.</strong></span> <span class='ocrx_word' id='word_1_257' title='bbox 2764 1860 2895 1920; x_wconf 89' lang='lat' dir='ltr'><strong>Non</strong></span> <span class='ocrx_word' id='word_1_258' title='bbox 2932 1876 2964 1919; x_wconf 92' lang='lat' dir='ltr'><strong>e</strong></span> <span class='ocrx_word' id='word_1_259' title='bbox 2984 1878 3086 1939; x_wconf 82' lang='lat' dir='ltr'><strong>rgo</strong></span> <span class='ocrx_word' id='word_1_260' title='bbox 3119 1860 3349 1923; x_wconf 85' lang='lat' dir='ltr'><strong>exsistit</strong></span> <span class='ocrx_word' id='word_1_261' title='bbox 3367 1881 3477 1939; x_wconf 90' lang='lat' dir='ltr'><strong>per</strong></span> <span class='ocrx_word' id='word_1_262' title='bbox 3498 1881 3562 1924; x_wconf 89' lang='lat' dir='ltr'><strong>se</strong></span> <span class='ocrx_word' id='word_1_263' title='bbox 3590 1865 3821 1927; x_wconf 89' lang='lat' dir='ltr'><strong>malum.</strong></span> 
     </span>
    </p>
   </div>
   <div class='ocr_carea' id='block_1_30' title="bbox 511 1944 2087 2034">
    <p class='ocr_par' dir='ltr' id='par_1_30' title="bbox 511 1944 2066 2034">
     <span class='ocr_line' id='line_1_30' title="bbox 511 1944 2066 2034; baseline -0.004 -19"><span class='ocrx_word' id='word_1_264' title='bbox 511 1944 720 2034; x_wconf 76' lang='lat' dir='ltr'><strong>§XXL</strong></span> <span class='ocrx_word' id='word_1_265' title='bbox 757 1952 909 2025; x_wconf 90' lang='lat' dir='ltr'><strong>Quin</strong></span> <span class='ocrx_word' id='word_1_266' title='bbox 956 1969 1030 2013; x_wconf 90' lang='lat' dir='ltr'><strong>ne</strong></span> <span class='ocrx_word' id='word_1_267' title='bbox 1081 1950 1323 2032; x_wconf 88' lang='lat' dir='ltr'><strong>quidem</strong></span> <span class='ocrx_word' id='word_1_268' title='bbox 1354 1960 1443 2011; x_wconf 90' lang='lat' dir='ltr'><strong>est</strong></span> <span class='ocrx_word' id='word_1_269' title='bbox 1474 1950 1533 2011; x_wconf 92' lang='lat' dir='ltr'><strong>in</strong></span> <span class='ocrx_word' id='word_1_270' title='bbox 1589 1948 1790 2029; x_wconf 89' lang='lat' dir='ltr'><strong>rebus,</strong></span> <span class='ocrx_word' id='word_1_271' title='bbox 1825 1950 1910 2011; x_wconf 89' lang='lat' dir='ltr'><strong>uti</strong></span> <span class='ocrx_word' id='word_1_272' title='bbox 1957 1950 2066 2009; x_wconf 80' lang='lat' dir='ltr'><strong>de~</strong></span> 
     </span>
    </p>
   </div>
   <div class='ocr_carea' id='block_1_31' title="bbox 2171 1944 3822 2034">
    <p class='ocr_par' dir='ltr' id='par_1_31' title="bbox 2236 1944 3822 2031">
     <span class='ocr_line' id='line_1_31' title="bbox 2236 1944 3822 2031; baseline -0.001 -22"><span class='ocrx_word' id='word_1_273' title='bbox 2236 1944 2448 2026; x_wconf 76' lang='lat' dir='ltr'><strong>§XXI.</strong></span> <span class='ocrx_word' id='word_1_274' title='bbox 2514 1946 2663 2003; x_wconf 82' lang='grc' dir='ltr'>Ἀλλ’</span> <span class='ocrx_word' id='word_1_275' title='bbox 2699 1946 2813 2004; x_wconf 64' lang='grc' dir='ltr'><strong>οὐδὲ</strong></span> <span class='ocrx_word' id='word_1_276' title='bbox 2846 1949 2898 2004; x_wconf 77' lang='grc' dir='ltr'>ἐν</span> <span class='ocrx_word' id='word_1_277' title='bbox 2944 1964 3062 2013; x_wconf 72' lang='grc' dir='ltr'>τοῖς</span> <span class='ocrx_word' id='word_1_278' title='bbox 3095 1950 3236 2006; x_wconf 67' lang='grc' dir='ltr'>οὖσίν</span> <span class='ocrx_word' id='word_1_279' title='bbox 3294 1952 3432 2031; x_wconf 69' lang='grc' dir='ltr'>ἐστι,</span> <span class='ocrx_word' id='word_1_280' title='bbox 3468 1956 3651 2017; x_wconf 70' lang='grc' dir='ltr'>καθὼς</span> <span class='ocrx_word' id='word_1_281' title='bbox 3696 1956 3822 2009; x_wconf 63' lang='grc' dir='ltr'>ἀπο-</span> 
     </span>
    </p>
   </div>
   <div class='ocr_carea' id='block_1_32' title="bbox 435 2034 2087 2121">
    <p class='ocr_par' dir='ltr' id='par_1_32' title="bbox 435 2040 2073 2121">
     <span class='ocr_line' id='line_1_32' title="bbox 435 2040 2073 2121; baseline -0.005 -14"><span class='ocrx_word' id='word_1_282' title='bbox 435 2041 789 2107; x_wconf 86' lang='lat' dir='ltr'><strong>monstrabit</strong></span> <span class='ocrx_word' id='word_1_283' title='bbox 831 2059 936 2121; x_wconf 89' lang='lat' dir='ltr'><strong>per</strong></span> <span class='ocrx_word' id='word_1_284' title='bbox 979 2040 1376 2121; x_wconf 83' lang='lat' dir='ltr'><strong>syllogismum</strong></span> <span class='ocrx_word' id='word_1_285' title='bbox 1427 2040 1889 2120; x_wconf 75' lang='lat' dir='ltr'><strong>hypotheticum,</strong></span> <span class='ocrx_word' id='word_1_286' title='bbox 1935 2040 2073 2098; x_wconf 63' lang='lat'><strong>412</strong></span> 
     </span>
    </p>
   </div>
   <div class='ocr_carea' id='block_1_33' title="bbox 2171 2034 3820 2121">
    <p class='ocr_par' dir='ltr' id='par_1_33' title="bbox 2171 2034 3820 2117">
     <span class='ocr_line' id='line_1_33' title="bbox 2171 2034 3820 2117; baseline 0.004 -24"><span class='ocrx_word' id='word_1_287' title='bbox 2171 2036 2311 2102; x_wconf 73' lang='grc' dir='ltr'>Βείξει</span> <span class='ocrx_word' id='word_1_288' title='bbox 2386 2034 2458 2092; x_wconf 82' lang='grc' dir='ltr'><strong>δι’</strong></span> <span class='ocrx_word' id='word_1_289' title='bbox 2536 2038 2847 2095; x_wconf 79' lang='grc' dir='ltr'>ὕποθετικοῦ</span> <span class='ocrx_word' id='word_1_290' title='bbox 2924 2038 3282 2117; x_wconf 77' lang='grc' dir='ltr'><strong>συλλογισμοῦ</strong></span> <span class='ocrx_word' id='word_1_291' title='bbox 3346 2042 3483 2098; x_wconf 76' lang='grc' dir='ltr'>κατὰ</span> <span class='ocrx_word' id='word_1_292' title='bbox 3556 2046 3647 2098; x_wconf 83' lang='grc' dir='ltr'>τὸν</span> <span class='ocrx_word' id='word_1_293' title='bbox 3710 2042 3820 2099; x_wconf 79' lang='grc' dir='ltr'>δια-</span> 
     </span>
    </p>
   </div>
   <div class='ocr_carea' id='block_1_34' title="bbox 434 2124 2087 2213">
    <p class='ocr_par' dir='ltr' id='par_1_34' title="bbox 434 2127 2078 2213">
     <span class='ocr_line' id='line_1_34' title="bbox 434 2127 2078 2213; baseline -0.004 -16"><span class='ocrx_word' id='word_1_294' title='bbox 434 2131 856 2213; x_wconf 91' lang='lat' dir='ltr'><strong>conjunctione</strong></span> <span class='ocrx_word' id='word_1_295' title='bbox 876 2127 1316 2209; x_wconf 86' lang='lat' dir='ltr'><strong>disjunctiva.Si</strong></span> <span class='ocrx_word' id='word_1_296' title='bbox 1337 2130 1494 2191; x_wconf 91' lang='lat' dir='ltr'><strong>enim</strong></span> <span class='ocrx_word' id='word_1_297' title='bbox 1514 2130 1574 2190; x_wconf 90' lang='lat' dir='ltr'><strong>in</strong></span> <span class='ocrx_word' id='word_1_298' title='bbox 1596 2129 1773 2191; x_wconf 90' lang='lat' dir='ltr'><strong>rebus</strong></span> <span class='ocrx_word' id='word_1_299' title='bbox 1795 2128 2078 2192; x_wconf 85' lang='lat' dir='ltr'><strong>omnibus</strong></span> 
     </span>
    </p>
   </div>
   <div class='ocr_carea' id='block_1_35' title="bbox 2171 2124 3821 2213">
    <p class='ocr_par' dir='ltr' id='par_1_35' title="bbox 2171 2124 3821 2207">
     <span class='ocr_line' id='line_1_35' title="bbox 2171 2124 3821 2207; baseline 0.002 -23"><span class='ocrx_word' id='word_1_300' title='bbox 2171 2127 2424 2197; x_wconf 72' lang='grc' dir='ltr'>ζευκτικὸν</span> <span class='ocrx_word' id='word_1_301' title='bbox 2484 2124 2631 2181; x_wconf 82' lang='grc' dir='ltr'>σύνδε</span> <span class='ocrx_word' id='word_1_302' title='bbox 2653 2148 2813 2201; x_wconf 82' lang='grc' dir='ltr'>σμον.</span> <span class='ocrx_word' id='word_1_303' title='bbox 2873 2129 2930 2185; x_wconf 68' lang='lat' dir='ltr'><strong>Et</strong></span> <span class='ocrx_word' id='word_1_304' title='bbox 2993 2130 3084 2207; x_wconf 82' lang='grc' dir='ltr'>γὰρ</span> <span class='ocrx_word' id='word_1_305' title='bbox 3138 2129 3190 2185; x_wconf 79' lang='grc' dir='ltr'>ἒν</span> <span class='ocrx_word' id='word_1_306' title='bbox 3242 2136 3371 2186; x_wconf 81' lang='grc' dir='ltr'>πᾶσι</span> <span class='ocrx_word' id='word_1_307' title='bbox 3429 2145 3546 2195; x_wconf 77' lang='grc' dir='ltr'>τοῖς</span> <span class='ocrx_word' id='word_1_308' title='bbox 3606 2132 3718 2189; x_wconf 74' lang='grc' dir='ltr'>οὖσι</span> <span class='ocrx_word' id='word_1_309' title='bbox 3768 2137 3821 2188; x_wconf 85' lang='grc' dir='ltr'>τὸ</span> 
     </span>
    </p>
   </div>
   <div class='ocr_carea' id='block_1_36' title="bbox 434 2216 2087 2294">
    <p class='ocr_par' dir='ltr' id='par_1_36' title="bbox 434 2218 2071 2294">
     <span class='ocr_line' id='line_1_36' title="bbox 434 2218 2071 2294; baseline -0.005 -8"><span class='ocrx_word' id='word_1_310' title='bbox 434 2223 513 2286; x_wconf 87' lang='lat' dir='ltr'><strong>sit</strong></span> <span class='ocrx_word' id='word_1_311' title='bbox 553 2220 1027 2294; x_wconf 89' lang='lat' dir='ltr'><strong>bonum,malum</strong></span> <span class='ocrx_word' id='word_1_312' title='bbox 1063 2219 1148 2280; x_wconf 87' lang='lat' dir='ltr'><strong>vel</strong></span> <span class='ocrx_word' id='word_1_313' title='bbox 1182 2219 1239 2280; x_wconf 91' lang='lat' dir='ltr'><strong>in</strong></span> <span class='ocrx_word' id='word_1_314' title='bbox 1270 2218 1449 2281; x_wconf 90' lang='lat' dir='ltr'><strong>rebus</strong></span> <span class='ocrx_word' id='word_1_315' title='bbox 1483 2238 1600 2280; x_wconf 93' lang='lat' dir='ltr'><strong>non</strong></span> <span class='ocrx_word' id='word_1_316' title='bbox 1632 2218 1866 2290; x_wconf 83' lang='lat' dir='ltr'><strong>erit,vel</strong></span> <span class='ocrx_word' id='word_1_317' title='bbox 1898 2219 1946 2279; x_wconf 90' lang='lat' dir='ltr'><strong>si</strong></span> <span class='ocrx_word' id='word_1_318' title='bbox 1974 2219 2071 2292; x_wconf 89' lang='lat' dir='ltr'><strong>sit,</strong></span> 
     </span>
    </p>
   </div>
   <div class='ocr_carea' id='block_1_37' title="bbox 2171 2216 3817 2294">
    <p class='ocr_par' dir='ltr' id='par_1_37' title="bbox 2171 2216 3817 2294">
     <span class='ocr_line' id='line_1_37' title="bbox 2171 2216 3817 2294; baseline 0.002 -23"><span class='ocrx_word' id='word_1_319' title='bbox 2171 2217 2374 2294; x_wconf 70' lang='grc' dir='ltr'><strong>ὶγαθὸν,</strong></span> <span class='ocrx_word' id='word_1_320' title='bbox 2406 2218 2467 2271; x_wconf 85' lang='grc' dir='ltr'>τὸ</span> <span class='ocrx_word' id='word_1_321' title='bbox 2515 2218 2679 2272; x_wconf 78' lang='grc' dir='ltr'>κακὸν</span> <span class='ocrx_word' id='word_1_322' title='bbox 2714 2216 2749 2284; x_wconf 75' lang='grc' dir='ltr'><strong>ἢ</strong></span> <span class='ocrx_word' id='word_1_323' title='bbox 2784 2216 2839 2272; x_wconf 76' lang='grc' dir='ltr'>ἓν</span> <span class='ocrx_word' id='word_1_324' title='bbox 2898 2231 3014 2281; x_wconf 74' lang='grc' dir='ltr'>τοῖς</span> <span class='ocrx_word' id='word_1_325' title='bbox 3049 2218 3191 2274; x_wconf 80' lang='grc' dir='ltr'>οὖσιν</span> <span class='ocrx_word' id='word_1_326' title='bbox 3224 2222 3315 2276; x_wconf 66' lang='grc' dir='ltr'>οὐκ</span> <span class='ocrx_word' id='word_1_327' title='bbox 3379 2221 3549 2291; x_wconf 76' lang='grc' dir='ltr'>ἔσται,</span> <span class='ocrx_word' id='word_1_328' title='bbox 3660 2221 3717 2277; x_wconf 80' lang='grc' dir='ltr'>ὅν</span> <span class='ocrx_word' id='word_1_329' title='bbox 3770 2223 3817 2277; x_wconf 76' lang='grc' dir='ltr'>ἐν</span> 
     </span>
    </p>
   </div>
   <div class='ocr_carea' id='block_1_38' title="bbox 437 2305 2087 2389">
    <p class='ocr_par' dir='ltr' id='par_1_38' title="bbox 437 2307 2068 2389">
     <span class='ocr_line' id='line_1_38' title="bbox 437 2307 2068 2389; baseline -0.004 -14"><span class='ocrx_word' id='word_1_330' title='bbox 437 2332 477 2375; x_wconf 90' lang='lat' dir='ltr'><strong>n</strong></span> <span class='ocrx_word' id='word_1_331' title='bbox 510 2311 666 2373; x_wconf 90' lang='lat' dir='ltr'><strong>bono</strong></span> <span class='ocrx_word' id='word_1_332' title='bbox 698 2318 807 2389; x_wconf 88' lang='lat' dir='ltr'><strong>est;</strong></span> <span class='ocrx_word' id='word_1_333' title='bbox 843 2308 947 2370; x_wconf 88' lang='lat' dir='ltr'><strong>sed</strong></span> <span class='ocrx_word' id='word_1_334' title='bbox 973 2309 1087 2370; x_wconf 90' lang='lat' dir='ltr'><strong>hoc</strong></span> <span class='ocrx_word' id='word_1_335' title='bbox 1130 2307 1502 2389; x_wconf 81' lang='lat' dir='ltr'><strong>impossibile</strong></span> <span class='ocrx_word' id='word_1_336' title='bbox 1523 2318 1613 2371; x_wconf 89' lang='lat' dir='ltr'><strong>est</strong></span> <span class='ocrx_word' id='word_1_337' title='bbox 1636 2316 1786 2370; x_wconf 90' lang='lat' dir='ltr'><strong>utsit</strong></span> <span class='ocrx_word' id='word_1_338' title='bbox 1816 2309 1873 2370; x_wconf 91' lang='lat' dir='ltr'><strong>in</strong></span> <span class='ocrx_word' id='word_1_339' title='bbox 1889 2309 2068 2381; x_wconf 87' lang='lat' dir='ltr'><strong>bono;</strong></span> 
     </span>
    </p>
   </div>
   <div class='ocr_carea' id='block_1_39' title="bbox 2171 2305 3816 2389">
    <p class='ocr_par' dir='ltr' id='par_1_39' title="bbox 2171 2305 3816 2389">
     <span class='ocr_line' id='line_1_39' title="bbox 2171 2305 3816 2389; baseline 0 -26"><span class='ocrx_word' id='word_1_340' title='bbox 2171 2314 2235 2381; x_wconf 74' lang='grc' dir='ltr'>τῷ</span> <span class='ocrx_word' id='word_1_341' title='bbox 2277 2309 2455 2384; x_wconf 79' lang='grc' dir='ltr'>ἀγαθῷ</span> <span class='ocrx_word' id='word_1_342' title='bbox 2508 2305 2675 2361; x_wconf 75' lang='grc' dir='ltr'>ἐστιν·</span> <span class='ocrx_word' id='word_1_343' title='bbox 2726 2305 2860 2363; x_wconf 77' lang='grc' dir='ltr'>ἀλλὰ</span> <span class='ocrx_word' id='word_1_344' title='bbox 2891 2308 2998 2383; x_wconf 78' lang='grc' dir='ltr'><strong>μὴν</strong></span> <span class='ocrx_word' id='word_1_345' title='bbox 3056 2316 3210 2365; x_wconf 81' lang='grc' dir='ltr'>τοῦτο</span> <span class='ocrx_word' id='word_1_346' title='bbox 3240 2308 3518 2389; x_wconf 61' lang='grc' dir='ltr'>ἀδύνατον,</span> <span class='ocrx_word' id='word_1_347' title='bbox 3552 2311 3635 2368; x_wconf 81' lang='grc' dir='ltr'><strong>ὅτι</strong></span> <span class='ocrx_word' id='word_1_348' title='bbox 3680 2312 3816 2368; x_wconf 73' lang='grc' dir='ltr'>ἐστίν</span> 
     </span>
    </p>
   </div>
   <div class='ocr_carea' id='block_1_40' title="bbox 433 2396 2087 2481">
    <p class='ocr_par' dir='ltr' id='par_1_40' title="bbox 433 2397 2076 2481">
     <span class='ocr_line' id='line_1_40' title="bbox 433 2397 2076 2481; baseline -0.003 -18"><span class='ocrx_word' id='word_1_349' title='bbox 433 2420 572 2481; x_wconf 90' lang='lat' dir='ltr'><strong>ergo</strong></span> <span class='ocrx_word' id='word_1_350' title='bbox 616 2399 888 2477; x_wconf 81' lang='lat' dir='ltr'><strong>sequitur</strong></span> <span class='ocrx_word' id='word_1_351' title='bbox 917 2397 1062 2461; x_wconf 80' lang='lat' dir='ltr'><strong>illud</strong></span> <span class='ocrx_word' id='word_1_352' title='bbox 1100 2398 1283 2479; x_wconf 86' lang='lat' dir='ltr'><strong>prius,</strong></span> <span class='ocrx_word' id='word_1_353' title='bbox 1318 2399 1473 2479; x_wconf 84' lang='lat' dir='ltr'><strong>quod</strong></span> <span class='ocrx_word' id='word_1_354' title='bbox 1506 2417 1624 2460; x_wconf 90' lang='lat' dir='ltr'><strong>non</strong></span> <span class='ocrx_word' id='word_1_355' title='bbox 1656 2399 1736 2459; x_wconf 92' lang='lat' dir='ltr'><strong>sit</strong></span> <span class='ocrx_word' id='word_1_356' title='bbox 1764 2399 1983 2460; x_wconf 90' lang='lat' dir='ltr'><strong>malum</strong></span> <span class='ocrx_word' id='word_1_357' title='bbox 2014 2399 2076 2458; x_wconf 91' lang='lat' dir='ltr'><strong>in</strong></span> 
     </span>
    </p>
   </div>
   <div class='ocr_carea' id='block_1_41' title="bbox 2171 2396 3818 2481">
    <p class='ocr_par' dir='ltr' id='par_1_41' title="bbox 2171 2396 3818 2477">
     <span class='ocr_line' id='line_1_41' title="bbox 2171 2396 3818 2477; baseline 0.001 -24"><span class='ocrx_word' id='word_1_358' title='bbox 2171 2398 2216 2454; x_wconf 69' lang='grc' dir='ltr'>ἰν</span> <span class='ocrx_word' id='word_1_359' title='bbox 2269 2401 2345 2469; x_wconf 81' lang='grc' dir='ltr'><strong>τῷ</strong></span> <span class='ocrx_word' id='word_1_360' title='bbox 2377 2396 2579 2474; x_wconf 80' lang='grc' dir='ltr'><strong>ἀγαθῷ·</strong></span> <span class='ocrx_word' id='word_1_361' title='bbox 2614 2398 2674 2452; x_wconf 80' lang='grc' dir='ltr'>τὸ</span> <span class='ocrx_word' id='word_1_362' title='bbox 2736 2398 2987 2476; x_wconf 85' lang='grc' dir='ltr'>πρότερον</span> <span class='ocrx_word' id='word_1_363' title='bbox 3018 2398 3138 2477; x_wconf 68' lang='grc' dir='ltr'>ἄρα,</span> <span class='ocrx_word' id='word_1_364' title='bbox 3172 2400 3249 2454; x_wconf 80' lang='grc' dir='ltr'>ὅτι</span> <span class='ocrx_word' id='word_1_365' title='bbox 3285 2401 3377 2455; x_wconf 68' lang='grc' dir='ltr'><strong>οὐκ</strong></span> <span class='ocrx_word' id='word_1_366' title='bbox 3406 2401 3515 2458; x_wconf 78' lang='grc' dir='ltr'>ἔστι</span> <span class='ocrx_word' id='word_1_367' title='bbox 3576 2404 3636 2457; x_wconf 76' lang='grc' dir='ltr'>τὸ</span> <span class='ocrx_word' id='word_1_368' title='bbox 3667 2403 3818 2457; x_wconf 74' lang='grc' dir='ltr'>κακὸν</span> 
     </span>
    </p>
   </div>
   <div class='ocr_carea' id='block_1_42' title="bbox 430 2486 2087 2570">
    <p class='ocr_par' dir='ltr' id='par_1_42' title="bbox 430 2487 2079 2570">
     <span class='ocr_line' id='line_1_42' title="bbox 430 2487 2079 2570; baseline -0.004 -15"><span class='ocrx_word' id='word_1_369' title='bbox 430 2491 1020 2569; x_wconf 73' lang='lat' dir='ltr'><strong>rebus.Assumptum</strong></span> <span class='ocrx_word' id='word_1_370' title='bbox 1054 2487 1253 2568; x_wconf 84' lang='lat' dir='ltr'><strong>itaque</strong></span> <span class='ocrx_word' id='word_1_371' title='bbox 1309 2487 1620 2550; x_wconf 85' lang='lat' dir='ltr'><strong>conﬁrmat</strong></span> <span class='ocrx_word' id='word_1_372' title='bbox 1667 2487 1743 2549; x_wconf 92' lang='lat' dir='ltr'><strong>ab</strong></span> <span class='ocrx_word' id='word_1_373' title='bbox 1779 2488 2079 2570; x_wconf 85' lang='lat' dir='ltr'><strong>exemplo,</strong></span> 
     </span>
    </p>
   </div>
   <div class='ocr_carea' id='block_1_43' title="bbox 2171 2486 3816 2570">
    <p class='ocr_par' dir='ltr' id='par_1_43' title="bbox 2171 2486 3816 2563">
     <span class='ocr_line' id='line_1_43' title="bbox 2171 2486 3816 2563; baseline 0.001 -19"><span class='ocrx_word' id='word_1_374' title='bbox 2171 2488 2218 2545; x_wconf 72' lang='grc' dir='ltr'>ὲν</span> <span class='ocrx_word' id='word_1_375' title='bbox 2275 2498 2392 2549; x_wconf 80' lang='grc' dir='ltr'>τοῖς</span> <span class='ocrx_word' id='word_1_376' title='bbox 2448 2488 2558 2541; x_wconf 74' lang='grc' dir='ltr'>οὖσι</span> <span class='ocrx_word' id='word_1_377' title='bbox 2614 2487 2717 2553; x_wconf 80' lang='grc' dir='ltr'>Τὴν</span> <span class='ocrx_word' id='word_1_378' title='bbox 2756 2494 2878 2563; x_wconf 83' lang='grc' dir='ltr'>γοῦν</span> <span class='ocrx_word' id='word_1_379' title='bbox 2922 2486 3227 2563; x_wconf 77' lang='grc' dir='ltr'>πρόσληψιν</span> <span class='ocrx_word' id='word_1_380' title='bbox 3283 2490 3697 2562; x_wconf 74' lang='grc' dir='ltr'>κατασκευλάζει</span> <span class='ocrx_word' id='word_1_381' title='bbox 3760 2492 3816 2545; x_wconf 82' lang='grc' dir='ltr'>ἐκ</span> 
     </span>
    </p>
   </div>
   <div class='ocr_carea' id='block_1_44' title="bbox 434 2572 2087 2659">
    <p class='ocr_par' dir='ltr' id='par_1_44' title="bbox 434 2576 2055 2659">
     <span class='ocr_line' id='line_1_44' title="bbox 434 2576 2055 2659; baseline -0.002 -17"><span class='ocrx_word' id='word_1_382' title='bbox 434 2580 677 2643; x_wconf 87' lang='lat' dir='ltr'><strong>dicens:</strong></span> <span class='ocrx_word' id='word_1_383' title='bbox 709 2576 915 2659; x_wconf 87' lang='lat' dir='ltr'><strong>Neque</strong></span> <span class='ocrx_word' id='word_1_384' title='bbox 944 2576 1104 2639; x_wconf 87' lang='lat' dir='ltr'><strong>enim</strong></span> <span class='ocrx_word' id='word_1_385' title='bbox 1124 2576 1184 2637; x_wconf 92' lang='lat' dir='ltr'><strong>in</strong></span> <span class='ocrx_word' id='word_1_386' title='bbox 1217 2576 1352 2655; x_wconf 92' lang='lat' dir='ltr'><strong>igne</strong></span> <span class='ocrx_word' id='word_1_387' title='bbox 1374 2576 1558 2656; x_wconf 82' lang='lat' dir='ltr'><strong>frigus</strong></span> <span class='ocrx_word' id='word_1_388' title='bbox 1590 2585 1699 2659; x_wconf 86' lang='lat' dir='ltr'><strong>est,</strong></span> <span class='ocrx_word' id='word_1_389' title='bbox 1738 2596 1846 2638; x_wconf 90' lang='lat' dir='ltr'><strong>nec</strong></span> <span class='ocrx_word' id='word_1_390' title='bbox 1872 2577 2055 2658; x_wconf 89' lang='lat' dir='ltr'><strong>depra</strong></span> 
     </span>
    </p>
   </div>
   <div class='ocr_carea' id='block_1_45' title="bbox 2171 2572 3822 2659">
    <p class='ocr_par' dir='ltr' id='par_1_45' title="bbox 2171 2572 3822 2657">
     <span class='ocr_line' id='line_1_45' title="bbox 2171 2572 3822 2657; baseline -0.001 -24"><span class='ocrx_word' id='word_1_391' title='bbox 2171 2572 2618 2653; x_wconf 65' lang='grc' dir='ltr'><strong>παραδείγματος,</strong></span> <span class='ocrx_word' id='word_1_392' title='bbox 2665 2574 2859 2654; x_wconf 80' lang='grc' dir='ltr'>λέγων·</span> <span class='ocrx_word' id='word_1_393' title='bbox 2920 2575 3062 2634; x_wconf 68' lang='lat' dir='ltr'><strong>&quot;Ott</strong></span> <span class='ocrx_word' id='word_1_394' title='bbox 3093 2580 3179 2634; x_wconf 80' lang='grc' dir='ltr'>καὶ</span> <span class='ocrx_word' id='word_1_395' title='bbox 3210 2580 3309 2657; x_wconf 74' lang='grc' dir='ltr'><strong>γὰρ</strong></span> <span class='ocrx_word' id='word_1_396' title='bbox 3367 2578 3484 2637; x_wconf 78' lang='grc' dir='ltr'><strong>οὐδέ</strong></span> <span class='ocrx_word' id='word_1_397' title='bbox 3516 2580 3569 2636; x_wconf 77' lang='grc' dir='ltr'>ἐν</span> <span class='ocrx_word' id='word_1_398' title='bbox 3604 2587 3681 2653; x_wconf 82' lang='grc' dir='ltr'>τῷ</span> <span class='ocrx_word' id='word_1_399' title='bbox 3707 2578 3822 2649; x_wconf 71' lang='grc' dir='ltr'>πυρί</span> 
     </span>
    </p>
   </div>
   <div class='ocr_carea' id='block_1_46' title="bbox 431 2663 2087 2749">
    <p class='ocr_par' dir='ltr' id='par_1_46' title="bbox 431 2665 2082 2749">
     <span class='ocr_line' id='line_1_46' title="bbox 431 2665 2082 2749; baseline -0.001 -18"><span class='ocrx_word' id='word_1_400' title='bbox 431 2671 585 2733; x_wconf 81' lang='lat' dir='ltr'><strong>vatio</strong></span> <span class='ocrx_word' id='word_1_401' title='bbox 608 2668 669 2730; x_wconf 90' lang='lat' dir='ltr'><strong>in</strong></span> <span class='ocrx_word' id='word_1_402' title='bbox 695 2686 765 2729; x_wconf 90' lang='lat' dir='ltr'><strong>eo</strong></span> <span class='ocrx_word' id='word_1_403' title='bbox 788 2665 947 2749; x_wconf 88' lang='lat' dir='ltr'><strong>quod</strong></span> <span class='ocrx_word' id='word_1_404' title='bbox 977 2667 1153 2728; x_wconf 84' lang='lat' dir='ltr'><strong>etiam</strong></span> <span class='ocrx_word' id='word_1_405' title='bbox 1182 2666 1403 2729; x_wconf 86' lang='lat' dir='ltr'><strong>malum</strong></span> <span class='ocrx_word' id='word_1_406' title='bbox 1433 2666 1652 2729; x_wconf 89' lang='lat' dir='ltr'><strong>bonum</strong></span> <span class='ocrx_word' id='word_1_407' title='bbox 1682 2666 2082 2740; x_wconf 86' lang='lat' dir='ltr'><strong>reddit.Quod</strong></span> 
     </span>
    </p>
   </div>
   <div class='ocr_carea' id='block_1_47' title="bbox 2171 2663 3821 2749">
    <p class='ocr_par' dir='ltr' id='par_1_47' title="bbox 2171 2663 3821 2744">
     <span class='ocr_line' id='line_1_47' title="bbox 2171 2663 3821 2744; baseline 0.001 -23"><span class='ocrx_word' id='word_1_408' title='bbox 2171 2666 2227 2721; x_wconf 80' lang='grc' dir='ltr'><strong>τὸ</strong></span> <span class='ocrx_word' id='word_1_409' title='bbox 2284 2665 2514 2744; x_wconf 64' lang='grc' dir='ltr'>ψυχρὸν,</span> <span class='ocrx_word' id='word_1_410' title='bbox 2549 2663 2668 2720; x_wconf 67' lang='grc' dir='ltr'>οῢσὶ</span> <span class='ocrx_word' id='word_1_411' title='bbox 2726 2666 2788 2721; x_wconf 78' lang='grc' dir='ltr'>τὸ</span> <span class='ocrx_word' id='word_1_412' title='bbox 2846 2667 3159 2723; x_wconf 69' lang='grc' dir='ltr'>κακύνεσθαι</span> <span class='ocrx_word' id='word_1_413' title='bbox 3215 2667 3269 2725; x_wconf 81' lang='grc' dir='ltr'>ἐν</span> <span class='ocrx_word' id='word_1_414' title='bbox 3302 2675 3378 2743; x_wconf 80' lang='grc' dir='ltr'>τῷ</span> <span class='ocrx_word' id='word_1_415' title='bbox 3434 2670 3529 2724; x_wconf 74' lang='grc' dir='ltr'><strong>καί</strong></span> <span class='ocrx_word' id='word_1_416' title='bbox 3558 2670 3620 2725; x_wconf 83' lang='grc' dir='ltr'>τὸ</span> <span class='ocrx_word' id='word_1_417' title='bbox 3672 2671 3821 2725; x_wconf 76' lang='grc' dir='ltr'>κακὸν</span> 
     </span>
    </p>
   </div>
   <div class='ocr_carea' id='block_1_48' title="bbox 432 2752 2087 2840">
    <p class='ocr_par' dir='ltr' id='par_1_48' title="bbox 432 2754 2085 2840">
     <span class='ocr_line' id='line_1_48' title="bbox 432 2754 2085 2840; baseline -0.004 -17"><span class='ocrx_word' id='word_1_418' title='bbox 432 2760 486 2823; x_wconf 82' lang='lat' dir='ltr'><strong>si</strong></span> <span class='ocrx_word' id='word_1_419' title='bbox 518 2758 656 2839; x_wconf 87' lang='lat' dir='ltr'><strong>erit,</strong></span> <span class='ocrx_word' id='word_1_420' title='bbox 685 2754 987 2840; x_wconf 88' lang='lat' dir='ltr'><strong>quomodo</strong></span> <span class='ocrx_word' id='word_1_421' title='bbox 1018 2754 1133 2819; x_wconf 86' lang='lat' dir='ltr'><strong>erit</strong></span> <span class='ocrx_word' id='word_1_422' title='bbox 1164 2755 1222 2817; x_wconf 89' lang='lat' dir='ltr'><strong>in</strong></span> <span class='ocrx_word' id='word_1_423' title='bbox 1255 2755 1367 2817; x_wconf 90' lang='lat' dir='ltr'><strong>hoc</strong></span> <span class='ocrx_word' id='word_1_424' title='bbox 1410 2762 1440 2818; x_wconf 83' lang='lat'><strong>?</strong></span> <span class='ocrx_word' id='word_1_425' title='bbox 1482 2755 1533 2816; x_wconf 90' lang='lat' dir='ltr'><strong>si</strong></span> <span class='ocrx_word' id='word_1_426' title='bbox 1564 2755 1806 2837; x_wconf 89' lang='lat' dir='ltr'><strong>quidem</strong></span> <span class='ocrx_word' id='word_1_427' title='bbox 1852 2775 1925 2819; x_wconf 81' lang='lat' dir='ltr'><strong>ex</strong></span> <span class='ocrx_word' id='word_1_428' title='bbox 1954 2756 2085 2837; x_wconf 91' lang='lat' dir='ltr'><strong>ipso</strong></span> 
     </span>
    </p>
   </div>
   <div class='ocr_carea' id='block_1_49' title="bbox 2171 2752 3821 2840">
    <p class='ocr_par' dir='ltr' id='par_1_49' title="bbox 2171 2752 3821 2833">
     <span class='ocr_line' id='line_1_49' title="bbox 2171 2752 3821 2833; baseline 0.002 -23"><span class='ocrx_word' id='word_1_429' title='bbox 2171 2752 2499 2832; x_wconf 73' lang='grc' dir='ltr'>ἀγαθόνοντι.</span> <span class='ocrx_word' id='word_1_430' title='bbox 2561 2754 2621 2811; x_wconf 77' lang='grc' dir='ltr'><strong>Εἰ</strong></span> <span class='ocrx_word' id='word_1_431' title='bbox 2678 2754 2778 2833; x_wconf 77' lang='grc' dir='ltr'>γὰρ</span> <span class='ocrx_word' id='word_1_432' title='bbox 2835 2753 3008 2829; x_wconf 66' lang='grc' dir='ltr'><strong>ἔσται⁹</strong></span> <span class='ocrx_word' id='word_1_433' title='bbox 3041 2762 3157 2820; x_wconf 86' lang='grc' dir='ltr'>πῶς</span> <span class='ocrx_word' id='word_1_434' title='bbox 3199 2756 3347 2813; x_wconf 78' lang='grc' dir='ltr'>ἔσται</span> <span class='ocrx_word' id='word_1_435' title='bbox 3401 2757 3457 2813; x_wconf 78' lang='grc' dir='ltr'>ἑν</span> <span class='ocrx_word' id='word_1_436' title='bbox 3511 2759 3729 2833; x_wconf 69' lang='grc' dir='ltr'>τούτῳς</span> <span class='ocrx_word' id='word_1_437' title='bbox 3784 2756 3821 2814; x_wconf 82' lang='grc' dir='ltr'><strong>εἷ</strong></span> 
     </span>
    </p>
   </div>
   <div class='ocr_carea' id='block_1_50' title="bbox 430 2841 2087 2932">
    <p class='ocr_par' dir='ltr' id='par_1_50' title="bbox 430 2842 2085 2932">
     <span class='ocr_line' id='line_1_50' title="bbox 430 2842 2085 2932; baseline -0.004 -20"><span class='ocrx_word' id='word_1_438' title='bbox 430 2845 872 2932; x_wconf 86' lang='lat' dir='ltr'><strong>quodammodo</strong></span> <span class='ocrx_word' id='word_1_439' title='bbox 894 2842 1522 2919; x_wconf 80' lang='lat' dir='ltr'><strong>snbsistat,absurdum</strong></span> <span class='ocrx_word' id='word_1_440' title='bbox 1545 2844 1605 2906; x_wconf 91' lang='lat' dir='ltr'><strong>id</strong></span> <span class='ocrx_word' id='word_1_441' title='bbox 1631 2854 1748 2926; x_wconf 82' lang='lat' dir='ltr'><strong>est,</strong></span> <span class='ocrx_word' id='word_1_442' title='bbox 1771 2862 1896 2908; x_wconf 83' lang='lat' dir='ltr'><strong>non</strong></span> <span class='ocrx_word' id='word_1_443' title='bbox 1925 2845 2085 2907; x_wconf 88' lang='lat' dir='ltr'><strong>enim</strong></span> 
     </span>
    </p>
   </div>
   <div class='ocr_carea' id='block_1_51' title="bbox 2171 2841 3824 2932">
    <p class='ocr_par' dir='ltr' id='par_1_51' title="bbox 2171 2841 3824 2925">
     <span class='ocr_line' id='line_1_51' title="bbox 2171 2841 3824 2925; baseline 0.002 -27"><span class='ocrx_word' id='word_1_444' title='bbox 2171 2841 2267 2918; x_wconf 77' lang='grc' dir='ltr'><strong>μὲν</strong></span> <span class='ocrx_word' id='word_1_445' title='bbox 2313 2844 2387 2905; x_wconf 85' lang='grc' dir='ltr'>ὡς</span> <span class='ocrx_word' id='word_1_446' title='bbox 2431 2841 2483 2907; x_wconf 75' lang='grc' dir='ltr'><strong>ἐξ</strong></span> <span class='ocrx_word' id='word_1_447' title='bbox 2534 2844 2691 2901; x_wconf 69' lang='grc' dir='ltr'><strong>αἶ)τοῦ</strong></span> <span class='ocrx_word' id='word_1_448' title='bbox 2746 2844 2981 2900; x_wconf 72' lang='grc' dir='ltr'>ὑποστὰν</span> <span class='ocrx_word' id='word_1_449' title='bbox 3050 2843 3272 2925; x_wconf 70' lang='grc' dir='ltr'>ἄτοπον,</span> <span class='ocrx_word' id='word_1_450' title='bbox 3338 2845 3397 2904; x_wconf 79' lang='grc' dir='ltr'>οὒ</span> <span class='ocrx_word' id='word_1_451' title='bbox 3457 2844 3673 2903; x_wconf 67' lang='grc' dir='ltr'>δοναται</span> <span class='ocrx_word' id='word_1_452' title='bbox 3733 2848 3824 2924; x_wconf 74' lang='grc' dir='ltr'>γὰρ</span> 
     </span>
    </p>
   </div>
   <div class='ocr_carea' id='block_1_52' title="bbox 426 2928 2087 3023">
    <p class='ocr_par' dir='ltr' id='par_1_52' title="bbox 426 2928 2080 3023">
     <span class='ocr_line' id='line_1_52' title="bbox 426 2928 2080 3023; baseline -0.003 -22"><span class='ocrx_word' id='word_1_453' title='bbox 426 2928 618 3023; x_wconf 61' lang='lat' dir='ltr'><strong>potest</strong></span> <span class='ocrx_word' id='word_1_454' title='bbox 637 2934 833 2999; x_wconf 76' lang='lat' dir='ltr'><strong>arbor</strong></span> <span class='ocrx_word' id='word_1_455' title='bbox 855 2932 1223 3023; x_wconf 52' lang='lat' dir='ltr'><strong>bonagalos</strong></span> <span class='ocrx_word' id='word_1_456' title='bbox 1234 2932 1477 3023; x_wconf 72' lang='lat' dir='ltr'><strong>fructus</strong></span> <span class='ocrx_word' id='word_1_457' title='bbox 1489 2933 2080 3023; x_wconf 47' lang='lat' dir='ltr'><strong>facereﬁsecundum</strong></span> 
     </span>
    </p>
   </div>
   <div class='ocr_carea' id='block_1_53' title="bbox 2171 2928 3825 3023">
    <p class='ocr_par' dir='ltr' id='par_1_53' title="bbox 2171 2928 3825 3013">
     <span class='ocr_line' id='line_1_53' title="bbox 2171 2928 3825 3013; baseline 0.003 -26"><span class='ocrx_word' id='word_1_458' title='bbox 2171 2930 2370 3010; x_wconf 74' lang='grc' dir='ltr'>ἀγαθὸν</span> <span class='ocrx_word' id='word_1_459' title='bbox 2424 2928 2630 3010; x_wconf 80' lang='grc' dir='ltr'>δένδρον</span> <span class='ocrx_word' id='word_1_460' title='bbox 2687 2932 2922 3010; x_wconf 77' lang='grc' dir='ltr'>καρποὺς</span> <span class='ocrx_word' id='word_1_461' title='bbox 2994 2935 3258 3013; x_wconf 74' lang='grc' dir='ltr'>πονηροὺς</span> <span class='ocrx_word' id='word_1_462' title='bbox 3316 2948 3516 3009; x_wconf 63' lang='grc' dir='ltr'>ποιεῖν,</span> <span class='ocrx_word' id='word_1_463' title='bbox 3578 2935 3718 2992; x_wconf 75' lang='grc' dir='ltr'>κατὰ</span> <span class='ocrx_word' id='word_1_464' title='bbox 3767 2937 3825 2992; x_wconf 76' lang='grc' dir='ltr'>τὰ</span> 
     </span>
    </p>
   </div>
   <div class='ocr_carea' id='block_1_54' title="bbox 436 3019 2087 3104">
    <p class='ocr_par' dir='ltr' id='par_1_54' title="bbox 436 3019 2080 3103">
     <span class='ocr_line' id='line_1_54' title="bbox 436 3019 2080 3103; baseline -0.003 -12"><span class='ocrx_word' id='word_1_465' title='bbox 436 3019 641 3092; x_wconf 75' lang='lat' dir='ltr'><strong>saneta</strong></span> <span class='ocrx_word' id='word_1_466' title='bbox 670 3019 1227 3103; x_wconf 84' lang='lat' dir='ltr'><strong>Evangelia.Neque</strong></span> <span class='ocrx_word' id='word_1_467' title='bbox 1243 3021 1421 3084; x_wconf 89' lang='lat' dir='ltr'><strong>etiam</strong></span> <span class='ocrx_word' id='word_1_468' title='bbox 1452 3040 1486 3084; x_wconf 93' lang='lat' dir='ltr'><strong>e</strong></span> <span class='ocrx_word' id='word_1_469' title='bbox 1514 3030 1722 3085; x_wconf 87' lang='lat' dir='ltr'><strong>contra</strong></span> <span class='ocrx_word' id='word_1_470' title='bbox 1753 3022 1975 3084; x_wconf 90' lang='lat' dir='ltr'><strong>bonum</strong></span> <span class='ocrx_word' id='word_1_471' title='bbox 2010 3042 2080 3086; x_wconf 82' lang='lat' dir='ltr'><strong>ex</strong></span> 
     </span>
    </p>
   </div>
   <div class='ocr_carea' id='block_1_55' title="bbox 2171 3019 3815 3104">
    <p class='ocr_par' dir='ltr' id='par_1_55' title="bbox 2171 3019 3815 3104">
     <span class='ocr_line' id='line_1_55' title="bbox 2171 3019 3815 3104; baseline 0.002 -28"><span class='ocrx_word' id='word_1_472' title='bbox 2171 3020 2275 3095; x_wconf 75' lang='grc' dir='ltr'><strong>ἱερὰ</strong></span> <span class='ocrx_word' id='word_1_473' title='bbox 2308 3019 2644 3099; x_wconf 68' lang='grc' dir='ltr'>ξΕὒαγγέλια.</span> <span class='ocrx_word' id='word_1_474' title='bbox 2677 3020 2805 3080; x_wconf 70' lang='grc' dir='ltr'><strong>Οὗδέ</strong></span> <span class='ocrx_word' id='word_1_475' title='bbox 2852 3021 2955 3099; x_wconf 62' lang='grc' dir='ltr'><strong>μὲν</strong></span> <span class='ocrx_word' id='word_1_476' title='bbox 2985 3024 3045 3080; x_wconf 84' lang='grc' dir='ltr'>τὸ</span> <span class='ocrx_word' id='word_1_477' title='bbox 3087 3022 3372 3104; x_wconf 66' lang='grc' dir='ltr'>ἀνάπαλιν,</span> <span class='ocrx_word' id='word_1_478' title='bbox 3404 3025 3487 3081; x_wconf 71' lang='grc' dir='ltr'>ὅτι</span> <span class='ocrx_word' id='word_1_479' title='bbox 3520 3026 3581 3081; x_wconf 79' lang='grc' dir='ltr'>τὸ</span> <span class='ocrx_word' id='word_1_480' title='bbox 3626 3024 3815 3103; x_wconf 70' lang='grc' dir='ltr'><strong>ἀγαθὸν</strong></span> 
     </span>
    </p>
   </div>
   <div class='ocr_carea' id='block_1_56' title="bbox 438 3108 2087 3195">
    <p class='ocr_par' dir='ltr' id='par_1_56' title="bbox 438 3110 2076 3195">
     <span class='ocr_line' id='line_1_56' title="bbox 438 3110 2076 3195; baseline -0.002 -15"><span class='ocrx_word' id='word_1_481' title='bbox 438 3115 595 3180; x_wconf 89' lang='lat' dir='ltr'><strong>malo</strong></span> <span class='ocrx_word' id='word_1_482' title='bbox 626 3111 1028 3195; x_wconf 83' lang='lat' dir='ltr'><strong>est,quoniam</strong></span> <span class='ocrx_word' id='word_1_483' title='bbox 1058 3110 1118 3173; x_wconf 90' lang='lat' dir='ltr'><strong>id</strong></span> <span class='ocrx_word' id='word_1_484' title='bbox 1148 3110 1445 3174; x_wconf 87' lang='lat' dir='ltr'><strong>absonum</strong></span> <span class='ocrx_word' id='word_1_485' title='bbox 1472 3119 1532 3174; x_wconf 89' lang='lat' dir='ltr'><strong>et</strong></span> <span class='ocrx_word' id='word_1_486' title='bbox 1561 3112 1934 3194; x_wconf 88' lang='lat' dir='ltr'><strong>impossibile</strong></span> <span class='ocrx_word' id='word_1_487' title='bbox 1965 3120 2076 3176; x_wconf 89' lang='lat' dir='ltr'><strong>est.</strong></span> 
     </span>
    </p>
   </div>
   <div class='ocr_carea' id='block_1_57' title="bbox 2171 3108 3822 3195">
    <p class='ocr_par' dir='ltr' id='par_1_57' title="bbox 2171 3108 3822 3191">
     <span class='ocr_line' id='line_1_57' title="bbox 2171 3108 3822 3191; baseline 0.002 -25"><span class='ocrx_word' id='word_1_488' title='bbox 2171 3109 2223 3166; x_wconf 71' lang='grc' dir='ltr'><strong>ὲκ</strong></span> <span class='ocrx_word' id='word_1_489' title='bbox 2279 3115 2371 3166; x_wconf 77' lang='grc' dir='ltr'>τοῦ</span> <span class='ocrx_word' id='word_1_490' title='bbox 2413 3110 2598 3167; x_wconf 77' lang='grc' dir='ltr'><strong>χακοῦ⁶</strong></span> <span class='ocrx_word' id='word_1_491' title='bbox 2644 3118 2799 3168; x_wconf 85' lang='grc' dir='ltr'>τοῦτο</span> <span class='ocrx_word' id='word_1_492' title='bbox 2856 3111 2957 3191; x_wconf 83' lang='grc' dir='ltr'>γὰρ</span> <span class='ocrx_word' id='word_1_493' title='bbox 3018 3110 3217 3170; x_wconf 73' lang='grc' dir='ltr'>ἄτοπον</span> <span class='ocrx_word' id='word_1_494' title='bbox 3262 3113 3355 3170; x_wconf 75' lang='grc' dir='ltr'><strong>οιαέ</strong></span> <span class='ocrx_word' id='word_1_495' title='bbox 3420 3111 3704 3171; x_wconf 78' lang='grc' dir='ltr'>ἀδύνατον.</span> <span class='ocrx_word' id='word_1_496' title='bbox 3770 3108 3822 3170; x_wconf 75' lang='grc' dir='ltr'><strong>Εἷ</strong></span> 
     </span>
    </p>
   </div>
   <div class='ocr_carea' id='block_1_58' title="bbox 431 3195 2087 3283">
    <p class='ocr_par' dir='ltr' id='par_1_58' title="bbox 431 3200 2081 3283">
     <span class='ocr_line' id='line_1_58' title="bbox 431 3200 2081 3283; baseline -0.004 -13"><span class='ocrx_word' id='word_1_497' title='bbox 431 3205 536 3271; x_wconf 89' lang='lat' dir='ltr'><strong>Sin</strong></span> <span class='ocrx_word' id='word_1_498' title='bbox 566 3212 762 3267; x_wconf 89' lang='lat' dir='ltr'><strong>autem</strong></span> <span class='ocrx_word' id='word_1_499' title='bbox 793 3220 912 3265; x_wconf 91' lang='lat' dir='ltr'><strong>non</strong></span> <span class='ocrx_word' id='word_1_500' title='bbox 942 3219 1012 3265; x_wconf 83' lang='lat' dir='ltr'><strong>ex</strong></span> <span class='ocrx_word' id='word_1_501' title='bbox 1042 3200 1271 3283; x_wconf 84' lang='lat' dir='ltr'><strong>ipso,ex</strong></span> <span class='ocrx_word' id='word_1_502' title='bbox 1303 3202 1416 3264; x_wconf 90' lang='lat' dir='ltr'><strong>alia</strong></span> <span class='ocrx_word' id='word_1_503' title='bbox 1444 3201 1707 3283; x_wconf 78' lang='lat' dir='ltr'><strong>profecto</strong></span> <span class='ocrx_word' id='word_1_504' title='bbox 1741 3221 1915 3264; x_wconf 88' lang='lat' dir='ltr'><strong>causa</strong></span> <span class='ocrx_word' id='word_1_505' title='bbox 1946 3201 2081 3264; x_wconf 89' lang='lat' dir='ltr'><strong>sub-</strong></span> 
     </span>
    </p>
   </div>
   <div class='ocr_carea' id='block_1_59' title="bbox 2171 3195 3811 3283">
    <p class='ocr_par' dir='ltr' id='par_1_59' title="bbox 2171 3195 3811 3283">
     <span class='ocr_line' id='line_1_59' title="bbox 2171 3195 3811 3283; baseline 0.001 -29"><span class='ocrx_word' id='word_1_506' title='bbox 2171 3195 2218 3254; x_wconf 74' lang='grc' dir='ltr'><strong>Βὲ</strong></span> <span class='ocrx_word' id='word_1_507' title='bbox 2271 3202 2367 3257; x_wconf 78' lang='grc' dir='ltr'><strong>οὒκ</strong></span> <span class='ocrx_word' id='word_1_508' title='bbox 2417 3197 2471 3264; x_wconf 69' lang='grc' dir='ltr'><strong>ἑξ</strong></span> <span class='ocrx_word' id='word_1_509' title='bbox 2526 3200 2706 3276; x_wconf 69' lang='grc' dir='ltr'>αὐτοῦ,</span> <span class='ocrx_word' id='word_1_510' title='bbox 2736 3198 2786 3266; x_wconf 78' lang='grc' dir='ltr'>ἒξ</span> <span class='ocrx_word' id='word_1_511' title='bbox 2844 3199 3012 3269; x_wconf 71' lang='grc' dir='ltr'>ἄλλης</span> <span class='ocrx_word' id='word_1_512' title='bbox 3043 3200 3287 3270; x_wconf 85' lang='grc' dir='ltr'>δηλονότι</span> <span class='ocrx_word' id='word_1_513' title='bbox 3321 3203 3486 3267; x_wconf 72' lang='grc' dir='ltr'>αίτίας</span> <span class='ocrx_word' id='word_1_514' title='bbox 3520 3203 3811 3283; x_wconf 63' lang='grc' dir='ltr'>Βιρίσταται,</span> 
     </span>
    </p>
   </div>
   <div class='ocr_carea' id='block_1_60' title="bbox 436 3284 2087 3377">
    <p class='ocr_par' dir='ltr' id='par_1_60' title="bbox 436 3291 2075 3377">
     <span class='ocr_line' id='line_1_60' title="bbox 436 3291 2075 3377; baseline -0.004 -19"><span class='ocrx_word' id='word_1_515' title='bbox 436 3297 694 3377; x_wconf 84' lang='lat' dir='ltr'><strong>sistet,et</strong></span> <span class='ocrx_word' id='word_1_516' title='bbox 723 3310 865 3355; x_wconf 89' lang='lat' dir='ltr'><strong>ecce</strong></span> <span class='ocrx_word' id='word_1_517' title='bbox 881 3292 1002 3353; x_wconf 91' lang='lat' dir='ltr'><strong>duo</strong></span> <span class='ocrx_word' id='word_1_518' title='bbox 1034 3291 1328 3373; x_wconf 83' lang='lat' dir='ltr'><strong>principia</strong></span> <span class='ocrx_word' id='word_1_519' title='bbox 1362 3299 1420 3353; x_wconf 86' lang='lat' dir='ltr'><strong>et</strong></span> <span class='ocrx_word' id='word_1_520' title='bbox 1447 3292 1845 3356; x_wconf 57' lang='lat' dir='ltr'><strong>causaNulla</strong></span> <span class='ocrx_word' id='word_1_521' title='bbox 1876 3302 2075 3355; x_wconf 88' lang='lat' dir='ltr'><strong>autem</strong></span> 
     </span>
    </p>
   </div>
   <div class='ocr_carea' id='block_1_61' title="bbox 2171 3284 3818 3377">
    <p class='ocr_par' dir='ltr' id='par_1_61' title="bbox 2171 3284 3818 3377">
     <span class='ocr_line' id='line_1_61' title="bbox 2171 3284 3818 3377; baseline 0.002 -35"><span class='ocrx_word' id='word_1_522' title='bbox 2171 3284 2258 3377; x_wconf 59' lang='grc' dir='ltr'><strong>ιιαῖ</strong></span> <span class='ocrx_word' id='word_1_523' title='bbox 2289 3284 2397 3345; x_wconf 77' lang='grc' dir='ltr'>ἰδοὺ</span> <span class='ocrx_word' id='word_1_524' title='bbox 2428 3286 2514 3345; x_wconf 79' lang='grc' dir='ltr'>δύο</span> <span class='ocrx_word' id='word_1_525' title='bbox 2562 3288 2726 3370; x_wconf 76' lang='grc' dir='ltr'>ἀρχαὶ</span> <span class='ocrx_word' id='word_1_526' title='bbox 2758 3290 2844 3346; x_wconf 82' lang='grc' dir='ltr'>καὶ</span> <span class='ocrx_word' id='word_1_527' title='bbox 2880 3291 3060 3351; x_wconf 72' lang='grc' dir='ltr'>αἰτίαι.</span> <span class='ocrx_word' id='word_1_528' title='bbox 3106 3294 3257 3349; x_wconf 76' lang='grc' dir='ltr'>Πᾶσα</span> <span class='ocrx_word' id='word_1_529' title='bbox 3300 3290 3355 3348; x_wconf 74' lang='grc' dir='ltr'><strong>δὲ</strong></span> <span class='ocrx_word' id='word_1_530' title='bbox 3393 3290 3516 3358; x_wconf 72' lang='grc' dir='ltr'>δυὰς</span> <span class='ocrx_word' id='word_1_531' title='bbox 3561 3297 3659 3352; x_wconf 72' lang='grc' dir='ltr'><strong>οὐκ</strong></span> <span class='ocrx_word' id='word_1_532' title='bbox 3687 3291 3818 3348; x_wconf 75' lang='grc' dir='ltr'>ἔστιν</span> 
     </span>
    </p>
   </div>
   <div class='ocr_carea' id='block_1_62' title="bbox 436 3375 2087 3465">
    <p class='ocr_par' dir='ltr' id='par_1_62' title="bbox 436 3375 2077 3465">
     <span class='ocr_line' id='line_1_62' title="bbox 436 3375 2077 3465; baseline -0.004 -17"><span class='ocrx_word' id='word_1_533' title='bbox 436 3375 689 3448; x_wconf 84' lang='lat' dir='ltr'><strong>dualitas</strong></span> <span class='ocrx_word' id='word_1_534' title='bbox 704 3380 1044 3465; x_wconf 89' lang='lat' dir='ltr'><strong>principiat,</strong></span> <span class='ocrx_word' id='word_1_535' title='bbox 1075 3380 1182 3444; x_wconf 87' lang='lat' dir='ltr'><strong>sed</strong></span> <span class='ocrx_word' id='word_1_536' title='bbox 1216 3381 1413 3443; x_wconf 89' lang='lat' dir='ltr'><strong>unitas</strong></span> <span class='ocrx_word' id='word_1_537' title='bbox 1441 3398 1677 3462; x_wconf 90' lang='lat' dir='ltr'><strong>quoque</strong></span> <span class='ocrx_word' id='word_1_538' title='bbox 1706 3382 1821 3443; x_wconf 86' lang='lat' dir='ltr'><strong>erit</strong></span> <span class='ocrx_word' id='word_1_539' title='bbox 1853 3380 2077 3462; x_wconf 87' lang='lat' dir='ltr'><strong>princi-</strong></span> 
     </span>
    </p>
   </div>
   <div class='ocr_carea' id='block_1_63' title="bbox 2171 3375 3820 3465">
    <p class='ocr_par' dir='ltr' id='par_1_63' title="bbox 2171 3375 3820 3465">
     <span class='ocr_line' id='line_1_63' title="bbox 2171 3375 3820 3465; baseline 0 -31"><span class='ocrx_word' id='word_1_540' title='bbox 2171 3375 2335 3465; x_wconf 60' lang='grc' dir='ltr'>ᾇρχήσ</span> <span class='ocrx_word' id='word_1_541' title='bbox 2382 3379 2416 3446; x_wconf 79' lang='grc' dir='ltr'>ἡ</span> <span class='ocrx_word' id='word_1_542' title='bbox 2442 3378 2612 3452; x_wconf 78' lang='grc' dir='ltr'>μονὰς</span> <span class='ocrx_word' id='word_1_543' title='bbox 2644 3380 2745 3457; x_wconf 79' lang='grc' dir='ltr'>γὰρ</span> <span class='ocrx_word' id='word_1_544' title='bbox 2776 3377 2926 3435; x_wconf 80' lang='grc' dir='ltr'>ἔσται</span> <span class='ocrx_word' id='word_1_545' title='bbox 2957 3380 3052 3436; x_wconf 81' lang='grc' dir='ltr'>χαί</span> <span class='ocrx_word' id='word_1_546' title='bbox 3095 3382 3191 3447; x_wconf 78' lang='grc' dir='ltr'>τῆς</span> <span class='ocrx_word' id='word_1_547' title='bbox 3223 3378 3404 3446; x_wconf 81' lang='grc' dir='ltr'>δυάδος</span> <span class='ocrx_word' id='word_1_548' title='bbox 3447 3382 3619 3462; x_wconf 64' lang='grc' dir='ltr'><strong>ἀρχά.</strong></span> <span class='ocrx_word' id='word_1_549' title='bbox 3654 3381 3820 3439; x_wconf 69' lang='grc' dir='ltr'>Ταῦτα</span> 
     </span>
    </p>
   </div>
   <div class='ocr_carea' id='block_1_64' title="bbox 440 3463 2087 3556">
    <p class='ocr_par' dir='ltr' id='par_1_64' title="bbox 440 3463 2083 3556">
     <span class='ocr_line' id='line_1_64' title="bbox 440 3463 2083 3556; baseline -0.002 -20"><span class='ocrx_word' id='word_1_550' title='bbox 440 3474 606 3556; x_wconf 91' lang='lat' dir='ltr'><strong>pium</strong></span> <span class='ocrx_word' id='word_1_551' title='bbox 638 3463 1107 3536; x_wconf 61' lang='lat' dir='ltr'><strong>dualitatisﬁaec</strong></span> <span class='ocrx_word' id='word_1_552' title='bbox 1134 3468 1848 3533; x_wconf 85' lang='lat' dir='ltr'><strong>autemomniadicnntur</strong></span> <span class='ocrx_word' id='word_1_553' title='bbox 1876 3478 2083 3533; x_wconf 88' lang='lat' dir='ltr'><strong>contra</strong></span> 
     </span>
    </p>
   </div>
   <div class='ocr_carea' id='block_1_65' title="bbox 2171 3463 3815 3556">
    <p class='ocr_par' dir='ltr' id='par_1_65' title="bbox 2171 3463 3815 3550">
     <span class='ocr_line' id='line_1_65' title="bbox 2171 3463 3815 3550; baseline 0.002 -30"><span class='ocrx_word' id='word_1_554' title='bbox 2171 3463 2219 3521; x_wconf 77' lang='grc' dir='ltr'><strong>δὲ</strong></span> <span class='ocrx_word' id='word_1_555' title='bbox 2249 3465 2419 3522; x_wconf 63' lang='grc' dir='ltr'>πάλτα</span> <span class='ocrx_word' id='word_1_556' title='bbox 2483 3467 2619 3525; x_wconf 79' lang='grc' dir='ltr'>κατά</span> <span class='ocrx_word' id='word_1_557' title='bbox 2651 3468 2967 3549; x_wconf 80' lang='grc' dir='ltr'>Μανιχαίων</span> <span class='ocrx_word' id='word_1_558' title='bbox 3020 3468 3289 3550; x_wconf 67' lang='grc' dir='ltr'>λέγονται,</span> <span class='ocrx_word' id='word_1_559' title='bbox 3323 3470 3440 3527; x_wconf 75' lang='grc' dir='ltr'>ἐπεὶ</span> <span class='ocrx_word' id='word_1_560' title='bbox 3486 3473 3519 3539; x_wconf 72' lang='grc' dir='ltr'><strong>ἡ</strong></span> <span class='ocrx_word' id='word_1_561' title='bbox 3551 3469 3676 3532; x_wconf 76' lang='grc' dir='ltr'>δυάς</span> <span class='ocrx_word' id='word_1_562' title='bbox 3730 3472 3815 3526; x_wconf 78' lang='grc' dir='ltr'>ο-ἷιγ</span> 
     </span>
    </p>
   </div>
   <div class='ocr_carea' id='block_1_66' title="bbox 431 3558 2081 3642">
    <p class='ocr_par' dir='ltr' id='par_1_66' title="bbox 431 3558 2081 3642">
     <span class='ocr_line' id='line_1_66' title="bbox 431 3558 2081 3642; baseline -0.003 -15"><span class='ocrx_word' id='word_1_563' title='bbox 431 3562 819 3635; x_wconf 72' lang='grc' dir='ltr'><strong>Μειιιίοιιωοε,</strong></span> <span class='ocrx_word' id='word_1_564' title='bbox 853 3560 993 3642; x_wconf 86' lang='lat' dir='ltr'><strong>quia</strong></span> <span class='ocrx_word' id='word_1_565' title='bbox 1047 3558 1303 3623; x_wconf 88' lang='lat' dir='ltr'><strong>dnalitas</strong></span> <span class='ocrx_word' id='word_1_566' title='bbox 1346 3578 1466 3621; x_wconf 89' lang='lat' dir='ltr'><strong>non</strong></span> <span class='ocrx_word' id='word_1_567' title='bbox 1510 3558 1850 3640; x_wconf 86' lang='lat' dir='ltr'><strong>principiat,</strong></span> <span class='ocrx_word' id='word_1_568' title='bbox 1885 3561 2081 3622; x_wconf 87' lang='lat' dir='ltr'><strong>unitas</strong></span> 
     </span>
    </p>
   </div>
   <div class='ocr_carea' id='block_1_67' title="bbox 431 3648 2083 3731">
    <p class='ocr_par' dir='ltr' id='par_1_67' title="bbox 431 3648 2083 3731">
     <span class='ocr_line' id='line_1_67' title="bbox 431 3648 2083 3731; baseline -0.004 -14"><span class='ocrx_word' id='word_1_569' title='bbox 431 3662 630 3724; x_wconf 86' lang='lat' dir='ltr'><strong>autem</strong></span> <span class='ocrx_word' id='word_1_570' title='bbox 655 3650 850 3715; x_wconf 90' lang='lat' dir='ltr'><strong>omnis</strong></span> <span class='ocrx_word' id='word_1_571' title='bbox 879 3649 1180 3715; x_wconf 85' lang='lat' dir='ltr'><strong>dualitatis</strong></span> <span class='ocrx_word' id='word_1_572' title='bbox 1207 3648 1571 3731; x_wconf 88' lang='lat' dir='ltr'><strong>principium</strong></span> <span class='ocrx_word' id='word_1_573' title='bbox 1597 3649 2083 3713; x_wconf 83' lang='lat' dir='ltr'><strong>exsistit.Rursus</strong></span> 
     </span>
    </p>
   </div>
   <div class='ocr_carea' id='block_1_68' title="bbox 431 3737 2082 3822">
    <p class='ocr_par' dir='ltr' id='par_1_68' title="bbox 431 3737 2082 3822">
     <span class='ocr_line' id='line_1_68' title="bbox 431 3737 2082 3822; baseline -0.005 -15"><span class='ocrx_word' id='word_1_574' title='bbox 431 3742 783 3822; x_wconf 85' lang='lat' dir='ltr'><strong>absurdum,</strong></span> <span class='ocrx_word' id='word_1_575' title='bbox 817 3758 886 3803; x_wconf 82' lang='lat' dir='ltr'><strong>ex</strong></span> <span class='ocrx_word' id='word_1_576' title='bbox 919 3757 1037 3803; x_wconf 90' lang='lat' dir='ltr'><strong>uno</strong></span> <span class='ocrx_word' id='word_1_577' title='bbox 1065 3748 1125 3801; x_wconf 91' lang='lat' dir='ltr'><strong>et</strong></span> <span class='ocrx_word' id='word_1_578' title='bbox 1154 3737 1369 3801; x_wconf 89' lang='lat' dir='ltr'><strong>eodem</strong></span> <span class='ocrx_word' id='word_1_579' title='bbox 1393 3739 1509 3799; x_wconf 92' lang='lat' dir='ltr'><strong>duo</strong></span> <span class='ocrx_word' id='word_1_580' title='bbox 1534 3738 2082 3810; x_wconf 88' lang='lat' dir='ltr'><strong>contraria,bonum</strong></span> 
     </span>
    </p>
   </div>
   <div class='ocr_carea' id='block_1_69' title="bbox 428 3827 2080 3911">
    <p class='ocr_par' dir='ltr' id='par_1_69' title="bbox 428 3827 2080 3911">
     <span class='ocr_line' id='line_1_69' title="bbox 428 3827 2080 3911; baseline -0.005 -14"><span class='ocrx_word' id='word_1_581' title='bbox 428 3842 490 3899; x_wconf 83' lang='lat' dir='ltr'><strong>et</strong></span> <span class='ocrx_word' id='word_1_582' title='bbox 518 3827 1099 3911; x_wconf 84' lang='lat' dir='ltr'><strong>malum,proﬁcisci,</strong></span> <span class='ocrx_word' id='word_1_583' title='bbox 1131 3836 1190 3891; x_wconf 93' lang='lat' dir='ltr'><strong>et</strong></span> <span class='ocrx_word' id='word_1_584' title='bbox 1222 3828 1583 3909; x_wconf 91' lang='lat' dir='ltr'><strong>principium</strong></span> <span class='ocrx_word' id='word_1_585' title='bbox 1617 3847 1733 3889; x_wconf 92' lang='lat' dir='ltr'><strong>non</strong></span> <span class='ocrx_word' id='word_1_586' title='bbox 1772 3846 1901 3890; x_wconf 88' lang='lat' dir='ltr'><strong>esse</strong></span> <span class='ocrx_word' id='word_1_587' title='bbox 1935 3828 2080 3888; x_wconf 89' lang='lat' dir='ltr'><strong>sim-</strong></span> 
     </span>
    </p>
   </div>
   <div class='ocr_carea' id='block_1_70' title="bbox 430 3916 2083 4003">
    <p class='ocr_par' dir='ltr' id='par_1_70' title="bbox 430 3916 2083 4003">
     <span class='ocr_line' id='line_1_70' title="bbox 430 3916 2083 4003; baseline -0.005 -18"><span class='ocrx_word' id='word_1_588' title='bbox 430 3922 585 4003; x_wconf 82' lang='lat' dir='ltr'><strong>plex,</strong></span> <span class='ocrx_word' id='word_1_589' title='bbox 618 3921 725 3984; x_wconf 89' lang='lat' dir='ltr'><strong>sed</strong></span> <span class='ocrx_word' id='word_1_590' title='bbox 751 3919 973 4000; x_wconf 80' lang='lat' dir='ltr'><strong>duplex</strong></span> <span class='ocrx_word' id='word_1_591' title='bbox 1000 3936 1017 3994; x_wconf 87' lang='lat'><strong>;</strong></span> <span class='ocrx_word' id='word_1_592' title='bbox 1046 3917 1280 3999; x_wconf 88' lang='lat' dir='ltr'><strong>sibique</strong></span> <span class='ocrx_word' id='word_1_593' title='bbox 1306 3916 1399 3980; x_wconf 80' lang='lat' dir='ltr'><strong>vel</strong></span> <span class='ocrx_word' id='word_1_594' title='bbox 1423 3916 1866 3992; x_wconf 87' lang='lat' dir='ltr'><strong>contrariari,in</strong></span> <span class='ocrx_word' id='word_1_595' title='bbox 1891 3934 2083 3997; x_wconf 88' lang='lat' dir='ltr'><strong>quan-</strong></span> 
     </span>
    </p>
   </div>
   <div class='ocr_carea' id='block_1_71' title="bbox 428 4005 2081 4090">
    <p class='ocr_par' dir='ltr' id='par_1_71' title="bbox 428 4005 2081 4090">
     <span class='ocr_line' id='line_1_71' title="bbox 428 4005 2081 4090; baseline -0.005 -16"><span class='ocrx_word' id='word_1_596' title='bbox 428 4020 553 4074; x_wconf 89' lang='lat' dir='ltr'><strong>tum</strong></span> <span class='ocrx_word' id='word_1_597' title='bbox 586 4010 885 4072; x_wconf 87' lang='lat' dir='ltr'><strong>contraria</strong></span> <span class='ocrx_word' id='word_1_598' title='bbox 910 4006 1308 4090; x_wconf 83' lang='lat' dir='ltr'><strong>producit;vel</strong></span> <span class='ocrx_word' id='word_1_599' title='bbox 1340 4006 1741 4080; x_wconf 89' lang='lat' dir='ltr'><strong>immutari,ut</strong></span> <span class='ocrx_word' id='word_1_600' title='bbox 1773 4006 1919 4068; x_wconf 86' lang='lat' dir='ltr'><strong>alias</strong></span> <span class='ocrx_word' id='word_1_601' title='bbox 1943 4005 2081 4084; x_wconf 73' lang='lat' dir='ltr'><strong>qni-</strong></span> 
     </span>
    </p>
   </div>
   <div class='ocr_carea' id='block_1_72' title="bbox 2166 3552 3815 3641">
    <p class='ocr_par' dir='ltr' id='par_1_72' title="bbox 2166 3552 3815 3641">
     <span class='ocr_line' id='line_1_72' title="bbox 2166 3552 3815 3641; baseline 0.004 -31"><span class='ocrx_word' id='word_1_602' title='bbox 2166 3554 2336 3635; x_wconf 79' lang='grc' dir='ltr'>ἆρχη,</span> <span class='ocrx_word' id='word_1_603' title='bbox 2372 3557 2536 3631; x_wconf 74' lang='grc' dir='ltr'>μονάς</span> <span class='ocrx_word' id='word_1_604' title='bbox 2590 3556 2644 3613; x_wconf 80' lang='grc' dir='ltr'><strong>δὲ</strong></span> <span class='ocrx_word' id='word_1_605' title='bbox 2675 3557 2853 3626; x_wconf 66' lang='grc' dir='ltr'>πάσης</span> <span class='ocrx_word' id='word_1_606' title='bbox 2885 3554 3068 3626; x_wconf 68' lang='grc' dir='ltr'>δυάδος</span> <span class='ocrx_word' id='word_1_607' title='bbox 3095 3560 3267 3641; x_wconf 77' lang='grc' dir='ltr'>ἀρχή.</span> <span class='ocrx_word' id='word_1_608' title='bbox 3325 3559 3491 3617; x_wconf 68' lang='grc' dir='ltr'>Πάλιν</span> <span class='ocrx_word' id='word_1_609' title='bbox 3521 3561 3719 3617; x_wconf 74' lang='grc' dir='ltr'>ἄτοπον</span> <span class='ocrx_word' id='word_1_610' title='bbox 3770 3552 3815 3617; x_wconf 73' lang='grc' dir='ltr'>ἐξ</span> 
     </span>
    </p>
   </div>
   <div class='ocr_carea' id='block_1_73' title="bbox 2169 3644 3815 3728">
    <p class='ocr_par' dir='ltr' id='par_1_73' title="bbox 2169 3644 3815 3728">
     <span class='ocr_line' id='line_1_73' title="bbox 2169 3644 3815 3728; baseline 0.002 -28"><span class='ocrx_word' id='word_1_611' title='bbox 2169 3644 2282 3707; x_wconf 75' lang='grc' dir='ltr'><strong>ἑνὸς</strong></span> <span class='ocrx_word' id='word_1_612' title='bbox 2341 3646 2429 3702; x_wconf 79' lang='grc' dir='ltr'>καὶ</span> <span class='ocrx_word' id='word_1_613' title='bbox 2457 3653 2551 3704; x_wconf 84' lang='grc' dir='ltr'>τοῦ</span> <span class='ocrx_word' id='word_1_614' title='bbox 2586 3650 2742 3707; x_wconf 65' lang='grc' dir='ltr'><strong>αἶ)τοῦ</strong></span> <span class='ocrx_word' id='word_1_615' title='bbox 2772 3647 2861 3705; x_wconf 81' lang='grc' dir='ltr'>δύο</span> <span class='ocrx_word' id='word_1_616' title='bbox 2891 3647 3120 3721; x_wconf 72' lang='grc' dir='ltr'>ἐναντία,</span> <span class='ocrx_word' id='word_1_617' title='bbox 3153 3652 3214 3707; x_wconf 80' lang='grc' dir='ltr'>τὸ</span> <span class='ocrx_word' id='word_1_618' title='bbox 3244 3651 3443 3728; x_wconf 81' lang='grc' dir='ltr'>ἀγαθὸν</span> <span class='ocrx_word' id='word_1_619' title='bbox 3474 3651 3570 3707; x_wconf 78' lang='grc' dir='ltr'><strong>καί</strong></span> <span class='ocrx_word' id='word_1_620' title='bbox 3603 3652 3664 3706; x_wconf 79' lang='grc' dir='ltr'>τὸ</span> <span class='ocrx_word' id='word_1_621' title='bbox 3718 3672 3815 3705; x_wconf 80' lang='grc' dir='ltr'><strong>κα-</strong></span> 
     </span>
    </p>
   </div>
   <div class='ocr_carea' id='block_1_74' title="bbox 2167 3734 3816 3818">
    <p class='ocr_par' dir='ltr' id='par_1_74' title="bbox 2167 3734 3816 3818">
     <span class='ocr_line' id='line_1_74' title="bbox 2167 3734 3816 3818; baseline 0.009 -30"><span class='ocrx_word' id='word_1_622' title='bbox 2167 3735 2283 3808; x_wconf 80' lang='grc' dir='ltr'>κὸν,</span> <span class='ocrx_word' id='word_1_623' title='bbox 2334 3734 2601 3817; x_wconf 73' lang='grc' dir='ltr'>προίἐναι,</span> <span class='ocrx_word' id='word_1_624' title='bbox 2633 3740 2705 3803; x_wconf 83' lang='grc' dir='ltr'>ὡς</span> <span class='ocrx_word' id='word_1_625' title='bbox 2756 3738 2991 3796; x_wconf 75' lang='grc' dir='ltr'>ἐντεῦθεν</span> <span class='ocrx_word' id='word_1_626' title='bbox 3035 3741 3121 3795; x_wconf 82' lang='grc' dir='ltr'>καὶ</span> <span class='ocrx_word' id='word_1_627' title='bbox 3176 3740 3277 3806; x_wconf 78' lang='grc' dir='ltr'>τὴν</span> <span class='ocrx_word' id='word_1_628' title='bbox 3319 3739 3495 3818; x_wconf 77' lang='grc' dir='ltr'>ἀρχὴν</span> <span class='ocrx_word' id='word_1_629' title='bbox 3554 3739 3698 3795; x_wconf 71' lang='grc' dir='ltr'>εἶναι</span> <span class='ocrx_word' id='word_1_630' title='bbox 3747 3738 3816 3814; x_wconf 65' lang='grc' dir='ltr'><strong>μὴ</strong></span> 
     </span>
    </p>
   </div>
   <div class='ocr_carea' id='block_1_75' title="bbox 2167 3822 3817 3904">
    <p class='ocr_par' dir='ltr' id='par_1_75' title="bbox 2167 3822 3817 3904">
     <span class='ocr_line' id='line_1_75' title="bbox 2167 3822 3817 3904; baseline 0.002 -25"><span class='ocrx_word' id='word_1_631' title='bbox 2167 3822 2369 3899; x_wconf 78' lang='grc' dir='ltr'>ἁπλῆν,</span> <span class='ocrx_word' id='word_1_632' title='bbox 2397 3822 2534 3881; x_wconf 82' lang='grc' dir='ltr'><strong>ἀλλά</strong></span> <span class='ocrx_word' id='word_1_633' title='bbox 2591 3824 2817 3896; x_wconf 81' lang='grc' dir='ltr'>δυοειδῆ·</span> <span class='ocrx_word' id='word_1_634' title='bbox 2849 3837 2943 3885; x_wconf 72' lang='grc' dir='ltr'><strong>καὶ</strong></span> <span class='ocrx_word' id='word_1_635' title='bbox 2981 3828 3015 3897; x_wconf 71' lang='grc' dir='ltr'><strong>ἢ</strong></span> <span class='ocrx_word' id='word_1_636' title='bbox 3070 3828 3312 3885; x_wconf 74' lang='grc' dir='ltr'>ἐναντίαν</span> <span class='ocrx_word' id='word_1_637' title='bbox 3365 3829 3548 3904; x_wconf 67' lang='grc' dir='ltr'>ἑαυτῇ,</span> <span class='ocrx_word' id='word_1_638' title='bbox 3582 3830 3711 3886; x_wconf 76' lang='grc' dir='ltr'>καθὸ</span> <span class='ocrx_word' id='word_1_639' title='bbox 3760 3826 3817 3883; x_wconf 70' lang='grc' dir='ltr'><strong>τά</strong></span> 
     </span>
    </p>
   </div>
   <div class='ocr_carea' id='block_1_76' title="bbox 2164 3913 3816 3993">
    <p class='ocr_par' dir='ltr' id='par_1_76' title="bbox 2164 3913 3816 3993">
     <span class='ocr_line' id='line_1_76' title="bbox 2164 3913 3816 3993; baseline 0.002 -25"><span class='ocrx_word' id='word_1_640' title='bbox 2164 3913 2378 3969; x_wconf 72' lang='grc' dir='ltr'>ἒναντία</span> <span class='ocrx_word' id='word_1_641' title='bbox 2438 3916 2704 3993; x_wconf 76' lang='grc' dir='ltr'>προΐεται·</span> <span class='ocrx_word' id='word_1_642' title='bbox 2763 3917 2799 3985; x_wconf 76' lang='grc' dir='ltr'><strong>ἢ</strong></span> <span class='ocrx_word' id='word_1_643' title='bbox 2888 3916 3283 3993; x_wconf 72' lang='grc' dir='ltr'>ἧλλοιωμέυην,</span> <span class='ocrx_word' id='word_1_644' title='bbox 3346 3919 3418 3980; x_wconf 86' lang='grc' dir='ltr'>ὡς</span> <span class='ocrx_word' id='word_1_645' title='bbox 3478 3915 3670 3975; x_wconf 76' lang='grc' dir='ltr'>ἄλλοτε</span> <span class='ocrx_word' id='word_1_646' title='bbox 3728 3919 3816 3993; x_wconf 71' lang='grc' dir='ltr'><strong>μὲν</strong></span> 
     </span>
    </p>
   </div>
   <div class='ocr_carea' id='block_1_77' title="bbox 2166 3998 3814 4085">
    <p class='ocr_par' dir='ltr' id='par_1_77' title="bbox 2166 3998 3814 4085">
     <span class='ocr_line' id='line_1_77' title="bbox 2166 3998 3814 4085; baseline 0.002 -27"><span class='ocrx_word' id='word_1_647' title='bbox 2166 4002 2426 4081; x_wconf 73' lang='grc' dir='ltr'><strong>παράγειν</strong></span> <span class='ocrx_word' id='word_1_648' title='bbox 2472 4006 2532 4060; x_wconf 83' lang='grc' dir='ltr'>τὸ</span> <span class='ocrx_word' id='word_1_649' title='bbox 2563 4004 2783 4083; x_wconf 69' lang='grc' dir='ltr'><strong>ἀγαθὸν,</strong></span> <span class='ocrx_word' id='word_1_650' title='bbox 2815 3998 3005 4064; x_wconf 72' lang='grc' dir='ltr'>ἄλλοτε</span> <span class='ocrx_word' id='word_1_651' title='bbox 3035 4006 3089 4063; x_wconf 82' lang='grc' dir='ltr'><strong>δὲ</strong></span> <span class='ocrx_word' id='word_1_652' title='bbox 3139 4006 3529 4065; x_wconf 71' lang='grc' dir='ltr'>ἀλλοιωὺετσαν</span> <span class='ocrx_word' id='word_1_653' title='bbox 3565 4007 3814 4085; x_wconf 70' lang='grc' dir='ltr'>παρᾶγειν</span> 
     </span>
    </p>
   </div>
   <div class='ocr_carea' id='block_1_78' title="bbox 432 4090 2087 4180">
    <p class='ocr_par' dir='ltr' id='par_1_78' title="bbox 432 4094 2079 4180">
     <span class='ocr_line' id='line_1_78' title="bbox 432 4094 2079 4180; baseline -0.005 -18"><span class='ocrx_word' id='word_1_654' title='bbox 432 4100 569 4162; x_wconf 89' lang='lat' dir='ltr'><strong>dem</strong></span> <span class='ocrx_word' id='word_1_655' title='bbox 592 4094 1294 4180; x_wconf 89' lang='lat' dir='ltr'><strong>producatbonum,alias</strong></span> <span class='ocrx_word' id='word_1_656' title='bbox 1306 4114 1443 4158; x_wconf 89' lang='lat' dir='ltr'><strong>vero</strong></span> <span class='ocrx_word' id='word_1_657' title='bbox 1461 4094 1839 4157; x_wconf 86' lang='lat' dir='ltr'><strong>immutatum</strong></span> <span class='ocrx_word' id='word_1_658' title='bbox 1867 4094 2079 4174; x_wconf 87' lang='lat' dir='ltr'><strong>produ-</strong></span> 
     </span>
    </p>
   </div>
   <div class='ocr_carea' id='block_1_79' title="bbox 2171 4090 3815 4180">
    <p class='ocr_par' dir='ltr' id='par_1_79' title="bbox 2171 4090 3815 4171">
     <span class='ocr_line' id='line_1_79' title="bbox 2171 4090 3815 4171; baseline -0.002 -18"><span class='ocrx_word' id='word_1_659' title='bbox 2171 4090 2227 4146; x_wconf 70' lang='grc' dir='ltr'><strong>εδ</strong></span> <span class='ocrx_word' id='word_1_660' title='bbox 2257 4093 2441 4154; x_wconf 61' lang='grc' dir='ltr'>Λαιόν.</span> <span class='ocrx_word' id='word_1_661' title='bbox 2479 4094 2535 4151; x_wconf 79' lang='grc' dir='ltr'><strong>Εἰ</strong></span> <span class='ocrx_word' id='word_1_662' title='bbox 2566 4093 2651 4150; x_wconf 82' lang='grc' dir='ltr'><strong>οὖν</strong></span> <span class='ocrx_word' id='word_1_663' title='bbox 2681 4096 2746 4151; x_wconf 80' lang='grc' dir='ltr'>τὸ</span> <span class='ocrx_word' id='word_1_664' title='bbox 2781 4094 2835 4151; x_wconf 81' lang='grc' dir='ltr'>ἔν</span> <span class='ocrx_word' id='word_1_665' title='bbox 2856 4095 3053 4152; x_wconf 69' lang='grc' dir='ltr'>ἄτοπον</span> <span class='ocrx_word' id='word_1_666' title='bbox 3085 4095 3169 4153; x_wconf 81' lang='grc' dir='ltr'><strong>διά</strong></span> <span class='ocrx_word' id='word_1_667' title='bbox 3200 4104 3384 4171; x_wconf 73' lang='grc' dir='ltr'>ταῦτα,</span> <span class='ocrx_word' id='word_1_668' title='bbox 3416 4096 3466 4151; x_wconf 89' lang='grc' dir='ltr'><strong>τί</strong></span> <span class='ocrx_word' id='word_1_669' title='bbox 3508 4094 3573 4163; x_wconf 82' lang='grc' dir='ltr'>δη</span> <span class='ocrx_word' id='word_1_670' title='bbox 3606 4096 3719 4152; x_wconf 78' lang='grc' dir='ltr'>εἶεν</span> <span class='ocrx_word' id='word_1_671' title='bbox 3762 4093 3815 4150; x_wconf 74' lang='grc' dir='ltr'><strong>ἂν</strong></span> 
     </span>
    </p>
   </div>
   <div class='ocr_carea' id='block_1_80' title="bbox 430 4179 2087 4261">
    <p class='ocr_par' dir='ltr' id='par_1_80' title="bbox 430 4179 2081 4259">
     <span class='ocr_line' id='line_1_80' title="bbox 430 4179 2081 4259; baseline -0.005 -6"><span class='ocrx_word' id='word_1_672' title='bbox 430 4196 524 4253; x_wconf 89' lang='lat' dir='ltr'><strong>cat</strong></span> <span class='ocrx_word' id='word_1_673' title='bbox 556 4179 974 4259; x_wconf 83' lang='lat' dir='ltr'><strong>malum.Qnod</strong></span> <span class='ocrx_word' id='word_1_674' title='bbox 1008 4185 1059 4247; x_wconf 92' lang='lat' dir='ltr'><strong>si</strong></span> <span class='ocrx_word' id='word_1_675' title='bbox 1084 4185 1175 4248; x_wconf 90' lang='lat' dir='ltr'><strong>vel</strong></span> <span class='ocrx_word' id='word_1_676' title='bbox 1224 4204 1406 4247; x_wconf 92' lang='lat' dir='ltr'><strong>unum</strong></span> <span class='ocrx_word' id='word_1_677' title='bbox 1451 4184 1775 4247; x_wconf 89' lang='lat' dir='ltr'><strong>absurdum</strong></span> <span class='ocrx_word' id='word_1_678' title='bbox 1814 4183 1952 4248; x_wconf 89' lang='lat' dir='ltr'><strong>hinc</strong></span> <span class='ocrx_word' id='word_1_679' title='bbox 1981 4202 2081 4246; x_wconf 86' lang='lat' dir='ltr'><strong>se-</strong></span> 
     </span>
    </p>
   </div>
   <div class='ocr_carea' id='block_1_81' title="bbox 2171 4179 3819 4261">
    <p class='ocr_par' dir='ltr' id='par_1_81' title="bbox 2171 4179 3819 4261">
     <span class='ocr_line' id='line_1_81' title="bbox 2171 4179 3819 4261; baseline 0.001 -26"><span class='ocrx_word' id='word_1_680' title='bbox 2171 4182 2219 4236; x_wconf 82' lang='grc' dir='ltr'>αἱ</span> <span class='ocrx_word' id='word_1_681' title='bbox 2254 4179 2421 4261; x_wconf 73' lang='grc' dir='ltr'>ἀρχαί</span> <span class='ocrx_word' id='word_1_682' title='bbox 2455 4201 2468 4244; x_wconf 91' lang='lat'><strong>:</strong></span> <span class='ocrx_word' id='word_1_683' title='bbox 2522 4184 2612 4239; x_wconf 87' lang='grc' dir='ltr'><strong>καί</strong></span> <span class='ocrx_word' id='word_1_684' title='bbox 2650 4184 2810 4240; x_wconf 81' lang='grc' dir='ltr'>πάλιν</span> <span class='ocrx_word' id='word_1_685' title='bbox 2839 4182 2929 4243; x_wconf 80' lang='grc' dir='ltr'>δύο</span> <span class='ocrx_word' id='word_1_686' title='bbox 2972 4185 3182 4243; x_wconf 74' lang='grc' dir='ltr'>ἐναντία</span> <span class='ocrx_word' id='word_1_687' title='bbox 3215 4207 3233 4259; x_wconf 84' lang='lat'><strong>;</strong></span> <span class='ocrx_word' id='word_1_688' title='bbox 3272 4184 3391 4242; x_wconf 80' lang='grc' dir='ltr'>ἀλλ’</span> <span class='ocrx_word' id='word_1_689' title='bbox 3449 4183 3675 4242; x_wconf 74' lang='grc' dir='ltr'>ἄτοπον·</span> <span class='ocrx_word' id='word_1_690' title='bbox 3707 4183 3819 4241; x_wconf 70' lang='grc' dir='ltr'>οὔτε</span> 
     </span>
    </p>
   </div>
   <div class='ocr_carea' id='block_1_82' title="bbox 430 4267 2087 4360">
    <p class='ocr_par' dir='ltr' id='par_1_82' title="bbox 430 4273 2087 4360">
     <span class='ocr_line' id='line_1_82' title="bbox 430 4273 2087 4360; baseline -0.004 -20"><span class='ocrx_word' id='word_1_691' title='bbox 430 4285 668 4360; x_wconf 84' lang='lat' dir='ltr'><strong>quatur,</strong></span> <span class='ocrx_word' id='word_1_692' title='bbox 702 4276 858 4357; x_wconf 89' lang='lat' dir='ltr'><strong>quod</strong></span> <span class='ocrx_word' id='word_1_693' title='bbox 886 4274 1121 4357; x_wconf 89' lang='lat' dir='ltr'><strong>utrique</strong></span> <span class='ocrx_word' id='word_1_694' title='bbox 1153 4284 1327 4337; x_wconf 88' lang='lat' dir='ltr'><strong>erunt</strong></span> <span class='ocrx_word' id='word_1_695' title='bbox 1360 4273 1487 4355; x_wconf 90' lang='lat' dir='ltr'><strong>ipsa</strong></span> <span class='ocrx_word' id='word_1_696' title='bbox 1510 4273 1832 4355; x_wconf 84' lang='lat' dir='ltr'><strong>principia?</strong></span> <span class='ocrx_word' id='word_1_697' title='bbox 1854 4291 1925 4334; x_wconf 90' lang='lat' dir='ltr'><strong>an</strong></span> <span class='ocrx_word' id='word_1_698' title='bbox 1959 4291 2087 4334; x_wconf 91' lang='lat' dir='ltr'><strong>rur-</strong></span> 
     </span>
    </p>
   </div>
   <div class='ocr_carea' id='block_1_83' title="bbox 2171 4267 3814 4360">
    <p class='ocr_par' dir='ltr' id='par_1_83' title="bbox 2171 4267 3814 4351">
     <span class='ocr_line' id='line_1_83' title="bbox 2171 4267 3814 4351; baseline 0.002 -27"><span class='ocrx_word' id='word_1_699' title='bbox 2171 4267 2270 4347; x_wconf 86' lang='grc' dir='ltr'>γάρ</span> <span class='ocrx_word' id='word_1_700' title='bbox 2328 4270 2382 4325; x_wconf 72' lang='lat' dir='ltr'><strong>iv</strong></span> <span class='ocrx_word' id='word_1_701' title='bbox 2412 4268 2672 4342; x_wconf 77' lang='grc' dir='ltr'>ἀλλήλαις</span> <span class='ocrx_word' id='word_1_702' title='bbox 2705 4273 2851 4330; x_wconf 77' lang='grc' dir='ltr'>εἶναι</span> <span class='ocrx_word' id='word_1_703' title='bbox 2904 4274 3097 4339; x_wconf 79' lang='grc' dir='ltr'>ταύτας</span> <span class='ocrx_word' id='word_1_704' title='bbox 3130 4276 3293 4347; x_wconf 71' lang='grc' dir='ltr'>εἰκὸς,</span> <span class='ocrx_word' id='word_1_705' title='bbox 3339 4274 3454 4331; x_wconf 73' lang='grc' dir='ltr'>οὔτε</span> <span class='ocrx_word' id='word_1_706' title='bbox 3487 4273 3597 4349; x_wconf 68' lang='grc' dir='ltr'><strong>μήν</strong></span> <span class='ocrx_word' id='word_1_707' title='bbox 3644 4295 3814 4351; x_wconf 77' lang='grc' dir='ltr'>μαχο-</span> 
     </span>
    </p>
   </div>
   <div class='ocr_carea' id='block_1_84' title="bbox 431 4357 2087 4443">
    <p class='ocr_par' dir='ltr' id='par_1_84' title="bbox 431 4357 2087 4443">
     <span class='ocr_line' id='line_1_84' title="bbox 431 4357 2087 4443; baseline -0.005 -12"><span class='ocrx_word' id='word_1_708' title='bbox 431 4357 534 4431; x_wconf 79' lang='lat' dir='ltr'><strong>sus</strong></span> <span class='ocrx_word' id='word_1_709' title='bbox 563 4357 681 4428; x_wconf 89' lang='lat' dir='ltr'><strong>duo</strong></span> <span class='ocrx_word' id='word_1_710' title='bbox 712 4363 1012 4427; x_wconf 86' lang='lat' dir='ltr'><strong>contraria</strong></span> <span class='ocrx_word' id='word_1_711' title='bbox 1042 4371 1071 4427; x_wconf 81' lang='lat'><strong>?</strong></span> <span class='ocrx_word' id='word_1_712' title='bbox 1109 4363 1214 4426; x_wconf 87' lang='lat' dir='ltr'><strong>sed</strong></span> <span class='ocrx_word' id='word_1_713' title='bbox 1276 4364 1335 4425; x_wconf 91' lang='lat' dir='ltr'><strong>id</strong></span> <span class='ocrx_word' id='word_1_714' title='bbox 1365 4363 1685 4427; x_wconf 85' lang='lat' dir='ltr'><strong>absurdum</strong></span> <span class='ocrx_word' id='word_1_715' title='bbox 1720 4372 1809 4425; x_wconf 93' lang='lat' dir='ltr'><strong>est</strong></span> <span class='ocrx_word' id='word_1_716' title='bbox 1842 4383 1855 4424; x_wconf 90' lang='lat'><strong>:</strong></span> <span class='ocrx_word' id='word_1_717' title='bbox 1895 4380 2087 4443; x_wconf 88' lang='lat' dir='ltr'><strong>neque</strong></span> 
     </span>
    </p>
   </div>
   <div class='ocr_carea' id='block_1_85' title="bbox 2171 4357 3812 4443">
    <p class='ocr_par' dir='ltr' id='par_1_85' title="bbox 2172 4357 3812 4442">
     <span class='ocr_line' id='line_1_85' title="bbox 2172 4357 3812 4442; baseline 0.002 -28"><span class='ocrx_word' id='word_1_718' title='bbox 2172 4357 2333 4432; x_wconf 80' lang='grc' dir='ltr'>μένας</span> <span class='ocrx_word' id='word_1_719' title='bbox 2363 4358 2650 4430; x_wconf 54' lang='grc' dir='ltr'>ἀλλήλαις</span> <span class='ocrx_word' id='word_1_720' title='bbox 2697 4362 2791 4419; x_wconf 71' lang='grc' dir='ltr'>καί</span> <span class='ocrx_word' id='word_1_721' title='bbox 2842 4364 2942 4442; x_wconf 83' lang='grc' dir='ltr'>γάρ</span> <span class='ocrx_word' id='word_1_722' title='bbox 2972 4364 3117 4421; x_wconf 74' lang='grc' dir='ltr'>ἔσται</span> <span class='ocrx_word' id='word_1_723' title='bbox 3168 4364 3262 4419; x_wconf 71' lang='grc' dir='ltr'><strong>καὶ</strong></span> <span class='ocrx_word' id='word_1_724' title='bbox 3296 4365 3324 4419; x_wconf 74' lang='grc' dir='ltr'>ὁ</span> <span class='ocrx_word' id='word_1_725' title='bbox 3379 4365 3509 4424; x_wconf 80' lang='grc' dir='ltr'>Θεὸς</span> <span class='ocrx_word' id='word_1_726' title='bbox 3537 4365 3636 4420; x_wconf 69' lang='grc' dir='ltr'>οὐκ</span> <span class='ocrx_word' id='word_1_727' title='bbox 3674 4362 3812 4429; x_wconf 64' lang='grc' dir='ltr'>ἀπή-</span> 
     </span>
    </p>
   </div>
   <div class='ocr_carea' id='block_1_86' title="bbox 431 4449 2087 4534">
    <p class='ocr_par' dir='ltr' id='par_1_86' title="bbox 431 4451 2087 4534">
     <span class='ocr_line' id='line_1_86' title="bbox 431 4451 2087 4534; baseline -0.005 -14"><span class='ocrx_word' id='word_1_728' title='bbox 431 4454 596 4520; x_wconf 89' lang='lat' dir='ltr'><strong>enim</strong></span> <span class='ocrx_word' id='word_1_729' title='bbox 622 4454 957 4517; x_wconf 87' lang='lat' dir='ltr'><strong>sibimutuo</strong></span> <span class='ocrx_word' id='word_1_730' title='bbox 980 4458 1178 4518; x_wconf 85' lang='lat' dir='ltr'><strong>inesse</strong></span> <span class='ocrx_word' id='word_1_731' title='bbox 1197 4463 1467 4534; x_wconf 86' lang='lat' dir='ltr'><strong>possunt,</strong></span> <span class='ocrx_word' id='word_1_732' title='bbox 1494 4470 1688 4533; x_wconf 78' lang='lat' dir='ltr'><strong>neque</strong></span> <span class='ocrx_word' id='word_1_733' title='bbox 1701 4451 1812 4513; x_wconf 89' lang='lat' dir='ltr'><strong>sibi</strong></span> <span class='ocrx_word' id='word_1_734' title='bbox 1838 4452 2087 4512; x_wconf 75' lang='lat' dir='ltr'><strong>invicem</strong></span> 
     </span>
    </p>
   </div>
   <div class='ocr_carea' id='block_1_87' title="bbox 2171 4449 3813 4534">
    <p class='ocr_par' dir='ltr' id='par_1_87' title="bbox 2174 4449 3813 4533">
     <span class='ocr_line' id='line_1_87' title="bbox 2174 4449 3813 4533; baseline 0.002 -30"><span class='ocrx_word' id='word_1_735' title='bbox 2174 4470 2315 4528; x_wconf 72' lang='grc' dir='ltr'><strong>μων,</strong></span> <span class='ocrx_word' id='word_1_736' title='bbox 2348 4449 2435 4505; x_wconf 79' lang='grc' dir='ltr'>καὶ</span> <span class='ocrx_word' id='word_1_737' title='bbox 2467 4453 2561 4508; x_wconf 77' lang='grc' dir='ltr'><strong>οὒκ</strong></span> <span class='ocrx_word' id='word_1_738' title='bbox 2590 4449 2744 4517; x_wconf 77' lang='grc' dir='ltr'>ἐκτὸς</span> <span class='ocrx_word' id='word_1_739' title='bbox 2774 4452 3023 4532; x_wconf 82' lang='grc' dir='ltr'>ἐπηρείας</span> <span class='ocrx_word' id='word_1_740' title='bbox 3056 4453 3144 4509; x_wconf 81' lang='grc' dir='ltr'>καὶ</span> <span class='ocrx_word' id='word_1_741' title='bbox 3174 4450 3537 4533; x_wconf 63' lang='grc' dir='ltr'>ἐνοχλήσεως.</span> <span class='ocrx_word' id='word_1_742' title='bbox 3583 4450 3625 4478; x_wconf 87' lang='grc'><strong><em>”</em></strong></span> <span class='ocrx_word' id='word_1_743' title='bbox 3638 4460 3813 4509; x_wconf 71' lang='grc' dir='ltr'>Επειτα</span> 
     </span>
    </p>
   </div>
   <div class='ocr_carea' id='block_1_88' title="bbox 430 4534 2087 4627">
    <p class='ocr_par' dir='ltr' id='par_1_88' title="bbox 430 4539 2087 4627">
     <span class='ocr_line' id='line_1_88' title="bbox 430 4539 2087 4627; baseline -0.006 -17"><span class='ocrx_word' id='word_1_744' title='bbox 430 4562 929 4627; x_wconf 72' lang='lat' dir='ltr'><strong>repugnareznam</strong></span> <span class='ocrx_word' id='word_1_745' title='bbox 944 4543 1033 4607; x_wconf 88' lang='lat' dir='ltr'><strong>sic</strong></span> <span class='ocrx_word' id='word_1_746' title='bbox 1064 4560 1142 4606; x_wconf 85' lang='lat' dir='ltr'><strong>ne</strong></span> <span class='ocrx_word' id='word_1_747' title='bbox 1158 4542 1317 4605; x_wconf 83' lang='lat' dir='ltr'><strong>Deus</strong></span> <span class='ocrx_word' id='word_1_748' title='bbox 1343 4541 1583 4624; x_wconf 89' lang='lat' dir='ltr'><strong>quidem</strong></span> <span class='ocrx_word' id='word_1_749' title='bbox 1616 4544 1743 4624; x_wconf 90' lang='lat' dir='ltr'><strong>ipse</strong></span> <span class='ocrx_word' id='word_1_750' title='bbox 1775 4539 2087 4604; x_wconf 89' lang='lat' dir='ltr'><strong>incolumis</strong></span> 
     </span>
    </p>
   </div>
   <div class='ocr_carea' id='block_1_89' title="bbox 2171 4534 3809 4627">
    <p class='ocr_par' dir='ltr' id='par_1_89' title="bbox 2171 4534 3809 4622">
     <span class='ocr_line' id='line_1_89' title="bbox 2171 4534 3809 4622; baseline 0.002 -31"><span class='ocrx_word' id='word_1_751' title='bbox 2171 4534 2321 4593; x_wconf 84' lang='grc' dir='ltr'>’ἐσται</span> <span class='ocrx_word' id='word_1_752' title='bbox 2363 4536 2534 4595; x_wconf 72' lang='grc' dir='ltr'>πάντα</span> <span class='ocrx_word' id='word_1_753' title='bbox 2565 4539 2765 4597; x_wconf 58' lang='grc' dir='ltr'>ἄτακτα</span> <span class='ocrx_word' id='word_1_754' title='bbox 2795 4545 2891 4597; x_wconf 84' lang='grc' dir='ltr'><strong>καί</strong></span> <span class='ocrx_word' id='word_1_755' title='bbox 2924 4544 3240 4622; x_wconf 63' lang='grc' dir='ltr'>μαχόμενα,</span> <span class='ocrx_word' id='word_1_756' title='bbox 3272 4541 3336 4598; x_wconf 82' lang='grc' dir='ltr'><strong>τά</strong></span> <span class='ocrx_word' id='word_1_757' title='bbox 3387 4541 3485 4616; x_wconf 76' lang='grc' dir='ltr'><strong>μὲν</strong></span> <span class='ocrx_word' id='word_1_758' title='bbox 3520 4541 3624 4597; x_wconf 74' lang='grc' dir='ltr'>ὕπὸ</span> <span class='ocrx_word' id='word_1_759' title='bbox 3650 4547 3809 4610; x_wconf 77' lang='grc' dir='ltr'>τοῦτο,</span> 
     </span>
    </p>
   </div>
   <div class='ocr_carea' id='block_1_90' title="bbox 433 4624 2087 4732">
    <p class='ocr_par' dir='ltr' id='par_1_90' title="bbox 433 4624 2087 4732">
     <span class='ocr_line' id='line_1_90' title="bbox 433 4624 2087 4732; baseline -0.005 -35"><span class='ocrx_word' id='word_1_760' title='bbox 433 4624 724 4732; x_wconf 74' lang='lat' dir='ltr'><strong>erit,et_ab</strong></span> <span class='ocrx_word' id='word_1_761' title='bbox 762 4632 983 4732; x_wconf 79' lang='lat' dir='ltr'><strong>insultu</strong></span> <span class='ocrx_word' id='word_1_762' title='bbox 1014 4632 1406 4732; x_wconf 72' lang='lat' dir='ltr'><strong>molestiaque</strong></span> <span class='ocrx_word' id='word_1_763' title='bbox 1436 4628 1854 4732; x_wconf 68' lang='lat' dir='ltr'><strong>liber.Dei_nde</strong></span> <span class='ocrx_word' id='word_1_764' title='bbox 1880 4636 2087 4732; x_wconf 78' lang='lat' dir='ltr'><strong>cuncta</strong></span> 
     </span>
    </p>
   </div>
   <div class='ocr_carea' id='block_1_91' title="bbox 2171 4624 3812 4732">
    <p class='ocr_par' dir='ltr' id='par_1_91' title="bbox 2174 4624 3812 4732">
     <span class='ocr_line' id='line_1_91' title="bbox 2174 4624 3812 4710; baseline 0.004 -29"><span class='ocrx_word' id='word_1_765' title='bbox 2174 4626 2238 4682; x_wconf 80' lang='grc' dir='ltr'><strong>τά</strong></span> <span class='ocrx_word' id='word_1_766' title='bbox 2289 4624 2342 4681; x_wconf 77' lang='grc' dir='ltr'><strong>δὲ</strong></span> <span class='ocrx_word' id='word_1_767' title='bbox 2372 4627 2473 4684; x_wconf 79' lang='grc' dir='ltr'><strong>ὑπὸ</strong></span> <span class='ocrx_word' id='word_1_768' title='bbox 2530 4636 2684 4687; x_wconf 81' lang='grc' dir='ltr'>τοῦτο</span> <span class='ocrx_word' id='word_1_769' title='bbox 2732 4628 2880 4688; x_wconf 74' lang='grc' dir='ltr'>ὄντα·</span> <span class='ocrx_word' id='word_1_770' title='bbox 2928 4630 3064 4688; x_wconf 82' lang='grc' dir='ltr'><strong>ἆλλά</strong></span> <span class='ocrx_word' id='word_1_771' title='bbox 3112 4637 3268 4689; x_wconf 82' lang='grc' dir='ltr'>τοῦτο</span> <span class='ocrx_word' id='word_1_772' title='bbox 3323 4628 3599 4705; x_wconf 62' lang='grc' dir='ltr'><strong>ἀδύνατον⁹</strong></span> <span class='ocrx_word' id='word_1_773' title='bbox 3654 4628 3812 4710; x_wconf 72' lang='grc' dir='ltr'>φιλίας</span> 
     </span>
     <span class='ocr_line' id='line_1_92' title="bbox 2226 4713 3776 4732; baseline -0.001 0"><span class='ocrx_word' id='word_1_774' title='bbox 2226 4713 2239 4732; x_wconf 73' lang='grc' dir='ltr'><strong>ρ</strong></span> <span class='ocrx_word' id='word_1_775' title='bbox 2352 4716 2366 4732; x_wconf 63' lang='grc' dir='ltr'><strong>ς</strong></span> <span class='ocrx_word' id='word_1_776' title='bbox 2443 4716 2457 4732; x_wconf 80' lang='lat'>.</span> <span class='ocrx_word' id='word_1_777' title='bbox 2540 4718 2583 4732; x_wconf 57' lang='grc' dir='ltr'>λ.</span> <span class='ocrx_word' id='word_1_778' title='bbox 2821 4718 2891 4732; x_wconf 57' lang='grc' dir='ltr'><strong>κ...</strong></span> <span class='ocrx_word' id='word_1_779' title='bbox 3153 4719 3165 4732; x_wconf 85' lang='grc'>.</span> <span class='ocrx_word' id='word_1_780' title='bbox 3267 4723 3281 4732; x_wconf 90' lang='grc'><strong>.</strong></span> <span class='ocrx_word' id='word_1_781' title='bbox 3461 4720 3472 4732; x_wconf 94' lang='grc'>.</span> <span class='ocrx_word' id='word_1_782' title='bbox 3617 4720 3631 4732; x_wconf 91' lang='grc'><strong><em>.</em></strong></span> <span class='ocrx_word' id='word_1_783' title='bbox 3705 4718 3776 4732; x_wconf 72' lang='grc'><em>,.</em></span> 
     </span>
    </p>
   </div>
   <div class='ocr_carea' id='block_1_92' title="bbox 433 4713 2087 4803">
    <p class='ocr_par' dir='ltr' id='par_1_92' title="bbox 433 4718 2087 4803">
     <span class='ocr_line' id='line_1_93' title="bbox 433 4718 2087 4803; baseline -0.005 -15"><span class='ocrx_word' id='word_1_784' title='bbox 433 4728 613 4788; x_wconf 84' lang='lat' dir='ltr'><strong>erunt</strong></span> <span class='ocrx_word' id='word_1_785' title='bbox 642 4720 981 4787; x_wconf 84' lang='lat' dir='ltr'><strong>inordinata</strong></span> <span class='ocrx_word' id='word_1_786' title='bbox 1018 4718 1493 4803; x_wconf 73' lang='lat' dir='ltr'><strong>pugnantiaque,</strong></span> <span class='ocrx_word' id='word_1_787' title='bbox 1518 4738 1654 4782; x_wconf 89' lang='lat' dir='ltr'><strong>cum</strong></span> <span class='ocrx_word' id='word_1_788' title='bbox 1700 4719 1817 4780; x_wconf 86' lang='lat' dir='ltr'><strong>alia</strong></span> <span class='ocrx_word' id='word_1_789' title='bbox 1845 4718 2087 4798; x_wconf 75' lang='lat' dir='ltr'><strong>quidem</strong></span> 
     </span>
    </p>
   </div>
   <div class='ocr_carea' id='block_1_93' title="bbox 2171 4713 3811 4803">
    <p class='ocr_par' dir='ltr' id='par_1_93' title="bbox 2172 4713 3811 4803">
     <span class='ocr_line' id='line_1_94' title="bbox 2172 4713 3811 4803; baseline -0.002 -28"><span class='ocrx_word' id='word_1_790' title='bbox 2317 4716 2377 4771; x_wconf 80' lang='grc' dir='ltr'>τὸ</span> <span class='ocrx_word' id='word_1_791' title='bbox 2434 4716 2627 4795; x_wconf 73' lang='grc' dir='ltr'>ἀγαθὸν</span> <span class='ocrx_word' id='word_1_792' title='bbox 2678 4718 3014 4795; x_wconf 71' lang='grc' dir='ltr'>μεταδίδωσι,</span> <span class='ocrx_word' id='word_1_793' title='bbox 3076 4719 3168 4776; x_wconf 73' lang='grc' dir='ltr'><strong>οιαῖ</strong></span> <span class='ocrx_word' id='word_1_794' title='bbox 3227 4720 3547 4797; x_wconf 71' lang='grc' dir='ltr'>αὒτοειρήνη</span> <span class='ocrx_word' id='word_1_795' title='bbox 3612 4720 3639 4774; x_wconf 82' lang='grc' dir='ltr'><strong>ὁ</strong></span> <span class='ocrx_word' id='word_1_796' title='bbox 3698 4718 3811 4778; x_wconf 59' lang='grc' dir='ltr'>Θεὸς</span> 
     </span>
    </p>
   </div>
   <div class='ocr_carea' id='block_1_94' title="bbox 434 4807 2089 4887">
    <p class='ocr_par' dir='ltr' id='par_1_94' title="bbox 434 4807 2089 4887">
     <span class='ocr_line' id='line_1_95' title="bbox 434 4807 2089 4887; baseline -0.006 -10"><span class='ocrx_word' id='word_1_797' title='bbox 434 4813 547 4877; x_wconf 86' lang='lat' dir='ltr'><strong>sub</strong></span> <span class='ocrx_word' id='word_1_798' title='bbox 570 4814 708 4887; x_wconf 85' lang='lat' dir='ltr'><strong>hoc,</strong></span> <span class='ocrx_word' id='word_1_799' title='bbox 744 4811 858 4875; x_wconf 87' lang='lat' dir='ltr'><strong>alia</strong></span> <span class='ocrx_word' id='word_1_800' title='bbox 883 4829 1024 4873; x_wconf 87' lang='lat' dir='ltr'><strong>vero</strong></span> <span class='ocrx_word' id='word_1_801' title='bbox 1048 4810 1162 4875; x_wconf 91' lang='lat' dir='ltr'><strong>sub</strong></span> <span class='ocrx_word' id='word_1_802' title='bbox 1194 4810 1307 4872; x_wconf 90' lang='lat' dir='ltr'><strong>isto</strong></span> <span class='ocrx_word' id='word_1_803' title='bbox 1334 4810 1648 4874; x_wconf 81' lang='lat' dir='ltr'><strong>exsistant:</strong></span> <span class='ocrx_word' id='word_1_804' title='bbox 1683 4809 1791 4870; x_wconf 90' lang='lat' dir='ltr'><strong>sed</strong></span> <span class='ocrx_word' id='word_1_805' title='bbox 1819 4807 1933 4869; x_wconf 90' lang='lat' dir='ltr'><strong>hoc</strong></span> <span class='ocrx_word' id='word_1_806' title='bbox 1962 4807 2089 4869; x_wconf 77' lang='lat' dir='ltr'><strong>ﬁeri</strong></span> 
     </span>
    </p>
   </div>
   <div class='ocr_carea' id='block_1_95' title="bbox 434 4898 2092 4985">
    <p class='ocr_par' dir='ltr' id='par_1_95' title="bbox 434 4898 2092 4985">
     <span class='ocr_line' id='line_1_96' title="bbox 434 4898 2092 4985; baseline -0.005 -19"><span class='ocrx_word' id='word_1_807' title='bbox 434 4902 952 4985; x_wconf 87' lang='lat' dir='ltr'><strong>nequit,quoniam</strong></span> <span class='ocrx_word' id='word_1_808' title='bbox 969 4901 1188 4964; x_wconf 89' lang='lat' dir='ltr'><strong>bonum</strong></span> <span class='ocrx_word' id='word_1_809' title='bbox 1209 4900 1534 4963; x_wconf 87' lang='lat' dir='ltr'><strong>amicitiam</strong></span> <span class='ocrx_word' id='word_1_810' title='bbox 1552 4898 1920 4977; x_wconf 77' lang='lat' dir='ltr'><strong>conciliat,et</strong></span> <span class='ocrx_word' id='word_1_811' title='bbox 1937 4899 2092 4958; x_wconf 88' lang='lat' dir='ltr'><strong>Deus</strong></span> 
     </span>
    </p>
   </div>
   <div class='ocr_carea' id='block_1_96' title="bbox 437 4985 2093 5075">
    <p class='ocr_par' dir='ltr' id='par_1_96' title="bbox 437 4985 2093 5075">
     <span class='ocr_line' id='line_1_97' title="bbox 437 4985 2093 5075; baseline -0.006 -19"><span class='ocrx_word' id='word_1_812' title='bbox 437 5011 549 5075; x_wconf 83' lang='lat' dir='ltr'><strong>pax</strong></span> <span class='ocrx_word' id='word_1_813' title='bbox 591 4990 722 5072; x_wconf 90' lang='lat' dir='ltr'><strong>ipsa</strong></span> <span class='ocrx_word' id='word_1_814' title='bbox 774 4990 1153 5068; x_wconf 82' lang='lat' dir='ltr'><strong>celebratur;</strong></span> <span class='ocrx_word' id='word_1_815' title='bbox 1186 4989 1412 5054; x_wconf 88' lang='lat' dir='ltr'><strong>idcirco</strong></span> <span class='ocrx_word' id='word_1_816' title='bbox 1475 4990 1653 5053; x_wconf 88' lang='lat' dir='ltr'><strong>etiam</strong></span> <span class='ocrx_word' id='word_1_817' title='bbox 1704 4986 1902 5050; x_wconf 89' lang='lat' dir='ltr'><strong>omnia</strong></span> <span class='ocrx_word' id='word_1_818' title='bbox 1938 4985 2093 5047; x_wconf 91' lang='lat' dir='ltr'><strong>bona</strong></span> 
     </span>
    </p>
   </div>
   <div class='ocr_carea' id='block_1_97' title="bbox 436 5078 2095 5161">
    <p class='ocr_par' dir='ltr' id='par_1_97' title="bbox 436 5078 2095 5161">
     <span class='ocr_line' id='line_1_98' title="bbox 436 5078 2095 5161; baseline -0.005 -16"><span class='ocrx_word' id='word_1_819' title='bbox 436 5100 704 5145; x_wconf 89' lang='lat' dir='ltr'><strong>consona</strong></span> <span class='ocrx_word' id='word_1_820' title='bbox 730 5088 871 5143; x_wconf 90' lang='lat' dir='ltr'><strong>sunt</strong></span> <span class='ocrx_word' id='word_1_821' title='bbox 899 5080 1078 5157; x_wconf 88' lang='lat' dir='ltr'><strong>(sicut</strong></span> <span class='ocrx_word' id='word_1_822' title='bbox 1111 5080 1262 5142; x_wconf 89' lang='lat' dir='ltr'><strong>mala</strong></span> <span class='ocrx_word' id='word_1_823' title='bbox 1296 5080 1535 5161; x_wconf 86' lang='lat' dir='ltr'><strong>pariunt</strong></span> <span class='ocrx_word' id='word_1_824' title='bbox 1565 5078 2095 5161; x_wconf 77' lang='lat' dir='ltr'><strong>divisionemrnam</strong></span> 
     </span>
    </p>
   </div>
   <div class='ocr_carea' id='block_1_98' title="bbox 437 5158 2094 5241">
    <p class='ocr_par' dir='ltr' id='par_1_98' title="bbox 437 5158 2094 5241">
     <span class='ocr_line' id='line_1_99' title="bbox 437 5158 2094 5241; baseline -0.006 -15"><span class='ocrx_word' id='word_1_825' title='bbox 437 5165 628 5226; x_wconf 71' lang='grc' dir='ltr'>κακὸν.</span> <span class='ocrx_word' id='word_1_826' title='bbox 663 5162 722 5224; x_wconf 90' lang='lat' dir='ltr'><strong>id</strong></span> <span class='ocrx_word' id='word_1_827' title='bbox 754 5170 846 5223; x_wconf 89' lang='lat' dir='ltr'><strong>est</strong></span> <span class='ocrx_word' id='word_1_828' title='bbox 870 5161 1154 5241; x_wconf 73' lang='lat' dir='ltr'><strong>vitium,a</strong></span> <span class='ocrx_word' id='word_1_829' title='bbox 1172 5158 1413 5241; x_wconf 58' lang='lat' dir='ltr'><strong>1::th</strong></span> <span class='ocrx_word' id='word_1_830' title='bbox 1438 5171 1531 5222; x_wconf 88' lang='lat' dir='ltr'><strong>est</strong></span> <span class='ocrx_word' id='word_1_831' title='bbox 1556 5160 1837 5241; x_wconf 80' lang='lat' dir='ltr'><strong>vito,sive</strong></span> <span class='ocrx_word' id='word_1_832' title='bbox 1859 5158 2094 5233; x_wconf 84' lang='lat' dir='ltr'><strong>recedo,</strong></span> 
     </span>
    </p>
   </div>
   <div class='ocr_carea' id='block_1_99' title="bbox 438 5248 2093 5329">
    <p class='ocr_par' dir='ltr' id='par_1_99' title="bbox 438 5248 2093 5329">
     <span class='ocr_line' id='line_1_100' title="bbox 438 5248 2093 5329; baseline -0.005 -13"><span class='ocrx_word' id='word_1_833' title='bbox 438 5270 660 5316; x_wconf 88' lang='lat' dir='ltr'><strong>nomen</strong></span> <span class='ocrx_word' id='word_1_834' title='bbox 683 5250 880 5322; x_wconf 88' lang='lat' dir='ltr'><strong>habet)</strong></span> <span class='ocrx_word' id='word_1_835' title='bbox 903 5258 1049 5313; x_wconf 81' lang='lat' dir='ltr'><strong>etex</strong></span> <span class='ocrx_word' id='word_1_836' title='bbox 1075 5269 1192 5312; x_wconf 92' lang='lat' dir='ltr'><strong>una</strong></span> <span class='ocrx_word' id='word_1_837' title='bbox 1221 5248 1337 5311; x_wconf 86' lang='lat' dir='ltr'><strong>vita</strong></span> <span class='ocrx_word' id='word_1_838' title='bbox 1368 5249 1571 5311; x_wconf 89' lang='lat' dir='ltr'><strong>divina</strong></span> <span class='ocrx_word' id='word_1_839' title='bbox 1596 5254 1911 5329; x_wconf 89' lang='lat' dir='ltr'><strong>propagata</strong></span> <span class='ocrx_word' id='word_1_840' title='bbox 1933 5257 2093 5326; x_wconf 91' lang='lat' dir='ltr'><strong>sunt,</strong></span> 
     </span>
    </p>
   </div>
   <div class='ocr_carea' id='block_1_100' title="bbox 439 5337 2097 5418">
    <p class='ocr_par' dir='ltr' id='par_1_100' title="bbox 439 5337 2097 5418">
     <span class='ocr_line' id='line_1_101' title="bbox 439 5337 2097 5418; baseline -0.007 -13"><span class='ocrx_word' id='word_1_841' title='bbox 439 5349 500 5405; x_wconf 89' lang='lat' dir='ltr'><strong>et</strong></span> <span class='ocrx_word' id='word_1_842' title='bbox 527 5342 604 5405; x_wconf 84' lang='lat' dir='ltr'><strong>ad</strong></span> <span class='ocrx_word' id='word_1_843' title='bbox 644 5359 825 5404; x_wconf 88' lang='lat' dir='ltr'><strong>unum</strong></span> <span class='ocrx_word' id='word_1_844' title='bbox 859 5337 1510 5403; x_wconf 84' lang='lat' dir='ltr'><strong>bonumtendunt.Non</strong></span> <span class='ocrx_word' id='word_1_845' title='bbox 1536 5338 1715 5418; x_wconf 80' lang='lat' dir='ltr'><strong>igitur</strong></span> <span class='ocrx_word' id='word_1_846' title='bbox 1739 5338 1795 5398; x_wconf 90' lang='lat' dir='ltr'><strong>in</strong></span> <span class='ocrx_word' id='word_1_847' title='bbox 1831 5337 2097 5413; x_wconf 88' lang='lat' dir='ltr'><strong>Deo,nec</strong></span> 
     </span>
    </p>
   </div>
   <div class='ocr_carea' id='block_1_101' title="bbox 443 5423 2092 5513">
    <p class='ocr_par' dir='ltr' id='par_1_101' title="bbox 443 5423 2092 5513">
     <span class='ocr_line' id='line_1_102' title="bbox 443 5423 2092 5513; baseline -0.007 -17"><span class='ocrx_word' id='word_1_848' title='bbox 443 5432 585 5513; x_wconf 88' lang='lat' dir='ltr'><strong>quid</strong></span> <span class='ocrx_word' id='word_1_849' title='bbox 617 5431 911 5502; x_wconf 86' lang='lat' dir='ltr'><strong>divinum.</strong></span> <span class='ocrx_word' id='word_1_850' title='bbox 946 5448 1057 5495; x_wconf 85' lang='lat' dir='ltr'><strong>nec</strong></span> <span class='ocrx_word' id='word_1_851' title='bbox 1104 5449 1177 5493; x_wconf 82' lang='lat' dir='ltr'><strong>ex</strong></span> <span class='ocrx_word' id='word_1_852' title='bbox 1218 5428 1340 5493; x_wconf 91' lang='lat' dir='ltr'><strong>Deo</strong></span> <span class='ocrx_word' id='word_1_853' title='bbox 1376 5428 1601 5491; x_wconf 90' lang='lat' dir='ltr'><strong>malum</strong></span> <span class='ocrx_word' id='word_1_854' title='bbox 1640 5437 1734 5489; x_wconf 85' lang='lat' dir='ltr'><strong>est</strong></span> <span class='ocrx_word' id='word_1_855' title='bbox 1768 5446 1784 5504; x_wconf 84' lang='grc'><strong>;</strong></span> <span class='ocrx_word' id='word_1_856' title='bbox 1821 5425 1906 5485; x_wconf 85' lang='lat' dir='ltr'><strong>vel</strong></span> <span class='ocrx_word' id='word_1_857' title='bbox 1935 5423 2092 5485; x_wconf 91' lang='lat' dir='ltr'><strong>enim</strong></span> 
     </span>
    </p>
   </div>
   <div class='ocr_carea' id='block_1_102' title="bbox 438 5512 2096 5603">
    <p class='ocr_par' dir='ltr' id='par_1_102' title="bbox 438 5512 2096 5603">
     <span class='ocr_line' id='line_1_103' title="bbox 438 5512 2096 5603; baseline -0.005 -19"><span class='ocrx_word' id='word_1_858' title='bbox 438 5512 557 5587; x_wconf 80' lang='lat' dir='ltr'><strong>non</strong></span> <span class='ocrx_word' id='word_1_859' title='bbox 586 5520 779 5584; x_wconf 85' lang='lat' dir='ltr'><strong>bonus</strong></span> <span class='ocrx_word' id='word_1_860' title='bbox 799 5520 954 5584; x_wconf 83' lang='lat' dir='ltr'><strong>etsic</strong></span> <span class='ocrx_word' id='word_1_861' title='bbox 985 5536 1055 5584; x_wconf 82' lang='lat' dir='ltr'><strong>ex</strong></span> <span class='ocrx_word' id='word_1_862' title='bbox 1087 5519 1219 5603; x_wconf 81' lang='lat' dir='ltr'><strong>ipso</strong></span> <span class='ocrx_word' id='word_1_863' title='bbox 1249 5518 1471 5583; x_wconf 88' lang='lat' dir='ltr'><strong>malum</strong></span> <span class='ocrx_word' id='word_1_864' title='bbox 1499 5525 1589 5582; x_wconf 90' lang='lat' dir='ltr'><strong>est</strong></span> <span class='ocrx_word' id='word_1_865' title='bbox 1618 5514 1749 5592; x_wconf 86' lang='lat' dir='ltr'><strong>;vel</strong></span> <span class='ocrx_word' id='word_1_866' title='bbox 1782 5516 1936 5577; x_wconf 83' lang='lat' dir='ltr'><strong>bona</strong></span> <span class='ocrx_word' id='word_1_867' title='bbox 1958 5512 2096 5575; x_wconf 86' lang='lat' dir='ltr'><strong>facit</strong></span> 
     </span>
    </p>
   </div>
   <div class='ocr_carea' id='block_1_103' title="bbox 526 5680 1082 5760">
    <p class='ocr_par' dir='ltr' id='par_1_103' title="bbox 526 5680 1082 5760">
     <span class='ocr_line' id='line_1_104' title="bbox 526 5680 1082 5760; baseline -0.004 -12"><span class='ocrx_word' id='word_1_868' title='bbox 526 5700 555 5731; x_wconf 75' lang='grc' dir='ltr'><strong>ε</strong></span> <span class='ocrx_word' id='word_1_869' title='bbox 580 5680 786 5748; x_wconf 77' lang='lat' dir='ltr'><strong>Matth.</strong></span> <span class='ocrx_word' id='word_1_870' title='bbox 831 5696 935 5760; x_wconf 82' lang='lat' dir='ltr'><strong>vn,</strong></span> <span class='ocrx_word' id='word_1_871' title='bbox 977 5682 1082 5749; x_wconf 84' lang='grc'><strong>18.</strong></span> 
     </span>
    </p>
   </div>
   <div class='ocr_carea' id='block_1_104' title="bbox 2171 4801 3813 4887">
    <p class='ocr_par' dir='ltr' id='par_1_104' title="bbox 2171 4801 3813 4887">
     <span class='ocr_line' id='line_1_105' title="bbox 2171 4801 3813 4887; baseline 0.007 -28"><span class='ocrx_word' id='word_1_872' title='bbox 2171 4801 2443 4878; x_wconf 74' lang='grc' dir='ltr'>ὕμνετται·</span> <span class='ocrx_word' id='word_1_873' title='bbox 2502 4805 2582 4863; x_wconf 83' lang='grc' dir='ltr'><strong>διὸ</strong></span> <span class='ocrx_word' id='word_1_874' title='bbox 2640 4809 2727 4865; x_wconf 83' lang='grc' dir='ltr'><strong>καὶ</strong></span> <span class='ocrx_word' id='word_1_875' title='bbox 2780 4810 2949 4866; x_wconf 82' lang='grc' dir='ltr'>πάντα</span> <span class='ocrx_word' id='word_1_876' title='bbox 2977 4808 3042 4865; x_wconf 78' lang='grc' dir='ltr'><strong>τοί</strong></span> <span class='ocrx_word' id='word_1_877' title='bbox 3096 4809 3263 4887; x_wconf 71' lang='grc' dir='ltr'>ἀγαθά</span> <span class='ocrx_word' id='word_1_878' title='bbox 3294 4809 3577 4883; x_wconf 76' lang='grc' dir='ltr'>ἐναρμόνια</span> <span class='ocrx_word' id='word_1_879' title='bbox 3623 4806 3715 4887; x_wconf 82' lang='grc' dir='ltr'><strong>(ὡς</strong></span> <span class='ocrx_word' id='word_1_880' title='bbox 3756 4807 3813 4859; x_wconf 59' lang='grc' dir='ltr'><strong>τά</strong></span> 
     </span>
    </p>
   </div>
   <div class='ocr_carea' id='block_1_105' title="bbox 2172 4894 3807 4977">
    <p class='ocr_par' dir='ltr' id='par_1_105' title="bbox 2172 4894 3807 4977">
     <span class='ocr_line' id='line_1_106' title="bbox 2172 4894 3807 4977; baseline 0 -28"><span class='ocrx_word' id='word_1_881' title='bbox 2172 4894 2311 4951; x_wconf 79' lang='grc' dir='ltr'>κακά</span> <span class='ocrx_word' id='word_1_882' title='bbox 2347 4894 2696 4954; x_wconf 82' lang='grc' dir='ltr'>σκεδαστικά⁶</span> <span class='ocrx_word' id='word_1_883' title='bbox 2731 4900 2897 4955; x_wconf 59' lang='grc' dir='ltr'>καλὸν</span> <span class='ocrx_word' id='word_1_884' title='bbox 2952 4898 3052 4977; x_wconf 79' lang='grc' dir='ltr'>γάρ</span> <span class='ocrx_word' id='word_1_885' title='bbox 3104 4897 3208 4955; x_wconf 76' lang='grc' dir='ltr'>ὰπὸ</span> <span class='ocrx_word' id='word_1_886' title='bbox 3264 4904 3353 4955; x_wconf 83' lang='grc' dir='ltr'>τοῦ</span> <span class='ocrx_word' id='word_1_887' title='bbox 3402 4896 3552 4977; x_wconf 77' lang='grc' dir='ltr'><strong>χᾶζω</strong></span> <span class='ocrx_word' id='word_1_888' title='bbox 3582 4898 3644 4954; x_wconf 80' lang='grc' dir='ltr'><strong>τὸ</strong></span> <span class='ocrx_word' id='word_1_889' title='bbox 3688 4896 3807 4951; x_wconf 81' lang='grc' dir='ltr'>ὕπο-</span> 
     </span>
    </p>
   </div>
   <div class='ocr_carea' id='block_1_106' title="bbox 2175 4982 3805 5064">
    <p class='ocr_par' dir='ltr' id='par_1_106' title="bbox 2175 4982 3805 5064">
     <span class='ocr_line' id='line_1_107' title="bbox 2175 4982 3805 5064; baseline -0.002 -25"><span class='ocrx_word' id='word_1_890' title='bbox 2175 4988 2341 5062; x_wconf 83' lang='grc' dir='ltr'>χωρῶ</span> <span class='ocrx_word' id='word_1_891' title='bbox 2377 4982 2642 5064; x_wconf 79' lang='grc' dir='ltr'>λέγεται·)</span> <span class='ocrx_word' id='word_1_892' title='bbox 2690 4988 2783 5042; x_wconf 80' lang='grc' dir='ltr'><strong>καὶ</strong></span> <span class='ocrx_word' id='word_1_893' title='bbox 2815 4993 2939 5061; x_wconf 76' lang='grc' dir='ltr'>μιᾶς</span> <span class='ocrx_word' id='word_1_894' title='bbox 2971 4994 3111 5059; x_wconf 77' lang='grc' dir='ltr'>ζωῆς</span> <span class='ocrx_word' id='word_1_895' title='bbox 3140 4992 3240 5053; x_wconf 77' lang='grc' dir='ltr'>τῆς</span> <span class='ocrx_word' id='word_1_896' title='bbox 3270 4986 3411 5049; x_wconf 75' lang='grc' dir='ltr'>Θείας</span> <span class='ocrx_word' id='word_1_897' title='bbox 3465 4984 3656 5063; x_wconf 65' lang='grc' dir='ltr'>ἔκγονα</span> <span class='ocrx_word' id='word_1_898' title='bbox 3687 4983 3805 5058; x_wconf 66' lang='grc' dir='ltr'>ἔστι,</span> 
     </span>
    </p>
   </div>
   <div class='ocr_carea' id='block_1_107' title="bbox 2179 5071 3808 5153">
    <p class='ocr_par' dir='ltr' id='par_1_107' title="bbox 2179 5071 3808 5153">
     <span class='ocr_line' id='line_1_108' title="bbox 2179 5071 3808 5153; baseline 0.002 -27"><span class='ocrx_word' id='word_1_899' title='bbox 2179 5071 2270 5127; x_wconf 84' lang='grc' dir='ltr'><strong>καὶ</strong></span> <span class='ocrx_word' id='word_1_900' title='bbox 2326 5073 2457 5144; x_wconf 84' lang='grc' dir='ltr'>πρὸς</span> <span class='ocrx_word' id='word_1_901' title='bbox 2488 5073 2544 5130; x_wconf 80' lang='grc' dir='ltr'>ἓν</span> <span class='ocrx_word' id='word_1_902' title='bbox 2592 5076 2816 5132; x_wconf 83' lang='grc' dir='ltr'>τείνουσι</span> <span class='ocrx_word' id='word_1_903' title='bbox 2845 5077 2907 5132; x_wconf 83' lang='grc' dir='ltr'>τὸ</span> <span class='ocrx_word' id='word_1_904' title='bbox 2965 5075 3185 5153; x_wconf 79' lang='grc' dir='ltr'>ἀγαθόν,</span> <span class='ocrx_word' id='word_1_905' title='bbox 3220 5074 3403 5132; x_wconf 71' lang='grc' dir='ltr'>’Ὥστε</span> <span class='ocrx_word' id='word_1_906' title='bbox 3434 5073 3549 5131; x_wconf 65' lang='grc' dir='ltr'>οὔτε</span> <span class='ocrx_word' id='word_1_907' title='bbox 3580 5074 3632 5131; x_wconf 79' lang='grc' dir='ltr'>ἐν</span> <span class='ocrx_word' id='word_1_908' title='bbox 3688 5076 3808 5143; x_wconf 84' lang='grc' dir='ltr'>Θεῷ,</span> 
     </span>
    </p>
   </div>
   <div class='ocr_carea' id='block_1_108' title="bbox 2179 5158 3813 5243">
    <p class='ocr_par' dir='ltr' id='par_1_108' title="bbox 2179 5158 3813 5243">
     <span class='ocr_line' id='line_1_109' title="bbox 2179 5158 3813 5243; baseline 0 -28"><span class='ocrx_word' id='word_1_909' title='bbox 2179 5158 2296 5216; x_wconf 72' lang='grc' dir='ltr'>οὔτε</span> <span class='ocrx_word' id='word_1_910' title='bbox 2356 5160 2553 5243; x_wconf 70' lang='grc' dir='ltr'>ἔνθεον,</span> <span class='ocrx_word' id='word_1_911' title='bbox 2586 5161 2704 5220; x_wconf 78' lang='grc' dir='ltr'>οὔτε</span> <span class='ocrx_word' id='word_1_912' title='bbox 2758 5163 2819 5219; x_wconf 72' lang='grc' dir='ltr'><strong>ἐκ</strong></span> <span class='ocrx_word' id='word_1_913' title='bbox 2850 5171 2981 5221; x_wconf 81' lang='grc' dir='ltr'>Θεοῦ</span> <span class='ocrx_word' id='word_1_914' title='bbox 3014 5165 3075 5220; x_wconf 87' lang='grc' dir='ltr'>τὸ</span> <span class='ocrx_word' id='word_1_915' title='bbox 3123 5164 3312 5220; x_wconf 73' lang='grc' dir='ltr'>κακὸν·</span> <span class='ocrx_word' id='word_1_916' title='bbox 3344 5165 3380 5232; x_wconf 76' lang='grc' dir='ltr'><strong>ἢ</strong></span> <span class='ocrx_word' id='word_1_917' title='bbox 3411 5163 3510 5243; x_wconf 75' lang='grc' dir='ltr'>γάρ</span> <span class='ocrx_word' id='word_1_918' title='bbox 3538 5162 3635 5219; x_wconf 72' lang='grc' dir='ltr'>οὐκ</span> <span class='ocrx_word' id='word_1_919' title='bbox 3689 5162 3813 5237; x_wconf 56' lang='lat'><strong>51¢-</strong></span> 
     </span>
    </p>
   </div>
   <div class='ocr_carea' id='block_1_109' title="bbox 2178 5248 3810 5332">
    <p class='ocr_par' dir='ltr' id='par_1_109' title="bbox 2178 5248 3810 5332">
     <span class='ocr_line' id='line_1_110' title="bbox 2178 5248 3810 5332; baseline 0.001 -27"><span class='ocrx_word' id='word_1_920' title='bbox 2178 5249 2267 5312; x_wconf 78' lang='grc' dir='ltr'><strong>θὸς</strong></span> <span class='ocrx_word' id='word_1_921' title='bbox 2306 5248 2415 5329; x_wconf 78' lang='grc' dir='ltr'>(καὶ</span> <span class='ocrx_word' id='word_1_922' title='bbox 2475 5250 2643 5317; x_wconf 69' lang='grc' dir='ltr'>οὕτως</span> <span class='ocrx_word' id='word_1_923' title='bbox 2691 5252 2743 5318; x_wconf 77' lang='grc' dir='ltr'><strong>ἐξ</strong></span> <span class='ocrx_word' id='word_1_924' title='bbox 2792 5252 2992 5311; x_wconf 81' lang='grc' dir='ltr'>ἐκεινου</span> <span class='ocrx_word' id='word_1_925' title='bbox 3024 5252 3133 5310; x_wconf 76' lang='grc' dir='ltr'>ἐστὶ</span> <span class='ocrx_word' id='word_1_926' title='bbox 3189 5255 3249 5309; x_wconf 82' lang='grc' dir='ltr'>τὸ</span> <span class='ocrx_word' id='word_1_927' title='bbox 3294 5252 3509 5332; x_wconf 72' lang='grc' dir='ltr'><strong>κακὸι),</strong></span> <span class='ocrx_word' id='word_1_928' title='bbox 3542 5252 3577 5321; x_wconf 74' lang='grc' dir='ltr'><strong>ἢ</strong></span> <span class='ocrx_word' id='word_1_929' title='bbox 3632 5253 3810 5328; x_wconf 70' lang='grc' dir='ltr'>ἀγαθο-</span> 
     </span>
    </p>
   </div>
   <div class='ocr_carea' id='block_1_110' title="bbox 2178 5338 3811 5421">
    <p class='ocr_par' dir='ltr' id='par_1_110' title="bbox 2178 5338 3811 5421">
     <span class='ocr_line' id='line_1_111' title="bbox 2178 5338 3811 5421; baseline 0 -24"><span class='ocrx_word' id='word_1_930' title='bbox 2178 5352 2347 5413; x_wconf 82' lang='grc' dir='ltr'>ποιετ,</span> <span class='ocrx_word' id='word_1_931' title='bbox 2380 5341 2475 5397; x_wconf 74' lang='grc' dir='ltr'><strong>καὶ</strong></span> <span class='ocrx_word' id='word_1_932' title='bbox 2526 5345 2620 5401; x_wconf 65' lang='grc' dir='ltr'><strong>οὒκ</strong></span> <span class='ocrx_word' id='word_1_933' title='bbox 2677 5341 2736 5400; x_wconf 80' lang='grc' dir='ltr'><strong>ἐκ</strong></span> <span class='ocrx_word' id='word_1_934' title='bbox 2794 5343 2977 5400; x_wconf 78' lang='grc' dir='ltr'>τούτου</span> <span class='ocrx_word' id='word_1_935' title='bbox 3036 5343 3198 5401; x_wconf 79' lang='grc' dir='ltr'>ἐστίν.</span> <span class='ocrx_word' id='word_1_936' title='bbox 3233 5342 3361 5401; x_wconf 61' lang='grc' dir='ltr'><strong>0-3δέ</strong></span> <span class='ocrx_word' id='word_1_937' title='bbox 3415 5343 3515 5421; x_wconf 72' lang='grc' dir='ltr'>γάρ</span> <span class='ocrx_word' id='word_1_938' title='bbox 3545 5342 3673 5399; x_wconf 78' lang='grc' dir='ltr'>ποτὲ</span> <span class='ocrx_word' id='word_1_939' title='bbox 3726 5338 3811 5413; x_wconf 75' lang='grc' dir='ltr'><strong>μὲν</strong></span> 
     </span>
    </p>
   </div>
   <div class='ocr_carea' id='block_1_111' title="bbox 2179 5426 3810 5510">
    <p class='ocr_par' dir='ltr' id='par_1_111' title="bbox 2179 5426 3810 5510">
     <span class='ocr_line' id='line_1_112' title="bbox 2179 5426 3810 5510; baseline -0.014 -4"><span class='ocrx_word' id='word_1_940' title='bbox 2179 5426 2372 5507; x_wconf 72' lang='grc' dir='ltr'>ἀγαθὸν</span> <span class='ocrx_word' id='word_1_941' title='bbox 2430 5429 2674 5508; x_wconf 77' lang='grc' dir='ltr'>παράξει,</span> <span class='ocrx_word' id='word_1_942' title='bbox 2707 5433 2836 5488; x_wconf 74' lang='grc' dir='ltr'>ποτὲ</span> <span class='ocrx_word' id='word_1_943' title='bbox 2899 5430 2953 5488; x_wconf 78' lang='grc' dir='ltr'><strong>δὲ</strong></span> <span class='ocrx_word' id='word_1_944' title='bbox 2985 5433 3171 5489; x_wconf 74' lang='grc' dir='ltr'>κακόν·</span> <span class='ocrx_word' id='word_1_945' title='bbox 3226 5429 3507 5489; x_wconf 80' lang='grc' dir='ltr'>ἀλλοίωσιν</span> <span class='ocrx_word' id='word_1_946' title='bbox 3564 5432 3663 5510; x_wconf 76' lang='grc' dir='ltr'>γάρ</span> <span class='ocrx_word' id='word_1_947' title='bbox 3702 5428 3810 5485; x_wconf 64' lang='grc' dir='ltr'>πεί-</span> 
     </span>
    </p>
   </div>
   <div class='ocr_carea' id='block_1_112' title="bbox 2180 5519 3808 5599">
    <p class='ocr_par' dir='ltr' id='par_1_112' title="bbox 2180 5519 3808 5599">
     <span class='ocr_line' id='line_1_113' title="bbox 2180 5519 3808 5599; baseline -0.001 -26"><span class='ocrx_word' id='word_1_948' title='bbox 2180 5537 2350 5591; x_wconf 72' lang='grc' dir='ltr'>σεται,</span> <span class='ocrx_word' id='word_1_949' title='bbox 2384 5520 2470 5576; x_wconf 78' lang='grc' dir='ltr'>καὶ</span> <span class='ocrx_word' id='word_1_950' title='bbox 2526 5520 2686 5578; x_wconf 81' lang='grc' dir='ltr'>ταῦτο</span> <span class='ocrx_word' id='word_1_951' title='bbox 2717 5522 2841 5599; x_wconf 81' lang='grc' dir='ltr'>περὶ</span> <span class='ocrx_word' id='word_1_952' title='bbox 2900 5522 3027 5580; x_wconf 68' lang='grc' dir='ltr'>αὐτὸ</span> <span class='ocrx_word' id='word_1_953' title='bbox 3057 5523 3117 5578; x_wconf 83' lang='grc' dir='ltr'>τὸ</span> <span class='ocrx_word' id='word_1_954' title='bbox 3169 5519 3461 5598; x_wconf 79' lang='grc' dir='ltr'>θειότατον,</span> <span class='ocrx_word' id='word_1_955' title='bbox 3488 5521 3586 5586; x_wconf 76' lang='grc' dir='ltr'>τὴν</span> <span class='ocrx_word' id='word_1_956' title='bbox 3638 5519 3808 5575; x_wconf 75' lang='grc' dir='ltr'>αἰτίαν.</span> 
     </span>
    </p>
   </div>
  </div>
