4030 6204
244 335 373 405 793
669 377 672 381 -
736 338 836 402 DE
881 336 1180 401 DIVINIS
1218 337 1673 417 NOMINlBUS,
1721 337 1886 400 CAP.
1933 332 2039 401 IV.
2086 368 2165 382 —
2208 334 2600 397 PARAPHR.
2647 333 3166 398 PACHYMER/E.
3518 328 3636 397 794

243 471 310 528 El
355 467 409 526 δὲ
451 467 628 548 ἔτερόν
657 467 767 525 ἐστι
798 469 952 548 Θεὸς,
983 468 1070 524 καὶ
1102 467 1281 544 ἕτερον
1313 467 1366 524 ἐν
1399 469 1542 539 αῦτῷ
1567 468 1601 534 ἡ
1637 469 1732 523 τοῦ
1770 456 1896 542 ἀγα-

1987 474 2040 530 et
2073 472 2158 529 sic
2186 485 2255 528 ex
2288 466 2416 547 ipso
2446 485 2565 527 non
2587 464 2914 546 est.Neque
2936 466 3112 528 etiam
3145 464 3466 547 aliquando
3492 466 3633 546 qui-

241 563 342 616 θοῦ
406 556 642 636 ῦπαρξις,
689 559 822 615 κατὰ
879 554 1211 631 συμϐεϐηκὸς
1265 555 1328 612 ἂν
1386 555 1478 623 ε⁰ίη
1505 557 1565 612 τὰ
1591 556 1783 634 ἀγαθὸν
1820 560 1895 630 τῷ

1987 555 2118 617 dem
2152 555 2374 618 bonum
2402 558 2707 635 producet,
2751 556 3072 635 aliquando
3095 574 3232 616 vero
3267 557 3518 637 malum;
3550 556 3638 618 sic

243 652 388 723 Θεῷ*
421 647 558 706 ὥστε
592 649 677 704 καὶ
707 646 836 703 ποτέ
868 647 965 721 μὲν
993 645 1142 702 ’ἐσται
1175 647 1304 708 Θεὸς
1336 644 1482 726 ἔχων
1514 647 1576 702 τὸ
1621 646 1898 722 γνώρίσμα

1987 645 2144 706 θηὶιη
2171 645 2557 707 mutationem
2578 650 2877 725 pateretur
2894 645 3068 708 etiam
3086 645 3245 706 circa
3264 645 3319 706 id
3339 645 3495 725 quod
3513 664 3638 706 om-

239 744 349 806 τῆς
375 739 671 813 θειότητος,
720 737 974 814 τάγαθὸν,
1009 737 1140 793 ποτὲ
1187 734 1242 792 δὲ
1280 739 1376 793 οὒκ
1410 735 1586 811 ἔσται,
1621 734 1898 792 ἀποϐαλὼν

1989 733 2150 794 nium
2188 743 2276 796 est
2307 734 2769 811 divinissimum,
2803 735 3031 796 scilicet
3095 752 3360 798 causam.
3395 733 3456 796 Si
3499 751 3638 798 vero

241 827 403 888 αὒτό.
435 827 540 888 Καὶ
569 829 610 882 εἳ
643 825 842 902 μεθέξει
886 833 979 882 τοῦ
1032 825 1249 903 ἀγαθοῦ,
1288 824 1342 892 ἐξ
1375 825 1556 904 ἐτέρου
1588 823 1789 900 μεθέξει
1820 825 1898 882 καὶ

1991 823 2132 904 quid
2165 823 2320 884 aliud
2345 824 2421 884 sit
2445 825 2622 903 Deus,
2658 833 2715 884 et
2745 824 2899 886 aliud
2925 824 2983 884 in
3019 825 3146 904 ipso
3181 823 3319 885 boni
3355 822 3636 885 substan-

245 918 410 993 ποτὲ,
443 917 573 973 ποτὲ
604 914 658 972 δὲ
690 915 748 973 οὒ
780 914 1007 996 μεθέξει,
1044 913 1178 971 ἀλλὰ
1207 922 1299 972 τοῦ
1330 923 1498 973 κακοῦ
1543 914 1774 989 μεθέξει⁶
1796 913 1898 971 ὤσ-

1987 913 2086 984 tia,
2123 912 2324 993 utique
2351 932 2456 992 per
2477 913 2756 974 accidens
2787 915 2845 974 in
2872 916 2989 975 Deo
3025 915 3251 974 bonum
3286 914 3399 976 erit
3426 935 3442 994 ;
3471 913 3639 976 etsic

241 1028 307 1062 τι
358 1006 444 1062 καὶ
489 1004 737 1084 μετέχων
789 1006 882 1061 τοῦ
935 1005 1156 1083 ἀγαθοῦ,
1201 1007 1262 1061 τὸ
1306 1003 1500 1082 ἀγαθὸν
1543 1003 1783 1082 παράξει,
1819 1005 1896 1079 μὴ

1987 1001 2301 1078 aliquando
2335 1003 2576 1080 quidem
2615 1004 2748 1063 415
2772 1003 2931 1065 Deus
2954 1003 3065 1064 erit
3098 1003 3323 1065 habens
3355 1003 3416 1064 in
3439 1023 3504 1064 se
3531 1021 3642 1064 no.-

367 1095 377 1114 ν
534 1092 580 1125 ἐλ
687 1095 698 1112 ν
1022 1116 1030 1124 .
1332 1092 1354 1111 ν
1628 1096 1665 1122 ν.
1724 1093 1749 1112 ν

243 1116 498 1175 μιτεχων
530 1107 584 1150 οι
612 1115 817 1168 τουτου,
845 1095 906 1150 τὸ
947 1101 1136 1172 καλὸν,
1165 1091 1294 1170 ὅπερ
1325 1115 1545 1156 ατοπον,
1579 1103 1685 1151 Ουιι
1719 1115 1816 1168 αρα
1838 1092 1898 1149 ἐκ

1987 1101 2097 1152 tam
2127 1091 2714 1165 divinitatis,scilicet
2738 1092 3320 1173 bonum,aliquando
3344 1110 3482 1154 vero
3516 1111 3636 1154 non

245 1191 384 1242 Θεοῦ
408 1183 505 1253 ἢέν
521 1189 636 1257 Θεῷ
651 1185 711 1240 τὸ
731 1181 1040 1260 καλὸνρῦτε
1054 1181 1235 1245 απλῶς
1253 1180 1369 1239 οὔτε
1383 1206 1518 1240 κατα
1537 1206 1649 1240 τινα
1676 1183 1868 1264 χρόνον
1883 1230 1894 1243 .

1987 1181 2348 1253 erit,bouum
2379 1181 2867 1261 abjiciens.Quod
2901 1182 2949 1243 si
2979 1181 3635 1264 participetbonum,ex

241 1275 367 1336 alio
412 1271 792 1354 participabit
822 1279 882 1334 et
931 1271 1273 1352 aliquando,
1307 1273 1668 1355 quandoque
1723 1291 1859 1334 vero
1902 1291 2020 1334 non
2081 1273 2482 1352 participabit,
2521 1272 2626 1335 sed
2689 1273 2826 1334 mali
2876 1274 3174 1354 particeps
3234 1272 3348 1334 erit
3384 1295 3400 1346 ;
3434 1281 3495 1337 et
3549 1273 3636 1334 sic

244 1364 476 1426 bonum
509 1362 747 1442 quidem
781 1360 1146 1440 participans
1176 1360 1422 1444 bonum,
1459 1382 1576 1424 non
1612 1363 1976 1444 participans
2006 1371 2203 1424 autem
2231 1363 2517 1441 producet
2549 1362 2790 1436 malum,
2827 1363 2982 1444 quod
3013 1368 3101 1424 est
3129 1362 3476 1426 absurdum.
3507 1360 3636 1424 Non

241 1453 452 1534 itaque
483 1469 557 1514 ex
590 1453 732 1523 Deo,
769 1451 860 1512 vel
894 1456 951 1511 in
985 1450 1106 1513 Deo
1142 1452 1384 1533 malum,
1424 1471 1622 1533 neque
1658 1453 1933 1529 omnino,
1969 1471 2164 1533 neque
2195 1461 2363 1515 certo
2396 1461 2691 1533 tempore.

330 1542 568 1622 §XXIL
592 1540 632 1565 ”
664 1551 752 1599 Ετι
783 1539 837 1596 δὲ
882 1539 987 1597 οὔδ’
1032 1541 1084 1596 ἐν
1117 1541 1364 1619 ἀγγέλοις
1415 1543 1524 1599 ἐστὶ
1555 1544 1614 1599 τὸ
1643 1545 1831 1606 κακόν,
1869 1547 1896 1600 ὁ

240 1634 350 1712 γὰρ
381 1630 606 1711 ἅγγελος
639 1631 793 1688 εἰκών
834 1632 946 1686 ἔστι
992 1633 1084 1687 τοῦ
1116 1639 1270 1707 Θεοῦ,
1314 1645 1492 1689 εκεϊνο
1536 1632 1609 1689 ὥν
1641 1631 1894 1712 δευτέρως

242 1722 386 1777 κατά
435 1719 662 1796 μέθεξιν,
724 1720 853 1796 ὅπερ
904 1718 1126 1795 πρώτως
1161 1721 1277 1778 κατ’
1313 1723 1473 1778 εἷτίαν
1520 1726 1578 1778 τὸ
1625 1723 1894 1800 ἀγγελλὸ-

245 1833 434 1887 μενον,
489 1831 779 1891 φανερωσις
834 1816 928 1865 τοῦ
977 1811 1206 1889 ἀφανοῦς
1254 1813 1454 1890 φωτὸς,
1507 1814 1592 1867 καὶ
1641 1812 1894 1890 ἔσοπτρον

247 1898 601 1957 διειδέστατον
640 1896 1014 1977 εἷσδεχόμενον
1056 1900 1149 1962 τὰς
1192 1905 1289 1967 τῆς
1341 1901 1667 1978 ὡραιότητος
1715 1903 1894 1981 ἐμφά-

247 2005 383 2054 σεις·
418 1993 502 2045 καὶ
534 1994 741 2066 αμιγῶς
800 1989 929 2065 πρὸς
988 1990 1048 2044 τὸ
1119 1996 1310 2069 κακον,
1369 1989 1532 2069 ἤγουν
1575 1991 1894 2069 ἀγαθοειδὼς

249 2079 565 2153 ἀναλάμπον
620 2078 672 2133 ἐν
720 2079 890 2150 ἐαυτῷ
941 2080 993 2133 τὸ
1053 2079 1248 2157 ἀγαθὸν
1277 2079 1372 2146 τῆς
1432 2079 1649 2158 κρυφίαις
1710 2087 1889 2159 σιγῆςο

251 2168 351 2226 οὒκ
392 2165 492 2242 ἄρα
523 2166 636 2226 οῦδὲ
668 2166 720 2223 ἐν
750 2165 996 2245 ἀγγέλοις
1047 2167 1154 2224 ἐστὶ
1214 2170 1272 2224 τὸ
1316 2168 1502 2228 κακόν.
1553 2167 1639 2225 Ἐν
1686 2168 1893 2234 ἀδύτοις

251 2256 309 2314 δὲ
341 2262 526 2337 σιγὴν,
567 2258 665 2324 τὴν
709 2255 848 2312 θείαν
906 2258 1033 2336 φησὶ
1091 2255 1437 2335 κρυφιότητν
1501 2262 1756 2336 σιγῶνται
1794 2261 1893 2337 γὰρ

253 2349 344 2405 καὶ
374 2349 438 2404 τὰ
468 2346 630 2421 ἄτιμα
658 2344 724 2402 δι’
756 2347 1109 2426 αἱσχρότητα,
1147 2354 1426 2425 σιγῶνται,
1461 2346 1513 2403 δὲ
1538 2351 1622 2405 καὶ
1652 2350 1716 2408 τά
1747 2349 1892 2405 ἕντι-

250 2460 330 2510 μα
371 2438 459 2493 καὶ
497 2437 565 2493 τά
593 2439 711 2492 θεῖα
740 2436 825 2491 ὀιὰ
854 2435 1160 2509 τιμιότητα,
1196 2437 1279 2492 καὶ
1308 2445 1401 2494 τοῦ
1444 2438 1521 2513 μή
1555 2437 1704 2518 ἔχειν
1735 2437 1896 2517 ἐξαγ-

241 2525 427 2604 γεῖλαι
476 2533 640 2582 ταῦτα
671 2525 722 2580 ἐν
755 2523 962 2588 ἀδύτοις
1019 2526 1258 2599 κείμενα·
1311 2525 1444 2584 ὅπου
1491 2528 1606 2590 νοῦς
1639 2527 1698 2584 οὗ
1728 2526 1896 2584 διεισο

245 2614 408 2688 δύνει,
439 2621 535 2671 κᾶν
567 2614 683 2671 λίαν
712 2615 935 2691 καθαρὸς
980 2613 1040 2690 ᾗ,
1087 2617 1174 2670 καὶ
1223 2613 1292 2670 δι’
1340 2615 1603 2693 ἀγιότητα
1655 2615 1897 2674 διαϐατι-

246 2705 508 2766 κώτατος,
543 2701 694 2760 Ἀλλ’
727 2702 873 2760 εἴποι
906 2725 1009 2775 τις,
1044 2702 1125 2759 ὅτι
1157 2703 1316 2760 κακοί
1345 2708 1391 2761 οἱ
1424 2703 1667 2784 ἄγγελοι,
1700 2708 1772 2771 ὡς
1804 2728 1900 2762 κο-

247 2794 512 2858 λαστικοί,
586 2793 706 2849 Adet
763 2799 888 2872 γοῦν
946 2793 1045 2860 τὴν
1121 2793 1377 2850 ἀντίθεσιν
1455 2795 1890 2877 φιλοσοφώτατϊ

248 2890 459 2964 πρῶτον
509 2883 607 2958 μὲν
663 2882 770 2939 ἀπὸ
818 2885 919 2939 τῶν
961 2882 1144 2960 ἱερέων
1188 2884 1296 2940 τῶν
1343 2884 1711 2962 ἀπειργόντων
1769 2886 1894 2950 τοὺς

249 2973 486 3040 ἀναξίους
521 2972 629 3029 τῶν
656 2973 808 3028 θείων
863 2973 1186 3050 μυστηρίων·
1250 2973 1432 3031 ἔπειτα
1479 2973 1650 3053 λέγει,
1681 2973 1764 3032 ὅτι
1800 2977 1894 3032 οῦ-

2066 1541 2281 1621 §XXIL
2310 1542 2462 1615 Quin
2497 1561 2570 1603 ne
2602 1542 2662 1603 in
2693 1541 2921 1620 angelis
2954 1540 3194 1622 quidem
3225 1549 3313 1604 est
3340 1534 3638 1616 malum,si

1985 1632 2226 1710 quidem
2258 1631 2503 1711 angelus
2528 1631 2720 1711 imago
2746 1632 2850 1694 Dei
2885 1641 2995 1712 est,
3032 1631 3088 1692 id
3122 1631 3315 1711 ipsum
3349 1630 3639 1694 exsistens

1922 1713 1957 1761 Β
1979 1722 2306 1782 secundum
2337 1721 2845 1802 participationem
2878 1721 3143 1782 secundo
3193 1721 3426 1791 ordine,
3477 1719 3636 1800 quod

1979 1812 2308 1872 secundum
2324 1830 2557 1873 causam
2590 1819 2679 1874 est
2697 1812 2753 1872 id
2776 1811 2930 1892 quod
2955 1813 3296 1872 enuntiatur
3318 1810 3638 1891 primn,ar-

1980 1903 2108 1963 cani
2142 1901 2386 1962 luminis
2421 1901 2743 1963 tleclaratio
2786 1911 2844 1965 et
2874 1901 3183 1981 speculum
3219 1901 3633 1981 purissimum,

1979 1991 2302 2051 venustatis
2334 1994 2564 2071 species
2602 1991 2930 2072 excipiens,
2963 2000 3019 2053 et
3065 2009 3098 2052 a
3133 1994 3286 2053 man
3319 1991 3635 2065 impolluta

1979 2081 2101 2140 sive
2137 2078 2625 2144 boniformiterin
2655 2082 2976 2161 semetipso
2993 2080 3378 2161 resplendere
3403 2079 3632 2142 faciens

1979 2170 2176 2231 arcani
2195 2169 2350 2231 illius
2365 2170 2581 2232 silentii
2602 2170 3106 2252 bonitatem;ergo
3130 2171 3301 2232 etiam
3318 2170 3376 2231 in
3404 2169 3632 2248 angelis

1981 2277 2099 2318 non
2131 2259 2482 2322 estmalum.
2514 2260 2834 2322 Silentium
2893 2267 3090 2321 autem
3124 2259 3279 2339 quod
3326 2259 3386 2320 in
3446 2257 3638 2338 adytis

1978 2357 2087 2419 est,
2117 2359 2288 2410 vocat
2309 2348 2574 2410 divinum
2610 2349 2751 2410 illud
2787 2367 3095 2423 arcanum;
3123 2348 3418 2428 siquidem
3449 2347 3507 2408 id
3539 2348 3632 2407 si-

1981 2434 2103 2497 lent
2126 2454 2222 2497 res
2252 2437 2397 2498 viles
2423 2445 2663 2519 propter
2682 2456 2846 2500 suam
2880 2436 3344 2518 deformitatem,
3365 2455 3467 2499 res
3492 2454 3632 2498 vero

1979 2525 2257 2605 pretiosae
2279 2545 2347 2588 ac
2368 2526 2577 2590 divina)
2606 2527 2750 2590 illud
2773 2527 2952 2588 silent
2976 2527 3371 2608 propterlejus
3384 2543 3636 2588 venera-

1983 2615 2516 2698 tionem,quodque
2543 2636 2661 2680 non
2685 2617 2916 2680 valeant
2936 2616 3252 2679 enuntiare
3274 2615 3377 2677 illa
3407 2633 3541 2696 qua)
3574 2613 3633 2676 in

1980 2703 2167 2784 adytis
2190 2705 2524 2787 latent,quo
2555 2724 2724 2769 mens
2755 2706 2916 2770 nulla
2947 2705 3632 2788 penetrat,quantumvis

1983 2811 2130 2873 pura
2159 2797 2324 2873 sit,et
2373 2805 2619 2876 propter
2670 2796 3044 2859 sanctitatem
3083 2793 3632 2876 perspicacissima.

1979 2884 2161 2960 Atqui
2195 2883 2356 2946 dicet
2378 2885 2594 2967 aliquis
2626 2887 2811 2948 malos
2861 2904 2994 2949 esse
3023 2885 3266 2963 angelos
3327 2883 3486 2966 quod
3522 2902 3638 2964 pu-

1983 2971 2168 3036 niant.
2204 2972 2372 3036 Hanc
2427 2974 2828 3053 objectionem
2858 2975 3301 3056 sapientissime
3334 2971 3632 3051 dissolvit,

249 3087 307 3122 τε
350 3064 477 3121 αὐτὸ
534 3065 594 3120 τὸ
648 3061 958 3133 κολάζεσθαί
1004 3084 1146 3143 τινα,
1203 3065 1404 3120 κακιόν-Δ
1465 3062 1735 3125 παίδευσις
1797 3066 1897 3144 γὰρ

1987 3063 2239 3141 primum
2269 3080 2304 3124 a
2345 3063 2796 3147 sacerdotibus,‘
2845 3067 2947 3147 qui
3008 3064 3289 3145 indignos
3343 3082 3378 3126 a
3413 3059 3641 3125 divinis

251 3159 387 3228 ἔστι,
441 3153 528 3210 καὶ
580 3153 616 3221 ἡ
655 3149 918 3216 παίδευσις
963 3152 1183 3230 ἀγαθὸν,
1229 3151 1347 3210 οὔτε
1373 3155 1420 3210 οἱ
1453 3151 1766 3226 κολάζοντες
1797 3177 1902 3211 καφ

251 3243 356 3301 κοίο
391 3241 602 3315 εἴρηται
632 3240 752 3318 γάρ·
789 3241 860 3298 05
917 3240 1016 3318 γάρ
1074 3240 1190 3309 εἷκῆ
1251 3241 1351 3308 τὴν
1397 3241 1673 3322 μάχαιραν
1723 3254 1899 3323 φορεῖ·

251 3331 493 3394 διάκονος
574 3330 675 3408 γάρ
735 3328 850 3386 ἐστι
910 3337 1042 3388 Θεοῦ
1110 3331 1183 3394 εἰς
1241 3331 1403 3409 ὀργὴν
1475 3336 1552 3404 τῷ
1607 3333 1669 3388 τὸ
1737 3332 1902 3388 κακὸν

253 3420 568 3500 πράσσοντι,
624 3420 820 3476 Λοιπὸν
869 3415 1131 3474 εἰσϐάλλει
1189 3420 1260 3481 εἰς
1317 3422 1417 3488 τήν
1447 3418 1596 3477 λύσιν
1624 3424 1722 3488 τῆς
1763 3442 1898 3498 προ-

253 3508 506 3586 κειμένης
535 3508 778 3586 ἀπορίας,
816 3508 904 3562 καί
951 3528 1138 3586 φησιν,
1182 3507 1262 3564 ὅτί
1292 3507 1407 3564 οῦδὲ
1440 3511 1485 3566 οἱ
1520 3507 1764 3584 δαίμονες
1795 3510 1897 3588 φύ-

254 3620 332 3656 σει
389 3598 544 3654 κακοί
626 3603 790 3655 Τοῦτο
873 3604 995 3674 γοῦν
1046 3596 1105 3653 ἐκ
1161 3596 1422 3654 πλειόνων
1490 3598 1894 3669 κατασκευάζει·

253 3695 477 3766 πρῶτων
538 3688 660 3763 μὲν,
709 3691 825 3749 πῶς
880 3684 1106 3760 ἔμελλον
1189 3690 1533 3767 παραχθῆναι
1590 3685 1640 3753 ἔξ
1703 3688 1904 3765 ἀγαθοῦ

256 3783 501 3852 ποιητοῦ,
562 3776 648 3832 ναὶ
702 3774 856 3854 ἄλλο,
904 3775 983 3832 ὅτι
1044 3777 1127 3832 καὶ
1185 3773 1236 3841 ἐξ
1296 3775 1505 3854 ἀγαθῶν
1563 3774 1900 3851 μεταϐολονς

287 3869 302 3890 ν
401 3874 424 3884 -ι
593 3866 608 3888 9
780 3865 795 3920 ί
1106 3862 1136 3887 ρ
1167 3863 1198 3921 λ
1237 3866 1250 3884 ν
1334 3866 1352 3904 ‘9
1497 3864 1510 3887 ι
1573 3867 1591 3904 ρ
1643 3867 1654 3881 ο
1777 3868 1791 3888 ν
1829 3867 1842 3886 ι

256 3890 305 3924 αι
333 3890 456 3943 γουν
487 3888 588 3922 κατ
747 3886 774 3920 ο
802 3885 931 3921 ωαιν
967 3886 1164 3940 μεταοο
1204 3887 1254 3922 Ζι
1302 3887 1364 3920 OJ
1391 3887 1492 3922 κατ
1541 3887 1720 3922 οδσιαν
1750 3887 1896 3938 εισιν,

254 3955 388 4013 ἀλλά
441 3956 578 4013 κατά
631 3956 692 4010 τὸ
749 3957 928 4032 ποιὸν,
992 3953 1172 4032 ὥσπερ
1232 3955 1282 4010 αἰ
1352 3955 1488 4010 κατὰ
1541 3953 1756 4022 αὔξησιν
1814 3957 1906 4012 καὶ

257 4050 497 4122 μείωσιν,
554 4043 691 4101 κατὰ
721 4044 781 4099 τὸ
814 4043 995 4100 ποσόν·
1044 4045 1080 4112 ἡ
1110 4042 1164 4099 δὲ
1211 4042 1333 4100 κατ’
1363 4043 1541 4100 οὖσίαν
1601 4042 1900 4119 μεταϐολὴ,

257 4131 559 4214 ἢγέννησίς
616 4131 782 4212 ἐστιν,
815 4131 850 4201 ἢ
882 4133 1068 4211 φθορέ.
1130 4133 1286 4190 Ἐπεὶ
1345 4131 1434 4189 οὖν
1473 4131 1623 4196 ὄντες
1680 4131 1910 4208 μετέϐα-

1989 3153 2279 3232 mysteriis
2303 3154 2757 3228 arcent;deinde
2779 3155 2946 3236 dicit,
2969 3175 3042 3217 ne
3074 3154 3133 3216 id
3163 3155 3358 3236 ipsum
3390 3150 3636 3232 quidem

1987 3242 2205 3303 malum
2234 3259 2388 3318 esse,
2438 3243 2651 3323 punire
2693 3244 2978 3325 aliquem,
3029 3246 3307 3326 quoniam
3342 3239 3636 3304 correctio

1985 3339 2095 3410 est,
2127 3331 2421 3395 correctio
2443 3342 2641 3396 autem
2667 3333 2843 3413 bona,
2875 3353 3069 3415 neque
3088 3334 3186 3414 qui
3209 3331 3462 3412 puniunt
3493 3326 3636 3390 mali

1983 3427 2144 3493 sunt,
2177 3419 2401 3482 dictum
2435 3430 2522 3484 est
2543 3423 2734 3486 enim:
2771 3423 2905 3487 Non
2935 3424 3099 3485 enim
3120 3425 3251 3484 sine
3279 3436 3467 3483 causa
3501 3419 3635 3498 gla-

1984 3511 2153 3573 dium
2175 3518 2399 3589 portat;
2416 3511 2525 3574 Dei
2549 3516 2710 3574 enim
2734 3514 3017 3576 minister
3033 3512 3446 3584 est,tvindexin
3475 3511 3633 3572 iram

1986 3599 2042 3661 ei
2088 3601 2200 3678 qui
2254 3600 2410 3661 male
2451 3604 2580 3682 agit
2607 3602 2656 3666 α.
2701 3605 2989 3667 Caeterum
3021 3601 3378 3664 solutionem
3413 3618 3635 3680 propo-

1986 3687 2119 3749 sitae
2150 3689 2493 3765 quaestionis
2511 3691 3394 3772 prosequitur,etait,neciipsos
3415 3689 3637 3750 daamo-

1987 3795 2094 3839 nes
2146 3787 2353 3840 natura
2386 3780 2575 3842 malos
2624 3799 2780 3843 esse.
2823 3780 2946 3842 Hoc
2979 3799 3048 3842 ex
3081 3779 3346 3859 pluribus
3379 3778 3589 3857 probat
3616 3800 3629 3841 :

1987 3868 2242 3949 primum
2260 3867 2831 3950 quidem,quomodo
2851 3869 3115 3947 alioquin
3130 3888 3159 3930 a
3186 3869 3341 3930 bono
3357 3866 3644 3932 Creatore

1987 3955 2234 4034 conditi,
2271 3965 2328 4018 et
2358 3957 2518 4018 aliud
2549 3959 2692 4038 sint,
2727 3959 3007 4039 quoniam
3034 3977 3102 4018 ex
3160 3957 3333 4018 bonis
3386 3955 3645 4018 mutati?

1990 4046 2350 4106 mutationes
2373 4047 2530 4107 enim
2547 4065 2678 4128 quae
2699 4056 2836 4108 sunt
2857 4045 3186 4108 secumlum
3201 4045 3640 4124 alterationem,

1998 4152 2116 4194 non
2148 4143 2284 4196 sunt
2323 4136 2651 4197 secundum
2708 4137 3123 4207 substantiam,
3168 4134 3274 4197 sed
3314 4134 3646 4196 secundum

256 4224 371 4302 λον,
406 4221 530 4294 ἔδει,
566 4223 610 4278 εἰ
639 4219 758 4278 κατ’
790 4222 967 4278 οῦσίαν
1020 4219 1338 4296 μετέϐαλον,
1378 4222 1660 4300 φθαρῆναι,
1715 4224 1804 4278 καὶ
1840 4225 1898 4279 εἰς

1999 4223 2526 4303 qualitatem,sicut
2551 4226 2672 4288 illa:
2691 4246 2822 4308 quae
2845 4235 2984 4288 sunt
3013 4224 3340 4288 secundum
3366 4242 3644 4303 augmen-

254 4315 316 4370 τὸ
345 4313 423 4387 μὴ
451 4313 514 4368 ’ὃν
546 4310 741 4369 ἐλθεϊν⁶
778 4309 895 4367 ἀλλ’
957 4308 1064 4368 ἰδού
1110 4312 1250 4366 εὶσιν
1295 4311 1463 4367 οὖσίαι
1523 4309 1700 4390 ἀυλοι,
1737 4312 1781 4367 εἰ
1829 4335 1895 4368 κα

2000 4319 2121 4372 tum
2149 4312 3074 4390 autdecrementum,secundum
3092 4312 3646 4394 quantitatem;mu-

256 4401 372 4460 κατ’
408 4400 571 4458 ἄλλον
600 4401 793 4477 τρόπον
825 4405 920 4459 οὒκ
952 4404 1090 4457 εἶναι
1135 4399 1405 4479 λέγονται,
1464 4401 1595 4458 καθὸ
1628 4401 1804 4461 κακοί.
1841 4402 1898 4457 Σί

2000 4401 2142 4503 tatio
2172 4411 2368 4464 autem
2414 4406 2742 4466 secundum
2776 4403 3494 4483 substantiam,generalio
3527 4412 3642 4476 est,

256 4492 312 4548 δὲ
341 4492 666 4564 σημείωται,
711 4489 791 4546 ὅτι
825 4489 952 4546 ἀλλο
979 4489 1092 4547 ἒστὶ
1120 4491 1180 4546 τὸ
1210 4490 1286 4551 είς
1317 4490 1376 4545 τὸ
1409 4489 1486 4564 μὴ
1526 4489 1585 4545 ὃν
1617 4488 1790 4546 ἐλθεῖν
1822 4492 1906 4548 καὶ

257 4584 540 4660 φθαρῆναι,
587 4581 673 4637 καὶ
703 4578 833 4636 ἄλλο
879 4579 956 4654 μὴ
1010 4579 1153 4635 εἷναί
1183 4601 1254 4634 τι.
1291 4575 1384 4642 Ὠς
1416 4578 1514 4654 γὰρ
1544 4579 1578 4645 ἡ
1610 4577 1838 4655 γένεσις,
1873 4581 1907 4648 ἡ

255 4671 357 4744 μὲν
391 4668 576 4733 ἀπλῶς
619 4670 786 4742 ἔστιν,
817 4669 892 4730 ὼς
923 4669 957 4735 ἡ
988 4664 1108 4724 κατ’
1143 4669 1344 4724 ὠσίαν·
1383 4669 1412 4734 ἦ
1459 4664 1510 4722 δὲ
1555 4668 1690 4723 κατά
1720 4689 1793 4741 τι,
1839 4670 1911 4730 ὡς

255 4762 292 4827 ἡ
321 4759 440 4815 κατ’
498 4757 804 4836 ἀλλοίωσιν,
862 4755 1003 4814 οὕτω
1061 4758 1150 4813 καὶ
1181 4758 1214 4824 ἡ
1255 4757 1445 4834 φθορὰ,
1480 4757 1511 4824 ’ἦ
1546 4756 1643 4831 μὲν
1701 4756 1909 4830 ἀπλσῦς,

1996 4488 2089 4549 vel
2124 4491 2450 4568 corruptio.
2487 4491 2635 4555 Cum
2681 4494 2875 4574 itaque
2910 4494 3115 4554 mutati
3147 4493 3290 4571 sint,
3329 4490 3648 4571 oportebat

1997 4578 2174 4657 θος,δί
2215 4579 2546 4642 secundum
2579 4581 2962 4643 substantiam
2997 4580 3199 4641 mutati
3223 4581 3642 4651 essent,inter-

1997 4668 2106 4748 ire,
2133 4677 2189 4728 et
2218 4668 2277 4730 in
2325 4670 2576 4731 nihilum
2603 4671 2794 4741 abire;
2828 4670 2932 4732 sed
2965 4688 3108 4732 ecce
3136 4677 3273 4730 sunt
3301 4668 3646 4730 substantiae

1996 4756 2446 4833 immateriales,
2485 4759 2719 4822 tametsi
2739 4759 3064 4821 secundum
3085 4758 3266 4822 alium
3295 4758 3533 4818 modum
3561 4757 3651 4820 di-

256 4851 293 4916 ἡ
327 4846 446 4904 κατ’
476 4848 677 4929 οὖσίαν,
707 4849 743 4916 ἡ
786 4844 842 4903 δὲ
897 4846 1031 4903 κατά
1083 4868 1156 4922 τι,
1212 4848 1247 4915 ἡ
1298 4845 1418 4903 κατ’
1468 4843 1773 4907 ἀλλοίωσιν.
1811 4849 1898 4916 Τὴε

2001 4855 2211 4907 cantur
2242 4866 2358 4908 non
2393 4848 2614 4920 esse,in
2646 4859 2932 4926 quantum
2968 4849 3103 4910 mali
3139 4856 3293 4909 sunt.
3329 4849 3415 4910 Tu
3447 4857 3646 4909 autem

260 4936 386 5016 γοῦν
464 4937 824 5006 ἀλλοιωτικὴν
916 4936 1107 5016 φθορὰν
1182 4935 1502 4998 πεπονθότες
1539 4982 1555 5006 ,
1650 4938 1742 4993 οὒκ
1821 4939 1898 4994 εἶ-

1999 4935 2312 4997 considera
2343 4937 2482 4996 4M
2508 4937 2663 5018 quod
2695 4937 2853 4998 aliud
2886 4943 2982 5009 sit,
3017 4937 3077 4998 in
3115 4937 3363 4999 nihilum
3395 4937 3561 5000 abire
3578 4955 3648 4999 ac

259 5048 346 5082 ναι
390 5025 658 5104 λέγονται·
691 5025 789 5094 τήν
847 5021 902 5080 δὲ
953 5023 1073 5081 κατ’
1133 5025 1310 5083 οὖσίαν
1360 5023 1436 5096 μὴ
1487 5024 1724 5101 γνόντες,
1751 5025 1898 5104 (ἀθά.

1998 5025 2267 5095 interire,
2305 5035 2362 5086 et
2391 5025 2550 5088 aliud
2597 5045 2711 5088 non
2756 5045 2888 5088 esse
2937 5026 3268 5107 quidpiam.
3301 5026 3461 5089 Sicut
3487 5027 3645 5089 enim

261 5115 410 5172 νατόι
441 5114 593 5196 γάρ,)
625 5117 684 5172 οὔ
734 5114 978 5192 λέγονται
1033 5117 1292 5193 φθαρῆναι
1347 5114 1432 5169 καὶ
1493 5114 1567 5175 εἰς
1611 5114 1672 5169 τὸ
1732 5114 1810 5188 μὴ
1855 5115 1898 5170 ὂη

1995 5115 2304 5192 generatio
2334 5115 2446 5177 alia
2480 5115 2718 5196 quidem
2771 5116 3021 5198 simplex
3055 5126 3165 5186 est,
3202 5128 3264 5179 ut
3311 5117 3641 5178 secundum

268 5203 472 5268 ὶλθεῐν,
1995 5203 2382 5264 substantiam
2416 5228 2431 5276 ;
2465 5205 2578 5266 alia
2603 5224 2738 5267 vero
2759 5206 3086 5268 secundum
3123 5207 3282 5266 aliud
3307 5216 3416 5272 est.
3456 5213 3516 5265 ut
3548 5222 3640 5263 se-

266 5292 534 5354 cundum
593 5291 1004 5354 alterationem
1042 5311 1059 5366 ;
1104 5289 1182 5352 ita
1214 5295 1387 5352 etiam
1438 5289 1770 5372 corruptio,
1804 5290 1919 5353 alia
1948 5300 2037 5352 est
2095 5292 2467 5372 simpliciter,
2499 5313 2629 5375 quae
2659 5295 2993 5356 secundum
3053 5293 3436 5356 substantiam
3470 5314 3484 5374 ;
3531 5293 3644 5354 alia

263 5399 410 5443 vero
441 5381 774 5444 secundum
805 5380 974 5464 quid,
1002 5397 1132 5462 quae
1179 5378 1506 5440 secundum
1539 5379 1972 5444 alterationem.
2004 5379 2171 5454 Quod
2227 5383 2427 5462 itaque
2460 5383 2906 5465 corruptionem
2937 5384 3298 5446 alterativam
3327 5381 3644 5458 subierint,

261 5469 554 5561 dicuntur
584 5488 704 5532 non
747 5487 883 5561 esse
903 5473 932 5561 _';
966 5467 1885 5561 cumAautem-illamsecundum
1918 5468 2310 5534 substantiam
2356 5472 2686 5553 ignorarint
2721 5472 3028 5561 (quoniam
3063 5471 3430 5534 immortales
3485 5475 3654 5550 sunt)

262 5578 396 5622 non
429 5559 714 5621 dicuntur
741 5558 990 5623 interire
1019 5566 1077 5620 et
1108 5556 1171 5620 in
1206 5555 1461 5619 nihilum
1493 5555 1684 5622 abire.

351 5682 378 5726 ά
409 5683 590 5747 Item.
621 5697 750 5760 xm,
783 5681 846 5747 4.
