4030 6204
228 401 356 483 797

708 400 808 463 DE
850 400 1148 466 DIVINIS
1187 399 1637 478 NOMINIBUS,
1685 399 1848 464 CAP.
1895 398 2005 465 IV.
2063 428 2141 445 —
2182 400 2568 466 PARAPHR.
2616 394 3127 467 PACHYMERE.

3473 389 3592 464 798

222 541 456 603 κόντων,
492 528 716 603 ’Ἄλλως
760 554 841 594 τέ’
877 538 937 595 Τί
966 538 1024 594 τὸ
1056 537 1110 594 ἐν
1152 535 1363 613 δαίμοσι
1396 537 1581 617 κακόνς
1616 535 1763 593 εἴποι
1795 559 1872 601 τις

1970 534 2139 597 modo
2168 554 2231 598 se
2254 535 2478 598 habere
2501 535 2805 617 proprium
2828 544 2922 599 est
2950 533 3092 597 boni
3117 555 3135 613 ;
3167 534 3445 617 quoniam
3479 534 3592 598 bo-

221 631 318 689 ἄν⁹
358 632 532 706 Θυμὸς
563 628 753 705 ἄλογος
782 628 1017 705 (εὕρητὰι
1071 628 1170 706 γὰρ
1219 628 1272 683 ἐν
1327 632 1463 703 ἡμῖν
1515 628 1600 684 γαὶ
1660 625 1874 705 ἓλλογος

222 721 252 776 ὃ
303 721 443 778 κατὰ
472 718 564 777 τοῦ
606 718 798 797 ἐχθροῦ
851 718 942 774 καὶ
997 719 1093 784 τῆς
1146 714 1458 795 ἀμαρτίας“)
1517 718 1604 774 καὶ
1646 713 1873 781 ἀνόητος

222 808 481 885 ἐπιθυμία
540 796 772 888 (εῧρήται
823 806 922 885 γὰρ
970 808 1057 865 καὶ
1114 805 1199 863 ἐπ’
1267 803 1447 869 ἄλλοις
1493 806 1738 882 ἐπιθυμία
1782 802 1871 860 ἔν-

222 917 376 962 νους⁰
443 895 718 971 Ἐπὶθυμιᾳ
766 896 1075 971 ἐπεθύμησα
1107 943 1123 974 ,
1210 897 1319 970 καί,
1380 895 1514 974 ἀνὴρ
1584 894 1873 970 ἆπιθυμιῶν

222 989 343 1045 τῶν
388 986 705 1066 κρειττόνων
753 988 781 1041 ὃ
816 984 1074 1064 Δανιήλο)
1136 987 1224 1045 καὶ
1266 985 1527 1066 φαντασία
1579 983 1874 1063 προπετὴς,

225 1092 420 1136 εκεϊνα
449 1074 875 1157 φανταζομένους
918 1074 992 1131 ὧν
1044 1096 1173 1132 ποτε
1232 1076 1306 1138 εἷς
1355 1072 1458 1140 ἕξιν
1490 1075 1586 1131 οὒκ
1628 1073 1877 1131 ἐλεύσον-

222 1185 344 1227 ται·
404 1167 518 1224 ἔστι
573 1167 673 1245 γὰρ
729 1166 819 1223 καὶ
877 1166 1133 1245 φαντασία
1184 1167 1243 1221 οὒ
1293 1165 1584 1243 προπετής,
1639 1163 1754 1221 καθ’
1818 1162 1879 1230 ἣν

231 1258 585 1337 ξφαπτόμεθα
644 1261 750 1312 τῶν
792 1255 959 1312 ὄντων
1017 1256 1106 1312 καὶ
1163 1253 1424 1327 δυνατῷν,
1470 1252 1622 1312 Ἐπεὶ
1678 1253 1765 1311 οὖν
1815 1254 1879 1309 τα

226 1354 486 1422 τοιαῦτα,
519 1346 631 1404 εἴτε
688 1369 767 1410 τις
826 1344 971 1402 εἴποι
1026 1347 1091 1403 τὰ
1156 1347 1378 1424 κρείττω
1425 1346 1516 1403 καὶ
1573 1343 1714 1422 παρᾶ
1764 1357 1880 1407 τοῖς

226 1438 462 1515 ἀγαθοῖς
510 1435 779 1515 ἀνδράσιν,
812 1436 924 1492 εἴτε
975 1436 1040 1494 τὰ
1095 1435 1263 1515 χείρω
1320 1437 1407 1492 καὶ
1456 1435 1597 1511 παρὰ
1624 1446 1742 1498 τοῖς
1774 1432 1882 1489 δαί-

233 1549 427 1606 μοσιν,
479 1523 560 1606 ἐφ’
613 1523 804 1602 ἐτέρων
867 1532 1015 1595 ζωων
1073 1525 1381 1582 σοστατικαὶ
1450 1522 1699 1596 δυκάμεις
1756 1525 1875 1592 εἶσὶ,

228 1618 325 1673 καὶ
394 1615 500 1696 οόχ
554 1617 588 1683 ἡ
648 1614 750 1680 ἕξις
808 1615 1030 1689 τούτων,
1093 1613 1212 1671 ἀλλ’
1268 1616 1301 1681 ἡ
1371 1614 1633 1691 ἀναίρεσις
1689 1613 1877 1693 φθορά⁰

1959 642 2100 685 num
2132 632 2221 685 est
2260 625 2737 688 conservativum
2789 624 3139 700 identitatis,
3176 626 3329 691 sicut
3381 624 3603 688 malum

1958 712 2412 775 destructivum.
2472 712 2638 786 Quod
2670 715 2721 776 si
2752 732 2870 777 non
2901 734 3144 796 semper
3173 716 3309 777 mali
3359 715 3604 796 fuerint,

1958 818 2092 862 cum
2122 801 2497 881 reperiantur
2528 803 2668 865 boni
2693 822 2825 866 esse
2855 804 3061 879 creati,
3087 822 3205 866 non
3229 810 3366 866 sunt
3395 813 3605 867 natura

1960 890 2124 964 mali,
2159 891 2263 952 sed
2312 901 2603 973 quatenus
2647 902 2787 955 sunt
2824 901 2885 954 et
2934 893 3130 956 vivunt
3179 901 3236 955 et
3268 892 3609 973 intelligunt

1960 980 2273 1061 participes
2294 989 2433 1042 sunt
2460 980 2623 1061 boni,
2651 1000 2824 1064 quam
2859 982 3064 1064 utique
3080 983 3262 1045 vitam
3289 982 3469 1046 etiam
3492 1000 3605 1063 ap-

1963 1077 2193 1150 petunt;
2217 1069 2322 1131 sed
2346 1069 2627 1133 dicuntur
2649 1072 3114 1153 mali,quatenus
3134 1072 3195 1134 in
3227 1072 3483 1135 naturali
3503 1089 3609 1134 sua

1960 1157 2202 1220 actione
2236 1157 2635 1235 infirmantur,
2670 1168 2728 1222 et
2755 1160 2936 1223 rebus
2964 1161 3079 1224 sibi
3109 1160 3606 1224 convenientibus

1961 1247 2429 1321 deficiunt.Quid
2454 1249 2776 1329 vero,dicet
2797 1250 3033 1333 aliquis,
3071 1258 3357 1333 praeterea
3388 1251 3607 1313 malum

1962 1338 2023 1399 in
2054 1338 2456 1403 daemonibus?
2480 1338 2672 1402 Furor
2698 1340 3058 1404 irrationalis
3089 1341 3413 1418 (invenitur
3445 1340 3606 1404 enim

1963 1426 2141 1490 etiam
2174 1428 2232 1489 in
2262 1428 2436 1490 nobis
2468 1428 2555 1490 ira
2584 1430 2911 1502 rationalis,
2948 1438 3011 1495 ut
3043 1439 3250 1493 contra
3279 1431 3512 1493 hostem
3546 1437 3610 1492 et

1966 1524 2289 1596 peccatum)
2347 1527 2405 1580 et
2446 1519 2937 1600 concupiscentia
2983 1519 3236 1583 demens
3297 1520 3608 1600 (siquidem

1961 1607 2142 1667 etiam
2163 1606 2221 1666 in
2234 1607 2366 1668 aliis
2382 1608 2649 1687 prudens
2665 1610 3148 1691 concupiscentia
3164 1609 3486 1691 reperitur:
3499 1609 3612 1670 De-

226 1704 596 1785 ἀναιρεθέντος
626 1705 726 1781 γὰρ
769 1706 864 1760 τοῦ
896 1708 1082 1777 θυμοῦ,
1133 1709 1231 1771 τῆς
1287 1725 1576 1783 φαντασιας
1640 1704 1723 1759 καὶ
1780 1708 1879 1770 τῆς

1970 1696 2184 1785 riderio
2194 1696 2509 1759 desiderav
2521 1699 2541 1759 i
2554 1700 2587 1773 ί,
2612 1710 2694 1760 et:
2743 1698 2844 1761 Vir
2860 1700 3305 1762 desideriorum
3322 1698 3614 1761 bonorum

225 1795 535 1869 ἕπιθδμίας,
601 1794 715 1852 οῦδὲ
765 1801 899 1864 ζῶον
949 1793 1119 1849 ἔσται’
1152 1792 1236 1850 δια
1264 1796 1427 1850 ταῦτα
1459 1795 1520 1851 οὗ
1566 1793 1703 1849 κακὰ
1744 1799 1876 1849 ταῦ·-

1970 1784 2232 1866 Daniels)
2264 1793 2321 1846 et
2346 1786 2689 1864 imaginatio
2711 1789 3146 1870 praeceps,dum
3173 1787 3619 1866 illaimaginan-

227 1906 327 1964 τα,
359 1884 495 1942 ὥστε
525 1883 637 1941 οὐδὲ
697 1883 751 1940 ἒν
794 1896 909 1947 τοῖς
949 1882 1163 1952 δαίμοσι
1207 1882 1483 1946 παντελῶς
1531 1884 1668 1940 κατὰ
1698 1885 1770 1947 ὡς
1803 1885 1879 1958 μὴ

128 2034 133 2039 ,
229 1974 518 2053 φθαρτικά·
582 1977 675 2033 οὐκ
733 1973 829 2053 Ξὶρα
888 1975 1039 2031 κακοὶ
1093 1972 1227 2030 κατὰ
1283 1973 1461 2054 φύσιν,
1509 1971 1631 2029 ἀλλ’
1788 1974 1880 2029 οὒκ

230 2065 365 2120 εἰσὶν
393 2064 601 2142 ἀγαθοί,
650 2064 750 2122 Καὶ
781 2065 876 2121 οὒκ
904 2062 1175 2131 ἠλλοιώθη
1226 2062 1431 2127 τούτοις
1466 2064 1522 2119 τὸ
1553 2060 1701 2119 δοθὲν
1750 2061 1874 2139 ἁγα-

225 2155 322 2208 θὸν
354 2154 619 2233 χάρισμα,
677 2152 854 2230 ὥσπερ
910 2153 1054 2233 τάχα
1101 2155 1174 2217 εἰς
1224 2152 1581 2228 μεταμέλειαν
1638 2151 1879 2215 ἐλθόντος

226 2248 328 2299 τοῦ
377 2249 530 2316 Θεοῦ,
592 2241 674 2298 ὅτι
732 2244 897 2306 οὓτως
941 2242 1126 2305 αότοὺς
1189 2242 1430 2318 ἐτίμησε,
1491 2244 1569 2318 μὴ
1625 2240 1879 2320 γένοιτοξ

230 2330 357 2387 ἀλλ’
414 2332 557 2387 αὒτοὶ
606 2334 697 2388 τοῦ
754 2330 879 2388 ὅλου
931 2332 1384 2388 ὰποπεπτώκασιν
1415 2330 1638 2410 ἀγαθοῦ,
1674 2331 1880 2405 μύσαν-

231 2442 326 2482 τες
362 2420 530 2477 αὒτῶν
560 2421 653 2483 τὰς
687 2420 1048 2497 ἆγαθοπτικὰς
1102 2419 1372 2499 δυνάμεις,
1426 2421 1599 2483 καθὼς
1651 2420 1769 2499 ἔχει
1795 2422 1882 2476 καὶ

237 2514 297 2569 τὸ
345 2512 463 2587 περὶ
519 2520 602 2570 τοῦ
656 2508 871 2587 Ἰσραὴλ
915 2509 1213 2589 εἰρημένον·
1274 2510 1406 2571 Τοὺς
1451 2508 1750 2587 ὀφθαλμοὺς
1783 2511 1878 2566 αὖ-

232 2606 346 2656 τῶυ
400 2598 730 2675 ἐκάμμυσαν,
772 2601 860 2657 καὶ
911 2613 1029 2661 τοῖς
1087 2600 1183 2655 ὠσὶ
1239 2596 1440 2675 βαρέως
1496 2598 1753 2679 ἤκουσαν,
1802 2599 1878 2673 μή

235 2711 367 2746 ποτε
423 2688 803 2766 ἐπιστρέψωσι,
862 2692 951 2746 καὶ
1020 2689 1254 2763 ἰάσωμαι
1305 2688 1546 2752 αὖτούὺςο
1602 2687 1698 2744 Δια
1730 2697 1884 2747 τοῦτο

237 2780 327 2834 καὶ
383 2777 460 2834 ἔτι
517 2778 727 2857 λέγεται
791 2780 817 2836 ὃ
871 2779 1042 2835 Σατὰν
1077 2776 1404 2857 Ἐωσφὸρος·
1450 2779 1538 2834 καὶ
1593 2781 1646 2833 ἒν
1710 2779 1883 2854 Εὒαγο

235 2868 460 2945 γελξοι;’
517 2865 801 2947 Ἐθεώρουν
875 2870 964 2924 τὸν
1024 2873 1263 2925 Σατανᾶν
1338 2869 1411 2930 ὼς
1490 2866 1764 2945 ἀστραπὴν
1828 2865 1889 2922 ἐκ

235 2966 333 3015 τοῦ
382 2962 600 3036 οὐρανοῦ
658 2959 906 3017 πεσόντα.
992 2959 1115 3035 Περὶ
1185 2959 1283 3035 γὰρ
1358 2958 1456 3024 τὴν
1515 2955 1656 3022 τάξιν
1720 2958 1888 3013 αὖτῶν

238 3049 339 3113 τὴν
396 3046 688 3126 ἀγγελικὴν
746 3050 832 3104 καὶ
880 3045 1142 3129 φωτοειδῆ
1212 3051 1312 3112 τῆν
1367 3043 1578 3110 ἆταξξαν
1644 3047 1729 3104 καὶ
1789 3048 1887 3112 τὴν

1964 1885 2059 1936 tur
2087 1892 2222 1956 quas
2274 1894 2575 1958 nunquam
2609 1877 2913 1940 habebunt
2970 1879 3246 1942 effectum
3284 1901 3300 1952 ;
3334 1884 3426 1941 est
3454 1883 3614 1940 enim

1963 1964 2140 2025 etiam
2157 1964 2499 2043 imaginatio
2519 1966 2766 2029 minime
2780 1986 3194 2050 praecepsque
3222 1987 3292 2031 ea
3314 1987 3445 2049 qua
3474 1974 3616 2029 sunt

1963 2063 2021 2114 et
2053 2054 2182 2115 fieri
2207 2064 2452 2135 possunt
2479 2056 2845 2137 attingimus.
2883 2059 3028 2121 Cum
3054 2059 3249 2138 itaque
3280 2058 3408 2120 haec
3439 2056 3520 2119 ita
3545 2073 3612 2117 se

1967 2143 2248 2218 habeant,
2282 2144 2405 2208 sive
2436 2146 2566 2226 quis
2597 2146 2752 2209 bona
2783 2147 2942 2209 dicat
2972 2148 3047 2210 de
3071 2147 3211 2209 viris
3234 2145 3461 2228 probis,
3487 2143 3611 2206 sive

1969 2232 2123 2295 mala
2153 2233 2227 2295 de
2278 2233 2669 2310 daemonibus,
2705 2236 2766 2298 in
2820 2237 2954 2300 aliis
3002 2247 3200 2300 tamen
3248 2234 3607 2299 animalibus

1967 2330 2104 2383 sunt
2132 2328 2380 2385 virtutes
2431 2325 2849 2407 constitutivze,
2883 2334 2941 2388 et
2996 2343 3366 2407 nequaquam
3399 2325 3614 2386 horum

1967 2410 2228 2493 habitus,
2254 2412 2361 2474 sed
2392 2413 2615 2476 ablatio
2647 2422 2738 2477 est
2770 2414 3277 2496 interitus;ablata
3310 2413 3471 2475 enim
3502 2413 3614 2474 ira-

1969 2500 2206 2579 cundia,
2243 2502 2664 2583 imaginatione
2712 2505 2851 2566 4l6
2883 2512 2940 2566 et
2969 2502 3468 2584 concupiscentia,
3503 2519 3615 2562 nec

1970 2590 2164 2671 ipsum
2199 2592 2417 2654 animal
2442 2595 2581 2676 erit;
2607 2606 2966 2677 quapropter
2990 2595 3117 2656 haec
3139 2612 3259 2654 non
3284 2600 3421 2654 sunt
3438 2591 3614 2667 mala,

1969 2689 2144 2760 atque
2176 2680 2322 2742 adeo
2343 2682 2516 2743 etiam
2549 2683 2610 2744 in
2630 2683 3004 2746 daemonibus
3018 2701 3137 2745 non
3160 2683 3424 2744 omnimo
3461 2680 3612 2741 mala

1971 2777 2134 2842 sunt,
2167 2771 2387 2852 quippe
2427 2771 2560 2835 illos
2593 2792 2711 2835 non
2756 2773 3166 2835 interimentia
3199 2795 3215 2850 ;
3251 2789 3370 2832 non
3422 2775 3617 2851 itaque

1972 2860 2109 2921 mali
2137 2869 2278 2922 sunt
2296 2863 2630 2926 secundum
2655 2870 2952 2937 naturam,
2978 2861 3084 2925 sed
3107 2864 3167 2924 in
3191 2868 3475 2943 quantum
3497 2878 3616 2921 non

1969 2958 2110 3010 sunt
2139 2949 2301 3011 boni.
2331 2949 2537 3032 Neque
2558 2952 2971 3034 bonum,quod
2994 2951 3111 3014 illis
3132 2967 3486 3014 concessum
3504 2955 3614 3021 est,

1972 3041 2208 3118 penitus
2238 3057 2585 3121 perversum
2619 3054 2734 3118 est,
2762 3042 2926 3124 quasi
2944 3041 3094 3104 forte
3118 3040 3399 3122 paeniteat
3428 3038 3617 3100 Deum

240 3137 433 3215 φθορὰν
494 3135 654 3216 ἔσχον
703 3136 763 3193 ἐκ
818 3136 1200 3214 προαιρέσεως,
1259 3135 1433 3197 καθὼς
1492 3135 1578 3191 καὶ
1632 3135 1775 3212 παρὰ
1817 3135 1884 3209 τῷ

1977 3128 2135 3208 quod
2168 3128 2243 3190 ita
2278 3129 2412 3192 illos
2444 3131 2773 3208 honorarit,
2803 3132 2959 3195 absit
2987 3151 3003 3206 ;
3033 3132 3140 3194 sed
3169 3130 3411 3212 ipsimet
3436 3147 3472 3191 a
3502 3136 3619 3189 toto

245 3225 509 3297 ἰεζεκιήλ
563 3227 802 3303 εὕρηται·
858 3226 1090 3305 Ἐιξθάρη
1150 3227 1184 3293 ἡ
1237 3223 1512 3298 ἐπιστήμη
1571 3246 1663 3282 σου
1694 3225 1783 3279 σὺν
1815 3228 1891 3297 τῷ

246 3313 428 3370 καλλει
474 3339 558 3389 σν,
609 3314 852 3382 δηλονότι
912 3318 944 3382 ἡ
1001 3312 1293 3393 φωτοειίὴς
1347 3312 1447 3378 ἕξις
1494 3316 1579 3369 καὶ
1640 3315 1673 3380 ἡ
1720 3312 1887 3390 ἀγγε-

244 3404 557 3477 λοπρέπεια.
620 3410 737 3465 (Idi;
764 3403 816 3460 δὲ
856 3411 946 3459 τοῦ
996 3405 1071 3479 μὴ
1115 3400 1281 3467 ὅντως
1328 3401 1619 3482 ἐφιέμενοι,
1651 3410 1744 3463 τοῦ
1786 3423 1891 3457 κα-

244 3501 341 3550 κοῦ
369 3493 622 3571 ἐφίενται,
662 3493 698 3561 ἢ
732 3492 1002 3565 δηλονότι,
1051 3490 1271 3559 ἀλήθειά
1332 3492 1475 3548 ἐστιν
1532 3493 1559 3547 ὃ
1616 3491 1745 3554 Θεὸς
1807 3492 1891 3545 καὶ

244 3584 325 3658 ὂν;
360 3584 421 3639 τὸ
464 3581 518 3639 δὲ
581 3590 650 3659 τῇ
706 3581 916 3654 δληθεῖᾳ
994 3582 1352 3655 ἀντικείμενον
1400 3577 1611 3659 ψεῦδος,
1675 3577 1791 3636 οὔτε
1835 3578 1893 3634 ὄν

248 3672 413 3745 ἐστιν,
446 3670 544 3738 ’ἔξω
572 3674 673 3750 γὰρ
702 3679 791 3729 τοῦ
849 3678 979 3729 Θεοῦ
1031 3670 1325 3750 παντελῶς,
1374 3668 1491 3726 οὕτε
1550 3670 1705 3725 εἰκὼν
1750 3667 1892 3735 ἁλη-

246 3764 411 3824 θείας.
465 3759 669 3828 Επειδὴ
707 3759 761 3816 δὲ
806 3762 969 3817 πείθει
1018 3762 1163 3825 τινας
1209 3759 1351 3817 εἶναί
1398 3780 1470 3825 τι,
1506 3757 1653 3815 ἔσται
1687 3780 1886 3815 σκοτειο

249 3853 335 3907 νὸν
366 3852 452 3907 καὶ
479 3848 705 3928 ἀμυδρὸν
766 3856 873 3906 τῶν
916 3853 1159 3906 ὁπωσοῦν
1200 3847 1362 3906 ὄντων
1391 3845 1614 3904 εἴδωλον
1651 3866 1664 3883 ⁸
1699 3845 1776 3903 διὸ
1808 3848 1895 3903 καὶ

248 3939 480 4017 ἐνεργείᾳ
538 3939 675 3994 ἐστὶν
719 3937 968 4017 εἴδωλον,
1012 3940 1101 3996 καὶ
1152 3939 1387 4015 ἐνεργείᾳ
1442 3935 1655 4016 ψεῦδος,
1703 3935 1892 3993 τουτέ-

251 4050 364 4084 στιν
421 4028 687 4094 ἀληθινῶς
751 4031 837 4083 καὶ
888 4026 1052 4089 ὅντως
1107 4024 1319 4101 ψεῦδος,
1373 4024 1488 4081 ὅθεν
1520 4027 1608 4081 καὶ
1665 4024 1896 4103 ἐνεργείᾳ

248 4117 326 4192 μή
369 4116 452 4175 ὃν.
500 4113 716 4193 ’Ὠσπερ
759 4117 847 4173 οὖν
898 4117 982 4172 ἐπὶ
1026 4122 1131 4173 τῶν
1163 4112 1366 4191 ψευδῶς
1401 4115 1564 4172 ὄντων
1596 4116 1657 4171 τὸ
1707 4112 1892 4190 das-330;

248 4206 539 4286 ἁναιρεθὲν,
589 4213 759 4262 πᾶσαν
804 4206 898 4272 τὴν
942 4206 1117 4262 οὐσίαν
1147 4212 1239 4260 τοῦ
1290 4205 1603 4283 πράγματος
1636 4206 1843 4280 ἀναιρεῖ
1880 4218 1893 4233 ⁸

952 3986 968 4017 3

1973 3216 2128 3279 bono
2171 3219 2573 3294 desciverunt,
2607 3221 2899 3301 potentias
2929 3240 3065 3284 suas
3089 3220 3227 3283 boni
3251 3219 3460 3280 visivas
3480 3217 3619 3279 odio

1973 3305 2281 3383 habentes,
2307 3309 2478 3389 juxta
2507 3309 2568 3372 id
2620 3310 2775 3391 quod
2810 3312 2884 3373 de
2914 3309 3133 3391 popqu
3164 3307 3490 3371 Israelitico
3522 3306 3619 3368 di-

1973 3404 2132 3457 ctum
2158 3409 2266 3459 est:
2297 3399 2515 3462 Oculos
2533 3418 2674 3463 suos
2694 3400 3124 3471 clauserunt,et
3144 3399 3396 3462 auribus
3424 3397 3624 3477 gravi-

1979 3493 2071 3547 ter
2099 3488 2450 3569 audierunt,
2484 3490 2814 3570 nequando
2843 3495 3300 3564 convertantur,
3328 3493 3382 3550 et
3410 3502 3619 3549 sanam

1975 3592 2071 3637 eos
2092 3577 2147 3634 ιι.
2194 3576 2417 3640 ldcirco
2451 3578 2770 3641 etiamnum
2800 3577 3049 3643 Satanas
3079 3577 3312 3642 Lucifer
3339 3576 3619 3636 nomina-

1980 3674 2094 3739 tur,
2129 3675 2187 3728 et
2232 3668 2291 3729 in
2323 3667 2657 3746 Ewmgeliis
2701 3669 2958 3731 dicitur:
3006 3668 3287 3731 Videbam
3315 3664 3619 3728 Satanam

1976 3762 2129 3818 sicut
2146 3756 2361 3837 fulgur
2390 3758 2461 3821 de
2492 3757 2636 3820 caelo
2658 3758 3026 3821 cadentem’.
3063 3759 3127 3820 ln
3157 3755 3428 3818 ordinem
3460 3753 3621 3814 enim

1976 3862 2149 3905 suum
2182 3846 2515 3926 angelicum
2536 3866 2605 3909 ac
2635 3847 3006 3910 luciformem
3044 3843 3542 3908 inordinationem
3566 3848 3625 3904 et

1977 3934 2286 4020 interitum
2314 3956 2382 3998 ex
2407 3938 2705 4015 proposito
2738 3936 3119 4017 invexerunt,
3143 3935 3300 3997 sicut
3326 3930 3625 4013 reperitur

1979 4024 2131 4104 apud
2157 4025 2533 4089 Ezechielem
2554 4028 2602 4088 ιε
2632 4025 2940 4108 Corru'ptu
2962 4035 3046 4089 est
3074 4027 3332 4087 scientia
3366 4030 3474 4084 tua
3489 4037 3624 4083 cum

1979 4113 2437 4194 pulchritudine
2461 4117 2656 4191 tua,id
2679 4125 2767 4179 est
2784 4116 3111 4179 luciformis
3126 4113 3358 4176 habitus
3380 4118 3437 4172 et
3452 4126 3627 4189 ange-

1982 4202 2132 4265 licus
2162 4204 2368 4269 decor.
2392 4205 2699 4278 Quomodo
2722 4215 2945 4286 autem,
2973 4204 3113 4266 dum
3139 4204 3196 4265 id
3217 4200 3373 4284 quod
3397 4219 3514 4262 non
3537 4206 3627 4261 est

248 4293 386 4350 οὕτω
430 4296 516 4350 καὶ
546 4296 573 4350 ὁ
606 4302 696 4352 τοῦ
726 4293 941 4371 ψεύδους
975 4294 1128 4369 spat,
1162 4295 1235 4349 ὡς
1267 4295 1314 4349 οἱ
1372 4291 1641 4367 δαίμονες,
1687 4300 1778 4349 τοῦ
1821 4291 1884 4365 μθ

1980 4302 2290 4373 appetunt,
2324 4297 2540 4356 malum
2571 4304 2878 4377 appetunt,
2913 4295 3029 4357 nisi
3058 4294 3198 4375 quia
3229 4296 3385 4358 Deus
3418 4289 3632 4351 veritas

246 4386 399 4447 ὁντος
457 4382 571 4462 ἐρᾷ,
632 4385 719 4439 καὶ
777 4384 831 4440 ἐν
887 4390 962 4453 τῷ
1003 4382 1138 4453 ὃκρτι,
1176 4380 1437 4437 τουτέστιν
1471 4382 1524 4436 ἐν
1548 4386 1615 4457 τῇ
1644 4379 1884 4454 ἀληθείᾳ,

1979 4392 2068 4443 est
2109 4394 2166 4445 et
2197 4383 2349 4445 ens?
2378 4384 2534 4465 quod
2563 4375 2757 4447 autem
2796 4385 3022 4447 veritati
3049 4391 3341 4465 repugnat
3375 4379 3627 4444 menda-

248 4473 353 4553 οὔχ
385 4475 629 4539 ἔστηκεν.
679 4476 739 4531 Οἱ
794 4472 882 4529 οὗν
913 4470 1182 4550 δαίμονες,
1241 4471 1371 4525 καθᾶ
1415 4473 1574 4550 φῇσιν
1605 4471 1638 4538 ἡ
1672 4470 1884 4545 Κύριος,

1979 4471 2161 4545 cium,
2197 4492 2390 4552 neque
2435 4493 2543 4536 ens
2572 4484 2680 4548 est,
2717 4473 3013 4555 siquidem
3070 4472 3316 4534 omnino
3349 4479 3439 4532 est
3470 4476 3634 4530 extra

250 4569 474 4638 ψεῦσται
495 4563 666 4637 ὄντες,
699 4564 787 4619 καὶ
815 4562 1037 4639 πατέρες
1068 4568 1158 4617 τοῦ
1205 4558 1448 4638 ψεύδους,
1496 4564 1585 4615 τοῦ
1612 4560 1690 4634 μὴ
1740 4559 1884 4623 ὃντος

1980 4558 2184 4627 Deum.
2217 4581 2323 4623 nec
2348 4564 2539 4642 imago
2563 4563 2845 4627 veritatis.
2882 4564 3023 4625 Cum
3049 4570 3246 4624 autem
3276 4558 3634 4642 persuadeat

251 4652 506 4730 ἐσδέενται,
541 4653 624 4708 καὶ
670 4654 837 4707 uasto-3
866 4649 1116 4730 ἐφίενται.

1978 4649 2330 4730 quibusdam
2365 4671 2605 4732 prorsus
2627 4671 2760 4714 esse
2792 4652 3037 4733 aliquid,
3071 4651 3394 4713 obscurum
3423 4648 3537 4710 erit
3564 4665 3634 4708 ac

254 4750 438 4802 tenue
468 4757 671 4801 rerum
698 4756 935 4820 quoquo
966 4736 1142 4799 modo
1165 4734 1574 4798 exsistentium
1608 4735 2303 4819 simulacrum;quocirca
2327 4748 2500 4803 etiam
2537 4742 2751 4804 ell‘ectu
2782 4741 3165 4803 simulacrum
3199 4751 3309 4815 est,
3338 4746 3396 4800 et
3419 4737 3635 4798 effectu

250 4828 489 4899 falsum,
524 4828 581 4889 id
630 4835 719 4891 est
750 4846 886 4889 vere
932 4844 999 4888 ac
1028 4826 1270 4888 realiter
1295 4824 1531 4904 falsum,
1555 4832 1730 4906 atque
1763 4826 1911 4889 adeo
1946 4828 2122 4888 etiam
2155 4830 2367 4892 effectu
2394 4850 2510 4891 non
2535 4849 2666 4892 ens.
2696 4829 3211 4903 Quemadmodum
3246 4829 3424 4909 igitur
3446 4827 3504 4887 in
3523 4824 3634 4887 fal-

252 4919 337 4979 sis
387 4917 651 4999 cotibus,
683 4922 729 4979 si
781 4916 1003 4978 falsitas
1054 4914 1381 4995 auferatur,
1440 4932 1681 4976 omnem
1744 4917 1831 4977 rei
1883 4916 2271 4981 substantiam
2323 4921 2567 4997 aufert;
2621 4922 2701 4983 ita
2752 4940 2989 5002 quoque
3019 4920 3289 4983 falsitatis
3313 4936 3544 4991 amans,
3580 4930 3643 4982 ut

252 5004 587 5088 daemones,
613 5017 770 5068 amat
802 5005 859 5067 id
883 5004 1041 5086 quod
1073 5024 1190 5066 non
1224 5011 1335 5078 est,
1370 5012 1429 5064 et
1461 5005 1515 5065 in
1551 5021 1620 5065 eo
1646 5005 1809 5080 quod
1840 5015 1954 5081 est,
1986 5008 2046 5069 id
2082 5018 2172 5071 est
2200 5012 2466 5087 veritate,
2495 5030 2613 5071 non
2645 5020 2774 5072 stat.
2809 5009 3123 5072 Daemones
3153 5009 3350 5088 igitur,
3381 5008 3532 5069 sicut
3562 5007 3639 5068 ait

253 5095 573 5173 Dominus,
607 5114 744 5159 cum
807 5095 1124 5157 mendaces
1155 5092 1275 5154 sint
1304 5102 1363 5155 et
1396 5092 1686 5154 mendacii
1719 5103 1939 5173 patres,
1977 5108 2263 5178 appetunt
2322 5101 2378 5162 id
2412 5101 2568 5179 quod
2604 5120 2721 5162 non
2753 5111 2865 5173 est,
2903 5100 3242 5180 malumque
3270 5098 3632 5160 desiderant.

335 5203 375 5283 S
406 5200 616 5266 XXIV.
664 5200 979 5263 Μεταϐκίνει
1007 5201 1091 5258 ἐπὶ
1125 5202 1215 5265 τας
1262 5199 1552 5277 λεγομένας
1586 5203 1753 5266 κακὰς
1789 5208 1884 5279 ψυ-

2062 5211 2089 5282 §
2121 5205 2325 5270 XXIV.
2361 5207 2598 5270 Transit
2649 5208 2721 5268 ad
2755 5206 2943 5268 dictas
2976 5225 3182 5287 pravas
3211 5204 3462 5285 animas,
3497 5222 3630 5265 ser-

254 5294 391 5373 χὰς,
450 5293 728 5369 γυμνάζων
774 5294 860 5349 τὸν
889 5290 1048 5369 λόγον
1107 5295 1194 5346 καὶ
1226 5289 1313 5346 ἐπὶ
1343 5290 1563 5367 τούτων,
1618 5292 1661 5347 εἰ
1689 5289 1897 5349 δύναται

255 5384 343 5440 ἐπὶ
372 5383 574 5448 ταύτης
609 5400 620 5413 '
658 5382 800 5437 εἶναι
848 5402 967 5436 τινα
1000 5380 1177 5437 οὗσίαν
1232 5381 1320 5434 καὶ
1351 5375 1466 5435 καθ’
1510 5381 1633 5437 αὒθὸ
1682 5387 1773 5437 τοῦ
1798 5405 1899 5438 κα-

253 5479 377 5546 κοῦ,
407 5472 496 5528 κιί
516 5489 698 5549 φησιν’
733 5468 902 5526 Ἀλλὰ
922 5469 998 5532 τίς
1032 5469 1411 5547 εἵποιψυχαςς
1449 5470 1613 5531 κακὰς
1642 5489 1658 5542 ;
1682 5473 1899 5544 Καὶμὴν

251 5563 293 5627 ἦ
322 5562 375 5617 ἐν
400 5562 479 5634 τῷ
508 5561 837 5637 συγγίνεσθαι
869 5558 1064 5634 ἑτέροις
1118 5570 1308 5620 κακοῖς
1352 5559 1413 5612 τὸ
1443 5558 1604 5615 κακὸν
1665 5560 1698 5626 ἡ
1745 5564 1897 5642 ψυχὴ

1987 5315 2221 5358 monem
2249 5297 2310 5358 in
2344 5298 2741 5362 iisexercens.
2767 5316 2839 5358 an
2876 5304 3101 5378 possint
3134 5297 3189 5357 in
3214 5295 3295 5361 iis
3326 5295 3500 5355 etiam
3532 5313 3631 5356 se—

1982 5389 2246 5450 cundum
2268 5390 2658 5451 substantiam
2689 5390 2887 5470 aliqua
2906 5407 3039 5450 esse
3073 5388 3248 5463 mala,
3276 5395 3333 5446 et
3365 5386 3480 5447 ait:
3516 5383 3634 5448 Sed

1983 5477 2120 5557 quis
2149 5478 2307 5539 dicat
2357 5482 2590 5539 animus
2622 5496 2756 5539 esse
2789 5479 3018 5539 malas?
3048 5477 3279 5537 Etenim
3314 5473 3401 5535 vel
3434 5492 3502 5535 ex
3535 5492 3630 5550 eo,

1983 5566 2140 5645 quud
2174 5585 2310 5629 cum
2345 5567 2477 5629 aliis
2511 5566 2690 5629 rebus
2723 5568 2889 5628 malis
2920 5574 3208 5642 versetur,
3245 5563 3464 5625 malum
3499 5564 3631 5625 ani-

340 5719 362 5763 !
390 5718 531 5780 Luc.
565 5731 706 5794 xm,
750 5715 841 5779 15.
925 5728 955 5773 ι
982 5714 1133 5781 Dan.
1165 5731 1247 5797 ix,
1276 5711 1355 5775 23
1437 5711 1564 5775 his.
1601 5727 1679 5794 Vl,
1716 5715 1813 5782 10.

1970 5740 2089 5787 .uc.
2117 5744 2174 5807 ι,
2213 5726 2308 5791 t8.
2398 5727 2425 5769 ιι
2454 5723 2595 5807 Cap.
2630 5740 2835 5803 xxvnl,
2865 5725 2920 5787 Ἰ.
