4028 6212
163 346 281 420 SOI

651 346 748 419 DE
793 344 1092 422 DIVINIS
1132 350 1587 437 NOMINIBUS,
1632 345 1797 420 CAP.
1848 354 1951 421 IV.
2001 390 2077 403 --
2120 346 2508 418 PARAPHR.
2555 349 3065 417 PACHYMER/E.

3429 348 3549 419 802

158 487 342 567 λείψει
399 490 505 547 τῶν
568 491 775 570 ἀγαθῶν
831 490 1133 564 κακύνεται,
1203 492 1291 548 καὶ
1344 491 1438 548 οὒκ
1492 489 1603 547 ἔστι
1653 491 1811 547 κακὸν

1898 488 2059 567 quod
2091 487 2508 568 imperfectum
2531 496 2624 549 est
2649 505 2769 549 non
2789 485 2865 548 sit
2881 494 3089 549 contra
3120 495 3417 570 naturam,
3434 484 3549 549 hoc

156 578 522 637 ἕνυπόστατον
555 626 574 653 ,
625 579 761 636 κατὰ
817 579 1262 657 ἆντιπαράστασιν
1322 578 1495 657 λέγων
1529 626 1546 651 ,
1602 578 1690 636 ὅτε
1716 626 1732 659 ,
1778 580 1821 635 εὶ

151 668 298 736 ἦσαν
351 669 449 725 ἰπὶ
494 674 650 743 πᾷσι,
710 671 800 725 καὶ
857 669 925 726 τὰ
985 669 1127 736 πάθη
1189 668 1352 726 κακά.
1388 667 1628 727 ’Ἔπειτα
1686 668 1822 725 κατὰ

151 756 432 837 ἔνστασιν,
483 758 564 814 Bri
606 759 666 815 οὗ
721 758 863 814 κακᾶ
916 756 1005 814 ἐπὶ
1069 764 1247 815 πᾶσιν·
1285 760 1371 815 Eni
1400 759 1502 837 γὰρ
1531 772 1647 824 τοῖς
1684 756 1818 814 ald-

148 868 275 923 γοις
334 848 454 903 τινὰ
507 848 707 904 τούτων
758 849 851 905 καὶ
906 849 1194 905 συστατικὰ
1252 852 1350 916 τῆς
1419 848 1622 927 φύσεώς
1680 848 1814 928 ἐστι,

148 935 480 1011 καὶμᾶλλον
518 935 602 994 διὰ
646 943 805 995 τοῦτο
864 937 925 993 0-3
976 939 1116 995 κακὰ
1175 939 1298 1000 εἰσι,
1340 944 1541 995 Λοιπὸν
1597 936 1659 994 ἐκ
1687 940 1815 995 τού-

148 1047 261 1082 των
293 1024 436 1082 ἰστὶν
468 1026 755 1105 ἀπορῆσαι,
815 1025 897 1083 δτι
955 1026 1041 1083 ἐπὶ
1090 1028 1189 1102 μὲν
1245 1034 1352 1083 τῶν
1408 1026 1661 1108 λογικῶν,
1708 1026 1816 1085 ἰδοὺ

148 1118 187 1183 ἦ
238 1115 486 1192 στέρησίς
546 1123 642 1172 τοῦ
700 1116 920 1194 ἀγαθοῦ,
980 1117 1043 1173 τὸ
1087 1116 1250 1173 κακόν
1319 1115 1484 1191 ἐστιν,
1535 1115 1570 1186 ἢ
1615 1117 1722 1193 μὴν
1779 1118 1813 1185 ἡ

152 1204 400 1262 ἀτέλεια·
438 1203 526 1262 ὅτε
557 1203 763 1273 δηλαδὴ
795 1208 856 1262 τὸ
911 1205 1107 1283 ἀγαθὸν
1164 1209 1223 1264 οὗ
1282 1208 1673 1285 προηγήσεται,
1705 1206 1810 1263 ἆλ-

153 1295 227 1354 λὰ
269 1293 424 1370 μένει
470 1297 505 1363 ἡ
553 1295 707 1375 ψυχὴ
789 1292 863 1350 ἔτι
923 1293 1139 1362 ἀτελής
1194 1295 1279 1352 ἐπὶ
1335 1295 1390 1351 δὲ
1451 1303 1557 1352 τῶν
1603 1296 1812 1365 ἄλόγῶν

152 1385 337 1461 ζώων,
390 1384 504 1441 ἐπεὶ
561 1384 657 1441 οὒκ
711 1385 808 1441 εἰσὶ
857 1382 1073 1441 δεκτικᾶ
1129 1383 1311 1462 λόγου,
1366 1386 1480 1451 πῶς
1536 1385 1809 1467 εἴποιμεν,

152 1472 240 1529 ὅτι
303 1474 441 1530 κατᾶ
495 1473 751 1531 ἀπουσίαν
826 1481 921 1530 τοῦ
995 1476 1194 1551 αγαθοῦ
1240 1474 1306 1531 τὰ
1353 1473 1496 1543 πάθη
1554 1476 1810 1552 γίνονται,

152 1562 699 1642 Ἀναγκασθὴσόμεθα
763 1565 933 1619 τοίνυν
988 1562 1221 1620 ἐντεῦθεν
1310 1565 1504 1639 εἰπεῖν,
1564 1564 1644 1621 ὅτι
1719 1566 1814 1621 εἶσὶ

150 1653 243 1709 καὶ
275 1654 418 1709 κακὰ
446 1652 563 1709 καθ’
597 1652 780 1726 ἑαυτὰ,
814 1654 900 1709 καὶ
946 1652 1071 1732 οὒχὶ
1127 1659 1196 1729 τῇ
1254 1661 1345 1710 τοῦ
1390 1656 1587 1732 ὰγαθοῦ
1643 1655 1815 1712 ἀπουο

153 1740 244 1813 σία
276 1742 734 1821 παροφιστάμενα.
772 1738 837 1798 Ἦ
880 1740 1129 1820 λέγομεν,
1188 1741 1272 1798 ὅτι
1326 1745 1415 1799 καὶ
1456 1742 1667 1805 πάντως
1724 1746 1814 1801 οὖν

1902 577 2028 656 ipso
2058 595 2156 638 res
2185 585 2300 651 est,
2324 595 2440 657 quo
2463 574 2797 639 secundum
2840 587 3114 637 naturam
3171 582 3281 637 est.
3338 568 3547 638 Totius

1900 666 2102 747 itaque
2123 665 2405 727 orationis
2436 683 2650 727 sensus
2697 662 3023 734 concludit.
3058 664 3319 726 animam
3352 664 3406 726 si
3434 665 3545 727 de-

1903 762 2197 834 pravetur,
2232 753 2525 815 bonorum
2561 753 2796 816 defectu
2829 752 3168 833 depravari,
3202 761 3381 835 atque
3412 771 3543 815 ma-

1902 842 2023 904 lum
2072 861 2192 904 non
2242 860 2375 904 esse
2406 842 2547 921 quid
2576 841 2930 924 subsistens;
2966 860 3071 921 per
3102 841 3542 923 oppositionem

1901 930 2131 1007 dicens,
2169 935 2326 1012 quod
2359 932 2408 993 si
2443 931 2719 994 omnibus
2768 932 3071 1011 passiones
3119 938 3321 994 essent
3349 931 3543 994 mala.

1900 1018 2130 1083 Deinde
2159 1020 2259 1081 dat
2282 1020 2811 1102 instantiam,qnod
2846 1040 2963 1082 non
2990 1020 3267 1083 omnibus
3283 1026 3401 1082 sint
3424 1038 3545 1082 ma-

1899 1108 1973 1171 la;
2000 1131 2014 1169 :
2056 1129 2189 1171 nam
2219 1108 2281 1172 in
2314 1109 2503 1172 brutis
2534 1109 2932 1188 quorumdam
2968 1117 3172 1171 natura
3201 1109 3365 1173 hisce
3390 1128 3544 1173 con-

1896 1207 2032 1280 stat,
2065 1206 2123 1261 et
2155 1198 2381 1262 idcirco
2426 1200 2620 1280 potius
2670 1218 2788 1261 non
2840 1199 3009 1261 malai
3055 1207 3214 1263 sunt.
3248 1194 3541 1262 (laterum

1896 1289 2038 1351 hinc
2070 1298 2271 1352 manet
2304 1288 2957 1370 dubium,quomodoin
2984 1289 3215 1351 ratione
3244 1288 3546 1352 utentibus

1898 1379 2155 1459 privatio
2184 1378 2345 1460 boni,
2379 1380 2470 1441 vel
2503 1379 2713 1442 saltem
2756 1377 3157 1458 imperfectio,
3191 1378 3410 1440 malum
3445 1384 3540 1454 sit,

1897 1468 2140 1549 quando
2171 1468 2454 1529 nimirum
2486 1467 2707 1529 bonum
2742 1486 2859 1528 non
2890 1467 3405 1549 promovetur,sed
3425 1467 3548 1530 ani-

1900 1575 1995 1618 ma
2027 1565 2228 1619 manet
2250 1557 2621 1639 imperfecta;
2648 1558 2709 1618 in
2741 1556 2934 1619 brutis
2960 1566 3182 1638 autem,
3218 1575 3353 1619 cum
3376 1556 3543 1621 inca-

1900 1647 2067 1727 pacia
2096 1648 2212 1709 sint
2242 1647 2822 1729 rationis,quomodo
2853 1647 3121 1709 dicemus
3154 1664 3260 1727 per
3282 1645 3422 1708 boni
3445 1646 3547 1708 ab-

1897 1737 2151 1797 sentiam
2187 1742 2495 1817 passiones
2524 1735 2839 1799 exsistere?
2866 1737 3162 1816 Cogemur
3215 1735 3417 1817 itaque
3448 1735 3547 1800 hic

153 1830 244 1886 ἑπὶ
294 1843 414 1894 τοῖς
474 1828 691 1907 ἀλόγοις
721 1831 788 1886 τὰ
818 1831 985 1911 πάθη,
1029 1833 1119 1887 τὸν
1162 1833 1326 1907 θυμὸν
1383 1830 1525 1911 λέγω
1581 1835 1669 1889 καὶ
1721 1834 1811 1902 τὴν

1899 1823 2292 1906 dicere,qnod
2320 1826 2439 1888 sint
2472 1826 2648 1888 etiam
2680 1827 2947 1907 quaedam
2973 1827 3123 1889 mala
3152 1844 3264 1908 per
3293 1844 3383 1900 se,
3416 1842 3547 1907 quae

152 1921 464 1994 ἑπιθυμίαν,
527 1921 665 1975 κατὰ
725 1922 968 1979 ὁπωσοῦν
1000 1922 1229 1992 τίθησιν,
1278 1919 1396 1977 ἀλλ’
1431 1924 1489 1979 οὒ
1519 1924 1681 2003 κακὰ,
1729 1924 1816 1979 καὶ

155 2008 366 2085 μᾶλλον
425 2011 712 2066 συστατικᾶ
790 2016 898 2066 τῶν
971 2010 1199 2091 φύσεων.
1278 2010 1668 2090 ’Δναιρεθέντος
1727 2014 1813 2070 οὑν

154 2105 249 2155 τοῦ
300 2096 722 2174 ὲκλαμϐέγεσθαι
771 2101 836 2157 τὰ
873 2101 1016 2166 πάθη
1076 2102 1215 2157 κακὰ
1272 2100 1358 2158 ἐπὶ
1414 2107 1520 2157 τῶν
1575 2099 1809 2180 ἀλόγων,

155 2188 462 2266 ἀναιρεῖται
515 2192 603 2246 καὶ
657 2191 692 2257 ἡ
735 2189 947 2269 ἀπορία·
1003 2191 1048 2246 εἰ
1104 2192 1202 2269 γὰρ
1238 2190 1335 2247 οὒκ
1364 2191 1463 2247 εἰσὶ
1519 2195 1678 2264 κακὰ,
1713 2213 1812 2248 πε-

155 2279 343 2357 ριστὸν
400 2286 583 2350 ζητεῖν
630 2281 674 2335 εἰ
722 2278 840 2337 καθ’
913 2281 1043 2337 αὐτὰ
1098 2279 1238 2337 κακά
1287 2281 1408 2353 εἱσι,
1455 2282 1544 2337 καὶ
1575 2282 1635 2337 οὗ
1680 2283 1813 2338 κατὰ

155 2369 257 2435 τὴν
312 2378 419 2443 τοῦ,
462 2368 658 2447 ἀγαθοῦ
706 2367 985 2426 ἀπουσίαν·
1044 2367 1155 2425 ἔστι
1212 2369 1314 2449 γὰρ
1342 2376 1434 2426 τοῦ
1476 2369 1660 2436 ἁπλῶς
1717 2371 1813 2428 ὄι-

154 2478 270 2520 τος.
336 2464 606 2533 Ζητοῦμεν
656 2460 740 2514 καὶ
770 2460 852 2535 τὸ,
888 2458 924 2526 ἢ
955 2457 1047 2515 όὸτ
1065 2481 1120 2523 ος
1150 2456 1186 2527 ἥ
1216 2462 1379 2524 οὕτως
1438 2458 1598 2516 ἐστίν’
1630 2459 1813 2527 ἆπλῶς

155 2546 209 2602 δὲ
242 2548 329 2622 μὴ
384 2546 528 2611 ὄντος
561 2550 822 2622 τοιούτου,
860 2548 1083 2627 περιττὴ
1138 2550 1226 2605 καὶ
1281 2549 1509 2616 ἀνόητος
1554 2549 1589 2617 ἡ
1638 2552 1814 2627 ζήτῃ-

158 2660 247 2700 σις

235 2902 509 2984 ᾗΧΧνῙ.
580 2902 853 2963 Ἐκϐαλων
909 2908 965 2963 τὸ
1021 2908 1184 2963 κακον
1234 2906 1339 2964 ἀπὸ
1383 2910 1491 2964 τῶν
1541 2908 1808 2988 ἀγγέλων,

1902 1933 2020 1976 non
2052 1914 2321 1977 oriantur
2345 1934 2415 1977 ex
2442 1914 2712 1977 absentia
2742 1913 2909 1977 boni.
2941 1913 3046 1977 Vel
3081 1915 3541 1995 respondemus,

1898 2009 2073 2066 etiam
2100 2005 2161 2066 in
2183 2003 2373 2066 brutis
2400 2004 2729 2068 istiusmodi
2751 2007 3152 2084 passiones,ut
3182 2013 3323 2069 sunt
3353 2004 3458 2067 irze
3486 2013 3547 2066 et

1897 2093 2592 2175 concupiscentiaamullo
2626 2093 2800 2156 modo
2835 2112 2966 2157 esse
3000 2093 3320 2168 malas,sed
3344 2093 3542 2176 potius

1897 2201 2103 2245 eorum
2136 2193 2374 2246 naturas
2416 2184 2800 2247 constituere.
2833 2182 2893 2246 Si
2948 2194 3194 2262 negetur
3234 2182 3435 2265 itaque
3478 2183 3541 2247 in

1897 2271 2090 2335 brutis
2122 2274 2429 2355 passiones
2458 2291 2589 2336 esse
2614 2272 2818 2354 malas,
2839 2271 3083 2335 dubium
3119 2291 3354 2354 quoque
3383 2272 3543 2335 tolli-

1896 2370 2014 2438 tur;
2047 2363 2096 2425 si
2120 2364 2276 2425 enim
2312 2382 2429 2426 non
2453 2363 2574 2425 sint
2604 2364 2793 2439 malae,
2828 2364 3199 2442 superﬂuum
3236 2366 3535 2444 eritquaa-

1896 2471 2032 2515 rere
2062 2472 2205 2515 num
2240 2472 2344 2536 per
2363 2473 2430 2517 se
2461 2454 2632 2518 malas
2652 2453 2794 2536 sint,
2821 2464 2879 2515 et
2901 2473 3019 2516 non
3033 2455 3372 2518 secundum
3397 2452 3539 2516 boni

1896 2542 2249 2624 absentiam;
2277 2552 2367 2605 est
2396 2548 2555 2606 enim
2587 2542 2743 2605 entis
2771 2542 3147 2625 simpliciter.
3203 2539 3538 2615 Quaerimus

1897 2632 2105 2711 etiam,
2137 2651 2211 2693 an
2242 2632 2330 2695 sic
2350 2652 2424 2695 an
2439 2632 2614 2696 aliter
2628 2650 2693 2695 se
2715 2633 2952 2707 habeat;
2974 2633 3050 2695 de
3062 2651 3133 2695 eo
3150 2640 3348 2694 autem
3370 2630 3533 2713 quod

1896 2722 2245 2802 simpliciter
2276 2741 2395 2784 non
2428 2731 2538 2798 est,
2583 2721 2922 2784 istiusmodi
2951 2720 3202 2803 quaestio
3233 2721 3538 2802 superﬂua

1896 2819 1987 2873 est
2018 2818 2077 2873 et
2107 2811 2424 2892 insipiens.

1975 2900 2004 2982 §
2032 2901 2243 2966 XXVI.
2273 2901 2384 2966 Ubi
2404 2903 2623 2965 malum
2658 2901 2732 2964 ab
2757 2901 3008 2985 angelis,
3034 2902 3176 2984 quin
3200 2910 3257 2965 et
3285 2901 3531 2965 omnino

152 2994 232 3051 ἔτι
263 2992 322 3049 δὲ
363 2997 426 3050 τὸ
454 2992 728 3060 παντελῶς
757 2997 920 3052 κακὸν
949 2999 1038 3053 καὶ
1082 2995 1188 3052 ἀπὸ
1232 2999 1338 3053 τῶν
1395 3000 1552 3073 νοῶν,
1588 3000 1675 3055 καὶ
1705 2998 1811 3055 ἀπὸ

1898 2994 2113 3054 malum
2135 2993 2308 3055 etiam
2336 3012 2369 3053 a
2394 2992 2694 3055 mentibus
2718 3002 2775 3054 et
2792 2993 3012 3056 animis
3035 3001 3209 3075 atque
3229 2999 3470 3072 insuper
3499 3012 3533 3053 a

151 3085 262 3142 τῶν
307 3088 526 3164 ψυχῶν,
554 3086 643 3141 καὶ
672 3084 749 3139 ἔτι
778 3084 883 3141 ἀπὸ
914 3092 1019 3142 τῶν
1062 3084 1355 3161 δαιμόνων,
1414 3093 1501 3144 νῦν
1562 3084 1809 3145 ἐκϐάλλει

1898 3079 2264 3145 daemonibus
2307 3084 2582 3159 removit,
2617 3101 2775 3145 nunc
2824 3082 2968 3145 illud
2999 3102 3034 3145 a
3072 3081 3255 3146 rebus
3300 3100 3538 3163 quoque

156 3176 287 3234 αῦτὸ
318 3175 409 3230 καὶ
434 3173 543 3230 ἀπὸ
572 3174 678 3230 τῶν
707 3172 907 3248 ἄλλων,
941 3176 1029 3231 καὶ
1059 3182 1267 3254 πρῶτον
1324 3177 1430 3234 ἀπὸ
1486 3182 1584 3245 τῆς
1642 3182 1807 3235 καθο-

1898 3171 2027 3233 aliis
2058 3172 2409 3248 excludit,et
2441 3174 2696 3253 primum
2723 3191 2757 3234 a
2787 3182 2996 3235 natura
3043 3191 3247 3235 rerum
3296 3171 3538 3234 univer-

155 3262 316 3331 λικῆς
374 3264 484 3319 τῶν
542 3262 707 3319 ὄντων
766 3264 993 3343 φύσεως.
1060 3266 1256 3329 Πάντες
1310 3265 1458 3347 γοῦν,
1518 3268 1701 3347 φησὶν,
1761 3270 1809 3324 οἱ

153 3360 263 3409 τῶν
324 3353 532 3430 φύσεων
590 3351 741 3429 λόγοι
795 3355 883 3410 καὶ
943 3355 1123 3430 αὶτίαι,
1164 3353 1275 3413 καθ’
1308 3355 1394 3421 οὓς
1427 3357 1674 3435 γεγόνασι
1721 3357 1811 3413 καί

153 3444 282 3522 εἰσι,
347 3443 486 3521 παρὰ
557 3442 651 3509 τῆς
714 3443 855 3505 θείας
913 3446 1119 3524 φύσεως
1190 3447 1541 3525 ὑπαρχουσιν·
1626 3444 1811 3513 ἥντινα

156 3532 395 3591 καθόλου
428 3530 607 3608 καλεῖ,
644 3531 827 3601 ἐπειδὴ
857 3532 909 3599 ἐξ
941 3534 1105 3601 αὖτῆς
1139 3533 1232 3615 ἔφυ
1277 3537 1343 3590 τὰ
1372 3534 1493 3594 ὅλοι.
1527 3532 1724 3602 ’¹Ολην
1756 3533 1811 3591 δὲ

155 3625 338 3701 φύσιν,
371 3622 544 3678 πάντα
603 3622 669 3679 τα
725 3624 829 3679 ὑπὸ
889 3630 1020 3681 Θεοῦ
1071 3623 1367 3681 πλασθέντα
1401 3622 1671 3701 ἐκάλεσεν,
1702 3629 1806 3685 Οὖ-

154 3710 248 3768 δὲν
305 3718 396 3769 οῦν
437 3711 569 3787 ἐστι,
604 3712 786 3790 φησὶν,
822 3711 875 3769 ἒν
905 3719 974 3790 τῇ
1003 3714 1153 3795 φύσει
1184 3712 1313 3793 ὅπερ
1357 3713 1481 3771 ὅλον
1521 3712 1669 3781 ὅλοις
1712 3715 1806 3771 ἂν·

152 3803 408 3872 τίκειται,
442 3803 504 3858 τὸ
532 3802 631 3879 γὰρ
659 3823 763 3858 τινι
792 3808 898 3859 τῶν
951 3801 1118 3859 ὅντων
1175 3805 1319 3882 παρὰ
1371 3804 1471 3871 τὴ)
1518 3807 1677 3863 αὖτοῦ
1707 3804 1806 3883 φό-

153 3914 247 3948 σιν
304 3890 471 3969 ἑτέρῳ
516 3889 631 3947 ἐστὶ
683 3891 859 3971 φύσις,
893 3902 1045 3951 τοῦτο
1098 3891 1152 3949 δὲ
1210 3893 1432 3972 ἀγαθὸν,
1467 3894 1503 3963 ἡ
1529 3894 1629 3973 γὰρ
1658 3894 1807 3975 φύσις

151 3980 301 4038 ἱστὶν
331 3979 479 4060 ἀρχὴ
510 3982 770 4049 κινήσεως
797 3982 885 4038 καὶ
920 3982 1165 4059 ἠρεμίας·
1226 3984 1287 4040 τὸ
1339 3980 1392 4039 δὲ
1446 3983 1623 4041 κινοῦν
1670 3982 1808 4041 ἐστιν

150 4073 182 4126 ὁ
217 4071 470 4136 ἀκίνητος
502 4068 688 4148 λόγος,
718 4073 753 4139 ἡ
785 4072 897 4127 θεία
928 4070 1124 4151 τέχνη.
1173 4070 1264 4138 ἐὶς
1296 4075 1423 4151 γοῦν
1456 4074 1511 4129 ἐν
1540 4086 1657 4139 τοϊς
1711 4094 1806 4130 τε-

146 4172 375 4239 χνικοῖς
406 4158 801 4235 ἂποτελὲσμασι
832 4161 950 4226 τοὺς
986 4164 1086 4228 τῆς
1138 4160 1340 4243 τέχνης
1396 4162 1586 4241 λόγους
1618 4162 1674 4219 ἐν
1704 4163 1806 4221 αὖ·

1891 3261 2027 3323 sali.
2061 3266 2284 3326 Omnes
2314 3280 2479 3342 ergo,
2524 3262 2735 3343 inquit,
2778 3271 3123 3326 naturarum
3174 3261 3438 3325 rationes
3469 3280 3538 3324 ac

1894 3368 2109 3426 causa},
2144 3352 2474 3414 secundum
2495 3369 2646 3432 quas
2664 3351 2837 3415 factae
2866 3360 3003 3413 sunt
3022 3358 3081 3413 et
3109 3351 3432 3431 existunt,a
3454 3350 3542 3412 di-

1894 3446 2026 3501 vina
2081 3450 2290 3503 natura
2340 3446 2596 3503 existunt
2631 3461 2644 3504 :
2678 3459 2853 3522 quam
2906 3440 3303 3504 universalem
3344 3447 3534 3517 vocat,

1894 3531 2033 3612 quia
2063 3549 2133 3594 ex
2156 3531 2283 3611 ipsa
2304 3537 2578 3593 universa
2602 3528 3315 3611 procedunt.Universam
3338 3538 3535 3591 autem

1895 3628 2360 3696 naturam,vocat
2376 3620 2575 3683 omnia
2602 3637 2736 3699 qua
2757 3619 2931 3683 aDeo
2956 3627 3154 3683 creata
3179 3627 3337 3683 sunt.
3374 3615 3536 3681 Nihil

1893 3710 2489 3791 igitur,inquit,estin
2515 3729 2715 3773 rerum
2766 3717 2976 3772 natura
3018 3708 3177 3791 quod
3209 3706 3534 3772 universim

1893 3801 2187 3863 universis
2211 3799 2793 3880 contrarietur;qnod
2819 3798 2980 3861 enim
3002 3799 3181 3862 alicui
3209 3798 3300 3861 rei
3328 3802 3540 3861 contra

1894 3897 2162 3951 naturam
2188 3897 2301 3970 est,
2322 3889 2490 3951 alteri
2522 3897 2612 3951 est
2640 3897 2875 3965 natura,
2909 3889 3022 3951 boc
3051 3895 3249 3950 autem
3283 3886 3531 3962 bonum,

1890 3978 2185 4060 siquidem
2209 3986 2419 4042 natura
2441 3977 2799 4061 principium
2838 3985 2929 4041 est
2975 3986 3170 4040 motus
3200 3985 3257 4040 ct
3288 3975 3533 4057 quietis;

1890 4068 1991 4130 ille
2017 4078 2209 4130 motus
2238 4079 2438 4132 autem
2462 4077 2551 4132 est
2567 4068 2719 4131 ratio
2749 4067 3073 4129 immobilis
3099 4076 3159 4130 et
3185 4086 3282 4128 ars
3312 4066 3531 4130 divina.

1889 4157 2056 4221 Sicut
2080 4159 2255 4239 igitur
2280 4160 2339 4220 in
2372 4160 2598 4223 effectis
2644 4157 3051 4220 artiﬁcialibns
3097 4156 3359 4219 rationes
3388 4154 3536 4218 artis

144 4262 273 4314 τοῖς
305 4249 483 4322 μένειν
524 4248 773 4330 λέγομεν,
822 4252 912 4307 καὶ
956 4250 1214 4317 πολλάκις
1271 4251 1558 4328 βλέποντες
1616 4261 1800 4333 ταῦτα,

1898 4264 2207 4311 remanere
2231 4249 2371 4311 419
2410 4249 2684 4321 dicimus,
2719 4257 2777 4314 et
2816 4265 3227 4329 saepenumero
3258 4263 3390 4309 cum
3424 4245 3535 4307 bos

144 4336 218 4395 Ὠ
278 4338 374 4397 οἵα
429 4338 636 4419 τέχνηῐ
700 4341 896 4420 φαμὲν,
970 4339 1325 4413 ἐκθειάζοντες
1374 4344 1436 4399 τὸ
1505 4342 1802 4421 ὁρώμενον·

1898 4339 2213 4416 cernimus,
2248 4336 2297 4402 Ο
2329 4340 2536 4401 miram
2570 4348 2759 4401 artem
2789 4345 2801 4400 t
2837 4337 3257 4417 exciamamus,
3285 4335 3343 4397 id
3366 4335 3533 4415 quod

142 4427 292 4484 0310)
322 4428 413 4485 καὶ
445 4426 500 4485 ὲν
542 4441 658 4493 τοῖς
692 4442 936 4509 ξυσικοϊς
982 4435 1143 4487 πᾶσιν
1172 4432 1218 4486 οἱ
1249 4430 1401 4510 λόγοι
1431 4431 1527 4500 τῆς
1551 4429 1804 4511 δημιουρ-

1898 4427 2157 4489 ridemus
2189 4427 2577 4501 admirantes;
2610 4429 2694 4491 sic
2732 4428 2907 4493 etiam
2938 4426 2999 4488 in
3030 4424 3209 4489 rebus
3255 4425 3539 4488 omnibus

139 4518 268 4594 -ίέας
314 4516 555 4591 μένουσι,
610 4524 731 4582 Heia;
786 4525 913 4596 γοῦν
967 4517 1111 4576 ἔσται
1156 4521 1212 4575 ἑν
1269 4527 1338 4596 τῇ
1396 4520 1623 4577 καθόλου
1651 4521 1800 4601 φύσει

1898 4516 2260 4580 naturalibus
2274 4520 2597 4581 creationis
2612 4518 2875 4580 rationes
2898 4516 3535 4598 permanent.Qnomo-

154 4571 266 4594 δατ
314 4571 379 4591 ιδ⁷
428 4571 555 4580 ⁷⁷⁷⁷*
611 4571 728 4582 ⁷⁷⁷⁷*
799 4571 905 4596 1⁷⁷⁷
972 4571 1110 4576 ⁷⁷⁷⁷⁷⁷
1158 4571 1203 4575 ⁷·
1280 4571 1338 4596 ".I
1399 4571 1617 4577 """""
1656 4571 1800 4601 7""

140 4629 198 4662 τι
229 4607 493 4687 ἐναντίοις
538 4609 632 4665 Καὶ
664 4609 710 4665 οἱ
740 4609 795 4664 ἒν
839 4621 957 4673 τοῗς
1014 4607 1446 4688 δημιουργήμασι
1500 4609 1653 4689 λόγοι
1702 4610 1801 4666 τίνι

1898 4606 1963 4667 do
1989 4606 2167 4684 igitur
2203 4605 2528 4688 quidquam
2580 4609 2874 4671 universa;
2899 4571 3140 4667 rnatura)
3188 4604 3373 4685 possit
3401 4622 3533 4667 esse

142 4695 654 4774 ἐναντιωθιίσονταις
705 4702 794 4772 Τῷ
836 4704 1063 4778 ποιητῇς
1114 4698 1236 4755 ἀλλ’
1268 4701 1362 4756 οὒκ
1410 4699 1619 4777 εὖαγὲς.
1653 4696 1802 4756 Ἀλλ’

1898 4695 2282 4758 contrarium?
2305 4694 2374 4757 Et
2405 4697 2667 4758 rationes
2691 4705 3099 4759 creaturarum
3148 4693 3245 4756 cui
3292 4703 3532 4756 contra-

142 4786 394 4866 ὲαυτοῖς;
453 4787 543 4843 καὶ
600 4785 746 4845 οῦδὲν
801 4809 852 4844 τι
905 4788 1262 4860 ὑποστήσεται
1329 4789 1573 4846 πώποτε.
1647 4787 1803 4863 Ἀλλ’

1898 4786 2029 4846 riari
2056 4784 2311 4865 possint?
2324 4784 2700 4849 Creatorine?
2730 4785 2835 4849 sed
2867 4786 2977 4847 hoc
3008 4785 3275 4866 impium.
3298 4783 3389 4844 An
3418 4781 3534 4844 sibi

142 4876 301 4949 ἄλλῳ
331 4877 458 4949 rivi;
502 4878 590 4933 καὶ
650 4875 791 4934 ἔστιν
848 4876 1024 4957 ἕτερον
1072 4878 1215 4958 παρὰ
1271 4885 1363 4935 τοῦ
1424 4877 1645 4935 καθόλου
1674 4880 1803 4957 πρὸς

1898 4872 2064 4954 ipsis?
2083 4883 2144 4937 et
2164 4874 2252 4937 sic
2282 4874 2426 4937 nihil
2453 4894 2709 4957 unquam
2742 4875 3045 4938 subsistet.
3076 4876 3170 4937 An
3197 4873 3370 4935 altcri
3403 4877 3532 4935 cui-

137 4969 171 5023 ’ὃ
208 4969 242 5035 ἡ
275 4967 440 5046 μάχη
472 4968 775 5044 γενήσεται.
842 4967 1040 5027 Οὖκοῦν
1092 4970 1186 5026 οῦκ
1233 4967 1348 5026 ἔστι
1384 4970 1444 5026 τὸ
1475 4968 1662 5049 κακὸν,
1696 4966 1811 5025 οὐδὲ

1898 4962 2091 5047 piam?
2118 4972 2177 5025 et
2212 4964 2327 5025 erit
2357 4965 2657 5028 diversum
2689 4964 2762 5028 ab
2797 4968 3071 5027 universo
3102 4981 3239 5025 cum
3270 4982 3388 5044 quo
3421 4982 3533 5044 pn-

138 5057 201 5112 ὲν
240 5058 322 5131 τῷ
353 5055 604 5119 καθόλου,
639 5066 767 5120 Τοῖς
827 5055 882 5113 δὲ
937 5055 1057 5115 κατ’
1117 5056 1250 5124 εἶδος
1309 5059 1408 5124 τῖς
1466 5055 1811 5137 δημιουργίας

1898 5053 2120 5131 gnabit.
2155 5052 2360 5131 Itaque
2389 5072 2504 5115 non
2540 5064 2629 5116 est
2662 5054 2880 5116 malum
2911 5054 3091 5116 etiam
3137 5052 3197 5113 in
3229 5058 3529 5115 universo.

138 5148 202 5203 εἴ
255 5169 308 5203 τι
358 5144 420 5201 ἓν
470 5146 558 5203 καὶ
609 5146 892 5225 πρόσεστιν
945 5146 1198 5230 ἐναντίον,
1257 5154 1414 5206 τοῦτο
1470 5149 1610 5226 παρὰ
1660 5146 1811 5228 (γεῦσιν

1898 5144 1953 5204 Si
1974 5142 2111 5224 quid
2125 5153 2321 5205 autem
2351 5142 2528 5205 alicui
2558 5145 2893 5206 secundum
2926 5143 3192 5224 speciem
3212 5140 3533 5204 creationis

131 5236 389 5314 λέγεται,
438 5237 527 5293 καὶ
584 5236 643 5293 οὗ
698 5237 837 5293 κατά
893 5236 1070 5317 φύσιν
1102 5240 1175 5300 ὣς
1224 5240 1286 5295 τὸ
1334 5237 1578 5320 φέρεσθαι
1610 5233 1718 5292 ἅνω
1744 5238 1803 5293 τὸ

1898 5250 2014 5294 sua:
2033 5232 2262 5294 accidat
2277 5232 2669 5313 contrarium,
2693 5233 2750 5295 id
2768 5233 2984 5294 dicitur
3007 5240 3211 5295 contra
3235 5241 3527 5306 naturam,

130 5324 309 5406 ὕδωρ,
346 5327 431 5380 καὶ
467 5324 612 5382 καίτοι)
669 5327 728 5382 τὸ
792 5335 918 5405 πῦρ.
982 5333 1147 5386 Τοῦτο
1202 5326 1256 5383 δὲ
1308 5327 1553 5406 στερήσει
1602 5326 1801 5407 φύσεως

1898 5328 1943 5383 et
1971 5340 2088 5383 non
2120 5323 2451 5385 secundum
2495 5330 2762 5384 naturam
2817 5323 3115 5396 accidere;
3166 5322 3317 5383 sicut
3361 5337 3416 5381 ν.
3468 5339 3526 5399 g.

128 5418 372 5494 γίνεται·
409 5415 547 5471 ὥστε
578 5416 673 5472 οῦκ
718 5414 863 5474 ἔστιν
905 5417 939 5484 ἡ
970 5418 1119 5497 φύσις
1160 5418 1350 5496 κακὸν,
1400 5415 1540 5473 ἀλλὰ
1596 5415 1799 5492 μᾶλλον

1898 5429 2098 5492 aquam
2128 5411 2268 5474 ferri
2304 5430 2566 5493 sursum,
2602 5413 2796 5491 ignem
2830 5413 3133 5475 deorsum.
3172 5409 3297 5471 Hoc
3325 5418 3525 5471 autem

126 5506 375 5586 ἑτι-περειά
432 5526 511 5572 τις
562 5505 766 5588 φύσεως
820 5508 883 5564 τὸ
941 5508 1128 5588 κακὸν,
1184 5506 1214 5563 ὃ
1262 5504 1329 5576 δὴ
1358 5506 1445 5565 καὶ
1480 5507 1617 5585 παρὰ
1646 5507 1799 5587 φύσιν

1898 5500 1949 5564 ﬁt
1979 5512 2202 5563 natura:
2223 5503 2576 5582 privatione,
2610 5502 2770 5563 unde
2795 5519 2912 5562 non
2938 5509 3026 5562 est
3046 5510 3250 5561 natura
3273 5500 3518 5588 malum,

128 5597 391 5676 λέγεται.
578 5586 587 5588 ἡ
1113 5586 1121 5588 ⁷
1661 5586 1669 5587 ί
1880 5589 1984 5652 sed
2014 5590 2207 5671 potius
2235 5590 2488 5655 offensio
2531 5598 2754 5655 naturae
2785 5589 2929 5671 quid
2965 5590 3182 5654 malum
3216 5598 3326 5671 est,
3362 5586 3528 5674 quod

1881 5678 2058 5746 etiam
2087 5686 2298 5761 contra
2327 5688 2598 5746 naturam
2632 5679 2880 5744 dicitur.

1110 5553 1128 5588 ἳ
