4028 6212
244 370 368 438 809

728 368 828 440 DE
871 377 1165 444 DIVINIS
1207 380 1657 460 NOMINIBUS,
1701 375 1866 442 CAP.
1915 377 2021 443 IV.
2059 410 2134 423 —
2182 374 2594 459 PARAPHR,
2642 368 3133 444 PACHYMER/E

3494 368 3613 448 810

241 506 398 585 ’Ἄρα
442 508 477 575 ἦ
531 509 686 587 ψυχὴ
742 515 847 565 τῶν
899 506 1087 568 κακῶν
1120 513 1284 591 athla;
1343 517 1402 572 οὔ
1457 513 1594 569 κατὰ
1636 510 1877 589 διαίρεσιν

1966 516 2163 573 autem
2197 510 2774 591 duminterrogando
2806 513 3082 592 proponit
3096 514 3611 598 orationem,Num

240 596 343 664 τὴν
374 596 635 673 ἐρώτησιν
693 599 1003 676 ἐποιήσατο,
1040 602 1131 658 ἴνα
1174 605 1241 672 ἦν
1271 606 1331 661 τὸ
1360 603 1396 671 ἢ
1427 602 1785 675 διαζευκτικὸν
1815 603 1888 662 εἷς

236 687 326 766 τὺ,
360 682 427 742 Ἠ
460 686 647 765 ἀγαθὴ
686 689 788 761 μὲν
830 691 865 757 ἡ
925 692 1102 771 ψυχή·
1167 692 1289 750 ἀλλ’
1333 693 1480 756 εὖθὺς
1526 692 1714 758 ἐνέστη
1757 692 1888 770 πρὸς

233 776 367 863 τὴν,
398 774 682 853 ἐρώτησιν,
729 780 816 835 καὶ
868 779 1068 837 τέθεικε
1100 783 1159 838 τὸ
1189 782 1225 851 ἢ
1256 780 1661 863 διασαφητικὸν,
1693 778 1885 859 λέγων·

235 861 302 920 Ἠ
350 862 600 931 δηλονότι
658 867 832 946 ἀγαθὴ
891 870 992 945 μὲν
1018 872 1054 939 ἡ
1086 873 1238 951 φύσις
1284 878 1385 940 τῆς
1415 861 1626 953 ψυχῆς,
1674 882 1797 935 ταῖς
1832 866 1887 924 δὲ

231 955 524 1032 ἒνὲργείαις
577 957 709 1014 ποτὲ
765 957 865 1033 μὲν
919 959 1100 1026 καλῶς
1144 961 1287 1041 ἔχει,
1348 962 1477 1019 ποτὲ
1502 959 1558 1017 δὲ
1593 960 1653 1018 οὒ
1680 958 1886 1017 καλῶς’

231 1041 367 1122 ὅπερ
394 1043 505 1101 ἐστῖ
535 1046 594 1101 τὸ
624 1046 971 1121 μεταϐλητὴν
1005 1050 1170 1118 αὐτὴν
1220 1052 1386 1113 εἶναι.
1421 1053 1548 1114 Θεὸς
1580 1052 1706 1129 γοῦν
1736 1049 1889 1106 τοῦτο

232 1135 307 1195 ὡς
342 1132 565 1208 ἀληθὲς,
599 1137 687 1192 καὶ
720 1135 1077 1220 διασαφήσας,
1109 1141 1240 1219 πρὸς
1269 1164 1331 1198 το
1360 1147 1570 1217 πρῶτον
1630 1139 1886 1218 μάχεται,

232 1222 316 1277 ὄτι
351 1225 412 1279 οὗ
456 1225 603 1302 φύσει
634 1228 800 1307 κακὴ,
831 1226 868 1294 ἥ
902 1229 1042 1285 αἰτία
1071 1237 1250 1287 κακῶν
1279 1234 1315 1300 ἡ
1346 1232 1524 1311 ψυχή,

316 1494 351 1573 §
382 1492 587 1557 ΧΧΧΙ.
625 1486 785 1570 "litt,
823 1504 899 1571 τῷ
928 1499 1109 1577 ἀγαθῷ
1164 1500 1225 1556 τὸ
1284 1500 1445 1555 κακὸν
1502 1496 1760 1555 ἐναντίον·
1796 1498 1888 1554 τοῦ

230 1595 367 1663 γοῦν
397 1588 593 1665 ἀγαθοῦ
623 1586 797 1644 αἴτιον
826 1587 903 1669 ἓν,
938 1596 1029 1646 τοῦ
1085 1588 1139 1645 δὲ
1198 1592 1360 1646 κακοῦ
1390 1587 1583 1648 πολλά.
1633 1589 1884 1663 Σημείω-

225 1698 325 1733 σαι
369 1674 450 1755 δὲ,
481 1675 560 1732 ὅτι
592 1677 676 1733 ἐπὶ
708 1684 799 1735 τοῦ
851 1678 1049 1755 ἆγαθοῦ
1106 1681 1169 1735 τὸ
1219 1678 1394 1735 αἴτιον
1440 1681 1517 1753 μη
1562 1679 1725 1753 μόνον
1774 1679 1884 1734 ἐστὶ

227 1764 417 1843 λέγειν
447 1770 506 1823 τὸ
542 1768 841 1847 ποιητικὸν,
901 1767 1039 1826 ἀλλὰ
1090 1770 1177 1826 καὶ
1223 1770 1285 1825 τὸ
1330 1767 1541 1848 εἷδικὸν,
1603 1770 1689 1824 καὶ
1736 1769 1798 1824 τὸ
1834 1768 1885 1824 τί

1970 617 2112 678 ergo
2133 599 2330 662 anima
2352 602 2640 663 malorum
2667 620 2844 663 causa
2861 601 2970 663 sit?
2988 622 3105 664 non
3133 622 3237 683 per
3252 604 3610 669 divisionem

1969 687 2395 779 interrogavit,
2423 691 2507 751 ita
2529 699 2591 751 ut
2622 692 2910 771 particula
2926 710 3006 754 an
3028 690 3383 771 disjunctiva
3404 695 3610 779 fuerit,

1971 795 2105 839 cum
2138 777 2287 839 dixit
2313 799 2327 841 :
2352 778 2681 841 Ananima
2703 780 2950 860 quidem
2972 780 3150 858 bona;
3182 782 3290 844 sed
3324 783 3481 846 illico
3513 777 3613 848 in-l

1971 868 2120 930 stitit
2146 868 2682 949 interrogationi,et
2702 870 2895 950 posuit
2914 870 3059 934 illud
3091 890 3173 935 an
3195 872 3611 948 declaratorie,

1970 974 2040 1018 ac
2068 956 2118 1017 si
2140 957 2370 1020 diceret
2394 979 2410 1018 :
2438 959 2533 1021 An
2559 958 2792 1022 scilicet
2813 959 2969 1021 bona
2995 962 3234 1041 quidem
3259 970 3470 1026 natura
3491 963 3616 1026 ani-

1974 1064 2107 1121 mm,
2140 1046 2245 1109 sed
2280 1050 2338 1107 in
2370 1047 2816 1128 operationibus
2858 1048 2984 1110 suis
3017 1050 3340 1128 aliquando
3367 1053 3611 1133 quidem

1974 1135 2152 1210 bene,
2188 1136 2507 1217 aliquando
2547 1154 2687 1199 vero
2719 1156 2897 1200 secus
2929 1138 3133 1221 habet,
3179 1142 3336 1221 quod
3369 1151 3481 1223 est,
3514 1142 3614 1223 ip-

1969 1243 2093 1287 sam
2128 1244 2261 1289 esse
2291 1226 2664 1291 variabilem.
2697 1229 2937 1291 Ponens
2969 1229 3165 1310 itaque
3188 1231 3302 1292 hoc
3329 1239 3614 1313 tanquam

1966 1332 2196 1395 verum,
2234 1318 2672 1399 explicansque,
2683 1317 2939 1397 primum
2969 1321 3467 1401 oppugnat,quod
3490 1321 3617 1384 ani-

1970 1422 2067 1466 ma
2096 1424 2211 1466 non
2244 1410 2320 1468 sit
2350 1411 2564 1470 natura
2593 1426 2700 1469 sua
2732 1406 2911 1489 mala,
2944 1408 3033 1470 vel
3066 1428 3246 1471 causa
3283 1410 3599 1475 malorum.

2050 1493 2404 1574 §XXXlAd
2446 1497 2595 1575 haec,
2636 1496 2792 1558 bono
2835 1498 3057 1560 malum
3102 1506 3191 1560 est
3221 1501 3612 1583 contrarium,

1967 1583 2109 1645 boni
2140 1585 2341 1666 itaque
2370 1604 2546 1647 causa
2577 1604 2695 1648 una
2726 1595 2836 1662 est,
2873 1588 3014 1649 mali
3044 1605 3184 1649 vero
3219 1589 3438 1651 multae.
3462 1588 3614 1653 Nota

1966 1691 2129 1746 vero,
2165 1692 2284 1735 non
2316 1675 2509 1737 solum
2544 1675 2606 1737 in
2637 1674 2798 1737 bono
2823 1694 3060 1738 causam
3089 1676 3445 1740 efﬁcientem
3465 1697 3616 1760 pra;-

1965 1762 2177 1834 dicari,
2217 1782 2421 1826 verum
2468 1764 2644 1827 etiam
2700 1765 3032 1842 formalem,
3069 1775 3127 1828 et
3156 1768 3313 1847 quod
3347 1768 3487 1850 quid
3520 1775 3613 1833 est

230 1856 261 1873 ν
392 1854 418 1874 ’9
586 1879 598 1889 .
699 1855 729 1879 ,Ι
1119 1858 1128 1874 ¹
1267 1858 1280 1879 ἲ
1613 1858 1628 1877 Ῑ
1717 1856 1728 1872 '

226 1876 301 1921 ην
364 1876 530 1935 ειναι,
589 1860 759 1919 καθως
819 1857 907 1913 καὶ
962 1858 1211 1937 ἀνωτέρω
1269 1857 1439 1936 έλεγε,
1500 1861 1627 1915 καθο
1670 1857 1877 1936 λέγεται

1967 1852 2106 1926 dici,
2142 1853 2496 1916 sicutetiam
2528 1855 2803 1936 superius
2834 1855 3001 1933 dixit,
3022 1857 3083 1917 in
3117 1865 3402 1938 quantum
3434 1858 3610 1920 etiam

223 1946 331 2001 καῖ’
381 1944 695 2021 ὦρισμένον.
752 1946 911 2003 Αἵτια
949 1947 1000 2002 δὲ
1050 1950 1142 2005 τοῦ
1196 1948 1361 2005 κακού
1409 1947 1522 2004 ἐπεὶ
1553 1951 1648 2006 οὒκ
1679 1946 1879 2026 ἔχομεν

224 2034 410 2090 εἰπεῖν
454 2032 621 2090 εἷδικὰ
648 2033 793 2114 (οὐδὲ
838 2037 938 2114 γὰρ
969 2036 1079 2092 ἐστί
1119 2060 1171 2093 τι
1220 2037 1356 2093 κατὰ
1414 2037 1567 2115 φύσιν
1595 2038 1655 2092 τὸ
1691 2038 1875 2110 κακὸν,

220 2126 300 2187 ὡς
366 2122 428 2180 ἂν
472 2125 559 2180 καὶ
617 2127 847 2203 ὁρισθείη
912 2128 998 2182 καὶ
1052 2125 1433 2205 εἷδοποιηθείη,
1491 2126 1579 2181 καὶ
1621 2127 1683 2181 τὸ
1734 2130 1781 2181 τί
1812 2126 1879 2193 ἦν

220 2214 376 2269 εἶναι
420 2211 570 2284 ἒξειο)
601 2212 685 2270 διὰ
735 2214 889 2272 τοῦτο
948 2220 1008 2275 οὗ
1064 2216 1129 2271 τὰ
1172 2214 1356 2288 εἷδικὰ,
1390 2213 1526 2271 ἀλλὰ
1559 2215 1622 2271 τὰ
1653 2237 1877 2281 ποιητι-

218 2305 293 2358 κὰ
358 2303 604 2379 βούλεται
680 2303 877 2382 λέγειν·
932 2307 1097 2361 ταῦτα
1149 2304 1203 2361 δὲ
1260 2307 1388 2362 εἰσιν
1446 2303 1581 2384 ἅπερ
1632 2304 1878 2381 ἀνωτέρω

218 2392 494 2467 ἐλλείψεις
551 2396 768 2472 μερικὰς
829 2397 956 2473 ἔφη.
1011 2395 1149 2451 Εἶτα
1206 2394 1299 2450 ἵνα
1359 2394 1436 2471 μή
1478 2416 1560 2457 τις
1607 2393 1874 2473 ὑπολαϐη,

217 2484 304 2539 ὅτε
338 2484 405 2538 τὰ
435 2486 688 2549 ποιητικὰ
718 2483 881 2541 ταῦτα
940 2492 1047 2541 τῶν
1105 2491 1283 2541 κακῶν
1334 2482 1579 2560 δυνάμεις
1638 2485 1734 2540 εἰσὶ
1790 2486 1878 2541 καὶ

216 2572 383 2651 λόγοι
427 2576 515 2629 καὶ
573 2571 719 2647 εἴδη,
762 2572 881 2631 καθ’
938 2575 1024 2637 οὒς
1068 2572 1443 2649 εἷδοποιηθείη,
1478 2574 1660 2648 φησὶν,
1694 2572 1772 2629 ὅτι
1818 2577 1877 2632 οὗ

218 2662 479 2738 δυνάμεις
537 2665 684 2739 εἰσὶν,
751 2662 872 2720 ἀλλ’
925 2662 1181 2740 ἀδυναμία
1244 2666 1331 2720 καὶ
1387 2661 1523 2739 μίξις
1580 2664 1686 2719 τῶν
1744 2662 1877 2720 ἆνο-

220 2752 400 2827 μοὶων
474 2753 834 2831 ἀσύμμετρος.
887 2752 1275 2830 Ἐλλείμματος
1330 2754 1430 2832 γὰρ
1490 2752 1876 2828 ἐπισυμϐεἱντος

218 2844 302 2915 τῷ
333 2841 672 2918 ὑποκειμένῳ
726 2843 862 2899 κατὰ
918 2844 1015 2911 τὴν
1062 2844 1280 2922 ἀρετὴν,
1341 2843 1450 2900 ἰδοὺ
1494 2843 1877 2922 παρυφίσταταί

216 2955 304 2995 τις
342 2932 526 3006 κακία,
559 2933 646 2988 καὶ
698 2932 774 2988 ἔτι
818 2932 1038 3003 πλείων,
1095 2934 1179 2989 καὶ
1226 2932 1303 2989 ἔτι
1349 2933 1568 3013 πλείων,
1601 2934 1689 2989 καὶ
1721 2942 1874 2991 τοῦτο

215 3019 308 3077 ἐπ’
342 3021 586 3092 ἄπειρον,
645 3023 731 3077 καὶ
774 3023 833 3077 τό
887 3020 1143 3083 παντελὲς
1175 3024 1209 3090 ἡ
1242 3023 1397 3077 κακία
1430 3027 1535 3102 οὺχ
1586 3021 1685 3087 ἕξει
1717 3022 1871 3084 ποτέ.

218 3109 423 3175 Καλῶς
484 3110 538 3165 δὲ
604 3110 818 3166 τέθειται
875 3114 936 3167 τὶ,
996 3112 1356 3189 ἀσύμμετρος·
1386 3113 1543 3190 ἡγὰρ
1572 3113 1871 3191 σύμμετρος

1964 1941 2686 2007 deﬁnitumdicitur.Cum
2712 1952 2908 2007 autem
2938 1946 3075 2007 mali
3097 1964 3305 2008 causas
3323 1946 3612 2010 formales

1962 2033 2265 2111 assignare
2284 2035 2826 2115 nequeamus(quia
2850 2034 3001 2095 nihil
3024 2043 3232 2097 natura
3260 2054 3367 2099 sua
3387 2037 3606 2100 malum

1963 2131 2073 2203 est,
2099 2123 2258 2185 unde
2280 2124 2514 2186 definiri
2548 2124 2730 2205 possit
2753 2131 2813 2186 et
2837 2124 3200 2205 proprietate
3224 2125 3520 2207 insigniri,
3547 2136 3607 2188 et

1961 2212 2119 2291 quod
2150 2214 2289 2292 quid
2322 2223 2411 2275 est
2442 2213 2676 2293 habeat)
2711 2213 2935 2275 idcirco
2959 2233 3075 2275 non
3095 2213 3214 2275 vult
3244 2214 3447 2277 dicere
3472 2235 3611 2278 cau-

1960 2320 2055 2362 sas
2086 2301 2385 2376 formales,
2421 2304 2525 2364 sed
2553 2303 2911 2376 efﬁcientes;
2956 2304 3047 2364 ha;
3088 2322 3224 2365 vero
3257 2319 3419 2387 sunt,
3460 2324 3606 2384 quas

1960 2393 2235 2471 superius
2267 2393 2534 2454 defectus
2569 2393 2961 2473 particulares
2993 2394 3599 2478 nominavit.Deinde,

1961 2499 2038 2542 ne
2069 2483 2197 2562 quis
2219 2483 2909 2563 suspicetur,elﬁcientes
2942 2483 3115 2545 hasce
3148 2485 3439 2546 malorum
3469 2504 3605 2547 can-

1959 2588 2056 2631 sas
2078 2572 2607 2654 existere,virtutes
2629 2572 2912 2653 quasdam
2928 2592 2996 2636 ac
3007 2574 3270 2636 rationes
3290 2574 3601 2648 etformas,

1957 2661 2288 2723 secundum
2321 2681 2467 2743 quas
2490 2663 2643 2724 mala
2674 2662 3605 2742 istainsigniantur,asserit.non

1959 2768 2092 2813 esse
2122 2751 2505 2827 virtutes,sed
2530 2749 2939 2831 impotentiam
2967 2762 3023 2814 et
3041 2752 3430 2831 incongruam
3461 2754 3598 2815 mis-

1959 2840 2182 2902 tionem
2207 2857 2406 2902 rerum
2433 2840 2994 2902 dissimilium.Cum
3016 2841 3175 2902 enim
3196 2842 3465 2922 subjecto
3489 2843 3602 2904 de-

1958 2929 2148 2992 fectus
2170 2930 2385 3011 aliquis
2404 2928 2621 2991 accidit
2656 2931 2984 2991 secundum
3011 2931 3466 3006 virtutem,ecce
3485 2933 3600 2993 ali-

1957 3038 2074 3096 qua
2096 3021 2365 3081 exoritur
2388 3019 2694 3099 malitia,et
2717 3019 2786 3079 ad
2799 3020 2913 3080 huc
2946 3020 3225 3098 major,et
3248 3021 3441 3082 adhuc
3476 3040 3603 3084 ma-

1952 3109 2261 3190 jor,idque
2285 3108 2344 3169 in
2369 3108 2812 3183 inﬁnitum,nec
2836 3127 3099 3189 unquam
3121 3110 3339 3172 malitia
3362 3110 3606 3173 habebit

211 3200 366 3273 μίξις
437 3205 543 3255 τῶν
621 3199 892 3274 ἀνομοίων
973 3198 1441 3276 εἱδοπέποιημένον
1498 3201 1548 3257 τί
1620 3202 1729 3258 ἐστι
1786 3201 1873 3258 καὶ

1960 3199 2407 3279 perfectionem.
2441 3198 2633 3260 Recte
2671 3217 2812 3260 vero
2854 3198 3077 3259 dicitur
3115 3202 3435 3278 immensa;
3467 3220 3601 3262 nam

208 3290 546 3369 ὡρισμένον,
577 3291 663 3346 καὶ
691 3287 777 3346 διὰ
834 3296 987 3346 τοῦτο
1030 3290 1162 3356 αὕτη
1218 3291 1276 3346 οὒ
1328 3293 1519 3366 κακὸν,
1564 3289 1685 3347 ἀλλ’
1730 3293 1871 3369 ἁγα-

1960 3290 2401 3369 proportionata
2424 3288 2695 3368 quaedam
2730 3287 3107 3349 dissimilium
3144 3291 3481 3351 commistio
3514 3301 3603 3352 est

206 3384 334 3453 Θὸν,
398 3382 575 3443 καθὼς
620 3378 761 3437 ἔστιν
812 3377 944 3436 ἰδεῖν
1002 3378 1086 3435 ἐπὶ
1146 3385 1243 3447 τῆς
1286 3380 1507 3459 ὑγιείας,
1554 3381 1871 3457 συμμετρίας

208 3469 391 3536 οὔσης
447 3476 554 3524 τῶν
611 3470 859 3525 ἐναντίων
908 3476 1123 3548 χυμῶνο
1157 3471 1243 3525 καὶ
1274 3470 1357 3526 ἐπὶ
1408 3476 1507 3537 τῆς
1540 3471 1866 3549 συμφωνίας,

205 3560 345 3626 ἥτις
403 3558 718 3637 πολυμιγῶν
775 3561 863 3616 καὶ
911 3559 1036 3639 δίχα
1095 3560 1422 3638 φρονούντων
1480 3560 1665 3624 ἔνωσις
1713 3560 1870 3639 λέγε-

206 3673 334 3729 ται,
367 3650 474 3706 τῶν
518 3656 642 3727 γοῦν
674 3651 808 3706 κατὰ
865 3650 1013 3727 φύσιν
1070 3649 1150 3705 ἀεὶ
1196 3650 1445 3712 ὡσαύτως
1502 3649 1763 3729 ἐχόντων,
1797 3652 1870 3714 ὡς

203 3738 537 3817 ὡρισμένων
592 3740 727 3794 κατὰ
781 3740 871 3794 τὸν
928 3737 1026 3806 τῆς
1070 3740 1274 3818 φύσεως
1324 3740 1495 3797 αὐτῶν
1552 3738 1736 3817 λόγον.
1798 3742 1869 3798 Οὐ

203 3831 323 3907 γὰρ
368 3830 434 3883 Ex
464 3827 715 3906 γιγάρτου
766 3827 894 3883 ποτὲ
951 3827 1103 3883 ἔλαια
1151 3828 1488 3901 ἀναφύσεται,
1521 3827 1643 3885 ἀλλ’
1686 3827 1867 3904 ἄμπε-

201 3918 314 3981 λος
349 3910 462 3974 οὔδ’
494 3918 554 3974 ἐκ
582 3924 673 3973 τοῦ
708 3917 932 3994 πυρῆνος
966 3915 1230 3992 ἄμπελος,
1263 3916 1385 3973 ἀλλ’
1418 3916 1589 3981 ἐλαία,
1627 3919 1702 3976 Τὰ
1729 3920 1870 3976 κακὰ

200 4006 445 4086 ἀόριστά
490 4008 618 4085 εἷπι,
653 4009 743 4062 καὶ
796 4006 849 4062 ἐν
912 4005 1095 4071 ἄλλοις
1127 4008 1214 4063 καὶ
1257 4005 1441 4073 ἄλλοις
1495 4008 1756 4082 ἂπειροις,
1784 4013 1872 4066 καὶ

198 4103 327 4154 τῶν
363 4099 545 4155 κακῶν
576 4095 714 4152 ἐστιν
746 4094 893 4176 ἀρχὴ
925 4098 1011 4153 καὶ
1041 4095 1190 4160 τέλος
1221 4098 1281 4153 τὸ
1309 4098 1526 4175 ἀγαθόν’
1575 4101 1661 4179 καὶ
1709 4100 1871 4156 κακὸν

196 4189 324 4266 γᾶρ
386 4192 685 4259 ποιοῦντες,
738 4185 934 4263 ἁγαθίν
990 4199 1169 4243 ποιεῖν
1225 4187 1530 4262 νομίζομεν·
1564 4186 1617 4243 εἴ
1667 4211 1715 4244 τι
1773 4191 1871 4267 γὰρ

1955 3379 2095 3459 quid
2128 3378 2594 3460 proprietatibus
2624 3379 2976 3457 insignitum
3003 3398 3069 3440 ac
3095 3379 3432 3457 deﬁnitum,
3461 3382 3599 3443 424

1954 3473 2294 3548 atqueadeo
2311 3488 2426 3530 non
2443 3468 3070 3543 malum,sed’bonum;
3093 3471 3597 3546 quemadmodum

1952 3559 2154 3620 videre
2179 3568 2268 3619 est
2292 3562 2351 3619 in
2367 3557 2780 3638 sanitate,quze
2798 3558 3067 3620 consistit
3086 3559 3142 3619 in
3159 3562 3592 3621 contrariorum

1953 3648 2271 3709 humerum
2298 3648 2779 3728 pr0portione;ac
2810 3648 2866 3708 in
2889 3647 3435 3728 congruentiaque:
3457 3649 3603 3710 dici-

1955 3750 2054 3798 tur
2076 3737 2551 3799 uniomultarum
2603 3747 2894 3809 rerum,et
2940 3738 3010 3799 ad
3045 3737 3274 3799 diversa
3317 3747 3594 3817 spectan-

1954 3828 2264 3908 tium,quze
2284 3826 2570 3888 videlicet
2592 3825 2922 3887 secundum
2948 3835 3217 3887 naturam
3237 3845 3478 3909 semper
3498 3846 3594 3889 eo-

1945 3917 2090 3980 dem
2118 3917 2293 3978 modo
2307 3936 2373 3979 se
2391 3915 2609 3978 habent
2631 3917 2786 3978 sicut
2803 3916 3061 3979 deﬁnitae
3082 3925 3353 3997 sunt,pro
3372 3926 3598 3981 natura:

1955 4027 2076 4069 sum
2094 4007 2487 4070 ratione.Non
2520 4006 2678 4067 enim
2698 4025 2958 4084 unquam
2984 4024 3052 4067 ex
3081 4005 3252 4069 acino
3283 4007 3457 4089 oliva,
3485 4009 3594 4070 sed

1956 4096 2429 4176 vitispullulabit;
2454 4116 2564 4158 nec
2584 4116 2651 4159 ex
2681 4097 2941 4159 ossicqu
2966 4096 3133 4160 olivae
3162 4096 3322 4172 vitis,
3354 4098 3459 4160 sed
3480 4098 3595 4159 oli-

1953 4188 2204 4251 va.Mala
2230 4186 2537 4248 indeﬁnite
2571 4196 2914 4267 sunt,atque
2945 4186 3002 4247 in
3044 4186 3177 4248 aliis
3210 4195 3267 4248 et
3297 4187 3429 4248 aliis
3459 4188 3597 4249 inti.-

180 4278 546 4355 πράττομεν,
597 4277 660 4331 τὸ
712 4274 906 4352 ἀγαθὸν
947 4278 1227 4338 ποθοῦντες
1274 4277 1597 4355 πράττομεν*
1655 4280 1699 4334 εἰ
1756 4277 1856 4356 γάρ

1960 4279 2102 4341 litis.
2138 4277 2290 4349 Quin
2321 4279 2495 4339 etiam
2532 4277 2819 4338 malorum
2847 4274 3204 4356 principium
3229 4294 3298 4338 ac
3331 4278 3468 4338 ﬁnis
3502 4286 3593 4339 est

176 4366 388 4424 ἐδόκει
437 4365 612 4431 πάντη
656 4365 845 4445 κακὸν,
881 4364 975 4421 οὒκ
1003 4362 1063 4421 ἂν
1094 4365 1160 4434 ἦν
1204 4368 1344 4441 ὁρμὴ
1376 4368 1462 4422 καὶ
1495 4365 1670 4444 ἔφεσις
1699 4366 1858 4444 ἡμῶν

1960 4386 2186 4441 Jonum;
2220 4386 2354 4428 nam
2387 4366 2525 4427 dum
2562 4366 2778 4427 malum
2821 4365 3096 4444 facimus,
3134 4366 3356 4428 bonum
3390 4368 3589 4430 facere

162 4458 334 4538 πρὸς
398 4454 596 4515 ἐκεῖνο.
629 4452 714 4511 διὰ
771 4464 927 4514 τοῦτο
974 4463 1100 4533 γοῦν
1158 4461 1262 4535 οὐχ
1318 4457 1604 4514 ὑπόστασιν
1636 4456 1753 4537 ἔχει
1795 4460 1856 4515 τὸ

1960 4457 2328 4537 irbitramur;
2353 4455 2405 4518 si
2428 4456 2574 4533 quid
2600 4456 2759 4517 enim
2787 4454 3286 4530 facimus,bonum
3310 4469 3593 4538 appeten-

157 4527 369 4605 κᾷκὸν
390 4545 520 4624 πρὸς
549 4543 581 4599 ’ὁ
608 4542 820 4620 βλέπων
848 4566 928 4608 τις
948 4527 1085 4609 ἴσως
1119 4527 1307 4602 έποῖέι·
1341 4544 1459 4602 ἀλλ’
1483 4548 1527 4603 εἶ
1557 4527 1858 4626 apudapu-

1960 4565 2030 4608 .es
2062 4527 2392 4620 facimusisi
2422 4527 2581 4607 enim
2607 4545 2912 4607 videretur
2932 4527 3177 4606 omnino
3208 4527 3594 4629 malum,nul-

156 4633 587 4713 πόστασιν,τοῦ
613 4637 813 4713 αγαθοῦ
842 4632 1017 4710 ἕνεκα,
1050 4637 1136 4693 καὶ
1163 4635 1268 4716 οὔχ
1300 4635 1487 4692 ἑαυτοῦ
1515 4636 1852 4716 γιγνόμενον.

1942 4635 2035 4698 lus
2065 4636 2126 4696 in
2151 4635 2322 4697 nobis
2343 4634 2417 4696 ad
2449 4634 2595 4697 illud
2622 4642 2781 4696 esset
2804 4643 2999 4695 motus
3028 4642 3087 4695 et
3115 4639 3592 4718 appetitus:quo-

156 4726 371 4789 circa
420 4721 645 4784 malum
682 4740 801 4784 non
852 4721 1033 4785 habet
1065 4723 1538 4787 subsistentiam.
1571 4726 1645 4788 ad
1682 4744 1855 4806 quam
1910 4727 2045 4809 quis
2075 4725 2226 4787 forte
2285 4734 2567 4806 spectans
2599 4735 2904 4803 operetur,
2939 4722 3043 4786 sed
3098 4727 3261 4807 quasi
3295 4726 3589 4807 quodam-

157 4812 389 4878 modo
416 4810 891 4886 subsistentiam,
927 4812 1067 4875 dum
1101 4813 1243 4876 boni
1273 4822 1333 4877 et
1358 4832 1477 4876 non
1511 4814 1698 4897 ipsius
1724 4834 1903 4879 causa
1930 4815 2074 4898 quid
2107 4816 2190 4877 ﬁt.

266 4902 313 4984 ᾗ
340 4898 583 4965 XXXII.
617 4908 705 4976 Τῴ
734 4909 884 4975 κακῷ
913 4904 975 4959 τὸ
999 4907 1138 4961 εἶναι
1190 4906 1327 4962 κατὰ
1357 4902 1695 4981 συμϐεϐηκός
1722 4907 1858 4988 ἔστι,

156 4997 286 5055 καὶ
340 4994 407 5050 οὗ
463 4990 580 5050 καθ’
632 4992 779 5049 αὖτό*
841 4990 957 5051 οὐδὲ
1030 4994 1130 5072 γὰρ
1213 4994 1475 5075 ἐφιέμενοι
1533 5005 1625 5055 τοῦ
1670 5006 1855 5074 κακοῦ,

156 5081 527 5157 ποιοῦμενὸ
558 5088 839 5158 ποιοῦμεν,
888 5080 1009 5139 ἀλλ’
1056 5083 1304 5161 ἐφιέμεθα
1349 5084 1446 5160 μὲν
1505 5093 1600 5143 τοῦ
1639 5086 1854 5168 ἀγαθοῦ,

157 5177 417 5256 γίνεται
447 5168 593 5227 δὲτὸ
640 5173 829 5229 κακόνο
893 5170 1031 5228 ὥστε
1081 5171 1165 5229 διὰ
1221 5175 1282 5230 τὸ
1330 5174 1525 5254 ἀγαθὸν
1589 5176 1649 5232 τὸ
1697 5177 1857 5233 κάκὺν

152 5268 440 5346 γένεται,
504 5261 817 5337 Θαομασίως
882 5262 1051 5319 τοίνύν
1101 5261 1325 5319 δείκνυσι
1386 5266 1449 5321 τὸ
1518 5267 1681 5321 κακὸν
1730 5266 1858 5322 ἀνυ-

150 5356 503 5423 πόστατον,
534 5353 627 5407 καὶ
676 5350 922 5429 στέρησὶν
979 5350 1106 5407 αὐτὸ
1157 5357 1255 5408 τῶν
1312 5352 1366 5408 ἐν
1409 5352 1550 5417 τάξει
1592 5356 1681 5409 καὶ
1711 5353 1858 5434 φύσει

146 5447 409 5523 λέγων·
443 5442 479 5508 ἦ
524 5437 579 5495 δὲ
638 5440 883 5517 στέρησις
942 5442 1035 5497 οὒκ
1091 5441 1248 5498 αὗτοῦ
1288 5441 1598 5517 ὑπόστασις,
1633 5444 1768 5499 ἀλλὰ
1799 5448 1859 5501 τὸ

146 5530 449 5614 πεφυκὸς
500 5530 588 5586 καὶ
637 5527 923 5586 ἐπιϐάλλον
960 5542 1208 5609 παρεῖναι
1263 5534 1340 5605 μὴ
1387 5534 1576 5610 παρὸν’
1625 5533 1740 5590 ὅθεν
1772 5536 1859 5590 καὶ

144 5620 500 5703 ἁμαρτίαν,
533 5618 801 5677 τουτέστιν
832 5618 1067 5685 ἁτευξίαν
1101 5621 1186 5678 καὶ
1226 5621 1537 5679 ἀπόπτωσιν
1564 5630 1656 5681 τοῦ
1685 5645 1858 5701 προσ-

143 5722 464 5793 ⁴ἥκοντος,
499 5708 627 5767 αὐτὸ
654 5709 716 5767 τὸ
756 5713 856 5779 τῆς
896 5711 1194 5791 στερήσεως
1248 5710 1409 5770 καλεῖ
1467 5713 1554 5771 καὶ
1599 5710 1832 5773 ἄσκοπον

743 5834 1002 5897 Parcet.
1034 5832 1145 5899 Gn.
1178 5833 1278 5902 Ill.

1839 5762 1857 5797 θ

2023 4906 2061 4985 S
2087 4904 2331 4971 XXXII.
2371 4905 2524 4968 Malo
2556 4912 2740 4967 status
2771 4911 2860 4966 est
2895 4922 3001 4985 per
3031 4902 3339 4988 accidens,
3371 4918 3434 4970 et
3470 4926 3590 4971 non

1945 5014 2052 5077 per
2078 5011 2180 5058 se:
2215 5012 2411 5075 neque
2442 4995 2604 5056 enim
2637 4993 2976 5076 appetendo
3003 4994 3222 5056 malum
3255 4996 3505 5059 facimus
3528 4999 3588 5061 id

1943 5087 2099 5165 quod
2131 5084 2513 5160 facimus,sed
2545 5087 2877 5165 appetimus
2907 5083 3149 5165 quide'n
3192 5083 3588 5168 bonum,l’aci-

1943 5193 2075 5235 mus
2098 5185 2292 5236 autem
2324 5174 2570 5255 malum;
2588 5173 2738 5236 adeo
2761 5184 2825 5234 ut
2843 5172 3325 5255 propterbonum
3359 5176 3580 5239 malum

1943 5263 2633 5344 ﬁat.Mirabiliteritaque
2661 5264 2922 5325 ostendit
2957 5264 3172 5324 malum
3217 5282 3335 5326 non
3386 5264 3586 5327 subsi-

1941 5362 2120 5429 stere,
2154 5352 2293 5415 dum
2328 5362 2495 5416 vocat
2516 5352 2661 5416 illud
2697 5352 3081 5429 privationem
3114 5371 3316 5415 rerum
3350 5355 3587 5417 ordina-

1943 5454 2130 5506 tarum
2163 5461 2235 5505 ac
2266 5443 2651 5519 naturalium;
2685 5443 2931 5524 privatio
2961 5450 3159 5503 autem
3193 5460 3301 5524 per
3328 5462 3394 5505 se
3414 5444 3587 5506 mini-

1944 5551 2039 5595 me
2070 5532 2480 5607 subsistit,sed
2510 5551 2644 5595 cum
2678 5532 2926 5595 deberet
2957 5538 3017 5593 et
3043 5529 3316 5610 exigeret
3342 5533 3582 5615 adesse,

1943 5639 2063 5685 non
2092 5621 2264 5684 adest
2295 5642 2310 5686 :
2344 5621 2504 5683 unde
2534 5622 2710 5684 etiam
2743 5622 3129 5703 privationem
3190 5630 3365 5684 vocat
3404 5624 3583 5702 ἁμαρ-

1942 5715 2079 5791 τίαν,
2112 5708 2173 5773 id
2205 5718 2293 5774 est
2322 5710 2759 5776 aberrationem
2813 5719 2871 5774 et
2922 5710 3153 5792 lapsum
3186 5729 3220 5772 a
3249 5711 3489 5795 decoro,
3522 5720 3584 5775 et

3267 5836 3344 5901 26
