4030 6204
332 378 445 445 833
770 364 869 446 DE
912 378 1207 448 DIVINIS
1253 358 1703 464 NOMINIBUS,
1748 362 1915 448 CAP.
1960 381 2038 448 v.
2101 417 2177 430 -
2242 378 2630 448 PARAPHR.
2684 362 3195 445 PACHYMERIE.
3583 364 3697 442 831i

330 538 407 573 νει
456 515 618 578 πάλιν
648 518 726 591 μὴ
777 518 857 579 ὄν.
892 522 978 576 Τῶ
1021 517 1075 573 δὲ
1108 519 1184 593 μὴ
1212 518 1348 593 ὄντι,
1379 518 1492 583 πῶς
1522 517 1765 584 ἐκταθείη
1798 521 1857 575 τὸ
1885 521 1962 594 ὃν,

2133 518 2274 580 458
2297 517 2635 598 pertingere
2666 518 2737 581 ad
2773 535 2844 580 ea
2874 534 3008 593 quae
3035 522 3174 577 sunt
3204 522 3262 577 et
3291 532 3362 578 ea
3399 532 3532 596 quae
3571 531 3694 575 non
3744 494 3749 499 ’

330 607 413 661 καὶ
455 619 611 680 μενεῖ
641 606 717 681 μὴ
780 609 838 661 ὃν
890 606 1072 681 πάλιν,
1105 614 1260 664 τοῦτο
1319 607 1493 675 πάντη
1551 614 1656 663 τῶν
1688 605 1976 671 ἀδυνάτων,

333 694 612 775 ’Δσφαλῶς
672 698 798 773 γοῦν
831 698 1003 763 τίθησι
1058 699 1221 754 ταῦτα
1252 700 1280 755 ὁ
1321 696 1496 775 ἅγιος.
1536 688 1764 772 Ὀμοίως
1813 699 1899 754 καὶ
1940 701 1976 768 ἡ

326 791 422 853 τῆς
477 786 618 857 ζωῆς
671 786 930 862 ἄνομασία
984 788 1074 843 τοῦ
1130 786 1329 864 ἀγαθοῦ
1373 794 1501 844 Θεοῦ
1553 789 1627 851 εἰς
1684 785 1854 843 πάντα
1915 788 1976 844 τὰ

326 881 497 947 ζῶντα
553 874 863 956 ἐκτείνεται,
923 876 1012 933 καὶ
1053 877 1184 949 ὑπὲρ
1238 878 1403 936 ταῦτά
1459 876 1591 952 ἐστι,
1645 878 1732 933 καὶ
1786 878 1823 946 ἡ
1874 882 1973 945 τῆς

327 968 509 1045 σοσρίας
553 967 626 1030 εἰς
684 966 855 1024 πάντα
890 966 957 1021 τὰ
1002 964 1197 1044 λογικὰ
1252 968 1340 1023 καὶ
1400 966 1575 1045 νοερὰ,
1625 966 1749 1031 τοὺς
1803 965 1971 1044 ἀγγέ-

328 1054 451 1119 λους
512 1056 674 1136 φημὶ,
705 1057 792 1111 καὶ
851 1055 1153 1132 αἰσθητικὴ
1185 1053 1432 1122 δηλονότι
1460 1057 1554 1119 τὰς
1587 1056 1722 1131 μετὰ
1778 1057 1969 1130 σώμα-

323 1167 413 1209 τος
472 1145 660 1226 ψυχὴς
691 1144 1005 1219 ἐκτείνεται,
1052 1147 1138 1201 καὶ
1166 1142 1296 1224 ὑπὲρ
1347 1145 1510 1205 ταῦτά
1565 1147 1699 1205 ἑστι.
1748 1146 1860 1223 Χρὴ
1916 1143 1970 1200 δὲ

324 1236 533 1313 εἰδέναι,
576 1235 659 1292 ὅτι
710 1236 834 1292 ὅταν
870 1238 986 1314 περὶ
1035 1235 1278 1315 ἀγγέλων
1307 1237 1394 1293 καὶ
1449 1236 1737 1315 ἀνθρώπων
1794 1237 1969 1311 μόνων

323 1328 474 1407 φησί,
506 1326 628 1388 τοὺς
681 1324 938 1403 ἀγγὲλευς
983 1325 1204 1393 νοητούς
1261 1348 1418 1405 φησι,
1465 1326 1559 1390 τὰς
1598 1323 1652 1381 δὲ
1709 1327 1970 1404 ἡμετέρας

325 1418 507 1495 ψυχὰς
551 1417 754 1491 νοερός⁶
788 1426 877 1474 νῦν
932 1414 985 1471 δὲ
1017 1414 1202 1482 ἐπειδὴ
1246 1437 1365 1493 περι
1424 1422 1554 1473 Θεοῦ
1606 1438 1789 1493 φησιν,
1824 1416 1970 1473 εἰκό-

324 1528 429 1571 τως
476 1506 564 1562 καὶ
594 1506 713 1569 τοὺς
745 1504 999 1583 ἀγγέλους
1064 1502 1180 1579 μεθ’
1214 1506 1374 1582 ἡμῶν
1418 1505 1629 1585 νοερούς
1663 1527 1845 1586 φησιν,
1881 1505 1972 1561 ἅτε

322 1599 411 1653 καὶ
469 1596 652 1661 αὖτοὺς
682 1594 767 1651 διὰ
824 1602 915 1652 τοῦ
976 1608 1119 1651 νοεῖν
1177 1596 1269 1651 τὸν
1328 1597 1459 1653 Θεὸν
1514 1596 1861 1676 τρεφομένους
1905 1595 1973 1664 τῆ

325 1687 529 1765 νοήσει,
570 1686 743 1748 καθὼς
802 1686 890 1740 καί
941 1687 992 1740 αἱ
1050 1684 1370 1764 ἀνθρώπιναι
1432 1687 1626 1765 ψυχαί.
1689 1685 1975 1752 Αἰσθητιιιά

2062 616 2218 682 sunt,
2243 606 2303 668 in
2335 615 2472 669 ente
2497 614 2694 669 autem
2715 609 2828 669 hoc
2849 624 2967 667 non
2988 602 3156 677 dicit,
3188 603 3291 665 sed
3308 611 3531 665 tantum
3567 620 3697 684 per-

2060 696 2291 774 tingere
2329 696 2406 759 ad
2456 714 2525 758 ea
2572 715 2704 773 quae
2756 697 3043 759 existunt?
3084 692 3297 773 Utique
3344 692 3690 767 dicendum,

2059 803 2166 847 ens
2196 784 2434 867 quidem
2465 783 2686 847 bonum
2731 785 2950 850 factum
3005 800 3251 845 manere
3280 799 3696 862 saepenumero

2057 894 2177 938 non
2207 893 2340 953 ens;
2371 893 2503 936 cum
2546 874 2705 937 enim
2739 873 2985 937 materia
3036 890 3273 953 quoque
3320 890 3438 933 non
3471 890 3580 933 ens
3607 870 3694 933 di-

2055 966 2458 1046 catur,utique
2481 965 2730 1026 materia
2759 981 2998 1045 quoque
3022 962 3243 1024 bonum
3271 961 3695 1024 videbiturim-

2057 1055 2293 1137 propria
2316 1054 2546 1117 ratione
2575 1061 2823 1135 accepta
2866 1059 2928 1115 et
2957 1051 3089 1115 sine
3119 1052 3321 1114 formis
3368 1052 3692 1126 intellecta,

2055 1144 2288 1207 tametsi
2320 1162 2438 1205 non
2472 1161 2579 1224 per
2609 1162 2673 1205 se
2704 1143 3013 1223 sit,utpote
3041 1160 3076 1203 a
3106 1144 3228 1204 Deo
3257 1141 3697 1223 producta,ma-

2055 1242 2305 1315 neatque
2335 1251 2570 1296 rursum
2603 1252 2721 1294 non
2753 1231 3197 1305 ens.Qu0modo
3224 1238 3419 1293 autem
3454 1250 3560 1294 ens
3574 1250 3692 1294 non

2056 1322 2513 1386 enticoextendi
2539 1322 2817 1404 possit,et
2839 1329 3079 1384 maneat
3117 1339 3356 1384 rursum
3390 1340 3508 1384 non
3558 1340 3690 1403 ens,

2054 1413 2169 1476 hoc
2189 1414 2394 1494 utique
2423 1411 2796 1495 impossibile
2819 1420 2928 1473 est.
2956 1414 3178 1473 Secure
3207 1411 3385 1490 igitur
3415 1413 3694 1492 proponit

2058 1503 2182 1565 haec
2212 1510 2475 1564 sanctus.
2498 1501 2784 1565 Similiter
2804 1501 2977 1563 etiam
3004 1518 3223 1561 nomen
3254 1499 3380 1563 vitae
3412 1502 3553 1564 boni
3584 1503 3692 1567 Dei

2056 1594 2128 1655 ad
2178 1593 2373 1654 omnia
2430 1592 2686 1657 viventia
2730 1591 3092 1665 extenditur,
3126 1598 3184 1652 et
3208 1608 3389 1671 supra
3417 1591 3544 1655 haec
3576 1603 3687 1670 est,

2057 1688 2140 1744 uti
2163 1691 2222 1744 et
2248 1682 2552 1762 sapientiae
2571 1681 2643 1744 ad
2685 1681 2885 1745 omnia
2918 1677 3233 1742 rationalia
3262 1689 3320 1741 et
3350 1679 3691 1761 intelligen-

322 1774 377 1833 δὲ
430 1779 639 1846 νοήσεις
669 1776 757 1830 καὶ
811 1774 878 1830 τὰ
931 1773 1128 1852 ἄλογα,
1161 1776 1237 1839 ὡς
1280 1776 1368 1831 καὶ
1400 1775 1532 1834 αὐτὰ
1586 1775 1726 1838 θείας
1789 1775 1962 1853 σοφίας

2057 1771 2160 1846 tia,
2194 1769 2433 1849 angelos
2477 1770 2718 1851 inquam
2746 1778 2805 1833 et
2832 1769 3103 1844 sensilia,
3133 1768 3192 1831 id
3240 1777 3331 1831 est
3359 1769 3433 1832 ad
3462 1772 3694 1836 animas

321 1864 646 1944 μετέχοντα,
682 1864 735 1921 ἐν
782 1875 905 1926 ταῖς
958 1862 1213 1943 φυσικαῖς
1276 1865 1449 1921 αὐτῶν
1507 1867 1729 1941 ὁρμαῖς,
1762 1864 1835 1928 ὣς
1888 1862 1973 1919 ἐπὶ

317 1960 412 2011 τοῦ
456 1953 716 2033 ἀράχνου,
748 1953 836 2009 καὶ
884 1959 976 2009 τοῦ
1004 1952 1307 2030 μύρμηκος,
1336 1955 1423 2009 καὶ
1478 1959 1583 2010 τῶν
1617 1951 1794 2009 ἄλλων
1843 1951 1968 2031 ἐφε-

323 2043 417 2111 ξῆς
462 2045 631 2100 ἁπάντ
649 2065 730 2105 εν,

2056 1878 2374 1940 corporeas
2402 1859 3025 1939 extenditur,etsupra
3042 1858 3171 1921 haec
3199 1859 3446 1922 eminet.
3477 1859 3689 1924 Scien~

2056 1950 2195 2011 dum
2228 1967 2391 2023 vero,
2426 1948 2661 2029 quando
2694 1948 2770 2010 de
2801 1947 3038 2028 angelis
3087 1955 3146 2009 et
3174 1948 3519 2013 hominibus
3548 1951 3691 2014 solis

2055 2037 2340 2119 loquitur,
2369 2038 2564 2119 ipsum
2596 2039 2840 2117 angelos
2867 2056 3078 2101 vocare
3117 2038 3536 2119 intelligibiles,
3574 2060 3684 2103 no-

316 2141 469 2194 stras
502 2149 644 2194 vero
674 2130 903 2194 animas
963 2130 1369 2210 intelligentes
1401 2152 1416 2207 ;
1450 2149 1609 2193 nunc
1652 2139 1846 2193 autem
1908 2147 2041 2192 cum
2103 2128 2177 2190 de
2235 2127 2357 2190 Deo
2419 2146 2616 2189 sermo
2660 2136 2776 2209 est,
2811 2128 3022 2190 merito
3069 2128 3244 2190 etiam
3279 2138 3394 2190 tam
3443 2131 3688 2211 angelos

313 2241 491 2304 quam
546 2240 656 2283 nos
698 2221 1102 2300 intelligentes
1150 2220 1473 2301 appellare,
1507 2221 1663 2300 quod
1722 2220 1898 2282 etiam
1961 2217 2075 2299 ipsi
2133 2220 2317 2280 Deum
2364 2216 2749 2295 intelligendo
2802 2217 3210 2280 intellectione
3276 2220 3531 2301 alantur,
3564 2239 3685 2284 non

313 2331 491 2375 secus
546 2330 615 2373 ac
645 2312 857 2373 animae
916 2311 1218 2373 humanae.
1259 2309 1512 2372 Sensilia
1568 2328 1710 2372 vero
1764 2308 2063 2388 intelliges
2125 2307 2301 2369 etiam
2362 2306 2748 2387 irrationalia,
2780 2311 2846 2369 ut
2871 2326 3002 2388 quae
3054 2308 3231 2369 etiam
3263 2307 3522 2372 divinam
3581 2328 3679 2372 sa-

318 2405 597 2485 pientiam
629 2402 981 2483 participent
1007 2401 1069 2462 in
1101 2406 1226 2463 suis
1258 2400 1632 2463 naturalibus
1663 2397 2187 2482 prapensionibus,
2218 2406 2282 2459 ut
2310 2398 2370 2459 in
2415 2414 2632 2459 aranea
2662 2406 2721 2460 et
2749 2397 2994 2460 formica
3025 2397 3376 2479 caeterisque
3405 2399 3681 2461 omnibus

358 2501 501 2555 atet.

358 2513 501 2555 alet.

318 2513 354 2573 Ρ
398 2584 428 2662 §
457 2581 530 2645 ΙΙ.
563 2582 763 2643 Ταύτας
795 2580 1037 2657 βούλεται
1071 2584 1097 2637 ὁ
1127 2580 1288 2659 λόγος
1310 2582 1539 2656 ὑμνῆσαι
1573 2582 1665 2645 τὰς
1697 2586 1794 2647 τῆς
1823 2602 1962 2655 προ-

318 2674 464 2736 νοίας
533 2672 912 2751 ἐκφαντορικας
966 2672 1054 2726 καὶ
1112 2672 1532 2749 ⁴ιταρπιστατικάς,
1590 2672 1678 2727 καὶ
1719 2668 1962 2736 δηλωτι-

319 2764 416 2827 κὰς
467 2761 782 2836 θεωνυμίας,
818 2756 932 2815 οὐδὲ
963 2760 1062 2837 γὰρ
1119 2761 1283 2827 αὐτὴν
1313 2760 1412 2827 τὴν
1445 2760 1573 2836 οόπέρ
1620 2766 1794 2815 πᾶσαν
1825 2759 1964 2835 ἁγα-

316 2855 518 2920 θότητα
574 2853 663 2907 καὶ
710 2851 938 2915 θεότητα
1000 2850 1130 2921 (θεοὶ
1161 2850 1260 2926 γὰρ
1307 2851 1392 2905 καὶ
1431 2852 1477 2904 οἱ
1520 2847 1736 2927 ἄγγελοι
1788 2850 1877 2904 καὶ
1918 2848 1965 2903 οἱ

317 2937 510 2995 δίκαιοι
565 2937 856 3015 ἅνθρωποι)
886 2938 984 3004 τὴν
1028 2934 1304 3015 ἱδρυμένην
1349 2937 1405 2993 ἐν
1452 2937 1797 3014 ἀποκρύφοις,
1832 2936 1966 2992 κατὰ

315 3029 401 3107 τό,
436 3026 527 3084 Ἐν
565 3027 853 3105 ἀποκρύφῳ
911 3023 1233 3103 καταιγίδος⁸
1293 3027 1380 3082 καὶ
1431 3026 1515 3104 τό,
1566 3024 1777 3083 ’Ἒθετο
1831 3024 1962 3080 σκό-

312 3138 406 3180 τος
467 3116 777 3195 ἀποκρυφὴν
810 3116 987 3171 αὐτοῦ’
1047 3112 1184 3171 ἀλλά
1237 3114 1338 3182 τὴν
1380 3121 1486 3171 τῶν
1532 3114 1739 3193 ἀγαθῶν
1788 3114 1964 3171 ἀπάν-

312 3229 419 3263 των
479 3206 645 3262 αἰτίαν
674 3204 1002 3281 ἀγαθότητα,
1039 3204 1128 3260 καὶ
1166 3205 1229 3260 τὸ
1277 3206 1383 3262 τῶν
1418 3205 1582 3261 ὄντων
1640 3204 1818 3261 αἴτιον
1875 3204 1958 3277 ὃν,

2128 2575 2260 2656 §lI.
2292 2574 2409 2638 llas
2452 2578 2626 2655 igitur
2676 2575 2780 2639 Dei
2827 2575 3281 2654 nominationes,
3316 2598 3446 2660 quae
3488 2582 3680 2661 provi-

2048 2666 2279 2731 dentias
2305 2667 2411 2730 Dei
2433 2668 2703 2748 aperiunt
2724 2675 2782 2729 et
2804 2673 3144 2747 pro’ponuut
3184 2685 3251 2730 ac
3282 2668 3674 2748 manifestam,

2050 2759 2415 2838 propositum
2451 2765 2539 2818 est
2564 2756 2910 2838 praedicare,
2947 2775 3063 2817 non
3088 2775 3224 2818 vero
3255 2757 3412 2820 illam
3437 2778 3567 2839 qua:
3584 2779 3679 2821 su-

2050 2864 2155 2926 pra
2185 2864 2423 2908 omnem
2448 2846 2770 2909 bonitatem
2800 2864 2869 2908 ac
2899 2844 3175 2908 deitatem
3206 2851 3363 2921 (nam
3405 2857 3463 2910 et
3484 2850 3680 2928 angeli

2048 2936 2440 3017 hominesque
2472 2936 2623 3015 justi
2655 2935 2762 2998 Dei
2801 2934 3199 3016 appellantur)
3227 2935 3288 2997 in
3319 2938 3682 3001 absconditis

2048 3025 2251 3089 sedem
2282 3025 2666 3108 posuit,juxta
2688 3025 2856 3088 illud:
2894 3023 2965 3085 In
2990 3025 3326 3088 abscondito
3357 3033 3682 3108 tempesta—

2048 3119 2351 3196 tis';alque
2370 3116 2518 3177 illud
2543 3136 2557 3176 :
2584 3113 3089 3178 Posuittenebras
3112 3114 3439 3179 latibulum
3464 3134 3669 3190 suum;

2048 3205 2151 3267 sed
2175 3206 2496 3267 bonitatem
2523 3204 2683 3266 illam
2707 3221 2841 3285 quae
2862 3203 3154 3265 bonorum
3169 3204 3436 3266 omnium
3457 3223 3683 3269 rerum-

310 3296 400 3352 καὶ
443 3297 542 3362 τὴν
583 3299 691 3350 τῶν
720 3295 932 3364 ζώντων
977 3294 1144 3350 αἰτίαν
1186 3295 1354 3366 ζωὴν,
1410 3294 1497 3351 καὶ
1532 3294 1630 3360 τὴν
1688 3292 1961 3374 σοφοδότιν

2048 3312 2167 3371 que
2196 3311 2372 3356 causa
2402 3293 2618 3369 existit,
2653 3303 2712 3355 et
2740 3293 2914 3353 vitam
2966 3310 3097 3372 qua:
3138 3292 3452 3356 viventium
3504 3313 3681 3357 causa

309 3387 522 3467 σοφίαν⁰
582 3387 634 3441 τί
660 3386 846 3441 τούτου
901 3382 1186 3452 δηλοῦντος
1230 3387 1486 3464 ἐντεῦθεν,
1530 3385 1582 3442 ἐν
1612 3391 1689 3460 τῷ
1732 3384 1956 3460 συνάγε-

310 3480 429 3534 σθαι
473 3474 587 3551 ἅμα
612 3482 689 3549 τῷ
718 3476 943 3549 αἰτιὰτῷ
984 3477 1044 3531 τὸ
1073 3476 1271 3533 αἴτιον·
1328 3474 1383 3531 ἓν
1414 3472 1597 3554 δῆλον,
1631 3474 1708 3530 ἶν’
1737 3472 1958 3531 ἀποδει-

310 3566 470 3646 χθείη
506 3566 568 3621 ἐκ
596 3575 687 3625 τοῦ
718 3567 955 3623 αἰτιατοῦ
984 3566 1044 3622 τὸ
1088 3563 1288 3624 αἴτιον·
1322 3566 1358 3634 ἢ
1390 3567 1477 3622 καὶ
1509 3561 1771 3629 ἀπόδειξις
1802 3563 1959 3641 λέγε-

309 3678 425 3737 ται,
458 3646 582 3713 ἀλλ’
608 3660 668 3715 οὗ
696 3656 790 3712 τοῦ
817 3653 977 3731 διότι,
1009 3652 1146 3713 ἀλλὰ
1169 3666 1264 3716 τοῦ
1293 3657 1397 3736 ὅτι,
1422 3657 1494 3716 ὡς
1551 3654 1675 3711 ὅταν
1706 3651 1957 3711 δεικνύω-ι

313 3767 413 3826 μεν
468 3745 568 3813 τὴν
609 3750 709 3815 τῆς
748 3744 980 3816 σελήνης
1024 3744 1320 3826 ἀντίφραξιν
1359 3744 1444 3802 διὰ
1484 3748 1584 3811 τῆς
1644 3741 1957 3819 ἐκλείψεως.

318 3825 454 3894 "Ott
484 3838 611 3914 γοῦν
642 3834 753 3892 ἐστι
782 3835 844 3892 τὸ
889 3842 1047 3894 Θετον
1098 3825 1315 3914 ἀγαθὸν,
1349 3834 1443 3892 καί
1473 3833 1556 3913 ὃν,
1587 3833 1675 3889 καὶ
1703 3833 1839 3905 ζωὴ,
1873 3832 1961 3888 καὶ

315 3925 497 4006 σοφία,
530 3926 861 4001 μανθάνομεν
908 3922 993 3983 διὰ
1034 3932 1140 3982 τῶν
1198 3924 1471 3982 αἰτιατῶν⁶
1502 3922 1568 3979 δι’
1623 3923 1653 3978 ὃ
1682 3920 1737 3978 δὲ
1796 3921 1960 3979 ταῦτά

318 4016 487 4096 ἐστιν,
533 4016 592 4073 οὗ
649 4016 1001 4095 γινώσκομεν,
1035 4012 1219 4082 ἐπειδή
1270 4016 1371 4088 πρὸ
1431 4021 1617 4090 μικροῦ
1645 4009 1786 4077 ἔδοξέ
1842 4033 1957 4076 πως

315 4103 576 4163 ὒπόϐασιν
632 4103 831 4184 λέγειν,
880 4108 940 4162 τὸ
970 4106 1164 4184 ἀγαθὸν
1217 4105 1378 4162 εἰπὼν
1419 4105 1512 4161 τόῦ
1551 4102 1699 4166 ὄντὸς
1754 4101 1953 4161 αἴτιον.

319 4196 419 4254 Καὶ
450 4194 587 4251 οὕτω
641 4195 889 4274 καθεξῆς,
922 4194 1015 4250 ἵνα
1071 4194 1149 4269 μὴ
1204 4191 1488 4271 δράξωνταί
1519 4213 1658 4258 τινες
1714 4190 1956 4271 ἀφορμῆς

315 4284 608 4357 ἀσυνέτως,
642 4285 736 4341 οὐκ
794 4283 926 4341 ἄλλο
977 4284 1136 4363 φησὶν
1186 4283 1329 4340 εἶναι
1372 4283 1432 4339 τὸ
1479 4282 1563 4357 ὃν,
1593 4281 1682 4337 καί
1724 4279 1856 4339 ἄλλο
1897 4281 1959 4337 τὸ

312 4374 540 4452 ἀγαθὸν,
570 4375 657 4430 καὶ
712 4372 933 4439 καθεξῆς
962 4371 1151 4429 τᾶλλα·
1208 4371 1264 4428 ἓν
1307 4372 1407 4452 γὰρ
1434 4378 1540 4428 τῶν
1580 4371 1830 4428 ἁπάντων
1861 4368 1957 4426 αἵ-

308 4484 450 4542 τιον,
480 4463 569 4518 καὶ
627 4464 684 4517 (ιῦ
717 4460 909 4520 πολλά·
971 4463 1058 4519 καὶ
1093 4461 1187 4537 μία
1216 4464 1404 4528 θεότης
1432 4463 1466 4529 ἠ
1499 4461 1566 4517 τὰ
1614 4461 1785 4517 πάντα
1814 4481 1955 4539 παρ-

334 4553 346 4571 Ι
434 4540 443 4542 Ξ
624 4561 639 4575 ρ
730 4553 742 4570 Ι
992 4551 1035 4570 ‘\
1218 4559 1241 4569 η
1421 4554 1443 4564 ς.
1713 4540 1751 4558 οο

305 4574 536 4631 αγουσα,
603 4555 937 4609 λαθαπτεται
988 4573 1041 4607 οε
1099 4551 1331 4609 ἐντεῦθεν
1375 4573 1479 4607 των
1509 4571 1567 4607 τε
1598 4550 1651 4607 ἐν
1756 4548 1953 4616 Ελλησι

306 4644 489 4721 σοφῶν
545 4642 634 4698 καὶ
690 4648 795 4698 τῶν
837 4641 941 4697 ἀπὸ
985 4643 1227 4717 Σίμωνος
1286 4642 1583 4720 αἰρετικῶν,
1635 4641 1687 4696 οἳ
1745 4660 1953 4714 κοσμοο

303 4733 495 4797 ποιούς
552 4753 680 4812 φασι
737 4730 910 4805 θεοὺς,
941 4729 1058 4787 καθ’
1115 4729 1238 4786 ὅσον
1289 4727 1674 4801 ὑποϐεϐήιιασι,
1706 4735 1954 4785 τοσοῦτον

2044 3392 2153 3463 est,
2202 3382 2687 3462 sapientiamque
2741 3380 3481 3464 sapientiae-largitricem;
3515 3385 3678 3464 quod

2041 3472 2183 3533 hinc
2216 3471 2596 3534 manifestum
2625 3469 2858 3545 ﬁt,dum
2892 3487 3011 3531 una
3037 3488 3170 3531 cum
3196 3470 3409 3533 eﬂ‘ectu
3440 3490 3677 3534 causam

2042 3561 2369 3642 conjungit,
2429 3568 2492 3623 ut
2557 3559 2837 3621 nimirum
2898 3578 2970 3621 ex
3032 3558 3243 3621 ell'rctu
3291 3560 3454 3623 clare
3502 3579 3679 3625 causa

2042 3650 2507 3731 demonstretur;
2531 3649 2621 3712 vel
2655 3648 2834 3711 etiam
2865 3648 3297 3712 demonstratio
3325 3649 3541 3712 dicitur
3559 3670 3680 3713 non

2042 3739 2343 3819 particula
2372 3738 2528 3821 διότι,
2560 3737 2665 3801 sed
2702 3738 2805 3814 ὅτι,
2840 3745 2903 3799 ut
2930 3737 3168 3815 quando
3197 3737 3678 3803 demonstramus

2041 3827 2198 3893 lunai
2231 3829 2666 3912 oppositionem
2719 3846 2827 3909 per
2855 3826 3149 3909 eclipsim.
3182 3827 3467 3901 Quoniam
3498 3828 3678 3910 igitur

2040 3918 2203 3982 Deus
2231 3919 2449 3982 bonum
2483 3926 2593 4000 est,
2628 3925 2687 3980 et
2716 3936 2850 3996 ens;
2881 3925 2940 3981 et
2973 3918 3108 3994 vita,
3144 3924 3204 3979 et
3231 3918 3541 4000 sapientia,
3576 3920 3673 3982 di-

2037 4008 2262 4073 scimus
2289 4027 2359 4072 ex
2388 4008 2637 4085 eﬂ‘ectis;
2671 4025 2778 4089 per
2804 4005 2963 4089 quod
3006 4015 3200 4069 autem
3232 4006 3359 4069 haec
3406 4007 3507 4091 sit,
3552 4027 3674 4071 non

2038 4099 2477 4176 cognoscimus,
2504 4097 2723 4179 quippe
2756 4097 2853 4178 qui
2885 4095 3056 4177 paulo
3103 4104 3240 4158 ante
3282 4097 3443 4160 visus
3472 4106 3563 4160 est
3587 4099 3677 4161 di-

2039 4206 2202 4264 cere,
2234 4187 2455 4250 bonum
2500 4206 2631 4250 esse
2677 4186 3179 4268 subjectum,cum
3212 4186 3358 4249 dixit
3388 4204 3518 4250 esse
3549 4189 3677 4269 ejus

2041 4279 2195 4359 quod
2229 4286 2319 4341 est
2346 4282 2622 4342 causa.Et
2643 4277 2722 4339 ita
2750 4275 3065 4359 deinceps,
3102 4295 3178 4338 ne
3207 4276 3307 4359 qui
3340 4277 3447 4340 bac
3502 4297 3678 4341 occa-

2039 4368 2208 4430 sione
2259 4367 2668 4448 imprudentes
2715 4365 3158 4447 deciperentur,
3212 4385 3330 4428 non
3378 4369 3480 4443 ait,
3514 4368 3676 4430 aliud

2040 4474 2173 4520 esse
2192 4459 2332 4521 459
2357 4476 2484 4534 ens,
2517 4466 2575 4521 et
2603 4457 2764 4520 aliud
2800 4457 3047 4532 bonum,
3083 4465 3139 4519 et
3162 4457 3246 4518 sic
3273 4457 3348 4520 de
3382 4460 3623 4520 caeteris
3658 4475 3672 4521 :

2039 4567 2155 4609 una
2181 4548 2475 4626 siquidem
2506 4546 3071 4622 omnium'causa,et
3102 4564 3217 4607 non
3250 4546 3537 4623 multaa;et
3562 4566 3678 4610 una

2038 4637 2227 4699 deitas
2256 4656 2386 4719 quae
2415 4636 2692 4700 universa
2734 4638 3026 4717 produxit.
3086 4635 3439 4717 Perstringit
3474 4645 3671 4699 autem

2036 4726 2136 4789 hic
2192 4728 2531 4791 Graecorum
2592 4725 2917 4807 sapientes,
2949 4733 3008 4787 et
3052 4724 3361 4786 lucreticos
3413 4724 3678 4789 Simonis

305 4822 495 4877 καὶτὰ
538 4820 884 4898 ἀσθενέστερα
929 4826 1036 4876 τῶν
1094 4820 1399 4896 κτισμάτων
1458 4820 1817 4898 παράγοντας,
1852 4816 1951 4881 ἕως

2048 4824 2380 4893 sectatores,
2412 4816 2517 4898 qui
2546 4827 2844 4897 asserunt,
2883 4815 3027 4877 deos
3058 4813 3260 4874 mundi
3292 4812 3673 4879 fabricatores

304 4912 396 4967 καὶ
455 4915 553 4979 τῆς
601 4911 812 4967 πάντων
870 4909 1244 4989 ὑποστάθμης,
1274 4914 1371 4977 τῆς
1420 4906 1571 4985 ὕλης·
1624 4908 1712 4964 καὶ
1757 4907 1953 4974 ταύτης

305 5002 411 5075 γὰρ
468 4998 604 5056 ἴδιον
659 4998 983 5078 δημιουργὸν
1053 4996 1447 5060 ἀποδεδώκασι.
1523 4996 1734 5055 Τούτων
1786 4996 1956 5055 τοίνυν

308 5093 418 5147 τῶν
448 5097 542 5146 τοῦ
593 5090 711 5155 ἑνὸς
743 5096 874 5146 Θεοῦ
925 5092 1251 5169 θεωνυμιῶν,
1285 5090 1320 5157 ἡ
1348 5087 1446 5164 μὲν
1504 5094 1592 5144 τοῦ
1619 5087 1813 5165 ἀγαθοῦ
1859 5085 1956 5145 ἐκ·

311 5182 543 5259 φαντική
576 5179 687 5236 ἔστι
716 5184 813 5246 τῆς
871 5176 1161 5242 παντελοῦς
1190 5185 1284 5236 τοῦ
1312 5179 1443 5236 Θεοῦ
1495 5178 1760 5257 προνοίας,
1795 5178 1846 5233 αἰ
1902 5176 1955 5233 δὲ

309 5270 495 5327 λοιπαὶ
522 5274 754 5347 μερικῶν
795 5273 1059 5348 προνοιῶν
1102 5268 1201 5325 εἰσι
1253 5265 1563 5341 δηλωτικαί,
1600 5268 1651 5323 αἰ
1678 5266 1775 5340 μὲν
1833 5264 1953 5324 ὀλι-

308 5357 584 5440 κωτέρων,
616 5362 668 5418 αἱ
705 5356 763 5415 δὲ
819 5357 1212 5438 μερικωτέρων’
1246 5359 1279 5426 ἡ
1334 5359 1461 5437 γὰρκ
1486 5363 1578 5415 τοῦ
1620 5356 1819 5436 ἀγαθοῦ
1859 5358 1955 5426 τῆς

304 5448 601 5515 παντελοῦς
647 5450 916 5527 προνοίας,
952 5446 1034 5503 ὅτι
1092 5448 1266 5505 πάντα
1307 5446 1375 5503 δι’
1433 5446 1740 5527 ἀγαθὸτητα
1783 5449 1957 5525 παρή-

300 5542 417 5621 χθη
445 5540 537 5596 καί
566 5540 717 5595 εἰσιν·
749 5536 788 5605 ἡ
844 5536 901 5593 δι
933 5541 1034 5605 τῆς
1062 5536 1231 5612 ζωῆς,
1258 5541 1510 5617 μερικῆς,
1536 5534 1658 5595 ἀλλ’
1690 5533 1953 5595 ὁλικωτέ-

383 5710 409 5746 ι’
435 5695 598 5764 Psal.
625 5713 805 5777 ωσι,
834 5697 897 5763 8.
984 5714 1006 5744 ο
1029 5693 1189 5764 Psal.
1222 5712 1365 5763 xvu.
1396 5693 1497 5761 12.

2037 4915 2251 4987 quanto
2280 4907 2593 4969 inferiores
2621 4914 2782 4987 sunt,
2825 4912 2985 4966 tanto
3032 4921 3271 4983 quoque
3313 4902 3675 4969 inﬁrmiores

2041 4996 2371 5076 producere
2400 4995 2919 5071 creaturas,etiam
2944 5011 3131 5074 usque
3152 4992 3227 5054 ad
3250 4992 3514 5055 omnium
3538 4994 3675 5056 fun-

2039 5085 2382 5148 damentum
2418 5085 2504 5166 (id
2536 5088 2643 5157 est)
2677 5084 3007 5157 materiam;
3042 5101 3175 5144 nam
3208 5089 3267 5144 et
3313 5083 3454 5145 huic
3486 5102 3673 5164 pecu-

2040 5175 2245 5238 liarem
2293 5174 2661 5238 conditorem
2697 5176 3094 5254 assignarunt.
3128 5172 3285 5234 lnter
3319 5172 3444 5235 haec
3476 5172 3673 5254 itaque

2039 5274 2219 5329 unius
2241 5265 2345 5329 Dei
2359 5265 2848 5341 nomina,nomen
2863 5262 3003 5326 boni
3033 5260 3399 5325 universales
3419 5260 3523 5323 Dei
3544 5282 3673 5344 pro-

2038 5356 2329 5420 videntius
2358 5355 2641 5437 declarat,
2673 5353 2908 5433 reliqua
2937 5370 3079 5417 vero
3108 5350 3493 5433 particulares
3523 5369 3669 5433 pro-

2035 5447 2327 5510 videntias
2357 5445 2759 5523 manilestant,
2786 5443 2897 5506 alia
2929 5442 3169 5524 quidem
3201 5439 3386 5519 magis
3426 5441 3670 5504 univer-

2033 5538 2213 5622 sales,
2244 5536 2362 5601 alia
2382 5554 2520 5600 vero
2552 5534 2736 5615 magis
2760 5532 3174 5615 particulares;
3200 5528 3496 5610 siquidem
3528 5531 3671 5597 boni

3905 5300 3942 5343 ατ

3926 5350 3941 5405 'l

3924 5414 3939 5495 ﬁ

3926 5500 3937 5587 ἓ
