  <div class='ocr_page' id='page_1' title='image "/cluster/home/n/w/nwhite01/storage/ocr_20150623/3/hvd.32044029831450/437.png"; bbox 0 0 4050 6212; ppageno 0'>
   <div class='ocr_carea' id='block_1_1' title="bbox 380 327 3745 411">
    <p class='ocr_par' dir='ltr' id='par_1_1' title="bbox 380 327 3745 411">
     <span class='ocr_line' id='line_1_1' title="bbox 380 327 3745 411; baseline 0.001 -5"><span class='ocrx_word' id='word_1_1' title='bbox 380 327 498 409; x_wconf 73' lang='lat'>835</span> <span class='ocrx_word' id='word_1_2' title='bbox 1554 337 1614 406; x_wconf 85' lang='lat' dir='ltr'><strong>s.</strong></span> <span class='ocrx_word' id='word_1_3' title='bbox 1659 342 1994 410; x_wconf 80' lang='lat' dir='ltr'><strong>DIONYSII</strong></span> <span class='ocrx_word' id='word_1_4' title='bbox 2041 344 2238 409; x_wconf 84' lang='lat' dir='ltr'><strong>AREO</strong></span> <span class='ocrx_word' id='word_1_5' title='bbox 2255 341 2576 409; x_wconf 64' lang='lat' dir='ltr'><strong>PAGITrE.</strong></span> <span class='ocrx_word' id='word_1_6' title='bbox 3619 347 3745 411; x_wconf 77' lang='lat' dir='ltr'><strong>sse</strong></span> 
     </span>
    </p>
   </div>
   <div class='ocr_carea' id='block_1_2' title="bbox 377 477 2007 561">
    <p class='ocr_par' dir='ltr' id='par_1_2' title="bbox 377 478 2004 561">
     <span class='ocr_line' id='line_1_2' title="bbox 377 478 2004 561; baseline 0 -19"><span class='ocrx_word' id='word_1_7' title='bbox 377 499 596 542; x_wconf 87' lang='lat' dir='ltr'><strong>nomen</strong></span> <span class='ocrx_word' id='word_1_8' title='bbox 647 481 919 557; x_wconf 75' lang='lat' dir='ltr'><strong>designat</strong></span> <span class='ocrx_word' id='word_1_9' title='bbox 969 478 1360 538; x_wconf 86' lang='lat' dir='ltr'><strong>universalem</strong></span> <span class='ocrx_word' id='word_1_10' title='bbox 1404 478 1649 541; x_wconf 91' lang='lat' dir='ltr'><strong>omnino</strong></span> <span class='ocrx_word' id='word_1_11' title='bbox 1682 481 2004 561; x_wconf 86' lang='lat' dir='ltr'><strong>providen-</strong></span> 
     </span>
    </p>
   </div>
   <div class='ocr_carea' id='block_1_3' title="bbox 2095 477 3750 561">
    <p class='ocr_par' dir='ltr' id='par_1_3' title="bbox 2095 477 3750 560">
     <span class='ocr_line' id='line_1_3' title="bbox 2095 477 3750 560; baseline -0.001 -23"><span class='ocrx_word' id='word_1_12' title='bbox 2095 503 2208 560; x_wconf 85' lang='grc' dir='ltr'>ρας,</span> <span class='ocrx_word' id='word_1_13' title='bbox 2251 481 2310 536; x_wconf 70' lang='grc' dir='ltr'>οὗ</span> <span class='ocrx_word' id='word_1_14' title='bbox 2340 479 2440 557; x_wconf 75' lang='grc' dir='ltr'><strong>γὰρ</strong></span> <span class='ocrx_word' id='word_1_15' title='bbox 2497 480 2670 534; x_wconf 82' lang='grc' dir='ltr'>πάντα</span> <span class='ocrx_word' id='word_1_16' title='bbox 2697 485 2879 549; x_wconf 83' lang='grc' dir='ltr'>ζῶσιν⁸</span> <span class='ocrx_word' id='word_1_17' title='bbox 2930 478 2964 546; x_wconf 76' lang='grc' dir='ltr'>ἡ</span> <span class='ocrx_word' id='word_1_18' title='bbox 2997 477 3051 534; x_wconf 83' lang='grc' dir='ltr'><strong>δὲ</strong></span> <span class='ocrx_word' id='word_1_19' title='bbox 3103 480 3199 546; x_wconf 76' lang='grc' dir='ltr'><strong>τῆς</strong></span> <span class='ocrx_word' id='word_1_20' title='bbox 3244 481 3454 558; x_wconf 61' lang='grc' dir='ltr'>σοφίας,</span> <span class='ocrx_word' id='word_1_21' title='bbox 3493 480 3566 536; x_wconf 79' lang='grc' dir='ltr'>ἔτι</span> <span class='ocrx_word' id='word_1_22' title='bbox 3598 502 3750 558; x_wconf 81' lang='grc' dir='ltr'>μερι-</span> 
     </span>
    </p>
   </div>
   <div class='ocr_carea' id='block_1_4' title="bbox 376 560 2007 648">
    <p class='ocr_par' dir='ltr' id='par_1_4' title="bbox 376 560 2007 648">
     <span class='ocr_line' id='line_1_4' title="bbox 376 560 2007 648; baseline 0.001 -19"><span class='ocrx_word' id='word_1_23' title='bbox 376 569 540 644; x_wconf 85' lang='lat' dir='ltr'><strong>tiam,</strong></span> <span class='ocrx_word' id='word_1_24' title='bbox 566 569 845 646; x_wconf 85' lang='lat' dir='ltr'><strong>quoniam</strong></span> <span class='ocrx_word' id='word_1_25' title='bbox 879 567 1154 629; x_wconf 84' lang='lat' dir='ltr'><strong>universa</strong></span> <span class='ocrx_word' id='word_1_26' title='bbox 1203 585 1309 647; x_wconf 92' lang='lat' dir='ltr'><strong>per</strong></span> <span class='ocrx_word' id='word_1_27' title='bbox 1361 560 1694 630; x_wconf 76' lang='lat' dir='ltr'><strong>bonitatem</strong></span> <span class='ocrx_word' id='word_1_28' title='bbox 1731 570 2007 648; x_wconf 86' lang='lat' dir='ltr'><strong>producta</strong></span> 
     </span>
    </p>
   </div>
   <div class='ocr_carea' id='block_1_5' title="bbox 2095 560 3748 648">
    <p class='ocr_par' dir='ltr' id='par_1_5' title="bbox 2095 560 3748 646">
     <span class='ocr_line' id='line_1_5' title="bbox 2095 560 3748 646; baseline -0.001 -21"><span class='ocrx_word' id='word_1_29' title='bbox 2095 568 2352 646; x_wconf 81' lang='grc' dir='ltr'>κωτέρας.</span> <span class='ocrx_word' id='word_1_30' title='bbox 2414 565 2530 623; x_wconf 67' lang='grc' dir='ltr'>ουδὲ</span> <span class='ocrx_word' id='word_1_31' title='bbox 2561 568 2659 645; x_wconf 74' lang='grc' dir='ltr'><strong>γὰρ</strong></span> <span class='ocrx_word' id='word_1_32' title='bbox 2712 568 2884 623; x_wconf 80' lang='grc' dir='ltr'>πάντα</span> <span class='ocrx_word' id='word_1_33' title='bbox 2915 569 2980 624; x_wconf 83' lang='grc' dir='ltr'><strong>τά</strong></span> <span class='ocrx_word' id='word_1_34' title='bbox 3035 574 3205 639; x_wconf 81' lang='grc' dir='ltr'>ζῶντα</span> <span class='ocrx_word' id='word_1_35' title='bbox 3237 568 3393 646; x_wconf 63' lang='grc' dir='ltr'>σοφά.</span> <span class='ocrx_word' id='word_1_36' title='bbox 3457 560 3748 626; x_wconf 69' lang='grc' dir='ltr'>Ὀλικωτέ-</span> 
     </span>
    </p>
   </div>
   <div class='ocr_carea' id='block_1_6' title="bbox 376 655 2007 738">
    <p class='ocr_par' dir='ltr' id='par_1_6' title="bbox 376 657 2007 738">
     <span class='ocr_line' id='line_1_6' title="bbox 376 657 2007 738; baseline -0.001 -17"><span class='ocrx_word' id='word_1_37' title='bbox 376 665 602 729; x_wconf 85' lang='lat' dir='ltr'><strong>sunt,et</strong></span> <span class='ocrx_word' id='word_1_38' title='bbox 648 658 927 732; x_wconf 89' lang='lat' dir='ltr'><strong>existunt;</strong></span> <span class='ocrx_word' id='word_1_39' title='bbox 963 674 1184 718; x_wconf 88' lang='lat' dir='ltr'><strong>nomen</strong></span> <span class='ocrx_word' id='word_1_40' title='bbox 1235 674 1371 717; x_wconf 91' lang='lat' dir='ltr'><strong>vero</strong></span> <span class='ocrx_word' id='word_1_41' title='bbox 1421 657 1550 718; x_wconf 60' lang='lat' dir='ltr'><strong>vitae</strong></span> <span class='ocrx_word' id='word_1_42' title='bbox 1599 659 2007 738; x_wconf 88' lang='lat' dir='ltr'><strong>particularem</strong></span> 
     </span>
    </p>
   </div>
   <div class='ocr_carea' id='block_1_7' title="bbox 2095 655 3750 738">
    <p class='ocr_par' dir='ltr' id='par_1_7' title="bbox 2097 655 3750 737">
     <span class='ocr_line' id='line_1_7' title="bbox 2097 655 3750 737; baseline -0.001 -24"><span class='ocrx_word' id='word_1_43' title='bbox 2097 681 2187 737; x_wconf 83' lang='grc' dir='ltr'><strong>ρας</strong></span> <span class='ocrx_word' id='word_1_44' title='bbox 2247 664 2372 736; x_wconf 81' lang='grc' dir='ltr'>γοῦν</span> <span class='ocrx_word' id='word_1_45' title='bbox 2404 677 2534 736; x_wconf 82' lang='grc' dir='ltr'>φησι</span> <span class='ocrx_word' id='word_1_46' title='bbox 2591 659 2683 720; x_wconf 75' lang='grc' dir='ltr'>τὰς</span> <span class='ocrx_word' id='word_1_47' title='bbox 2718 655 2802 712; x_wconf 79' lang='grc' dir='ltr'><strong>ἐπὶ</strong></span> <span class='ocrx_word' id='word_1_48' title='bbox 2829 656 3102 713; x_wconf 88' lang='grc' dir='ltr'>πλειώνων</span> <span class='ocrx_word' id='word_1_49' title='bbox 3132 658 3518 735; x_wconf 74' lang='grc' dir='ltr'>θεωρουμέναςο</span> <span class='ocrx_word' id='word_1_50' title='bbox 3563 661 3598 726; x_wconf 76' lang='grc' dir='ltr'><strong>ἡ</strong></span> <span class='ocrx_word' id='word_1_51' title='bbox 3635 659 3750 728; x_wconf 70' lang='grc' dir='ltr'>ζωὴ</span> 
     </span>
    </p>
   </div>
   <div class='ocr_carea' id='block_1_8' title="bbox 378 745 2007 828">
    <p class='ocr_par' dir='ltr' id='par_1_8' title="bbox 378 745 2007 828">
     <span class='ocr_line' id='line_1_8' title="bbox 378 745 2007 828; baseline -0.001 -20"><span class='ocrx_word' id='word_1_52' title='bbox 378 747 800 828; x_wconf 77' lang='lat' dir='ltr'><strong>providentiam</strong></span> <span class='ocrx_word' id='word_1_53' title='bbox 816 745 1204 826; x_wconf 89' lang='lat' dir='ltr'><strong>declarat,sed</strong></span> <span class='ocrx_word' id='word_1_54' title='bbox 1235 747 1694 823; x_wconf 83' lang='lat' dir='ltr'><strong>generaliorem,</strong></span> <span class='ocrx_word' id='word_1_55' title='bbox 1722 767 1838 808; x_wconf 93' lang='lat' dir='ltr'><strong>non</strong></span> <span class='ocrx_word' id='word_1_56' title='bbox 1853 749 2007 808; x_wconf 92' lang='lat' dir='ltr'><strong>enim</strong></span> 
     </span>
    </p>
   </div>
   <div class='ocr_carea' id='block_1_9' title="bbox 2095 745 3753 828">
    <p class='ocr_par' dir='ltr' id='par_1_9' title="bbox 2097 747 3753 826">
     <span class='ocr_line' id='line_1_9' title="bbox 2097 747 3753 826; baseline -0.001 -24"><span class='ocrx_word' id='word_1_57' title='bbox 2097 749 2197 825; x_wconf 82' lang='grc' dir='ltr'><strong>γὰρ</strong></span> <span class='ocrx_word' id='word_1_58' title='bbox 2246 747 2425 826; x_wconf 74' lang='grc' dir='ltr'>φθάνει</span> <span class='ocrx_word' id='word_1_59' title='bbox 2476 747 2562 802; x_wconf 79' lang='grc' dir='ltr'>καὶ</span> <span class='ocrx_word' id='word_1_60' title='bbox 2621 747 2705 802; x_wconf 65' lang='grc' dir='ltr'><strong>ἐπὶ</strong></span> <span class='ocrx_word' id='word_1_61' title='bbox 2763 752 2959 824; x_wconf 80' lang='grc' dir='ltr'>φυτῶν,</span> <span class='ocrx_word' id='word_1_62' title='bbox 3006 747 3095 802; x_wconf 77' lang='grc' dir='ltr'><strong>καὶ</strong></span> <span class='ocrx_word' id='word_1_63' title='bbox 3154 747 3304 817; x_wconf 81' lang='grc' dir='ltr'>ζώων</span> <span class='ocrx_word' id='word_1_64' title='bbox 3363 747 3616 825; x_wconf 76' lang='grc' dir='ltr'><strong>λογικῶν,</strong></span> <span class='ocrx_word' id='word_1_65' title='bbox 3663 749 3753 802; x_wconf 80' lang='grc' dir='ltr'><strong>καὶ</strong></span> 
     </span>
    </p>
   </div>
   <div class='ocr_carea' id='block_1_10' title="bbox 376 833 2007 918">
    <p class='ocr_par' dir='ltr' id='par_1_10' title="bbox 376 835 2007 918">
     <span class='ocr_line' id='line_1_10' title="bbox 376 835 2007 918; baseline -0.001 -20"><span class='ocrx_word' id='word_1_66' title='bbox 376 842 572 898; x_wconf 86' lang='lat' dir='ltr'><strong>omnia</strong></span> <span class='ocrx_word' id='word_1_67' title='bbox 607 837 822 914; x_wconf 79' lang='lat' dir='ltr'><strong>vivunt,</strong></span> <span class='ocrx_word' id='word_1_68' title='bbox 856 835 1164 916; x_wconf 69' lang='lat' dir='ltr'><strong>sapientia:</strong></span> <span class='ocrx_word' id='word_1_69' title='bbox 1193 854 1331 898; x_wconf 82' lang='lat' dir='ltr'><strong>vero</strong></span> <span class='ocrx_word' id='word_1_70' title='bbox 1364 837 1556 899; x_wconf 88' lang='lat' dir='ltr'><strong>adhuc</strong></span> <span class='ocrx_word' id='word_1_71' title='bbox 1588 837 1773 914; x_wconf 86' lang='lat' dir='ltr'><strong>magis</strong></span> <span class='ocrx_word' id='word_1_72' title='bbox 1828 837 2007 918; x_wconf 88' lang='lat' dir='ltr'><strong>parti-</strong></span> 
     </span>
    </p>
   </div>
   <div class='ocr_carea' id='block_1_11' title="bbox 2095 833 3504 918">
    <p class='ocr_par' dir='ltr' id='par_1_11' title="bbox 2099 833 3504 915">
     <span class='ocr_line' id='line_1_11' title="bbox 2099 833 3504 915; baseline -0.001 -24"><span class='ocrx_word' id='word_1_73' title='bbox 2099 834 2334 913; x_wconf 78' lang='grc' dir='ltr'><strong>ἀλόγων·</strong></span> <span class='ocrx_word' id='word_1_74' title='bbox 2368 835 2524 914; x_wconf 75' lang='grc' dir='ltr'>σοφίά</span> <span class='ocrx_word' id='word_1_75' title='bbox 2551 833 2605 890; x_wconf 80' lang='grc' dir='ltr'><strong>δὲ</strong></span> <span class='ocrx_word' id='word_1_76' title='bbox 2641 837 2727 891; x_wconf 79' lang='grc' dir='ltr'>καὶ</span> <span class='ocrx_word' id='word_1_77' title='bbox 2758 835 2940 914; x_wconf 76' lang='grc' dir='ltr'>λόγος,</span> <span class='ocrx_word' id='word_1_78' title='bbox 2978 837 3322 915; x_wconf 80' lang='grc' dir='ltr'>μερικώτεροί</span> <span class='ocrx_word' id='word_1_79' title='bbox 3352 839 3504 899; x_wconf 74' lang='grc' dir='ltr'>εἰσιν,</span> 
     </span>
    </p>
   </div>
   <div class='ocr_carea' id='block_1_12' title="bbox 376 923 3753 1006">
    <p class='ocr_par' dir='ltr' id='par_1_12' title="bbox 376 923 3753 1006">
     <span class='ocr_line' id='line_1_12' title="bbox 376 923 3753 1006; baseline -0.001 -19"><span class='ocrx_word' id='word_1_80' title='bbox 376 929 664 1000; x_wconf 83' lang='lat' dir='ltr'><strong>cularem,</strong></span> <span class='ocrx_word' id='word_1_81' title='bbox 699 944 816 986; x_wconf 88' lang='lat' dir='ltr'><strong>non</strong></span> <span class='ocrx_word' id='word_1_82' title='bbox 867 925 1023 986; x_wconf 91' lang='lat' dir='ltr'><strong>enim</strong></span> <span class='ocrx_word' id='word_1_83' title='bbox 1058 926 1257 986; x_wconf 87' lang='lat' dir='ltr'><strong>omnia</strong></span> <span class='ocrx_word' id='word_1_84' title='bbox 1288 945 1418 1006; x_wconf 64' lang='lat' dir='ltr'><strong>quae</strong></span> <span class='ocrx_word' id='word_1_85' title='bbox 1451 927 1654 987; x_wconf 86' lang='lat' dir='ltr'><strong>vivunt</strong></span> <span class='ocrx_word' id='word_1_86' title='bbox 1685 926 1945 1006; x_wconf 87' lang='lat' dir='ltr'><strong>sapiunt.</strong></span> <span class='ocrx_word' id='word_1_87' title='bbox 1980 923 2394 988; x_wconf 89' lang='lat' dir='ltr'><strong>Generaliores</strong></span> <span class='ocrx_word' id='word_1_88' title='bbox 2440 930 2638 984; x_wconf 88' lang='lat' dir='ltr'><strong>autem</strong></span> <span class='ocrx_word' id='word_1_89' title='bbox 2667 931 2836 984; x_wconf 80' lang='lat' dir='ltr'><strong>vocat</strong></span> <span class='ocrx_word' id='word_1_90' title='bbox 2867 941 2990 998; x_wconf 89' lang='lat' dir='ltr'><strong>eas,</strong></span> <span class='ocrx_word' id='word_1_91' title='bbox 3017 943 3148 1004; x_wconf 68' lang='lat' dir='ltr'><strong>qua:</strong></span> <span class='ocrx_word' id='word_1_92' title='bbox 3200 923 3260 985; x_wconf 89' lang='lat' dir='ltr'><strong>in</strong></span> <span class='ocrx_word' id='word_1_93' title='bbox 3296 924 3560 1004; x_wconf 87' lang='lat' dir='ltr'><strong>pluribus</strong></span> <span class='ocrx_word' id='word_1_94' title='bbox 3610 943 3753 985; x_wconf 86' lang='lat' dir='ltr'><strong>cer-</strong></span> 
     </span>
    </p>
   </div>
   <div class='ocr_carea' id='block_1_13' title="bbox 373 1012 3758 1096">
    <p class='ocr_par' dir='ltr' id='par_1_13' title="bbox 373 1012 3758 1096">
     <span class='ocr_line' id='line_1_13' title="bbox 373 1012 3758 1096; baseline -0.001 -20"><span class='ocrx_word' id='word_1_95' title='bbox 373 1024 592 1076; x_wconf 85' lang='lat' dir='ltr'><strong>nuntur</strong></span> <span class='ocrx_word' id='word_1_96' title='bbox 622 1037 638 1087; x_wconf 92' lang='lat'><strong>;</strong></span> <span class='ocrx_word' id='word_1_97' title='bbox 671 1015 784 1077; x_wconf 90' lang='lat' dir='ltr'><strong>vita</strong></span> <span class='ocrx_word' id='word_1_98' title='bbox 815 1015 972 1075; x_wconf 91' lang='lat' dir='ltr'><strong>enim</strong></span> <span class='ocrx_word' id='word_1_99' title='bbox 1008 1016 1279 1095; x_wconf 77' lang='lat' dir='ltr'><strong>pervenit</strong></span> <span class='ocrx_word' id='word_1_100' title='bbox 1310 1034 1497 1096; x_wconf 89' lang='lat' dir='ltr'><strong>usque</strong></span> <span class='ocrx_word' id='word_1_101' title='bbox 1539 1016 1608 1076; x_wconf 87' lang='lat' dir='ltr'><strong>ad</strong></span> <span class='ocrx_word' id='word_1_102' title='bbox 1647 1016 1903 1094; x_wconf 85' lang='lat' dir='ltr'><strong>plantas,</strong></span> <span class='ocrx_word' id='word_1_103' title='bbox 1941 1023 1998 1076; x_wconf 90' lang='lat' dir='ltr'><strong>et</strong></span> <span class='ocrx_word' id='word_1_104' title='bbox 2040 1013 2322 1076; x_wconf 85' lang='lat' dir='ltr'><strong>animalia</strong></span> <span class='ocrx_word' id='word_1_105' title='bbox 2355 1012 2665 1075; x_wconf 85' lang='lat' dir='ltr'><strong>rationalia</strong></span> <span class='ocrx_word' id='word_1_106' title='bbox 2706 1013 3072 1091; x_wconf 89' lang='lat' dir='ltr'><strong>rationisque</strong></span> <span class='ocrx_word' id='word_1_107' title='bbox 3102 1015 3406 1096; x_wconf 79' lang='lat' dir='ltr'><strong>expertia;</strong></span> <span class='ocrx_word' id='word_1_108' title='bbox 3460 1013 3758 1094; x_wconf 83' lang='lat' dir='ltr'><strong>sapientia</strong></span> 
     </span>
    </p>
   </div>
   <div class='ocr_carea' id='block_1_14' title="bbox 373 1105 1654 1184">
    <p class='ocr_par' dir='ltr' id='par_1_14' title="bbox 373 1105 1654 1184">
     <span class='ocr_line' id='line_1_14' title="bbox 373 1105 1654 1184; baseline -0.002 -17"><span class='ocrx_word' id='word_1_109' title='bbox 373 1113 568 1167; x_wconf 88' lang='lat' dir='ltr'><strong>autem</strong></span> <span class='ocrx_word' id='word_1_110' title='bbox 601 1112 657 1165; x_wconf 90' lang='lat' dir='ltr'><strong>et</strong></span> <span class='ocrx_word' id='word_1_111' title='bbox 682 1105 828 1165; x_wconf 85' lang='lat' dir='ltr'><strong>ratio</strong></span> <span class='ocrx_word' id='word_1_112' title='bbox 865 1112 1001 1164; x_wconf 91' lang='lat' dir='ltr'><strong>sunt</strong></span> <span class='ocrx_word' id='word_1_113' title='bbox 1031 1105 1214 1182; x_wconf 89' lang='lat' dir='ltr'><strong>magis</strong></span> <span class='ocrx_word' id='word_1_114' title='bbox 1248 1106 1654 1184; x_wconf 89' lang='lat' dir='ltr'><strong>particulares.</strong></span> 
     </span>
    </p>
   </div>
   <div class='ocr_carea' id='block_1_15' title="bbox 455 1193 2013 1275">
    <p class='ocr_par' dir='ltr' id='par_1_15' title="bbox 455 1193 2013 1275">
     <span class='ocr_line' id='line_1_15' title="bbox 455 1193 2013 1275; baseline 0 -21"><span class='ocrx_word' id='word_1_115' title='bbox 455 1194 483 1273; x_wconf 84' lang='lat'>§</span> <span class='ocrx_word' id='word_1_116' title='bbox 514 1193 613 1256; x_wconf 92' lang='lat' dir='ltr'><strong>Ill.</strong></span> <span class='ocrx_word' id='word_1_117' title='bbox 660 1193 913 1255; x_wconf 89' lang='lat' dir='ltr'><strong>Dubium</strong></span> <span class='ocrx_word' id='word_1_118' title='bbox 978 1193 1115 1254; x_wconf 89' lang='lat' dir='ltr'><strong>hinc</strong></span> <span class='ocrx_word' id='word_1_119' title='bbox 1159 1196 1453 1256; x_wconf 83' lang='lat' dir='ltr'><strong>resultans</strong></span> <span class='ocrx_word' id='word_1_120' title='bbox 1487 1196 1682 1275; x_wconf 85' lang='lat' dir='ltr'><strong>solvit,</strong></span> <span class='ocrx_word' id='word_1_121' title='bbox 1715 1213 1842 1268; x_wconf 92' lang='lat' dir='ltr'><strong>cur,</strong></span> <span class='ocrx_word' id='word_1_122' title='bbox 1877 1213 2013 1256; x_wconf 90' lang='lat' dir='ltr'><strong>cum</strong></span> 
     </span>
    </p>
   </div>
   <div class='ocr_carea' id='block_1_16' title="bbox 371 1283 2007 1366">
    <p class='ocr_par' dir='ltr' id='par_1_16' title="bbox 371 1283 2007 1366">
     <span class='ocr_line' id='line_1_16' title="bbox 371 1283 2007 1366; baseline 0.001 -21"><span class='ocrx_word' id='word_1_123' title='bbox 371 1303 588 1345; x_wconf 90' lang='lat' dir='ltr'><strong>nomen</strong></span> <span class='ocrx_word' id='word_1_124' title='bbox 613 1283 800 1364; x_wconf 82' lang='lat' dir='ltr'><strong>ipsius</strong></span> <span class='ocrx_word' id='word_1_125' title='bbox 833 1285 1009 1360; x_wconf 89' lang='lat' dir='ltr'><strong>entis,</strong></span> <span class='ocrx_word' id='word_1_126' title='bbox 1044 1302 1216 1363; x_wconf 84' lang='lat' dir='ltr'><strong>quam</strong></span> <span class='ocrx_word' id='word_1_127' title='bbox 1251 1285 1402 1359; x_wconf 71' lang='lat' dir='ltr'><strong>vitm,</strong></span> <span class='ocrx_word' id='word_1_128' title='bbox 1439 1295 1497 1347; x_wconf 89' lang='lat' dir='ltr'><strong>et</strong></span> <span class='ocrx_word' id='word_1_129' title='bbox 1529 1287 1681 1366; x_wconf 55' lang='lat' dir='ltr'><strong>vitae,</strong></span> <span class='ocrx_word' id='word_1_130' title='bbox 1716 1304 1889 1366; x_wconf 88' lang='lat' dir='ltr'><strong>quam</strong></span> <span class='ocrx_word' id='word_1_131' title='bbox 1925 1303 2007 1346; x_wconf 86' lang='lat' dir='ltr'><strong>sa-</strong></span> 
     </span>
    </p>
   </div>
   <div class='ocr_carea' id='block_1_17' title="bbox 2095 1283 3759 1366">
    <p class='ocr_par' dir='ltr' id='par_1_17' title="bbox 2095 1285 3759 1366">
     <span class='ocr_line' id='line_1_17' title="bbox 2095 1285 3759 1366; baseline -0.002 -24"><span class='ocrx_word' id='word_1_132' title='bbox 2095 1288 2169 1366; x_wconf 83' lang='grc' dir='ltr'><strong>τί,</strong></span> <span class='ocrx_word' id='word_1_133' title='bbox 2210 1294 2300 1343; x_wconf 83' lang='grc' dir='ltr'>τοῦ</span> <span class='ocrx_word' id='word_1_134' title='bbox 2352 1285 2609 1360; x_wconf 75' lang='grc' dir='ltr'>ἂνάματος</span> <span class='ocrx_word' id='word_1_135' title='bbox 2669 1289 2826 1344; x_wconf 76' lang='grc' dir='ltr'>αὐτοῦ</span> <span class='ocrx_word' id='word_1_136' title='bbox 2878 1289 2973 1342; x_wconf 77' lang='grc' dir='ltr'><strong>τοῦ</strong></span> <span class='ocrx_word' id='word_1_137' title='bbox 3029 1286 3179 1350; x_wconf 75' lang='grc' dir='ltr'>ὄντος</span> <span class='ocrx_word' id='word_1_138' title='bbox 3234 1289 3599 1366; x_wconf 77' lang='grc' dir='ltr'>ὑπεραίροντος</span> <span class='ocrx_word' id='word_1_139' title='bbox 3653 1290 3759 1354; x_wconf 71' lang='grc' dir='ltr'>τὴν</span> 
     </span>
    </p>
   </div>
   <div class='ocr_carea' id='block_1_18' title="bbox 372 1373 2007 1455">
    <p class='ocr_par' dir='ltr' id='par_1_18' title="bbox 372 1373 2007 1454">
     <span class='ocr_line' id='line_1_18' title="bbox 372 1373 2007 1454; baseline -0.001 -20"><span class='ocrx_word' id='word_1_140' title='bbox 372 1374 616 1454; x_wconf 69' lang='grc' dir='ltr'>ρὶθηιὶω</span> <span class='ocrx_word' id='word_1_141' title='bbox 645 1374 818 1434; x_wconf 90' lang='lat' dir='ltr'><strong>latius</strong></span> <span class='ocrx_word' id='word_1_142' title='bbox 847 1380 1045 1452; x_wconf 80' lang='lat' dir='ltr'><strong>pateat</strong></span> <span class='ocrx_word' id='word_1_143' title='bbox 1071 1373 1389 1453; x_wconf 85' lang='lat' dir='ltr'><strong>(siquidem</strong></span> <span class='ocrx_word' id='word_1_144' title='bbox 1415 1396 1518 1436; x_wconf 86' lang='lat' dir='ltr'><strong>ens</strong></span> <span class='ocrx_word' id='word_1_145' title='bbox 1539 1385 1600 1436; x_wconf 83' lang='lat' dir='ltr'><strong>ut</strong></span> <span class='ocrx_word' id='word_1_146' title='bbox 1621 1375 2007 1437; x_wconf 87' lang='lat' dir='ltr'><strong>universalius</strong></span> 
     </span>
    </p>
   </div>
   <div class='ocr_carea' id='block_1_19' title="bbox 2095 1373 3758 1455">
    <p class='ocr_par' dir='ltr' id='par_1_19' title="bbox 2095 1375 3758 1455">
     <span class='ocr_line' id='line_1_19' title="bbox 2095 1375 3758 1455; baseline 0 -23"><span class='ocrx_word' id='word_1_147' title='bbox 2095 1378 2259 1448; x_wconf 80' lang='grc' dir='ltr'>ζωὴν,</span> <span class='ocrx_word' id='word_1_148' title='bbox 2320 1377 2405 1431; x_wconf 78' lang='grc' dir='ltr'><strong>καὶ</strong></span> <span class='ocrx_word' id='word_1_149' title='bbox 2461 1381 2561 1442; x_wconf 81' lang='grc' dir='ltr'>τῆς</span> <span class='ocrx_word' id='word_1_150' title='bbox 2605 1375 2744 1445; x_wconf 72' lang='grc' dir='ltr'>ζωῆς</span> <span class='ocrx_word' id='word_1_151' title='bbox 2806 1376 3198 1454; x_wconf 78' lang='grc' dir='ltr'>ὑπεραιρούσης</span> <span class='ocrx_word' id='word_1_152' title='bbox 3243 1378 3341 1444; x_wconf 77' lang='grc' dir='ltr'><strong>τὴν</strong></span> <span class='ocrx_word' id='word_1_153' title='bbox 3387 1378 3593 1455; x_wconf 73' lang='grc' dir='ltr'>σοφίαν,</span> <span class='ocrx_word' id='word_1_154' title='bbox 3666 1375 3758 1455; x_wconf 66' lang='grc' dir='ltr'><strong>(τὸ</strong></span> 
     </span>
    </p>
   </div>
   <div class='ocr_carea' id='block_1_20' title="bbox 2179 1192 3759 1272">
    <p class='ocr_par' dir='ltr' id='par_1_20' title="bbox 2179 1192 3759 1272">
     <span class='ocr_line' id='line_1_20' title="bbox 2179 1192 3759 1272; baseline -0.002 -21"><span class='ocrx_word' id='word_1_155' title='bbox 2179 1192 2334 1270; x_wconf 65' lang='lat' dir='ltr'><strong>ﬁl&quot;.</strong></span> <span class='ocrx_word' id='word_1_156' title='bbox 2394 1192 2660 1251; x_wconf 64' lang='grc' dir='ltr'>Ἐντεύθεθ</span> <span class='ocrx_word' id='word_1_157' title='bbox 2691 1192 3162 1252; x_wconf 79' lang='grc' dir='ltr'>ἐπανακύπτουσαν</span> <span class='ocrx_word' id='word_1_158' title='bbox 3219 1193 3436 1270; x_wconf 73' lang='grc' dir='ltr'>ἀπορίαν</span> <span class='ocrx_word' id='word_1_159' title='bbox 3487 1193 3628 1272; x_wconf 74' lang='grc' dir='ltr'>λύει,</span> <span class='ocrx_word' id='word_1_160' title='bbox 3668 1192 3759 1249; x_wconf 73' lang='grc' dir='ltr'>διὰ</span> 
     </span>
    </p>
   </div>
   <div class='ocr_carea' id='block_1_21' title="bbox 368 1462 2007 1546">
    <p class='ocr_par' dir='ltr' id='par_1_21' title="bbox 368 1462 2007 1544">
     <span class='ocr_line' id='line_1_21' title="bbox 368 1462 2007 1544; baseline 0.001 -22"><span class='ocrx_word' id='word_1_161' title='bbox 368 1462 432 1522; x_wconf 89' lang='lat' dir='ltr'><strong>in</strong></span> <span class='ocrx_word' id='word_1_162' title='bbox 466 1462 742 1524; x_wconf 91' lang='lat' dir='ltr'><strong>omnibus</strong></span> <span class='ocrx_word' id='word_1_163' title='bbox 772 1463 1088 1542; x_wconf 85' lang='lat' dir='ltr'><strong>reperitur,</strong></span> <span class='ocrx_word' id='word_1_164' title='bbox 1124 1465 1240 1524; x_wconf 88' lang='lat' dir='ltr'><strong>vita</strong></span> <span class='ocrx_word' id='word_1_165' title='bbox 1275 1481 1411 1524; x_wconf 89' lang='lat' dir='ltr'><strong>vero</strong></span> <span class='ocrx_word' id='word_1_166' title='bbox 1445 1474 1504 1524; x_wconf 92' lang='lat' dir='ltr'><strong>ut</strong></span> <span class='ocrx_word' id='word_1_167' title='bbox 1537 1470 1719 1544; x_wconf 80' lang='lat' dir='ltr'><strong>magis</strong></span> <span class='ocrx_word' id='word_1_168' title='bbox 1751 1464 2007 1543; x_wconf 88' lang='lat' dir='ltr'><strong>particu-</strong></span> 
     </span>
    </p>
   </div>
   <div class='ocr_carea' id='block_1_22' title="bbox 2095 1462 3754 1546">
    <p class='ocr_par' dir='ltr' id='par_1_22' title="bbox 2095 1464 3754 1546">
     <span class='ocr_line' id='line_1_22' title="bbox 2095 1464 3754 1546; baseline 0 -24"><span class='ocrx_word' id='word_1_169' title='bbox 2095 1467 2191 1546; x_wconf 80' lang='grc' dir='ltr'><strong>γάρ</strong></span> <span class='ocrx_word' id='word_1_170' title='bbox 2245 1466 2300 1522; x_wconf 76' lang='grc' dir='ltr'>ὃν</span> <span class='ocrx_word' id='word_1_171' title='bbox 2333 1464 2657 1543; x_wconf 76' lang='grc' dir='ltr'><strong>πλατύτερον</strong></span> <span class='ocrx_word' id='word_1_172' title='bbox 2699 1467 2783 1521; x_wconf 72' lang='grc' dir='ltr'><strong>καὶ</strong></span> <span class='ocrx_word' id='word_1_173' title='bbox 2833 1464 2918 1521; x_wconf 73' lang='grc' dir='ltr'>ἐπὶ</span> <span class='ocrx_word' id='word_1_174' title='bbox 2967 1471 3150 1546; x_wconf 74' lang='grc' dir='ltr'>πᾶσιν,</span> <span class='ocrx_word' id='word_1_175' title='bbox 3188 1468 3219 1535; x_wconf 77' lang='grc' dir='ltr'>ἡ</span> <span class='ocrx_word' id='word_1_176' title='bbox 3263 1464 3318 1522; x_wconf 76' lang='grc' dir='ltr'><strong>δὲ</strong></span> <span class='ocrx_word' id='word_1_177' title='bbox 3348 1467 3455 1536; x_wconf 79' lang='grc' dir='ltr'>ζωὴ</span> <span class='ocrx_word' id='word_1_178' title='bbox 3502 1489 3754 1540; x_wconf 75' lang='grc' dir='ltr'>μερικω-</span> 
     </span>
    </p>
   </div>
   <div class='ocr_carea' id='block_1_23' title="bbox 368 1550 2006 1633">
    <p class='ocr_par' dir='ltr' id='par_1_23' title="bbox 368 1550 2006 1633">
     <span class='ocr_line' id='line_1_23' title="bbox 368 1550 2006 1633; baseline 0.001 -22"><span class='ocrx_word' id='word_1_179' title='bbox 368 1551 515 1612; x_wconf 91' lang='lat' dir='ltr'><strong>laris</strong></span> <span class='ocrx_word' id='word_1_180' title='bbox 544 1553 602 1612; x_wconf 90' lang='lat' dir='ltr'><strong>in</strong></span> <span class='ocrx_word' id='word_1_181' title='bbox 633 1550 1013 1632; x_wconf 88' lang='lat' dir='ltr'><strong>quibusdam,</strong></span> <span class='ocrx_word' id='word_1_182' title='bbox 1049 1560 1106 1612; x_wconf 85' lang='lat' dir='ltr'><strong>et</strong></span> <span class='ocrx_word' id='word_1_183' title='bbox 1135 1553 1429 1630; x_wconf 80' lang='lat' dir='ltr'><strong>sapientia</strong></span> <span class='ocrx_word' id='word_1_184' title='bbox 1453 1554 1648 1616; x_wconf 83' lang='lat' dir='ltr'><strong>adhuc</strong></span> <span class='ocrx_word' id='word_1_185' title='bbox 1676 1554 1734 1614; x_wconf 92' lang='lat' dir='ltr'><strong>in</strong></span> <span class='ocrx_word' id='word_1_186' title='bbox 1763 1553 2006 1633; x_wconf 89' lang='lat' dir='ltr'><strong>paucio-</strong></span> 
     </span>
    </p>
   </div>
   <div class='ocr_carea' id='block_1_24' title="bbox 368 1641 2010 1724">
    <p class='ocr_par' dir='ltr' id='par_1_24' title="bbox 368 1641 2010 1724">
     <span class='ocr_line' id='line_1_24' title="bbox 368 1641 2010 1724; baseline 0.001 -22"><span class='ocrx_word' id='word_1_187' title='bbox 368 1641 560 1721; x_wconf 77' lang='lat' dir='ltr'><strong>ribus)</strong></span> <span class='ocrx_word' id='word_1_188' title='bbox 593 1660 710 1702; x_wconf 92' lang='lat' dir='ltr'><strong>non</strong></span> <span class='ocrx_word' id='word_1_189' title='bbox 743 1646 928 1718; x_wconf 83' lang='lat' dir='ltr'><strong>magis</strong></span> <span class='ocrx_word' id='word_1_190' title='bbox 956 1642 1266 1724; x_wconf 85' lang='lat' dir='ltr'><strong>excellant,</strong></span> <span class='ocrx_word' id='word_1_191' title='bbox 1304 1643 1544 1724; x_wconf 90' lang='lat' dir='ltr'><strong>Deoque</strong></span> <span class='ocrx_word' id='word_1_192' title='bbox 1575 1643 1859 1705; x_wconf 86' lang='lat' dir='ltr'><strong>viciniora</strong></span> <span class='ocrx_word' id='word_1_193' title='bbox 1893 1643 2010 1704; x_wconf 91' lang='lat' dir='ltr'><strong>sint</strong></span> 
     </span>
    </p>
   </div>
   <div class='ocr_carea' id='block_1_25' title="bbox 373 1730 2002 1812">
    <p class='ocr_par' dir='ltr' id='par_1_25' title="bbox 373 1730 2002 1812">
     <span class='ocr_line' id='line_1_25' title="bbox 373 1730 2002 1812; baseline 0 -20"><span class='ocrx_word' id='word_1_194' title='bbox 373 1750 508 1808; x_wconf 63' lang='lat' dir='ltr'><strong>quae</strong></span> <span class='ocrx_word' id='word_1_195' title='bbox 538 1730 887 1811; x_wconf 83' lang='lat' dir='ltr'><strong>simpliciter</strong></span> <span class='ocrx_word' id='word_1_196' title='bbox 919 1731 1264 1812; x_wconf 77' lang='lat' dir='ltr'><strong>existunt,et</strong></span> <span class='ocrx_word' id='word_1_197' title='bbox 1289 1733 1378 1794; x_wconf 92' lang='lat' dir='ltr'><strong>his</strong></span> <span class='ocrx_word' id='word_1_198' title='bbox 1412 1733 1605 1793; x_wconf 90' lang='lat' dir='ltr'><strong>minus</strong></span> <span class='ocrx_word' id='word_1_199' title='bbox 1637 1751 1770 1810; x_wconf 69' lang='lat' dir='ltr'><strong>qua:</strong></span> <span class='ocrx_word' id='word_1_200' title='bbox 1786 1733 2002 1812; x_wconf 82' lang='lat' dir='ltr'><strong>vivunt,</strong></span> 
     </span>
    </p>
   </div>
   <div class='ocr_carea' id='block_1_26' title="bbox 375 1820 2009 1902">
    <p class='ocr_par' dir='ltr' id='par_1_26' title="bbox 375 1820 2009 1902">
     <span class='ocr_line' id='line_1_26' title="bbox 375 1820 2009 1902; baseline 0.001 -21"><span class='ocrx_word' id='word_1_201' title='bbox 375 1831 432 1882; x_wconf 90' lang='lat' dir='ltr'><strong>et</strong></span> <span class='ocrx_word' id='word_1_202' title='bbox 457 1821 548 1881; x_wconf 90' lang='lat' dir='ltr'><strong>his</strong></span> <span class='ocrx_word' id='word_1_203' title='bbox 580 1821 792 1882; x_wconf 89' lang='lat' dir='ltr'><strong>iterum</strong></span> <span class='ocrx_word' id='word_1_204' title='bbox 827 1820 1020 1880; x_wconf 87' lang='lat' dir='ltr'><strong>minus</strong></span> <span class='ocrx_word' id='word_1_205' title='bbox 1052 1839 1143 1902; x_wconf 87' lang='lat' dir='ltr'><strong>ea,</strong></span> <span class='ocrx_word' id='word_1_206' title='bbox 1176 1821 1680 1902; x_wconf 74' lang='lat' dir='ltr'><strong>quzeintelligunt;</strong></span> <span class='ocrx_word' id='word_1_207' title='bbox 1714 1823 1817 1883; x_wconf 86' lang='lat' dir='ltr'><strong>sed</strong></span> <span class='ocrx_word' id='word_1_208' title='bbox 1853 1822 2009 1882; x_wconf 84' lang='lat' dir='ltr'><strong>ordi-</strong></span> 
     </span>
    </p>
   </div>
   <div class='ocr_carea' id='block_1_27' title="bbox 370 1909 2008 1992">
    <p class='ocr_par' dir='ltr' id='par_1_27' title="bbox 370 1909 2008 1992">
     <span class='ocr_line' id='line_1_27' title="bbox 370 1909 2008 1992; baseline 0.001 -22"><span class='ocrx_word' id='word_1_209' title='bbox 370 1928 446 1972; x_wconf 90' lang='lat' dir='ltr'><strong>ne</strong></span> <span class='ocrx_word' id='word_1_210' title='bbox 476 1909 930 1986; x_wconf 84' lang='lat' dir='ltr'><strong>inverso,magis</strong></span> <span class='ocrx_word' id='word_1_211' title='bbox 961 1910 1432 1989; x_wconf 88' lang='lat' dir='ltr'><strong>particularia,ut</strong></span> <span class='ocrx_word' id='word_1_212' title='bbox 1461 1911 1870 1992; x_wconf 71' lang='lat' dir='ltr'><strong>intelligentia,</strong></span> <span class='ocrx_word' id='word_1_213' title='bbox 1896 1913 2008 1973; x_wconf 91' lang='lat' dir='ltr'><strong>cir-</strong></span> 
     </span>
    </p>
   </div>
   <div class='ocr_carea' id='block_1_28' title="bbox 2090 1553 3758 1634">
    <p class='ocr_par' dir='ltr' id='par_1_28' title="bbox 2090 1553 3758 1634">
     <span class='ocr_line' id='line_1_28' title="bbox 2090 1553 3758 1634; baseline -0.001 -23"><span class='ocrx_word' id='word_1_214' title='bbox 2090 1570 2214 1632; x_wconf 83' lang='grc' dir='ltr'>τερα</span> <span class='ocrx_word' id='word_1_215' title='bbox 2273 1556 2358 1611; x_wconf 80' lang='grc' dir='ltr'><strong>καὶ</strong></span> <span class='ocrx_word' id='word_1_216' title='bbox 2390 1554 2473 1609; x_wconf 80' lang='grc' dir='ltr'>ἐπὶ</span> <span class='ocrx_word' id='word_1_217' title='bbox 2531 1575 2657 1626; x_wconf 88' lang='grc' dir='ltr'>τισι,</span> <span class='ocrx_word' id='word_1_218' title='bbox 2711 1557 2807 1610; x_wconf 68' lang='grc' dir='ltr'>καὶ</span> <span class='ocrx_word' id='word_1_219' title='bbox 2851 1553 2928 1609; x_wconf 71' lang='grc' dir='ltr'>ἔτι</span> <span class='ocrx_word' id='word_1_220' title='bbox 2959 1556 2993 1622; x_wconf 82' lang='grc' dir='ltr'>ἡ</span> <span class='ocrx_word' id='word_1_221' title='bbox 3056 1555 3214 1634; x_wconf 79' lang='grc' dir='ltr'>σοφία</span> <span class='ocrx_word' id='word_1_222' title='bbox 3271 1555 3657 1634; x_wconf 83' lang='grc' dir='ltr'>μερικωτερα)⁶</span> <span class='ocrx_word' id='word_1_223' title='bbox 3695 1556 3758 1610; x_wconf 65' lang='grc' dir='ltr'>οὗ</span> 
     </span>
    </p>
   </div>
   <div class='ocr_carea' id='block_1_29' title="bbox 2091 1643 3756 1723">
    <p class='ocr_par' dir='ltr' id='par_1_29' title="bbox 2091 1643 3756 1723">
     <span class='ocr_line' id='line_1_29' title="bbox 2091 1643 3756 1723; baseline 0 -23"><span class='ocrx_word' id='word_1_224' title='bbox 2091 1643 2296 1719; x_wconf 77' lang='grc' dir='ltr'>μᾶλλον</span> <span class='ocrx_word' id='word_1_225' title='bbox 2348 1643 2692 1723; x_wconf 70' lang='grc' dir='ltr'><strong>ὑπερέχουσι,</strong></span> <span class='ocrx_word' id='word_1_226' title='bbox 2762 1643 2851 1703; x_wconf 67' lang='grc' dir='ltr'>καὶ</span> <span class='ocrx_word' id='word_1_227' title='bbox 2912 1645 3027 1721; x_wconf 81' lang='grc' dir='ltr'>περὶ</span> <span class='ocrx_word' id='word_1_228' title='bbox 3095 1645 3226 1701; x_wconf 82' lang='grc' dir='ltr'><strong>Θεὸν</strong></span> <span class='ocrx_word' id='word_1_229' title='bbox 3285 1646 3379 1700; x_wconf 82' lang='grc' dir='ltr'>εἶσι</span> <span class='ocrx_word' id='word_1_230' title='bbox 3433 1645 3496 1700; x_wconf 84' lang='grc' dir='ltr'><strong>τά</strong></span> <span class='ocrx_word' id='word_1_231' title='bbox 3552 1644 3756 1708; x_wconf 81' lang='grc' dir='ltr'>ἀπλῶς</span> 
     </span>
    </p>
   </div>
   <div class='ocr_carea' id='block_1_30' title="bbox 2090 1734 3758 1811">
    <p class='ocr_par' dir='ltr' id='par_1_30' title="bbox 2090 1734 3758 1811">
     <span class='ocr_line' id='line_1_30' title="bbox 2090 1734 3758 1811; baseline -0.002 -20"><span class='ocrx_word' id='word_1_232' title='bbox 2090 1736 2237 1806; x_wconf 78' lang='grc' dir='ltr'>ὄντα,</span> <span class='ocrx_word' id='word_1_233' title='bbox 2273 1737 2360 1790; x_wconf 83' lang='grc' dir='ltr'><strong>καὶ</strong></span> <span class='ocrx_word' id='word_1_234' title='bbox 2404 1738 2565 1802; x_wconf 71' lang='grc' dir='ltr'>ἧττον</span> <span class='ocrx_word' id='word_1_235' title='bbox 2622 1734 2822 1790; x_wconf 73' lang='grc' dir='ltr'>τούτων</span> <span class='ocrx_word' id='word_1_236' title='bbox 2878 1735 2944 1789; x_wconf 74' lang='grc' dir='ltr'>τὰ</span> <span class='ocrx_word' id='word_1_237' title='bbox 2987 1740 3182 1811; x_wconf 82' lang='grc' dir='ltr'>ζῶντα,</span> <span class='ocrx_word' id='word_1_238' title='bbox 3213 1739 3300 1792; x_wconf 73' lang='grc' dir='ltr'>καὶ</span> <span class='ocrx_word' id='word_1_239' title='bbox 3359 1737 3524 1791; x_wconf 68' lang='grc' dir='ltr'>αὒτῶν</span> <span class='ocrx_word' id='word_1_240' title='bbox 3579 1737 3758 1791; x_wconf 69' lang='grc' dir='ltr'>πάλιν</span> 
     </span>
    </p>
   </div>
   <div class='ocr_carea' id='block_1_31' title="bbox 2090 1822 3756 1902">
    <p class='ocr_par' dir='ltr' id='par_1_31' title="bbox 2090 1822 3756 1902">
     <span class='ocr_line' id='line_1_31' title="bbox 2090 1822 3756 1902; baseline 0 -22"><span class='ocrx_word' id='word_1_241' title='bbox 2090 1825 2249 1893; x_wconf 77' lang='grc' dir='ltr'>ἧττον</span> <span class='ocrx_word' id='word_1_242' title='bbox 2284 1825 2346 1880; x_wconf 86' lang='grc' dir='ltr'><strong>τά</strong></span> <span class='ocrx_word' id='word_1_243' title='bbox 2395 1824 2566 1902; x_wconf 77' lang='grc' dir='ltr'>νοερά·</span> <span class='ocrx_word' id='word_1_244' title='bbox 2608 1822 2727 1878; x_wconf 84' lang='grc' dir='ltr'>ἀλλ’</span> <span class='ocrx_word' id='word_1_245' title='bbox 2786 1823 3170 1901; x_wconf 81' lang='grc' dir='ltr'>ἀντέστραπται</span> <span class='ocrx_word' id='word_1_246' title='bbox 3205 1827 3238 1892; x_wconf 81' lang='grc' dir='ltr'>ἡ</span> <span class='ocrx_word' id='word_1_247' title='bbox 3283 1823 3443 1898; x_wconf 76' lang='grc' dir='ltr'>τάξις,</span> <span class='ocrx_word' id='word_1_248' title='bbox 3477 1826 3562 1880; x_wconf 75' lang='grc' dir='ltr'>καὶ</span> <span class='ocrx_word' id='word_1_249' title='bbox 3596 1828 3756 1900; x_wconf 74' lang='grc' dir='ltr'><strong>μᾶλ-</strong></span> 
     </span>
    </p>
   </div>
   <div class='ocr_carea' id='block_1_32' title="bbox 2091 1913 3757 1991">
    <p class='ocr_par' dir='ltr' id='par_1_32' title="bbox 2091 1913 3757 1991">
     <span class='ocr_line' id='line_1_32' title="bbox 2091 1913 3757 1991; baseline 0 -21"><span class='ocrx_word' id='word_1_250' title='bbox 2091 1914 2182 1970; x_wconf 89' lang='grc' dir='ltr'><strong>λον</strong></span> <span class='ocrx_word' id='word_1_251' title='bbox 2243 1915 2308 1970; x_wconf 87' lang='grc' dir='ltr'><strong>τά</strong></span> <span class='ocrx_word' id='word_1_252' title='bbox 2359 1915 2712 1991; x_wconf 78' lang='grc' dir='ltr'>μερικώτερα,</span> <span class='ocrx_word' id='word_1_253' title='bbox 2760 1914 2934 1991; x_wconf 74' lang='grc' dir='ltr'>νοερὰ,</span> <span class='ocrx_word' id='word_1_254' title='bbox 2971 1916 3087 1990; x_wconf 81' lang='grc' dir='ltr'>περὶ</span> <span class='ocrx_word' id='word_1_255' title='bbox 3125 1913 3253 1969; x_wconf 87' lang='grc' dir='ltr'>Θεόν</span> <span class='ocrx_word' id='word_1_256' title='bbox 3285 1918 3400 1987; x_wconf 78' lang='grc' dir='ltr'>εἱσι,</span> <span class='ocrx_word' id='word_1_257' title='bbox 3435 1916 3524 1970; x_wconf 79' lang='grc' dir='ltr'><strong>καὶ</strong></span> <span class='ocrx_word' id='word_1_258' title='bbox 3579 1918 3757 1970; x_wconf 62' lang='grc' dir='ltr'>καθε-</span> 
     </span>
    </p>
   </div>
   <div class='ocr_carea' id='block_1_33' title="bbox 366 1999 2007 2095">
    <p class='ocr_par' dir='ltr' id='par_1_33' title="bbox 366 1999 2006 2082">
     <span class='ocr_line' id='line_1_33' title="bbox 366 1999 2006 2082; baseline 0.002 -22"><span class='ocrx_word' id='word_1_259' title='bbox 366 2000 526 2061; x_wconf 89' lang='lat' dir='ltr'><strong>circa</strong></span> <span class='ocrx_word' id='word_1_260' title='bbox 555 1999 740 2060; x_wconf 93' lang='lat' dir='ltr'><strong>Deum</strong></span> <span class='ocrx_word' id='word_1_261' title='bbox 775 2008 933 2074; x_wconf 89' lang='lat' dir='ltr'><strong>sunt,</strong></span> <span class='ocrx_word' id='word_1_262' title='bbox 971 2008 1028 2059; x_wconf 93' lang='lat' dir='ltr'><strong>et</strong></span> <span class='ocrx_word' id='word_1_263' title='bbox 1075 2000 1362 2081; x_wconf 88' lang='lat' dir='ltr'><strong>deinceps</strong></span> <span class='ocrx_word' id='word_1_264' title='bbox 1391 2012 1675 2082; x_wconf 90' lang='lat' dir='ltr'><strong>quantum</strong></span> <span class='ocrx_word' id='word_1_265' title='bbox 1715 2020 2006 2082; x_wconf 84' lang='lat' dir='ltr'><strong>superex-</strong></span> 
     </span>
    </p>
   </div>
   <div class='ocr_carea' id='block_1_34' title="bbox 2095 1999 3760 2095">
    <p class='ocr_par' dir='ltr' id='par_1_34' title="bbox 2095 2003 3760 2081">
     <span class='ocr_line' id='line_1_34' title="bbox 2095 2003 3760 2081; baseline 0.002 -22"><span class='ocrx_word' id='word_1_266' title='bbox 2095 2005 2186 2072; x_wconf 79' lang='grc' dir='ltr'>Ξῆς</span> <span class='ocrx_word' id='word_1_267' title='bbox 2248 2005 2372 2060; x_wconf 81' lang='grc' dir='ltr'>ὅσον</span> <span class='ocrx_word' id='word_1_268' title='bbox 2429 2004 2910 2081; x_wconf 75' lang='grc' dir='ltr'>ὁπερεκτείνονται,</span> <span class='ocrx_word' id='word_1_269' title='bbox 2975 2006 3035 2058; x_wconf 83' lang='grc' dir='ltr'>τὸ</span> <span class='ocrx_word' id='word_1_270' title='bbox 3111 2003 3436 2081; x_wconf 67' lang='grc' dir='ltr'>πορρώτερον</span> <span class='ocrx_word' id='word_1_271' title='bbox 3493 2004 3553 2058; x_wconf 67' lang='grc' dir='ltr'><strong>ἐι</strong></span> <span class='ocrx_word' id='word_1_272' title='bbox 3617 2012 3760 2063; x_wconf 69' lang='grc' dir='ltr'>Θεοῦ</span> 
     </span>
    </p>
   </div>
   <div class='ocr_carea' id='block_1_35' title="bbox 367 2091 2007 2174">
    <p class='ocr_par' dir='ltr' id='par_1_35' title="bbox 367 2091 2004 2170">
     <span class='ocr_line' id='line_1_35' title="bbox 367 2091 2004 2170; baseline 0.002 -19"><span class='ocrx_word' id='word_1_273' title='bbox 367 2092 726 2170; x_wconf 89' lang='lat' dir='ltr'><strong>panduntur,</strong></span> <span class='ocrx_word' id='word_1_274' title='bbox 763 2097 922 2149; x_wconf 88' lang='lat' dir='ltr'><strong>tanto</strong></span> <span class='ocrx_word' id='word_1_275' title='bbox 973 2091 1259 2152; x_wconf 88' lang='lat' dir='ltr'><strong>remotius</strong></span> <span class='ocrx_word' id='word_1_276' title='bbox 1289 2111 1322 2152; x_wconf 90' lang='lat' dir='ltr'><strong>a</strong></span> <span class='ocrx_word' id='word_1_277' title='bbox 1354 2093 1474 2154; x_wconf 81' lang='lat' dir='ltr'><strong>Deo</strong></span> <span class='ocrx_word' id='word_1_278' title='bbox 1507 2093 1784 2154; x_wconf 85' lang='lat' dir='ltr'><strong>existunt.</strong></span> <span class='ocrx_word' id='word_1_279' title='bbox 1818 2091 2004 2170; x_wconf 84' lang='lat' dir='ltr'><strong>Majo-</strong></span> 
     </span>
    </p>
   </div>
   <div class='ocr_carea' id='block_1_36' title="bbox 2095 2091 3760 2174">
    <p class='ocr_par' dir='ltr' id='par_1_36' title="bbox 2095 2091 3760 2174">
     <span class='ocr_line' id='line_1_36' title="bbox 2095 2091 3760 2174; baseline -0.001 -24"><span class='ocrx_word' id='word_1_280' title='bbox 2095 2094 2298 2174; x_wconf 76' lang='grc' dir='ltr'>ἔχουσι,</span> <span class='ocrx_word' id='word_1_281' title='bbox 2363 2096 2616 2164; x_wconf 80' lang='grc' dir='ltr'>Μείζονας</span> <span class='ocrx_word' id='word_1_282' title='bbox 2671 2091 2723 2147; x_wconf 74' lang='grc' dir='ltr'><strong>δὲ</strong></span> <span class='ocrx_word' id='word_1_283' title='bbox 2757 2091 2952 2170; x_wconf 71' lang='grc' dir='ltr'>δωρεάς</span> <span class='ocrx_word' id='word_1_284' title='bbox 2997 2115 3126 2168; x_wconf 67' lang='grc' dir='ltr'>φησι</span> <span class='ocrx_word' id='word_1_285' title='bbox 3190 2095 3285 2154; x_wconf 77' lang='grc' dir='ltr'><strong>τὰς</strong></span> <span class='ocrx_word' id='word_1_286' title='bbox 3347 2093 3429 2148; x_wconf 83' lang='grc' dir='ltr'>ἐπὶ</span> <span class='ocrx_word' id='word_1_287' title='bbox 3482 2091 3760 2150; x_wconf 74' lang='grc' dir='ltr'>πλειόνων</span> 
     </span>
    </p>
   </div>
   <div class='ocr_carea' id='block_1_37' title="bbox 367 2181 2009 2262">
    <p class='ocr_par' dir='ltr' id='par_1_37' title="bbox 367 2181 2009 2262">
     <span class='ocr_line' id='line_1_37' title="bbox 367 2181 2009 2262; baseline 0 -21"><span class='ocrx_word' id='word_1_288' title='bbox 367 2198 433 2241; x_wconf 90' lang='lat' dir='ltr'><strong>ra</strong></span> <span class='ocrx_word' id='word_1_289' title='bbox 467 2197 606 2241; x_wconf 87' lang='lat' dir='ltr'><strong>vero</strong></span> <span class='ocrx_word' id='word_1_290' title='bbox 640 2196 886 2239; x_wconf 88' lang='lat' dir='ltr'><strong>munera</strong></span> <span class='ocrx_word' id='word_1_291' title='bbox 917 2188 1080 2240; x_wconf 71' lang='lat' dir='ltr'><strong>vocat</strong></span> <span class='ocrx_word' id='word_1_292' title='bbox 1111 2198 1202 2260; x_wconf 89' lang='lat' dir='ltr'><strong>ea,</strong></span> <span class='ocrx_word' id='word_1_293' title='bbox 1238 2199 1366 2260; x_wconf 88' lang='lat' dir='ltr'><strong>quae</strong></span> <span class='ocrx_word' id='word_1_294' title='bbox 1396 2199 1429 2242; x_wconf 90' lang='lat' dir='ltr'><strong>a</strong></span> <span class='ocrx_word' id='word_1_295' title='bbox 1459 2181 1729 2262; x_wconf 91' lang='lat' dir='ltr'><strong>pluribus</strong></span> <span class='ocrx_word' id='word_1_296' title='bbox 1759 2199 2009 2242; x_wconf 89' lang='lat' dir='ltr'><strong>cernun-</strong></span> 
     </span>
    </p>
   </div>
   <div class='ocr_carea' id='block_1_38' title="bbox 371 2269 2009 2353">
    <p class='ocr_par' dir='ltr' id='par_1_38' title="bbox 371 2269 2009 2353">
     <span class='ocr_line' id='line_1_38' title="bbox 371 2269 2009 2353; baseline 0.001 -23"><span class='ocrx_word' id='word_1_297' title='bbox 371 2278 558 2351; x_wconf 85' lang='lat' dir='ltr'><strong>tur,ut</strong></span> <span class='ocrx_word' id='word_1_298' title='bbox 605 2278 799 2349; x_wconf 89' lang='lat' dir='ltr'><strong>ens,et</strong></span> <span class='ocrx_word' id='word_1_299' title='bbox 846 2269 1043 2330; x_wconf 90' lang='lat' dir='ltr'><strong>vitam.</strong></span> <span class='ocrx_word' id='word_1_300' title='bbox 1098 2271 1446 2350; x_wconf 81' lang='lat' dir='ltr'><strong>Respondet</strong></span> <span class='ocrx_word' id='word_1_301' title='bbox 1501 2272 1719 2353; x_wconf 88' lang='lat' dir='ltr'><strong>itaque,</strong></span> <span class='ocrx_word' id='word_1_302' title='bbox 1749 2279 1806 2331; x_wconf 88' lang='lat' dir='ltr'><strong>et</strong></span> <span class='ocrx_word' id='word_1_303' title='bbox 1834 2271 2009 2333; x_wconf 88' lang='lat' dir='ltr'><strong>solvit</strong></span> 
     </span>
    </p>
   </div>
   <div class='ocr_carea' id='block_1_39' title="bbox 365 2357 2004 2444">
    <p class='ocr_par' dir='ltr' id='par_1_39' title="bbox 365 2357 2004 2444">
     <span class='ocr_line' id='line_1_39' title="bbox 365 2357 2004 2444; baseline 0.001 -24"><span class='ocrx_word' id='word_1_304' title='bbox 365 2359 750 2440; x_wconf 64' lang='lat' dir='ltr'><strong>quaestionem</strong></span> <span class='ocrx_word' id='word_1_305' title='bbox 783 2357 1016 2434; x_wconf 79' lang='lat' dir='ltr'><strong>dicens,</strong></span> <span class='ocrx_word' id='word_1_306' title='bbox 1056 2359 1214 2439; x_wconf 88' lang='lat' dir='ltr'><strong>quod</strong></span> <span class='ocrx_word' id='word_1_307' title='bbox 1246 2359 1297 2420; x_wconf 88' lang='lat' dir='ltr'><strong>si</strong></span> <span class='ocrx_word' id='word_1_308' title='bbox 1328 2360 1570 2441; x_wconf 88' lang='lat' dir='ltr'><strong>quidem</strong></span> <span class='ocrx_word' id='word_1_309' title='bbox 1605 2380 1695 2444; x_wconf 89' lang='lat' dir='ltr'><strong>ea,</strong></span> <span class='ocrx_word' id='word_1_310' title='bbox 1730 2380 1860 2441; x_wconf 67' lang='lat' dir='ltr'><strong>qua:</strong></span> <span class='ocrx_word' id='word_1_311' title='bbox 1908 2363 2004 2422; x_wconf 91' lang='lat' dir='ltr'><strong>in—</strong></span> 
     </span>
    </p>
   </div>
   <div class='ocr_carea' id='block_1_40' title="bbox 375 2448 2007 2531">
    <p class='ocr_par' dir='ltr' id='par_1_40' title="bbox 375 2448 2007 2531">
     <span class='ocr_line' id='line_1_40' title="bbox 375 2448 2007 2531; baseline 0 -22"><span class='ocrx_word' id='word_1_312' title='bbox 375 2448 668 2528; x_wconf 86' lang='lat' dir='ltr'><strong>telligunt,</strong></span> <span class='ocrx_word' id='word_1_313' title='bbox 699 2448 939 2510; x_wconf 91' lang='lat' dir='ltr'><strong>entitate</strong></span> <span class='ocrx_word' id='word_1_314' title='bbox 971 2467 1041 2510; x_wconf 83' lang='lat' dir='ltr'><strong>ac</strong></span> <span class='ocrx_word' id='word_1_315' title='bbox 1072 2448 1194 2510; x_wconf 84' lang='lat' dir='ltr'><strong>vita</strong></span> <span class='ocrx_word' id='word_1_316' title='bbox 1246 2460 1544 2531; x_wconf 86' lang='lat' dir='ltr'><strong>carerent,</strong></span> <span class='ocrx_word' id='word_1_317' title='bbox 1579 2459 1636 2512; x_wconf 89' lang='lat' dir='ltr'><strong>et</strong></span> <span class='ocrx_word' id='word_1_318' title='bbox 1665 2469 1733 2511; x_wconf 89' lang='lat' dir='ltr'><strong>ea</strong></span> <span class='ocrx_word' id='word_1_319' title='bbox 1765 2468 1893 2530; x_wconf 71' lang='lat' dir='ltr'><strong>quae</strong></span> <span class='ocrx_word' id='word_1_320' title='bbox 1922 2455 2007 2508; x_wconf 86' lang='lat' dir='ltr'><strong>vi-</strong></span> 
     </span>
    </p>
   </div>
   <div class='ocr_carea' id='block_1_41' title="bbox 367 2536 2010 2616">
    <p class='ocr_par' dir='ltr' id='par_1_41' title="bbox 367 2536 2010 2616">
     <span class='ocr_line' id='line_1_41' title="bbox 367 2536 2010 2616; baseline 0.002 -20"><span class='ocrx_word' id='word_1_321' title='bbox 367 2548 510 2600; x_wconf 90' lang='lat' dir='ltr'><strong>vunt</strong></span> <span class='ocrx_word' id='word_1_322' title='bbox 538 2537 812 2600; x_wconf 87' lang='lat' dir='ltr'><strong>similiter</strong></span> <span class='ocrx_word' id='word_1_323' title='bbox 836 2536 1226 2600; x_wconf 86' lang='lat' dir='ltr'><strong>substantiam</strong></span> <span class='ocrx_word' id='word_1_324' title='bbox 1260 2557 1378 2600; x_wconf 91' lang='lat' dir='ltr'><strong>non</strong></span> <span class='ocrx_word' id='word_1_325' title='bbox 1411 2541 1721 2616; x_wconf 86' lang='lat' dir='ltr'><strong>haberent,</strong></span> <span class='ocrx_word' id='word_1_326' title='bbox 1746 2549 1909 2601; x_wconf 90' lang='lat' dir='ltr'><strong>recte</strong></span> <span class='ocrx_word' id='word_1_327' title='bbox 1947 2558 2010 2600; x_wconf 92' lang='lat' dir='ltr'><strong>se</strong></span> 
     </span>
    </p>
   </div>
   <div class='ocr_carea' id='block_1_42' title="bbox 370 2627 2012 2710">
    <p class='ocr_par' dir='ltr' id='par_1_42' title="bbox 370 2627 2012 2710">
     <span class='ocr_line' id='line_1_42' title="bbox 370 2627 2012 2710; baseline -0.001 -20"><span class='ocrx_word' id='word_1_328' title='bbox 370 2628 625 2690; x_wconf 79' lang='lat' dir='ltr'><strong>haberet</strong></span> <span class='ocrx_word' id='word_1_329' title='bbox 654 2627 963 2700; x_wconf 80' lang='lat' dir='ltr'><strong>dubitatio;</strong></span> <span class='ocrx_word' id='word_1_330' title='bbox 1004 2645 1204 2688; x_wconf 89' lang='lat' dir='ltr'><strong>verum</strong></span> <span class='ocrx_word' id='word_1_331' title='bbox 1234 2648 1364 2689; x_wconf 90' lang='lat' dir='ltr'><strong>cum</strong></span> <span class='ocrx_word' id='word_1_332' title='bbox 1394 2647 1464 2692; x_wconf 90' lang='lat' dir='ltr'><strong>ea</strong></span> <span class='ocrx_word' id='word_1_333' title='bbox 1495 2649 1627 2710; x_wconf 67' lang='lat' dir='ltr'><strong>qua:</strong></span> <span class='ocrx_word' id='word_1_334' title='bbox 1674 2630 2012 2708; x_wconf 90' lang='lat' dir='ltr'><strong>intelligunt</strong></span> 
     </span>
    </p>
   </div>
   <div class='ocr_carea' id='block_1_43' title="bbox 374 2717 2008 2799">
    <p class='ocr_par' dir='ltr' id='par_1_43' title="bbox 374 2717 2008 2799">
     <span class='ocr_line' id='line_1_43' title="bbox 374 2717 2008 2799; baseline 0.001 -20"><span class='ocrx_word' id='word_1_335' title='bbox 374 2718 548 2779; x_wconf 91' lang='lat' dir='ltr'><strong>etiam</strong></span> <span class='ocrx_word' id='word_1_336' title='bbox 579 2717 850 2792; x_wconf 82' lang='lat' dir='ltr'><strong>existant,</strong></span> <span class='ocrx_word' id='word_1_337' title='bbox 881 2725 938 2777; x_wconf 93' lang='lat' dir='ltr'><strong>et</strong></span> <span class='ocrx_word' id='word_1_338' title='bbox 959 2717 1151 2777; x_wconf 89' lang='lat' dir='ltr'><strong>vivant</strong></span> <span class='ocrx_word' id='word_1_339' title='bbox 1183 2718 1422 2799; x_wconf 89' lang='lat' dir='ltr'><strong>potiori,</strong></span> <span class='ocrx_word' id='word_1_340' title='bbox 1458 2727 1514 2780; x_wconf 94' lang='lat' dir='ltr'><strong>et</strong></span> <span class='ocrx_word' id='word_1_341' title='bbox 1546 2719 1885 2799; x_wconf 78' lang='lat' dir='ltr'><strong>intelligant</strong></span> <span class='ocrx_word' id='word_1_342' title='bbox 1908 2736 2008 2780; x_wconf 89' lang='lat' dir='ltr'><strong>su-</strong></span> 
     </span>
    </p>
   </div>
   <div class='ocr_carea' id='block_1_44' title="bbox 374 2806 2010 2889">
    <p class='ocr_par' dir='ltr' id='par_1_44' title="bbox 374 2806 2010 2889">
     <span class='ocr_line' id='line_1_44' title="bbox 374 2806 2010 2889; baseline 0 -21"><span class='ocrx_word' id='word_1_343' title='bbox 374 2825 481 2888; x_wconf 88' lang='lat' dir='ltr'><strong>pra</strong></span> <span class='ocrx_word' id='word_1_344' title='bbox 517 2825 756 2869; x_wconf 91' lang='lat' dir='ltr'><strong>sensum</strong></span> <span class='ocrx_word' id='word_1_345' title='bbox 811 2824 878 2866; x_wconf 87' lang='lat' dir='ltr'><strong>ac</strong></span> <span class='ocrx_word' id='word_1_346' title='bbox 907 2806 1224 2887; x_wconf 89' lang='lat' dir='ltr'><strong>rationem,</strong></span> <span class='ocrx_word' id='word_1_347' title='bbox 1253 2817 1310 2869; x_wconf 91' lang='lat' dir='ltr'><strong>et</strong></span> <span class='ocrx_word' id='word_1_348' title='bbox 1364 2826 1484 2889; x_wconf 66' lang='lat' dir='ltr'><strong>prae</strong></span> <span class='ocrx_word' id='word_1_349' title='bbox 1513 2809 1740 2870; x_wconf 87' lang='lat' dir='ltr'><strong>cunctis</strong></span> <span class='ocrx_word' id='word_1_350' title='bbox 1774 2807 2010 2869; x_wconf 89' lang='lat' dir='ltr'><strong>entibus</strong></span> 
     </span>
    </p>
   </div>
   <div class='ocr_carea' id='block_1_45' title="bbox 376 2895 2008 2977">
    <p class='ocr_par' dir='ltr' id='par_1_45' title="bbox 376 2895 2008 2977">
     <span class='ocr_line' id='line_1_45' title="bbox 376 2895 2008 2977; baseline 0 -20"><span class='ocrx_word' id='word_1_351' title='bbox 376 2897 730 2976; x_wconf 92' lang='lat' dir='ltr'><strong>participent</strong></span> <span class='ocrx_word' id='word_1_352' title='bbox 761 2895 1073 2975; x_wconf 87' lang='lat' dir='ltr'><strong>unitatem,</strong></span> <span class='ocrx_word' id='word_1_353' title='bbox 1119 2896 1233 2958; x_wconf 87' lang='lat' dir='ltr'><strong>hoc</strong></span> <span class='ocrx_word' id='word_1_354' title='bbox 1281 2899 1484 2977; x_wconf 89' lang='lat' dir='ltr'><strong>utique</strong></span> <span class='ocrx_word' id='word_1_355' title='bbox 1529 2897 1681 2959; x_wconf 93' lang='lat' dir='ltr'><strong>bono</strong></span> <span class='ocrx_word' id='word_1_356' title='bbox 1711 2898 1833 2960; x_wconf 92' lang='lat' dir='ltr'><strong>Deo</strong></span> <span class='ocrx_word' id='word_1_357' title='bbox 1861 2897 2008 2958; x_wconf 87' lang='lat' dir='ltr'><strong>vici-</strong></span> 
     </span>
    </p>
   </div>
   <div class='ocr_carea' id='block_1_46' title="bbox 369 2984 2010 3068">
    <p class='ocr_par' dir='ltr' id='par_1_46' title="bbox 369 2984 2010 3068">
     <span class='ocr_line' id='line_1_46' title="bbox 369 2984 2010 3068; baseline 0.001 -22"><span class='ocrx_word' id='word_1_358' title='bbox 369 2989 572 3047; x_wconf 89' lang='lat' dir='ltr'><strong>niores</strong></span> <span class='ocrx_word' id='word_1_359' title='bbox 607 2986 1009 3065; x_wconf 81' lang='lat' dir='ltr'><strong>existunt,quo</strong></span> <span class='ocrx_word' id='word_1_360' title='bbox 1037 2984 1394 3048; x_wconf 91' lang='lat' dir='ltr'><strong>luculentius</strong></span> <span class='ocrx_word' id='word_1_361' title='bbox 1429 2988 1623 3068; x_wconf 88' lang='lat' dir='ltr'><strong>ipsum</strong></span> <span class='ocrx_word' id='word_1_362' title='bbox 1656 2988 2010 3068; x_wconf 86' lang='lat' dir='ltr'><strong>participan-</strong></span> 
     </span>
    </p>
   </div>
   <div class='ocr_carea' id='block_1_47' title="bbox 373 3073 2007 3158">
    <p class='ocr_par' dir='ltr' id='par_1_47' title="bbox 373 3073 2007 3158">
     <span class='ocr_line' id='line_1_47' title="bbox 373 3073 2007 3158; baseline 0.002 -23"><span class='ocrx_word' id='word_1_363' title='bbox 373 3083 476 3149; x_wconf 78' lang='lat' dir='ltr'><strong>tes,</strong></span> <span class='ocrx_word' id='word_1_364' title='bbox 491 3076 694 3156; x_wconf 89' lang='lat' dir='ltr'><strong>plures</strong></span> <span class='ocrx_word' id='word_1_365' title='bbox 713 3074 886 3136; x_wconf 90' lang='lat' dir='ltr'><strong>etiam</strong></span> <span class='ocrx_word' id='word_1_366' title='bbox 913 3073 986 3134; x_wconf 93' lang='lat' dir='ltr'><strong>ab</strong></span> <span class='ocrx_word' id='word_1_367' title='bbox 1011 3073 1139 3153; x_wconf 83' lang='lat' dir='ltr'><strong>ipso</strong></span> <span class='ocrx_word' id='word_1_368' title='bbox 1165 3074 1336 3136; x_wconf 87' lang='lat' dir='ltr'><strong>dotes</strong></span> <span class='ocrx_word' id='word_1_369' title='bbox 1358 3085 1742 3158; x_wconf 86' lang='lat' dir='ltr'><strong>acceperunt,</strong></span> <span class='ocrx_word' id='word_1_370' title='bbox 1778 3077 2007 3138; x_wconf 91' lang='lat' dir='ltr'><strong>scilicet</strong></span> 
     </span>
    </p>
   </div>
   <div class='ocr_carea' id='block_1_48' title="bbox 370 3163 2010 3244">
    <p class='ocr_par' dir='ltr' id='par_1_48' title="bbox 370 3163 2010 3244">
     <span class='ocr_line' id='line_1_48' title="bbox 370 3163 2010 3244; baseline 0.001 -18"><span class='ocrx_word' id='word_1_371' title='bbox 370 3172 428 3226; x_wconf 92' lang='lat' dir='ltr'><strong>et</strong></span> <span class='ocrx_word' id='word_1_372' title='bbox 456 3164 796 3238; x_wconf 87' lang='lat' dir='ltr'><strong>entitatem,</strong></span> <span class='ocrx_word' id='word_1_373' title='bbox 832 3171 892 3227; x_wconf 84' lang='lat' dir='ltr'><strong>et</strong></span> <span class='ocrx_word' id='word_1_374' title='bbox 924 3163 1127 3238; x_wconf 88' lang='lat' dir='ltr'><strong>vitam,</strong></span> <span class='ocrx_word' id='word_1_375' title='bbox 1161 3172 1218 3225; x_wconf 92' lang='lat' dir='ltr'><strong>et</strong></span> <span class='ocrx_word' id='word_1_376' title='bbox 1245 3165 1667 3244; x_wconf 87' lang='lat' dir='ltr'><strong>cognitionem,</strong></span> <span class='ocrx_word' id='word_1_377' title='bbox 1694 3175 1753 3228; x_wconf 90' lang='lat' dir='ltr'><strong>et</strong></span> <span class='ocrx_word' id='word_1_378' title='bbox 1784 3166 2010 3228; x_wconf 73' lang='lat' dir='ltr'><strong>intelle-</strong></span> 
     </span>
    </p>
   </div>
   <div class='ocr_carea' id='block_1_49' title="bbox 368 3252 2008 3336">
    <p class='ocr_par' dir='ltr' id='par_1_49' title="bbox 368 3252 2008 3336">
     <span class='ocr_line' id='line_1_49' title="bbox 368 3252 2008 3336; baseline 0.001 -20"><span class='ocrx_word' id='word_1_379' title='bbox 368 3261 557 3330; x_wconf 87' lang='lat' dir='ltr'><strong>ctum;</strong></span> <span class='ocrx_word' id='word_1_380' title='bbox 592 3272 700 3315; x_wconf 92' lang='lat' dir='ltr'><strong>nec</strong></span> <span class='ocrx_word' id='word_1_381' title='bbox 729 3272 847 3314; x_wconf 90' lang='lat' dir='ltr'><strong>non</strong></span> <span class='ocrx_word' id='word_1_382' title='bbox 901 3253 1081 3315; x_wconf 91' lang='lat' dir='ltr'><strong>etiam</strong></span> <span class='ocrx_word' id='word_1_383' title='bbox 1113 3252 1282 3316; x_wconf 91' lang='lat' dir='ltr'><strong>dotes</strong></span> <span class='ocrx_word' id='word_1_384' title='bbox 1314 3254 1658 3336; x_wconf 86' lang='lat' dir='ltr'><strong>ampliores,</strong></span> <span class='ocrx_word' id='word_1_385' title='bbox 1692 3257 1850 3333; x_wconf 86' lang='lat' dir='ltr'><strong>quod</strong></span> <span class='ocrx_word' id='word_1_386' title='bbox 1884 3258 2008 3318; x_wconf 64' lang='lat' dir='ltr'><strong>haec</strong></span> 
     </span>
    </p>
   </div>
   <div class='ocr_carea' id='block_1_50' title="bbox 2088 2181 3760 2264">
    <p class='ocr_par' dir='ltr' id='par_1_50' title="bbox 2088 2181 3760 2264">
     <span class='ocr_line' id='line_1_50' title="bbox 2088 2181 3760 2264; baseline -0.001 -24"><span class='ocrx_word' id='word_1_387' title='bbox 2088 2183 2473 2264; x_wconf 72' lang='grc' dir='ltr'>Θεωρουμένας,</span> <span class='ocrx_word' id='word_1_388' title='bbox 2540 2186 2656 2238; x_wconf 77' lang='grc' dir='ltr'>οἷον</span> <span class='ocrx_word' id='word_1_389' title='bbox 2729 2184 2788 2238; x_wconf 72' lang='grc' dir='ltr'><strong>τὸ</strong></span> <span class='ocrx_word' id='word_1_390' title='bbox 2851 2184 2908 2238; x_wconf 85' lang='grc' dir='ltr'>ὃν</span> <span class='ocrx_word' id='word_1_391' title='bbox 2971 2183 3057 2238; x_wconf 83' lang='grc' dir='ltr'><strong>καὶ</strong></span> <span class='ocrx_word' id='word_1_392' title='bbox 3131 2183 3297 2253; x_wconf 73' lang='grc' dir='ltr'>ζωήν,</span> <span class='ocrx_word' id='word_1_393' title='bbox 3370 2181 3760 2259; x_wconf 69' lang='grc' dir='ltr'>Ἀποχρξνετχι</span> 
     </span>
    </p>
   </div>
   <div class='ocr_carea' id='block_1_51' title="bbox 2088 2271 3758 2352">
    <p class='ocr_par' dir='ltr' id='par_1_51' title="bbox 2088 2271 3758 2352">
     <span class='ocr_line' id='line_1_51' title="bbox 2088 2271 3758 2352; baseline -0.001 -21"><span class='ocrx_word' id='word_1_394' title='bbox 2088 2275 2258 2331; x_wconf 74' lang='grc' dir='ltr'>τοίνῦν</span> <span class='ocrx_word' id='word_1_395' title='bbox 2317 2274 2404 2331; x_wconf 76' lang='grc' dir='ltr'>καὶ</span> <span class='ocrx_word' id='word_1_396' title='bbox 2437 2273 2545 2330; x_wconf 72' lang='grc' dir='ltr'>λύει</span> <span class='ocrx_word' id='word_1_397' title='bbox 2580 2275 2678 2340; x_wconf 73' lang='grc' dir='ltr'>τὴν</span> <span class='ocrx_word' id='word_1_398' title='bbox 2736 2274 2982 2352; x_wconf 78' lang='grc' dir='ltr'>ἀπορίαν,</span> <span class='ocrx_word' id='word_1_399' title='bbox 3017 2272 3212 2352; x_wconf 83' lang='grc' dir='ltr'>λέγων,</span> <span class='ocrx_word' id='word_1_400' title='bbox 3248 2271 3327 2329; x_wconf 79' lang='grc' dir='ltr'><strong>ὅτι</strong></span> <span class='ocrx_word' id='word_1_401' title='bbox 3369 2274 3412 2329; x_wconf 74' lang='grc' dir='ltr'>εἷ</span> <span class='ocrx_word' id='word_1_402' title='bbox 3444 2273 3541 2346; x_wconf 70' lang='grc' dir='ltr'>μὲν</span> <span class='ocrx_word' id='word_1_403' title='bbox 3585 2275 3758 2330; x_wconf 66' lang='grc' dir='ltr'>ἀνούο</span> 
     </span>
    </p>
   </div>
   <div class='ocr_carea' id='block_1_52' title="bbox 2090 2361 3760 2442">
    <p class='ocr_par' dir='ltr' id='par_1_52' title="bbox 2090 2361 3760 2442">
     <span class='ocr_line' id='line_1_52' title="bbox 2090 2361 3760 2442; baseline 0.001 -24"><span class='ocrx_word' id='word_1_404' title='bbox 2090 2387 2180 2420; x_wconf 90' lang='grc' dir='ltr'><strong>σια</strong></span> <span class='ocrx_word' id='word_1_405' title='bbox 2235 2366 2372 2430; x_wconf 75' lang='grc' dir='ltr'>ἦσαν</span> <span class='ocrx_word' id='word_1_406' title='bbox 2429 2365 2492 2418; x_wconf 78' lang='grc' dir='ltr'>τὰ</span> <span class='ocrx_word' id='word_1_407' title='bbox 2548 2363 2697 2440; x_wconf 81' lang='grc' dir='ltr'>νοερά</span> <span class='ocrx_word' id='word_1_408' title='bbox 2748 2364 2832 2418; x_wconf 81' lang='grc' dir='ltr'>καὶ</span> <span class='ocrx_word' id='word_1_409' title='bbox 2891 2362 3173 2442; x_wconf 68' lang='grc' dir='ltr'>ἅζονα,καὶ</span> <span class='ocrx_word' id='word_1_410' title='bbox 3233 2361 3391 2418; x_wconf 70' lang='grc' dir='ltr'>πάλιν</span> <span class='ocrx_word' id='word_1_411' title='bbox 3451 2365 3515 2418; x_wconf 74' lang='grc' dir='ltr'><strong>τα</strong></span> <span class='ocrx_word' id='word_1_412' title='bbox 3571 2370 3760 2433; x_wconf 72' lang='grc' dir='ltr'>ζῶντι</span> 
     </span>
    </p>
   </div>
   <div class='ocr_carea' id='block_1_53' title="bbox 2092 2450 3760 2531">
    <p class='ocr_par' dir='ltr' id='par_1_53' title="bbox 2092 2450 3760 2531">
     <span class='ocr_line' id='line_1_53' title="bbox 2092 2450 3760 2531; baseline 0 -23"><span class='ocrx_word' id='word_1_413' title='bbox 2092 2453 2328 2529; x_wconf 81' lang='grc' dir='ltr'>ἀνούσια,</span> <span class='ocrx_word' id='word_1_414' title='bbox 2402 2451 2574 2518; x_wconf 79' lang='grc' dir='ltr'>καλῶς</span> <span class='ocrx_word' id='word_1_415' title='bbox 2643 2452 2704 2506; x_wconf 77' lang='grc' dir='ltr'><strong>ἂν</strong></span> <span class='ocrx_word' id='word_1_416' title='bbox 2752 2453 2911 2531; x_wconf 66' lang='grc' dir='ltr'>εἶχεν</span> <span class='ocrx_word' id='word_1_417' title='bbox 2969 2455 3002 2520; x_wconf 77' lang='grc' dir='ltr'>ἡ</span> <span class='ocrx_word' id='word_1_418' title='bbox 3061 2453 3272 2531; x_wconf 77' lang='grc' dir='ltr'>ἀπορία·</span> <span class='ocrx_word' id='word_1_419' title='bbox 3337 2451 3518 2518; x_wconf 74' lang='grc' dir='ltr'>ἐπειδὴ</span> <span class='ocrx_word' id='word_1_420' title='bbox 3693 2455 3760 2508; x_wconf 68' lang='grc' dir='ltr'>τὶ</span> 
     </span>
    </p>
   </div>
   <div class='ocr_carea' id='block_1_54' title="bbox 2093 2541 3754 2620">
    <p class='ocr_par' dir='ltr' id='par_1_54' title="bbox 2093 2541 3754 2620">
     <span class='ocr_line' id='line_1_54' title="bbox 2093 2541 3754 2620; baseline -0.002 -21"><span class='ocrx_word' id='word_1_421' title='bbox 2093 2545 2246 2620; x_wconf 87' lang='grc' dir='ltr'>νοερά</span> <span class='ocrx_word' id='word_1_422' title='bbox 2303 2544 2390 2599; x_wconf 80' lang='grc' dir='ltr'>καὶ</span> <span class='ocrx_word' id='word_1_423' title='bbox 2449 2541 2573 2598; x_wconf 73' lang='grc' dir='ltr'>ὄντα</span> <span class='ocrx_word' id='word_1_424' title='bbox 2633 2542 2752 2620; x_wconf 77' lang='grc' dir='ltr'>εἰσὶ,</span> <span class='ocrx_word' id='word_1_425' title='bbox 2787 2543 2874 2597; x_wconf 77' lang='grc' dir='ltr'><strong>καὶ</strong></span> <span class='ocrx_word' id='word_1_426' title='bbox 2933 2546 3084 2616; x_wconf 76' lang='grc' dir='ltr'>ζῶσι,</span> <span class='ocrx_word' id='word_1_427' title='bbox 3120 2543 3206 2597; x_wconf 77' lang='grc' dir='ltr'>καὶ</span> <span class='ocrx_word' id='word_1_428' title='bbox 3261 2542 3400 2611; x_wconf 75' lang='grc' dir='ltr'>ζωὴν</span> <span class='ocrx_word' id='word_1_429' title='bbox 3447 2543 3754 2618; x_wconf 71' lang='grc' dir='ltr'>κρείττονα,</span> 
     </span>
    </p>
   </div>
   <div class='ocr_carea' id='block_1_55' title="bbox 2093 2630 3758 2709">
    <p class='ocr_par' dir='ltr' id='par_1_55' title="bbox 2093 2630 3758 2709">
     <span class='ocr_line' id='line_1_55' title="bbox 2093 2630 3758 2709; baseline -0.001 -22"><span class='ocrx_word' id='word_1_430' title='bbox 2093 2633 2179 2687; x_wconf 71' lang='grc' dir='ltr'>καὶ</span> <span class='ocrx_word' id='word_1_431' title='bbox 2222 2631 2571 2708; x_wconf 76' lang='grc' dir='ltr'>γινώσκουσιν</span> <span class='ocrx_word' id='word_1_432' title='bbox 2624 2632 2752 2708; x_wconf 72' lang='grc' dir='ltr'>δπὲρ</span> <span class='ocrx_word' id='word_1_433' title='bbox 2807 2631 3054 2696; x_wconf 75' lang='grc' dir='ltr'>αἴσθησιν</span> <span class='ocrx_word' id='word_1_434' title='bbox 3085 2633 3177 2686; x_wconf 77' lang='grc' dir='ltr'>καὶ</span> <span class='ocrx_word' id='word_1_435' title='bbox 3233 2630 3414 2708; x_wconf 79' lang='grc' dir='ltr'>λόγον,</span> <span class='ocrx_word' id='word_1_436' title='bbox 3465 2634 3548 2686; x_wconf 73' lang='grc' dir='ltr'><strong>καὶ</strong></span> <span class='ocrx_word' id='word_1_437' title='bbox 3608 2635 3758 2709; x_wconf 71' lang='grc' dir='ltr'>παρὰ</span> 
     </span>
    </p>
   </div>
   <div class='ocr_carea' id='block_1_56' title="bbox 2092 2719 3754 2799">
    <p class='ocr_par' dir='ltr' id='par_1_56' title="bbox 2092 2719 3754 2799">
     <span class='ocr_line' id='line_1_56' title="bbox 2092 2719 3754 2799; baseline -0.002 -22"><span class='ocrx_word' id='word_1_438' title='bbox 2092 2722 2262 2777; x_wconf 79' lang='grc' dir='ltr'>πάντα</span> <span class='ocrx_word' id='word_1_439' title='bbox 2293 2721 2358 2777; x_wconf 86' lang='grc' dir='ltr'><strong>τά</strong></span> <span class='ocrx_word' id='word_1_440' title='bbox 2385 2719 2507 2776; x_wconf 72' lang='grc' dir='ltr'>ὄντα</span> <span class='ocrx_word' id='word_1_441' title='bbox 2556 2730 2649 2779; x_wconf 79' lang='grc' dir='ltr'>τοῦ</span> <span class='ocrx_word' id='word_1_442' title='bbox 2679 2720 2830 2783; x_wconf 75' lang='grc' dir='ltr'>ὄντος</span> <span class='ocrx_word' id='word_1_443' title='bbox 2880 2720 3224 2799; x_wconf 74' lang='grc' dir='ltr'>μετέχουσιν,</span> <span class='ocrx_word' id='word_1_444' title='bbox 3258 2721 3402 2794; x_wconf 54' lang='grc' dir='ltr'>αξτοὶ</span> <span class='ocrx_word' id='word_1_445' title='bbox 3448 2719 3656 2794; x_wconf 74' lang='grc' dir='ltr'>μᾶλλον</span> <span class='ocrx_word' id='word_1_446' title='bbox 3691 2721 3754 2776; x_wconf 70' lang='grc' dir='ltr'>ἄν</span> 
     </span>
    </p>
   </div>
   <div class='ocr_carea' id='block_1_57' title="bbox 2094 2812 3759 2892">
    <p class='ocr_par' dir='ltr' id='par_1_57' title="bbox 2094 2812 3759 2892">
     <span class='ocr_line' id='line_1_57' title="bbox 2094 2812 3759 2892; baseline 0.002 -24"><span class='ocrx_word' id='word_1_447' title='bbox 2094 2812 2440 2884; x_wconf 63' lang='grc' dir='ltr'>πλησιάζοιεν</span> <span class='ocrx_word' id='word_1_448' title='bbox 2503 2816 2577 2885; x_wconf 75' lang='grc' dir='ltr'>τῷ</span> <span class='ocrx_word' id='word_1_449' title='bbox 2630 2814 2810 2890; x_wconf 74' lang='grc' dir='ltr'>ἀγαθῷ</span> <span class='ocrx_word' id='word_1_450' title='bbox 2855 2815 2991 2884; x_wconf 66' lang='lat' dir='ltr'><strong>Sed},</strong></span> <span class='ocrx_word' id='word_1_451' title='bbox 3034 2815 3080 2870; x_wconf 75' lang='grc' dir='ltr'>οἱ</span> <span class='ocrx_word' id='word_1_452' title='bbox 3137 2815 3529 2892; x_wconf 79' lang='grc' dir='ltr'>ὑπερπερισσῶς</span> <span class='ocrx_word' id='word_1_453' title='bbox 3590 2813 3759 2871; x_wconf 67' lang='grc' dir='ltr'><strong>αὖτοῦ</strong></span> 
     </span>
    </p>
   </div>
   <div class='ocr_carea' id='block_1_58' title="bbox 2095 2901 3758 2982">
    <p class='ocr_par' dir='ltr' id='par_1_58' title="bbox 2095 2901 3758 2982">
     <span class='ocr_line' id='line_1_58' title="bbox 2095 2901 3758 2982; baseline 0 -24"><span class='ocrx_word' id='word_1_454' title='bbox 2095 2905 2447 2981; x_wconf 71' lang='grc' dir='ltr'>μετάχοντες,</span> <span class='ocrx_word' id='word_1_455' title='bbox 2483 2905 2570 2958; x_wconf 79' lang='grc' dir='ltr'><strong>καὶ</strong></span> <span class='ocrx_word' id='word_1_456' title='bbox 2603 2901 2820 2965; x_wconf 83' lang='grc' dir='ltr'>πλείους</span> <span class='ocrx_word' id='word_1_457' title='bbox 2870 2901 3067 2980; x_wconf 74' lang='grc' dir='ltr'>δωρεὰς</span> <span class='ocrx_word' id='word_1_458' title='bbox 3101 2903 3346 2982; x_wconf 73' lang='grc' dir='ltr'>ἔχοντες,</span> <span class='ocrx_word' id='word_1_459' title='bbox 3381 2901 3631 2968; x_wconf 76' lang='grc' dir='ltr'>δηλονότι</span> <span class='ocrx_word' id='word_1_460' title='bbox 3667 2906 3758 2958; x_wconf 76' lang='grc' dir='ltr'>καὶ</span> 
     </span>
    </p>
   </div>
   <div class='ocr_carea' id='block_1_59' title="bbox 2093 2992 3749 3072">
    <p class='ocr_par' dir='ltr' id='par_1_59' title="bbox 2093 2992 3749 3072">
     <span class='ocr_line' id='line_1_59' title="bbox 2093 2992 3749 3072; baseline -0.002 -24"><span class='ocrx_word' id='word_1_461' title='bbox 2093 2995 2154 3048; x_wconf 75' lang='grc' dir='ltr'>τὸ</span> <span class='ocrx_word' id='word_1_462' title='bbox 2187 2993 2351 3064; x_wconf 80' lang='grc' dir='ltr'>εἶναι,</span> <span class='ocrx_word' id='word_1_463' title='bbox 2376 2993 2459 3047; x_wconf 84' lang='grc' dir='ltr'>καὶ</span> <span class='ocrx_word' id='word_1_464' title='bbox 2481 2994 2540 3047; x_wconf 73' lang='grc' dir='ltr'>τὸ</span> <span class='ocrx_word' id='word_1_465' title='bbox 2571 2999 2688 3068; x_wconf 76' lang='grc' dir='ltr'>ζῇν,</span> <span class='ocrx_word' id='word_1_466' title='bbox 2714 2995 2800 3048; x_wconf 81' lang='grc' dir='ltr'><strong>καὶ</strong></span> <span class='ocrx_word' id='word_1_467' title='bbox 2831 2993 2890 3047; x_wconf 81' lang='grc' dir='ltr'>τὸ</span> <span class='ocrx_word' id='word_1_468' title='bbox 2913 2992 3355 3072; x_wconf 74' lang='grc' dir='ltr'>γινώσκειν,ἀλλά</span> <span class='ocrx_word' id='word_1_469' title='bbox 3379 2994 3465 3048; x_wconf 84' lang='grc' dir='ltr'>καὶ</span> <span class='ocrx_word' id='word_1_470' title='bbox 3484 2995 3544 3048; x_wconf 74' lang='grc' dir='ltr'>τὸ</span> <span class='ocrx_word' id='word_1_471' title='bbox 3569 3008 3749 3048; x_wconf 76' lang='grc' dir='ltr'>νοεϊνο</span> 
     </span>
    </p>
   </div>
   <div class='ocr_carea' id='block_1_60' title="bbox 2091 3079 3757 3160">
    <p class='ocr_par' dir='ltr' id='par_1_60' title="bbox 2091 3079 3757 3160">
     <span class='ocr_line' id='line_1_60' title="bbox 2091 3079 3757 3160; baseline -0.001 -22"><span class='ocrx_word' id='word_1_472' title='bbox 2091 3081 2248 3138; x_wconf 77' lang='grc' dir='ltr'>πάλιν</span> <span class='ocrx_word' id='word_1_473' title='bbox 2281 3079 2335 3136; x_wconf 76' lang='grc' dir='ltr'><strong>δὲ</strong></span> <span class='ocrx_word' id='word_1_474' title='bbox 2367 3081 2574 3156; x_wconf 80' lang='grc' dir='ltr'>μείζους</span> <span class='ocrx_word' id='word_1_475' title='bbox 2606 3080 2828 3159; x_wconf 56' lang='grc' dir='ltr'>δωρεὰς</span> <span class='ocrx_word' id='word_1_476' title='bbox 2877 3080 2954 3137; x_wconf 75' lang='grc' dir='ltr'><strong>ὅτι</strong></span> <span class='ocrx_word' id='word_1_477' title='bbox 3005 3082 3170 3138; x_wconf 75' lang='grc' dir='ltr'><strong>ταῦτα</strong></span> <span class='ocrx_word' id='word_1_478' title='bbox 3202 3083 3372 3138; x_wconf 82' lang='grc' dir='ltr'>πάντα</span> <span class='ocrx_word' id='word_1_479' title='bbox 3426 3083 3757 3160; x_wconf 71' lang='grc' dir='ltr'>ιρειττόνως</span> 
     </span>
    </p>
   </div>
   <div class='ocr_carea' id='block_1_61' title="bbox 2091 3170 3760 3251">
    <p class='ocr_par' dir='ltr' id='par_1_61' title="bbox 2091 3170 3760 3251">
     <span class='ocr_line' id='line_1_61' title="bbox 2091 3170 3760 3251; baseline 0.001 -25"><span class='ocrx_word' id='word_1_480' title='bbox 2091 3171 2305 3251; x_wconf 75' lang='grc' dir='ltr'>ἔχουσιν</span> <span class='ocrx_word' id='word_1_481' title='bbox 2365 3173 2503 3227; x_wconf 82' lang='grc' dir='ltr'>οὗτοι</span> <span class='ocrx_word' id='word_1_482' title='bbox 2537 3171 2678 3248; x_wconf 88' lang='grc' dir='ltr'><strong>παρά</strong></span> <span class='ocrx_word' id='word_1_483' title='bbox 2708 3172 2772 3227; x_wconf 83' lang='grc' dir='ltr'><strong>τὰ</strong></span> <span class='ocrx_word' id='word_1_484' title='bbox 2805 3170 2966 3226; x_wconf 75' lang='grc' dir='ltr'>ἄλλα·</span> <span class='ocrx_word' id='word_1_485' title='bbox 2999 3173 3087 3228; x_wconf 77' lang='grc' dir='ltr'><strong>καὶ</strong></span> <span class='ocrx_word' id='word_1_486' title='bbox 3117 3171 3258 3229; x_wconf 78' lang='grc' dir='ltr'>ἔστιν</span> <span class='ocrx_word' id='word_1_487' title='bbox 3302 3171 3518 3245; x_wconf 77' lang='grc' dir='ltr'>ἀληθὲς,</span> <span class='ocrx_word' id='word_1_488' title='bbox 3554 3174 3638 3228; x_wconf 74' lang='grc' dir='ltr'>ὅτι</span> <span class='ocrx_word' id='word_1_489' title='bbox 3685 3173 3760 3228; x_wconf 71' lang='grc' dir='ltr'>τὰ</span> 
     </span>
    </p>
   </div>
   <div class='ocr_carea' id='block_1_62' title="bbox 2093 3258 3755 3338">
    <p class='ocr_par' dir='ltr' id='par_1_62' title="bbox 2093 3258 3755 3338">
     <span class='ocr_line' id='line_1_62' title="bbox 2093 3258 3755 3338; baseline 0.002 -24"><span class='ocrx_word' id='word_1_490' title='bbox 2093 3258 2294 3334; x_wconf 79' lang='grc' dir='ltr'>μᾶλλον</span> <span class='ocrx_word' id='word_1_491' title='bbox 2325 3258 2450 3334; x_wconf 88' lang='grc' dir='ltr'>μετέ</span> <span class='ocrx_word' id='word_1_492' title='bbox 2459 3281 2626 3338; x_wconf 53' lang='grc' dir='ltr'>λοντα</span> <span class='ocrx_word' id='word_1_493' title='bbox 2658 3265 2750 3316; x_wconf 76' lang='grc' dir='ltr'>τοῦ</span> <span class='ocrx_word' id='word_1_494' title='bbox 2799 3268 2931 3317; x_wconf 81' lang='grc' dir='ltr'>Θεοῦ</span> <span class='ocrx_word' id='word_1_495' title='bbox 2961 3260 3164 3336; x_wconf 82' lang='grc' dir='ltr'>μᾶλλον</span> <span class='ocrx_word' id='word_1_496' title='bbox 3196 3264 3337 3334; x_wconf 77' lang='grc' dir='ltr'>αὖτῴ</span> <span class='ocrx_word' id='word_1_497' title='bbox 3365 3261 3755 3332; x_wconf 72' lang='grc' dir='ltr'>πλησιάζουσι,</span> 
     </span>
    </p>
   </div>
   <div class='ocr_carea' id='block_1_63' title="bbox 365 3341 2007 3430">
    <p class='ocr_par' dir='ltr' id='par_1_63' title="bbox 365 3341 2004 3424">
     <span class='ocr_line' id='line_1_63' title="bbox 365 3341 2004 3424; baseline 0.002 -20"><span class='ocrx_word' id='word_1_498' title='bbox 365 3343 566 3405; x_wconf 92' lang='lat' dir='ltr'><strong>omnia</strong></span> <span class='ocrx_word' id='word_1_499' title='bbox 622 3359 744 3424; x_wconf 69' lang='lat' dir='ltr'><strong>prae</strong></span> <span class='ocrx_word' id='word_1_500' title='bbox 795 3341 1025 3404; x_wconf 76' lang='lat' dir='ltr'><strong>caeteris</strong></span> <span class='ocrx_word' id='word_1_501' title='bbox 1078 3344 1463 3420; x_wconf 67' lang='lat' dir='ltr'><strong>praastantiori</strong></span> <span class='ocrx_word' id='word_1_502' title='bbox 1512 3345 1684 3406; x_wconf 92' lang='lat' dir='ltr'><strong>modo</strong></span> <span class='ocrx_word' id='word_1_503' title='bbox 1729 3345 2004 3419; x_wconf 88' lang='lat' dir='ltr'><strong>habeant;</strong></span> 
     </span>
    </p>
   </div>
   <div class='ocr_carea' id='block_1_64' title="bbox 2095 3341 3758 3430">
    <p class='ocr_par' dir='ltr' id='par_1_64' title="bbox 2095 3346 3758 3430">
     <span class='ocr_line' id='line_1_64' title="bbox 2095 3346 3758 3430; baseline 0.002 -26"><span class='ocrx_word' id='word_1_504' title='bbox 2095 3347 2312 3417; x_wconf 79' lang='grc' dir='ltr'>Ἐπειδὴ</span> <span class='ocrx_word' id='word_1_505' title='bbox 2343 3346 2396 3404; x_wconf 80' lang='grc' dir='ltr'><strong>δὲ</strong></span> <span class='ocrx_word' id='word_1_506' title='bbox 2448 3351 2564 3426; x_wconf 90' lang='grc' dir='ltr'>περὶ</span> <span class='ocrx_word' id='word_1_507' title='bbox 2615 3351 2815 3405; x_wconf 75' lang='grc' dir='ltr'>τούτων</span> <span class='ocrx_word' id='word_1_508' title='bbox 2866 3349 3116 3426; x_wconf 73' lang='grc' dir='ltr'>εἴπομεν,</span> <span class='ocrx_word' id='word_1_509' title='bbox 3150 3350 3271 3430; x_wconf 75' lang='grc' dir='ltr'>φέρε</span> <span class='ocrx_word' id='word_1_510' title='bbox 3317 3350 3401 3406; x_wconf 80' lang='grc' dir='ltr'>ἐπὶ</span> <span class='ocrx_word' id='word_1_511' title='bbox 3455 3353 3549 3406; x_wconf 85' lang='grc' dir='ltr'>τὸν</span> <span class='ocrx_word' id='word_1_512' title='bbox 3609 3374 3758 3428; x_wconf 84' lang='grc' dir='ltr'>προ-</span> 
     </span>
    </p>
   </div>
   <div class='ocr_carea' id='block_1_65' title="bbox 371 3433 2008 3516">
    <p class='ocr_par' dir='ltr' id='par_1_65' title="bbox 371 3433 2008 3516">
     <span class='ocr_line' id='line_1_65' title="bbox 371 3433 2008 3516; baseline 0.002 -21"><span class='ocrx_word' id='word_1_513' title='bbox 371 3441 579 3514; x_wconf 89' lang='lat' dir='ltr'><strong>estque</strong></span> <span class='ocrx_word' id='word_1_514' title='bbox 600 3433 714 3496; x_wconf 87' lang='lat' dir='ltr'><strong>hoc</strong></span> <span class='ocrx_word' id='word_1_515' title='bbox 735 3450 963 3508; x_wconf 90' lang='lat' dir='ltr'><strong>verum,</strong></span> <span class='ocrx_word' id='word_1_516' title='bbox 989 3433 1128 3492; x_wconf 59' lang='grc'><strong>440</strong></span> <span class='ocrx_word' id='word_1_517' title='bbox 1151 3433 1250 3494; x_wconf 90' lang='lat' dir='ltr'><strong>illa</strong></span> <span class='ocrx_word' id='word_1_518' title='bbox 1278 3451 1407 3515; x_wconf 63' lang='lat' dir='ltr'><strong>quin</strong></span> <span class='ocrx_word' id='word_1_519' title='bbox 1431 3433 1618 3496; x_wconf 90' lang='lat' dir='ltr'><strong>Deum</strong></span> <span class='ocrx_word' id='word_1_520' title='bbox 1654 3435 1839 3514; x_wconf 86' lang='lat' dir='ltr'><strong>magis</strong></span> <span class='ocrx_word' id='word_1_521' title='bbox 1870 3455 2008 3516; x_wconf 87' lang='lat' dir='ltr'><strong>par-</strong></span> 
     </span>
    </p>
   </div>
   <div class='ocr_carea' id='block_1_66' title="bbox 369 3523 2007 3604">
    <p class='ocr_par' dir='ltr' id='par_1_66' title="bbox 369 3523 2007 3604">
     <span class='ocr_line' id='line_1_66' title="bbox 369 3523 2007 3604; baseline 0.003 -22"><span class='ocrx_word' id='word_1_522' title='bbox 369 3525 611 3604; x_wconf 61' lang='lat' dir='ltr'><strong>ticipant</strong></span> <span class='ocrx_word' id='word_1_523' title='bbox 643 3523 756 3604; x_wconf 91' lang='lat' dir='ltr'><strong>ipsi</strong></span> <span class='ocrx_word' id='word_1_524' title='bbox 778 3542 1012 3604; x_wconf 90' lang='lat' dir='ltr'><strong>quoque</strong></span> <span class='ocrx_word' id='word_1_525' title='bbox 1042 3523 1297 3586; x_wconf 82' lang='lat' dir='ltr'><strong>existere</strong></span> <span class='ocrx_word' id='word_1_526' title='bbox 1337 3523 1683 3587; x_wconf 89' lang='lat' dir='ltr'><strong>viciniores.</strong></span> <span class='ocrx_word' id='word_1_527' title='bbox 1718 3523 2007 3598; x_wconf 88' lang='lat' dir='ltr'><strong>Quoniam</strong></span> 
     </span>
    </p>
   </div>
   <div class='ocr_carea' id='block_1_67' title="bbox 2091 3438 3756 3519">
    <p class='ocr_par' dir='ltr' id='par_1_67' title="bbox 2091 3438 3756 3519">
     <span class='ocr_line' id='line_1_67' title="bbox 2091 3438 3756 3519; baseline 0.001 -25"><span class='ocrx_word' id='word_1_528' title='bbox 2091 3440 2330 3514; x_wconf 81' lang='grc' dir='ltr'>κείμενον</span> <span class='ocrx_word' id='word_1_529' title='bbox 2390 3440 2590 3494; x_wconf 79' lang='grc' dir='ltr'>σκοπὸν</span> <span class='ocrx_word' id='word_1_530' title='bbox 2623 3438 2878 3514; x_wconf 77' lang='grc' dir='ltr'>ἔλοῶμεν,</span> <span class='ocrx_word' id='word_1_531' title='bbox 2915 3441 3153 3519; x_wconf 82' lang='grc' dir='ltr'>καὶπερὶ</span> <span class='ocrx_word' id='word_1_532' title='bbox 3207 3443 3300 3498; x_wconf 73' lang='grc' dir='ltr'><strong>τοῦ</strong></span> <span class='ocrx_word' id='word_1_533' title='bbox 3345 3441 3510 3504; x_wconf 76' lang='grc' dir='ltr'>ὄντως</span> <span class='ocrx_word' id='word_1_534' title='bbox 3571 3439 3756 3515; x_wconf 79' lang='grc' dir='ltr'>ὄντος,</span> 
     </span>
    </p>
   </div>
   <div class='ocr_carea' id='block_1_68' title="bbox 2091 3527 3255 3606">
    <p class='ocr_par' dir='ltr' id='par_1_68' title="bbox 2091 3527 3255 3606">
     <span class='ocr_line' id='line_1_68' title="bbox 2091 3527 3255 3606; baseline 0.006 -24"><span class='ocrx_word' id='word_1_535' title='bbox 2091 3529 2180 3584; x_wconf 82' lang='grc' dir='ltr'>καὶ</span> <span class='ocrx_word' id='word_1_536' title='bbox 2224 3535 2330 3584; x_wconf 78' lang='grc' dir='ltr'>τῶν</span> <span class='ocrx_word' id='word_1_537' title='bbox 2361 3527 2526 3584; x_wconf 77' lang='grc' dir='ltr'>ὄντων</span> <span class='ocrx_word' id='word_1_538' title='bbox 2560 3530 2862 3586; x_wconf 74' lang='grc' dir='ltr'>οὖσιοποιοῦ</span> <span class='ocrx_word' id='word_1_539' title='bbox 2891 3528 3255 3606; x_wconf 76' lang='grc' dir='ltr'>διαλάϐωμεν.</span> 
     </span>
    </p>
   </div>
   <div class='ocr_carea' id='block_1_69' title="bbox 362 3612 3751 3699">
    <p class='ocr_par' dir='ltr' id='par_1_69' title="bbox 362 3612 3751 3699">
     <span class='ocr_line' id='line_1_69' title="bbox 362 3612 3751 3699; baseline 0.002 -24"><span class='ocrx_word' id='word_1_540' title='bbox 362 3625 559 3675; x_wconf 86' lang='lat' dir='ltr'><strong>autem</strong></span> <span class='ocrx_word' id='word_1_541' title='bbox 613 3613 688 3674; x_wconf 90' lang='lat' dir='ltr'><strong>de</strong></span> <span class='ocrx_word' id='word_1_542' title='bbox 719 3613 809 3673; x_wconf 87' lang='lat' dir='ltr'><strong>his</strong></span> <span class='ocrx_word' id='word_1_543' title='bbox 841 3613 1249 3693; x_wconf 87' lang='lat' dir='ltr'><strong>disseruimus,</strong></span> <span class='ocrx_word' id='word_1_544' title='bbox 1290 3612 1538 3691; x_wconf 84' lang='lat' dir='ltr'><strong>agedum</strong></span> <span class='ocrx_word' id='word_1_545' title='bbox 1584 3613 1655 3675; x_wconf 92' lang='lat' dir='ltr'><strong>ad</strong></span> <span class='ocrx_word' id='word_1_546' title='bbox 1702 3622 2071 3696; x_wconf 88' lang='lat' dir='ltr'><strong>propositum</strong></span> <span class='ocrx_word' id='word_1_547' title='bbox 2104 3635 2348 3699; x_wconf 89' lang='lat' dir='ltr'><strong>scopum</strong></span> <span class='ocrx_word' id='word_1_548' title='bbox 2395 3617 2726 3699; x_wconf 87' lang='lat' dir='ltr'><strong>veniamus,</strong></span> <span class='ocrx_word' id='word_1_549' title='bbox 2771 3625 2832 3679; x_wconf 88' lang='lat' dir='ltr'><strong>et</strong></span> <span class='ocrx_word' id='word_1_550' title='bbox 2865 3618 2940 3679; x_wconf 91' lang='lat' dir='ltr'><strong>de</strong></span> <span class='ocrx_word' id='word_1_551' title='bbox 2998 3625 3135 3680; x_wconf 92' lang='lat' dir='ltr'><strong>ente</strong></span> <span class='ocrx_word' id='word_1_552' title='bbox 3172 3636 3310 3681; x_wconf 90' lang='lat' dir='ltr'><strong>vere</strong></span> <span class='ocrx_word' id='word_1_553' title='bbox 3340 3618 3640 3681; x_wconf 83' lang='lat' dir='ltr'><strong>existente</strong></span> <span class='ocrx_word' id='word_1_554' title='bbox 3687 3629 3751 3682; x_wconf 90' lang='lat' dir='ltr'><strong>et</strong></span> 
     </span>
    </p>
   </div>
   <div class='ocr_carea' id='block_1_70' title="bbox 373 3701 1558 3766">
    <p class='ocr_par' dir='ltr' id='par_1_70' title="bbox 373 3701 1558 3766">
     <span class='ocr_line' id='line_1_70' title="bbox 373 3701 1558 3766; baseline 0 0"><span class='ocrx_word' id='word_1_555' title='bbox 373 3704 681 3766; x_wconf 89' lang='lat' dir='ltr'><strong>entitatum</strong></span> <span class='ocrx_word' id='word_1_556' title='bbox 716 3702 1014 3764; x_wconf 77' lang='lat' dir='ltr'><strong>effectrice</strong></span> <span class='ocrx_word' id='word_1_557' title='bbox 1043 3701 1223 3764; x_wconf 87' lang='lat' dir='ltr'><strong>verba</strong></span> <span class='ocrx_word' id='word_1_558' title='bbox 1253 3703 1558 3766; x_wconf 83' lang='lat' dir='ltr'><strong>faciamus.</strong></span> 
     </span>
    </p>
   </div>
   <div class='ocr_carea' id='block_1_71' title="bbox 449 3791 2007 3874">
    <p class='ocr_par' dir='ltr' id='par_1_71' title="bbox 449 3791 2007 3874">
     <span class='ocr_line' id='line_1_71' title="bbox 449 3791 2007 3874; baseline 0.001 -20"><span class='ocrx_word' id='word_1_559' title='bbox 449 3796 477 3870; x_wconf 72' lang='grc' dir='ltr'><strong>ἕ</strong></span> <span class='ocrx_word' id='word_1_560' title='bbox 507 3792 613 3857; x_wconf 88' lang='lat' dir='ltr'><strong>IV.</strong></span> <span class='ocrx_word' id='word_1_561' title='bbox 643 3792 754 3865; x_wconf 87' lang='lat' dir='ltr'><strong>Qui</strong></span> <span class='ocrx_word' id='word_1_562' title='bbox 787 3799 898 3866; x_wconf 91' lang='lat' dir='ltr'><strong>est,</strong></span> <span class='ocrx_word' id='word_1_563' title='bbox 926 3792 983 3853; x_wconf 93' lang='lat' dir='ltr'><strong>td</strong></span> <span class='ocrx_word' id='word_1_564' title='bbox 1020 3791 1310 3874; x_wconf 87' lang='lat' dir='ltr'><strong>estDeus,</strong></span> <span class='ocrx_word' id='word_1_565' title='bbox 1339 3793 1667 3856; x_wconf 91' lang='lat' dir='ltr'><strong>secundum</strong></span> <span class='ocrx_word' id='word_1_566' title='bbox 1703 3794 2007 3857; x_wconf 88' lang='lat' dir='ltr'><strong>oraculum</strong></span> 
     </span>
    </p>
   </div>
   <div class='ocr_carea' id='block_1_72' title="bbox 364 3882 2011 3964">
    <p class='ocr_par' dir='ltr' id='par_1_72' title="bbox 364 3882 2011 3964">
     <span class='ocr_line' id='line_1_72' title="bbox 364 3882 2011 3964; baseline 0 -19"><span class='ocrx_word' id='word_1_567' title='bbox 364 3883 809 3962; x_wconf 87' lang='lat' dir='ltr'><strong>Mosaicum,est</strong></span> <span class='ocrx_word' id='word_1_568' title='bbox 838 3899 1016 3962; x_wconf 87' lang='lat' dir='ltr'><strong>supra</strong></span> <span class='ocrx_word' id='word_1_569' title='bbox 1046 3882 1372 3960; x_wconf 87' lang='lat' dir='ltr'><strong>ipsummet</strong></span> <span class='ocrx_word' id='word_1_570' title='bbox 1402 3901 1532 3944; x_wconf 85' lang='lat' dir='ltr'><strong>esse</strong></span> <span class='ocrx_word' id='word_1_571' title='bbox 1553 3884 1697 3964; x_wconf 84' lang='lat' dir='ltr'><strong>(hoc</strong></span> <span class='ocrx_word' id='word_1_572' title='bbox 1731 3885 1886 3946; x_wconf 90' lang='lat' dir='ltr'><strong>enim</strong></span> <span class='ocrx_word' id='word_1_573' title='bbox 1921 3893 2011 3948; x_wconf 92' lang='lat' dir='ltr'><strong>est</strong></span> 
     </span>
    </p>
   </div>
   <div class='ocr_carea' id='block_1_73' title="bbox 364 3970 2006 4053">
    <p class='ocr_par' dir='ltr' id='par_1_73' title="bbox 364 3970 2006 4053">
     <span class='ocr_line' id='line_1_73' title="bbox 364 3970 2006 4053; baseline -0.001 -20"><span class='ocrx_word' id='word_1_574' title='bbox 364 3989 554 4052; x_wconf 82' lang='lat' dir='ltr'><strong>supra</strong></span> <span class='ocrx_word' id='word_1_575' title='bbox 603 3973 1026 4042; x_wconf 76' lang='lat' dir='ltr'><strong>substantiam)</strong></span> <span class='ocrx_word' id='word_1_576' title='bbox 1056 3986 1232 4030; x_wconf 90' lang='lat' dir='ltr'><strong>causa</strong></span> <span class='ocrx_word' id='word_1_577' title='bbox 1263 3970 1528 4033; x_wconf 72' lang='lat' dir='ltr'><strong>efﬁciens</strong></span> <span class='ocrx_word' id='word_1_578' title='bbox 1574 3971 1958 4034; x_wconf 88' lang='lat' dir='ltr'><strong>substantiam</strong></span> <span class='ocrx_word' id='word_1_579' title='bbox 1990 3992 2006 4053; x_wconf 86' lang='lat'><strong>;</strong></span> 
     </span>
    </p>
   </div>
   <div class='ocr_carea' id='block_1_74' title="bbox 365 4057 2011 4142">
    <p class='ocr_par' dir='ltr' id='par_1_74' title="bbox 365 4057 2011 4142">
     <span class='ocr_line' id='line_1_74' title="bbox 365 4057 2011 4142; baseline 0.001 -21"><span class='ocrx_word' id='word_1_580' title='bbox 365 4061 590 4141; x_wconf 87' lang='lat' dir='ltr'><strong>quippe</strong></span> <span class='ocrx_word' id='word_1_581' title='bbox 621 4057 1066 4121; x_wconf 85' lang='lat' dir='ltr'><strong>subsistentiam</strong></span> <span class='ocrx_word' id='word_1_582' title='bbox 1093 4067 1151 4120; x_wconf 89' lang='lat' dir='ltr'><strong>et</strong></span> <span class='ocrx_word' id='word_1_583' title='bbox 1177 4059 1547 4122; x_wconf 81' lang='lat' dir='ltr'><strong>existentiam</strong></span> <span class='ocrx_word' id='word_1_584' title='bbox 1580 4061 1892 4142; x_wconf 81' lang='lat' dir='ltr'><strong>perﬁciens</strong></span> <span class='ocrx_word' id='word_1_585' title='bbox 1925 4069 2011 4122; x_wconf 86' lang='lat' dir='ltr'><strong>to-</strong></span> 
     </span>
    </p>
   </div>
   <div class='ocr_carea' id='block_1_75' title="bbox 367 4147 2006 4232">
    <p class='ocr_par' dir='ltr' id='par_1_75' title="bbox 367 4147 2006 4232">
     <span class='ocr_line' id='line_1_75' title="bbox 367 4147 2006 4232; baseline 0.001 -22"><span class='ocrx_word' id='word_1_586' title='bbox 367 4150 484 4210; x_wconf 89' lang='lat' dir='ltr'><strong>tius</strong></span> <span class='ocrx_word' id='word_1_587' title='bbox 512 4167 644 4211; x_wconf 90' lang='lat' dir='ltr'><strong>esse</strong></span> <span class='ocrx_word' id='word_1_588' title='bbox 667 4147 977 4210; x_wconf 89' lang='lat' dir='ltr'><strong>collective</strong></span> <span class='ocrx_word' id='word_1_589' title='bbox 994 4148 1398 4229; x_wconf 86' lang='lat' dir='ltr'><strong>sumpti;uihil</strong></span> <span class='ocrx_word' id='word_1_590' title='bbox 1422 4151 1579 4210; x_wconf 91' lang='lat' dir='ltr'><strong>enim</strong></span> <span class='ocrx_word' id='word_1_591' title='bbox 1608 4159 1698 4212; x_wconf 83' lang='lat' dir='ltr'><strong>est</strong></span> <span class='ocrx_word' id='word_1_592' title='bbox 1722 4151 1780 4212; x_wconf 92' lang='lat' dir='ltr'><strong>in</strong></span> <span class='ocrx_word' id='word_1_593' title='bbox 1803 4151 2006 4232; x_wconf 87' lang='lat' dir='ltr'><strong>rebus,</strong></span> 
     </span>
    </p>
   </div>
   <div class='ocr_carea' id='block_1_76' title="bbox 363 4237 2008 4320">
    <p class='ocr_par' dir='ltr' id='par_1_76' title="bbox 363 4237 2008 4320">
     <span class='ocr_line' id='line_1_76' title="bbox 363 4237 2008 4320; baseline 0.001 -21"><span class='ocrx_word' id='word_1_594' title='bbox 363 4238 520 4320; x_wconf 90' lang='lat' dir='ltr'><strong>quod</strong></span> <span class='ocrx_word' id='word_1_595' title='bbox 537 4255 652 4301; x_wconf 91' lang='lat' dir='ltr'><strong>non</strong></span> <span class='ocrx_word' id='word_1_596' title='bbox 674 4237 813 4299; x_wconf 92' lang='lat' dir='ltr'><strong>inde</strong></span> <span class='ocrx_word' id='word_1_597' title='bbox 845 4256 1015 4299; x_wconf 92' lang='lat' dir='ltr'><strong>suum</strong></span> <span class='ocrx_word' id='word_1_598' title='bbox 1038 4257 1168 4299; x_wconf 93' lang='lat' dir='ltr'><strong>esse</strong></span> <span class='ocrx_word' id='word_1_599' title='bbox 1191 4239 1491 4300; x_wconf 89' lang='lat' dir='ltr'><strong>sortiatur.</strong></span> <span class='ocrx_word' id='word_1_600' title='bbox 1520 4241 1866 4302; x_wconf 80' lang='lat' dir='ltr'><strong>Secundum</strong></span> <span class='ocrx_word' id='word_1_601' title='bbox 1888 4243 2008 4303; x_wconf 81' lang='lat' dir='ltr'><strong>vir-</strong></span> 
     </span>
    </p>
   </div>
   <div class='ocr_carea' id='block_1_77' title="bbox 363 4327 2008 4410">
    <p class='ocr_par' dir='ltr' id='par_1_77' title="bbox 363 4327 2008 4410">
     <span class='ocr_line' id='line_1_77' title="bbox 363 4327 2008 4410; baseline 0.001 -20"><span class='ocrx_word' id='word_1_602' title='bbox 363 4337 552 4391; x_wconf 73' lang='lat' dir='ltr'><strong>tutem</strong></span> <span class='ocrx_word' id='word_1_603' title='bbox 574 4337 770 4390; x_wconf 89' lang='lat' dir='ltr'><strong>autem</strong></span> <span class='ocrx_word' id='word_1_604' title='bbox 805 4327 978 4402; x_wconf 85' lang='lat' dir='ltr'><strong>dixit,</strong></span> <span class='ocrx_word' id='word_1_605' title='bbox 1000 4327 1277 4409; x_wconf 90' lang='lat' dir='ltr'><strong>quoniam</strong></span> <span class='ocrx_word' id='word_1_606' title='bbox 1306 4327 1425 4389; x_wconf 89' lang='lat' dir='ltr'><strong>alia</strong></span> <span class='ocrx_word' id='word_1_607' title='bbox 1448 4329 1688 4409; x_wconf 89' lang='lat' dir='ltr'><strong>quidem</strong></span> <span class='ocrx_word' id='word_1_608' title='bbox 1722 4329 2008 4410; x_wconf 89' lang='lat' dir='ltr'><strong>producta</strong></span> 
     </span>
    </p>
   </div>
   <div class='ocr_carea' id='block_1_78' title="bbox 361 4417 2008 4499">
    <p class='ocr_par' dir='ltr' id='par_1_78' title="bbox 361 4417 2008 4499">
     <span class='ocr_line' id='line_1_78' title="bbox 361 4417 2008 4499; baseline 0.002 -21"><span class='ocrx_word' id='word_1_609' title='bbox 361 4425 522 4494; x_wconf 87' lang='lat' dir='ltr'><strong>sunt,</strong></span> <span class='ocrx_word' id='word_1_610' title='bbox 555 4417 669 4480; x_wconf 88' lang='lat' dir='ltr'><strong>alia</strong></span> <span class='ocrx_word' id='word_1_611' title='bbox 693 4435 832 4478; x_wconf 91' lang='lat' dir='ltr'><strong>vero</strong></span> <span class='ocrx_word' id='word_1_612' title='bbox 857 4418 1439 4498; x_wconf 87' lang='lat' dir='ltr'><strong>producuntur.Cum</strong></span> <span class='ocrx_word' id='word_1_613' title='bbox 1473 4419 1676 4499; x_wconf 90' lang='lat' dir='ltr'><strong>itaque</strong></span> <span class='ocrx_word' id='word_1_614' title='bbox 1700 4422 1856 4483; x_wconf 93' lang='lat' dir='ltr'><strong>Deus</strong></span> <span class='ocrx_word' id='word_1_615' title='bbox 1879 4419 2008 4481; x_wconf 80' lang='lat' dir='ltr'><strong>uni—</strong></span> 
     </span>
    </p>
   </div>
   <div class='ocr_carea' id='block_1_79' title="bbox 363 4506 2009 4587">
    <p class='ocr_par' dir='ltr' id='par_1_79' title="bbox 363 4506 2009 4587">
     <span class='ocr_line' id='line_1_79' title="bbox 363 4506 2009 4587; baseline -0.001 -20"><span class='ocrx_word' id='word_1_616' title='bbox 363 4525 597 4570; x_wconf 91' lang='lat' dir='ltr'><strong>versum</strong></span> <span class='ocrx_word' id='word_1_617' title='bbox 629 4525 759 4570; x_wconf 92' lang='lat' dir='ltr'><strong>esse</strong></span> <span class='ocrx_word' id='word_1_618' title='bbox 794 4507 852 4570; x_wconf 92' lang='lat' dir='ltr'><strong>in</strong></span> <span class='ocrx_word' id='word_1_619' title='bbox 885 4525 950 4569; x_wconf 92' lang='lat' dir='ltr'><strong>se</strong></span> <span class='ocrx_word' id='word_1_620' title='bbox 981 4509 1109 4587; x_wconf 88' lang='lat' dir='ltr'><strong>ipso</strong></span> <span class='ocrx_word' id='word_1_621' title='bbox 1141 4506 1461 4571; x_wconf 85' lang='lat' dir='ltr'><strong>collectum</strong></span> <span class='ocrx_word' id='word_1_622' title='bbox 1495 4507 1735 4584; x_wconf 89' lang='lat' dir='ltr'><strong>habeat,</strong></span> <span class='ocrx_word' id='word_1_623' title='bbox 1768 4519 1884 4570; x_wconf 91' lang='lat' dir='ltr'><strong>tam</strong></span> <span class='ocrx_word' id='word_1_624' title='bbox 1914 4528 2009 4572; x_wconf 90' lang='lat' dir='ltr'><strong>eo.</strong></span> 
     </span>
    </p>
   </div>
   <div class='ocr_carea' id='block_1_80' title="bbox 357 4597 2004 4679">
    <p class='ocr_par' dir='ltr' id='par_1_80' title="bbox 357 4597 2004 4679">
     <span class='ocr_line' id='line_1_80' title="bbox 357 4597 2004 4679; baseline 0.001 -20"><span class='ocrx_word' id='word_1_625' title='bbox 357 4615 489 4659; x_wconf 90' lang='lat' dir='ltr'><strong>rum</strong></span> <span class='ocrx_word' id='word_1_626' title='bbox 515 4615 644 4678; x_wconf 63' lang='lat' dir='ltr'><strong>quae</strong></span> <span class='ocrx_word' id='word_1_627' title='bbox 663 4597 1128 4677; x_wconf 86' lang='lat' dir='ltr'><strong>existunt,quam</strong></span> <span class='ocrx_word' id='word_1_628' title='bbox 1163 4615 1294 4678; x_wconf 62' lang='lat' dir='ltr'><strong>qua;</strong></span> <span class='ocrx_word' id='word_1_629' title='bbox 1325 4597 1523 4659; x_wconf 86' lang='lat' dir='ltr'><strong>futura</strong></span> <span class='ocrx_word' id='word_1_630' title='bbox 1552 4606 1710 4666; x_wconf 83' lang='lat' dir='ltr'><strong>sunt,</strong></span> <span class='ocrx_word' id='word_1_631' title='bbox 1745 4599 1912 4679; x_wconf 87' lang='lat' dir='ltr'><strong>ponit</strong></span> <span class='ocrx_word' id='word_1_632' title='bbox 1932 4598 2004 4660; x_wconf 93' lang='lat' dir='ltr'><strong>il-</strong></span> 
     </span>
    </p>
   </div>
   <div class='ocr_carea' id='block_1_81' title="bbox 356 4687 2008 4769">
    <p class='ocr_par' dir='ltr' id='par_1_81' title="bbox 356 4687 2008 4769">
     <span class='ocr_line' id='line_1_81' title="bbox 356 4687 2008 4769; baseline 0.001 -21"><span class='ocrx_word' id='word_1_633' title='bbox 356 4687 458 4748; x_wconf 92' lang='lat' dir='ltr'><strong>lud</strong></span> <span class='ocrx_word' id='word_1_634' title='bbox 477 4688 806 4750; x_wconf 83' lang='lat' dir='ltr'><strong>secundum</strong></span> <span class='ocrx_word' id='word_1_635' title='bbox 833 4687 1127 4750; x_wconf 77' lang='lat' dir='ltr'><strong>virtutem</strong></span> <span class='ocrx_word' id='word_1_636' title='bbox 1160 4687 1681 4769; x_wconf 88' lang='lat' dir='ltr'><strong>oomprehendens</strong></span> <span class='ocrx_word' id='word_1_637' title='bbox 1701 4695 1876 4750; x_wconf 89' lang='lat' dir='ltr'><strong>etiam</strong></span> <span class='ocrx_word' id='word_1_638' title='bbox 1910 4706 2008 4750; x_wconf 86' lang='lat' dir='ltr'><strong>en-</strong></span> 
     </span>
    </p>
   </div>
   <div class='ocr_carea' id='block_1_82' title="bbox 2171 3789 3759 3880">
    <p class='ocr_par' dir='ltr' id='par_1_82' title="bbox 2171 3789 3759 3880">
     <span class='ocr_line' id='line_1_82' title="bbox 2171 3789 3759 3880; baseline -0.003 -21"><span class='ocrx_word' id='word_1_639' title='bbox 2171 3797 2200 3877; x_wconf 80' lang='lat'>§</span> <span class='ocrx_word' id='word_1_640' title='bbox 2231 3795 2332 3861; x_wconf 82' lang='lat' dir='ltr'><strong>IV.</strong></span> <span class='ocrx_word' id='word_1_641' title='bbox 2371 3789 2429 3856; x_wconf 62' lang='grc' dir='ltr'>Ὀ</span> <span class='ocrx_word' id='word_1_642' title='bbox 2465 3798 2561 3872; x_wconf 81' lang='grc' dir='ltr'>ὥν,</span> <span class='ocrx_word' id='word_1_643' title='bbox 2600 3802 2626 3855; x_wconf 81' lang='grc' dir='ltr'>ὁ</span> <span class='ocrx_word' id='word_1_644' title='bbox 2657 3799 2786 3865; x_wconf 83' lang='grc' dir='ltr'>Θεὸς</span> <span class='ocrx_word' id='word_1_645' title='bbox 2817 3800 2952 3856; x_wconf 79' lang='grc' dir='ltr'><strong>κατά</strong></span> <span class='ocrx_word' id='word_1_646' title='bbox 2994 3801 3084 3856; x_wconf 80' lang='grc' dir='ltr'>τὸν</span> <span class='ocrx_word' id='word_1_647' title='bbox 3129 3801 3258 3878; x_wconf 78' lang='grc' dir='ltr'>πρὸς</span> <span class='ocrx_word' id='word_1_648' title='bbox 3291 3799 3490 3868; x_wconf 79' lang='grc' dir='ltr'>Μωσῆν</span> <span class='ocrx_word' id='word_1_649' title='bbox 3521 3822 3759 3880; x_wconf 78' lang='grc' dir='ltr'>χρημα-</span> 
     </span>
    </p>
   </div>
   <div class='ocr_carea' id='block_1_83' title="bbox 2091 3888 3760 3968">
    <p class='ocr_par' dir='ltr' id='par_1_83' title="bbox 2091 3888 3760 3968">
     <span class='ocr_line' id='line_1_83' title="bbox 2091 3888 3760 3968; baseline 0.001 -25"><span class='ocrx_word' id='word_1_650' title='bbox 2091 3889 2307 3966; x_wconf 81' lang='grc' dir='ltr'>τισμὸν,</span> <span class='ocrx_word' id='word_1_651' title='bbox 2339 3888 2467 3966; x_wconf 79' lang='grc' dir='ltr'>ὑπὲρ</span> <span class='ocrx_word' id='word_1_652' title='bbox 2527 3901 2667 3945; x_wconf 77' lang='grc' dir='ltr'>εἶναι</span> <span class='ocrx_word' id='word_1_653' title='bbox 2733 3890 2814 3964; x_wconf 86' lang='grc' dir='ltr'>ὃν,</span> <span class='ocrx_word' id='word_1_654' title='bbox 2851 3889 3028 3968; x_wconf 71' lang='grc' dir='ltr'>(τοῦτο</span> <span class='ocrx_word' id='word_1_655' title='bbox 3087 3889 3186 3968; x_wconf 86' lang='grc' dir='ltr'><strong>γάρ</strong></span> <span class='ocrx_word' id='word_1_656' title='bbox 3245 3888 3354 3945; x_wconf 81' lang='grc' dir='ltr'>ἐστι</span> <span class='ocrx_word' id='word_1_657' title='bbox 3409 3891 3468 3945; x_wconf 81' lang='grc' dir='ltr'>τὸ</span> <span class='ocrx_word' id='word_1_658' title='bbox 3526 3890 3760 3964; x_wconf 72' lang='grc' dir='ltr'>ὑπερού-</span> 
     </span>
    </p>
   </div>
   <div class='ocr_carea' id='block_1_84' title="bbox 2093 3976 3758 4058">
    <p class='ocr_par' dir='ltr' id='par_1_84' title="bbox 2093 3976 3758 4058">
     <span class='ocr_line' id='line_1_84' title="bbox 2093 3976 3758 4058; baseline 0 -26"><span class='ocrx_word' id='word_1_659' title='bbox 2093 3977 2260 4056; x_wconf 63' lang='lat' dir='ltr'><strong>mos.)</strong></span> <span class='ocrx_word' id='word_1_660' title='bbox 2319 3977 2455 4034; x_wconf 80' lang='grc' dir='ltr'>αἰτία</span> <span class='ocrx_word' id='word_1_661' title='bbox 2501 3979 2788 4044; x_wconf 76' lang='grc' dir='ltr'>ὑποστάσις</span> <span class='ocrx_word' id='word_1_662' title='bbox 2849 3979 2980 4036; x_wconf 82' lang='grc' dir='ltr'>ἐστί’</span> <span class='ocrx_word' id='word_1_663' title='bbox 3027 3981 3088 4036; x_wconf 85' lang='grc' dir='ltr'>τὸ</span> <span class='ocrx_word' id='word_1_664' title='bbox 3150 3985 3280 4058; x_wconf 83' lang='grc' dir='ltr'>γοῦν</span> <span class='ocrx_word' id='word_1_665' title='bbox 3333 3980 3407 4041; x_wconf 84' lang='grc' dir='ltr'>εἷς</span> <span class='ocrx_word' id='word_1_666' title='bbox 3465 3976 3758 4035; x_wconf 67' lang='grc' dir='ltr'>ὑπόστασιν</span> 
     </span>
    </p>
   </div>
   <div class='ocr_carea' id='block_1_85' title="bbox 2092 4065 3753 4146">
    <p class='ocr_par' dir='ltr' id='par_1_85' title="bbox 2092 4065 3753 4146">
     <span class='ocr_line' id='line_1_85' title="bbox 2092 4065 3753 4146; baseline 0 -25"><span class='ocrx_word' id='word_1_667' title='bbox 2092 4069 2178 4122; x_wconf 79' lang='grc' dir='ltr'>καὶ</span> <span class='ocrx_word' id='word_1_668' title='bbox 2235 4065 2450 4146; x_wconf 76' lang='grc' dir='ltr'>ὕπαρξιν</span> <span class='ocrx_word' id='word_1_669' title='bbox 2502 4067 2823 4125; x_wconf 84' lang='grc' dir='ltr'>συντελοῦσα</span> <span class='ocrx_word' id='word_1_670' title='bbox 2876 4067 3004 4124; x_wconf 74' lang='grc' dir='ltr'>ὅλου</span> <span class='ocrx_word' id='word_1_671' title='bbox 3069 4072 3162 4125; x_wconf 72' lang='grc' dir='ltr'>τοῦ</span> <span class='ocrx_word' id='word_1_672' title='bbox 3220 4069 3363 4124; x_wconf 72' lang='grc' dir='ltr'>εἶναι</span> <span class='ocrx_word' id='word_1_673' title='bbox 3418 4065 3753 4137; x_wconf 40' lang='lat'><strong>0311:9367,»-</strong></span> 
     </span>
    </p>
   </div>
   <div class='ocr_carea' id='block_1_86' title="bbox 2092 4154 3754 4238">
    <p class='ocr_par' dir='ltr' id='par_1_86' title="bbox 2092 4154 3754 4238">
     <span class='ocr_line' id='line_1_86' title="bbox 2092 4154 3754 4238; baseline 0.001 -26"><span class='ocrx_word' id='word_1_674' title='bbox 2092 4154 2236 4213; x_wconf 69' lang='grc' dir='ltr'>οὐδὲν</span> <span class='ocrx_word' id='word_1_675' title='bbox 2265 4157 2364 4234; x_wconf 83' lang='grc' dir='ltr'><strong>γὰρ</strong></span> <span class='ocrx_word' id='word_1_676' title='bbox 2393 4164 2498 4214; x_wconf 82' lang='grc' dir='ltr'>τῶν</span> <span class='ocrx_word' id='word_1_677' title='bbox 2529 4158 2716 4238; x_wconf 71' lang='grc' dir='ltr'>ὄντων,</span> <span class='ocrx_word' id='word_1_678' title='bbox 2750 4159 2778 4214; x_wconf 82' lang='grc' dir='ltr'><strong>ὃ</strong></span> <span class='ocrx_word' id='word_1_679' title='bbox 2812 4158 2890 4234; x_wconf 77' lang='grc' dir='ltr'><strong>μὴ</strong></span> <span class='ocrx_word' id='word_1_680' title='bbox 2921 4158 3126 4215; x_wconf 78' lang='grc' dir='ltr'>ἐκεῖθεν</span> <span class='ocrx_word' id='word_1_681' title='bbox 3151 4157 3267 4238; x_wconf 80' lang='grc' dir='ltr'>ἔχει</span> <span class='ocrx_word' id='word_1_682' title='bbox 3299 4159 3359 4214; x_wconf 80' lang='grc' dir='ltr'>τὸ</span> <span class='ocrx_word' id='word_1_683' title='bbox 3390 4159 3562 4220; x_wconf 76' lang='grc' dir='ltr'>εἶναι,</span> <span class='ocrx_word' id='word_1_684' title='bbox 3604 4160 3754 4216; x_wconf 73' lang='grc' dir='ltr'><strong>Κατά</strong></span> 
     </span>
    </p>
   </div>
   <div class='ocr_carea' id='block_1_87' title="bbox 2091 4244 3754 4328">
    <p class='ocr_par' dir='ltr' id='par_1_87' title="bbox 2091 4244 3754 4328">
     <span class='ocr_line' id='line_1_87' title="bbox 2091 4244 3754 4328; baseline 0.001 -26"><span class='ocrx_word' id='word_1_685' title='bbox 2091 4244 2307 4319; x_wconf 82' lang='grc' dir='ltr'>δύναμιν</span> <span class='ocrx_word' id='word_1_686' title='bbox 2350 4245 2402 4303; x_wconf 81' lang='grc' dir='ltr'><strong>δὲ</strong></span> <span class='ocrx_word' id='word_1_687' title='bbox 2435 4248 2615 4323; x_wconf 79' lang='grc' dir='ltr'>εἶπεν,</span> <span class='ocrx_word' id='word_1_688' title='bbox 2649 4247 2730 4305; x_wconf 83' lang='grc' dir='ltr'><strong>ὅτι</strong></span> <span class='ocrx_word' id='word_1_689' title='bbox 2774 4249 2839 4304; x_wconf 79' lang='grc' dir='ltr'>τὰ</span> <span class='ocrx_word' id='word_1_690' title='bbox 2872 4248 2970 4323; x_wconf 77' lang='grc' dir='ltr'>μὲν</span> <span class='ocrx_word' id='word_1_691' title='bbox 3000 4248 3387 4328; x_wconf 76' lang='grc' dir='ltr'>παρήχθησαν,</span> <span class='ocrx_word' id='word_1_692' title='bbox 3421 4248 3486 4303; x_wconf 76' lang='grc' dir='ltr'>τὰ</span> <span class='ocrx_word' id='word_1_693' title='bbox 3518 4245 3574 4302; x_wconf 71' lang='grc' dir='ltr'><strong>δὲ</strong></span> <span class='ocrx_word' id='word_1_694' title='bbox 3609 4270 3754 4325; x_wconf 69' lang='grc' dir='ltr'>παρα</span> 
     </span>
    </p>
   </div>
   <div class='ocr_carea' id='block_1_88' title="bbox 2091 4335 3752 4416">
    <p class='ocr_par' dir='ltr' id='par_1_88' title="bbox 2091 4335 3752 4416">
     <span class='ocr_line' id='line_1_88' title="bbox 2091 4335 3752 4416; baseline 0.001 -24"><span class='ocrx_word' id='word_1_695' title='bbox 2091 4337 2331 4414; x_wconf 75' lang='grc' dir='ltr'>ἄγονται,</span> <span class='ocrx_word' id='word_1_696' title='bbox 2390 4335 2536 4394; x_wconf 81' lang='grc' dir='ltr'>Ἐπεὶ</span> <span class='ocrx_word' id='word_1_697' title='bbox 2567 4344 2690 4416; x_wconf 85' lang='grc' dir='ltr'>γοῦν</span> <span class='ocrx_word' id='word_1_698' title='bbox 2737 4340 2798 4394; x_wconf 79' lang='grc' dir='ltr'><strong>τὸ</strong></span> <span class='ocrx_word' id='word_1_699' title='bbox 2849 4345 3005 4394; x_wconf 78' lang='grc' dir='ltr'><strong>Θεῖον</strong></span> <span class='ocrx_word' id='word_1_700' title='bbox 3037 4337 3176 4393; x_wconf 80' lang='grc' dir='ltr'>ἅπαν</span> <span class='ocrx_word' id='word_1_701' title='bbox 3221 4338 3282 4393; x_wconf 76' lang='grc' dir='ltr'>τὸ</span> <span class='ocrx_word' id='word_1_702' title='bbox 3326 4337 3470 4393; x_wconf 74' lang='grc' dir='ltr'>εἶναι</span> <span class='ocrx_word' id='word_1_703' title='bbox 3526 4337 3583 4392; x_wconf 83' lang='grc' dir='ltr'>ὲν</span> <span class='ocrx_word' id='word_1_704' title='bbox 3621 4338 3752 4393; x_wconf 74' lang='grc' dir='ltr'>ἑαυ-</span> 
     </span>
    </p>
   </div>
   <div class='ocr_carea' id='block_1_89' title="bbox 2093 4425 3748 4507">
    <p class='ocr_par' dir='ltr' id='par_1_89' title="bbox 2093 4425 3748 4507">
     <span class='ocr_line' id='line_1_89' title="bbox 2093 4425 3748 4507; baseline -0.001 -25"><span class='ocrx_word' id='word_1_705' title='bbox 2093 4431 2166 4499; x_wconf 81' lang='grc' dir='ltr'><strong>τῷ</strong></span> <span class='ocrx_word' id='word_1_706' title='bbox 2215 4425 2475 4484; x_wconf 80' lang='grc' dir='ltr'>συλλαϐὸν</span> <span class='ocrx_word' id='word_1_707' title='bbox 2506 4427 2650 4507; x_wconf 77' lang='grc' dir='ltr'>ἴχει,</span> <span class='ocrx_word' id='word_1_708' title='bbox 2682 4429 2770 4484; x_wconf 86' lang='grc' dir='ltr'>καὶ</span> <span class='ocrx_word' id='word_1_709' title='bbox 2817 4434 2925 4484; x_wconf 81' lang='grc' dir='ltr'>τῶν</span> <span class='ocrx_word' id='word_1_710' title='bbox 2954 4426 3120 4484; x_wconf 75' lang='grc' dir='ltr'>ὄντων</span> <span class='ocrx_word' id='word_1_711' title='bbox 3151 4429 3239 4483; x_wconf 85' lang='grc' dir='ltr'>καὶ</span> <span class='ocrx_word' id='word_1_712' title='bbox 3287 4433 3393 4483; x_wconf 76' lang='grc' dir='ltr'>τῶν</span> <span class='ocrx_word' id='word_1_713' title='bbox 3449 4426 3748 4502; x_wconf 78' lang='grc' dir='ltr'>ἐσομένων,</span> 
     </span>
    </p>
   </div>
   <div class='ocr_carea' id='block_1_90' title="bbox 2089 4515 3756 4596">
    <p class='ocr_par' dir='ltr' id='par_1_90' title="bbox 2089 4515 3756 4596">
     <span class='ocr_line' id='line_1_90' title="bbox 2089 4515 3756 4596; baseline 0.001 -24"><span class='ocrx_word' id='word_1_714' title='bbox 2089 4517 2260 4583; x_wconf 83' lang='grc' dir='ltr'>τίθησι</span> <span class='ocrx_word' id='word_1_715' title='bbox 2320 4518 2381 4573; x_wconf 79' lang='grc' dir='ltr'>τὸ</span> <span class='ocrx_word' id='word_1_716' title='bbox 2436 4519 2572 4574; x_wconf 84' lang='grc' dir='ltr'><strong>κατά</strong></span> <span class='ocrx_word' id='word_1_717' title='bbox 2617 4515 2842 4594; x_wconf 82' lang='grc' dir='ltr'>δύναμιν</span> <span class='ocrx_word' id='word_1_718' title='bbox 2901 4515 3310 4596; x_wconf 74' lang='grc' dir='ltr'>περιλαμϐάνων</span> <span class='ocrx_word' id='word_1_719' title='bbox 3353 4516 3440 4573; x_wconf 79' lang='grc' dir='ltr'>καὶ</span> <span class='ocrx_word' id='word_1_720' title='bbox 3485 4517 3546 4572; x_wconf 78' lang='grc' dir='ltr'><strong>τὸ</strong></span> <span class='ocrx_word' id='word_1_721' title='bbox 3608 4519 3756 4573; x_wconf 78' lang='grc' dir='ltr'>εἶναι</span> 
     </span>
    </p>
   </div>
   <div class='ocr_carea' id='block_1_91' title="bbox 2090 4605 3757 4686">
    <p class='ocr_par' dir='ltr' id='par_1_91' title="bbox 2090 4605 3757 4686">
     <span class='ocr_line' id='line_1_91' title="bbox 2090 4605 3757 4686; baseline 0.002 -25"><span class='ocrx_word' id='word_1_722' title='bbox 2090 4609 2194 4661; x_wconf 79' lang='grc' dir='ltr'>τῶν</span> <span class='ocrx_word' id='word_1_723' title='bbox 2246 4605 2537 4683; x_wconf 72' lang='grc' dir='ltr'>ἐσομένων,</span> <span class='ocrx_word' id='word_1_724' title='bbox 2573 4607 2678 4686; x_wconf 34' lang='grc' dir='ltr'>*ὅτι</span> <span class='ocrx_word' id='word_1_725' title='bbox 2708 4606 2761 4663; x_wconf 84' lang='grc' dir='ltr'>ἐν</span> <span class='ocrx_word' id='word_1_726' title='bbox 2809 4613 2884 4679; x_wconf 83' lang='grc' dir='ltr'>τῷ</span> <span class='ocrx_word' id='word_1_727' title='bbox 2914 4606 3080 4670; x_wconf 69' lang='grc' dir='ltr'>ὅντως</span> <span class='ocrx_word' id='word_1_728' title='bbox 3121 4607 3231 4663; x_wconf 83' lang='grc' dir='ltr'>ὃντι</span> <span class='ocrx_word' id='word_1_729' title='bbox 3263 4608 3428 4686; x_wconf 61' lang='grc' dir='ltr'>ἔστὶν,</span> <span class='ocrx_word' id='word_1_730' title='bbox 3459 4606 3497 4673; x_wconf 76' lang='grc' dir='ltr'>ἢ</span> <span class='ocrx_word' id='word_1_731' title='bbox 3542 4605 3757 4680; x_wconf 77' lang='grc' dir='ltr'>μᾶλλον</span> 
     </span>
    </p>
   </div>
   <div class='ocr_carea' id='block_1_92' title="bbox 2091 4675 3756 4775">
    <p class='ocr_par' dir='ltr' id='par_1_92' title="bbox 2091 4675 3756 4775">
     <span class='ocr_line' id='line_1_92' title="bbox 2091 4675 3756 4775; baseline 0.001 -25"><span class='ocrx_word' id='word_1_732' title='bbox 2091 4696 2180 4751; x_wconf 83' lang='grc' dir='ltr'>καὶ</span> <span class='ocrx_word' id='word_1_733' title='bbox 2228 4695 2496 4774; x_wconf 75' lang='grc' dir='ltr'>πρόεστιν.</span> <span class='ocrx_word' id='word_1_734' title='bbox 2573 4675 2654 4754; x_wconf 57' lang='grc' dir='ltr'><strong>”Α</strong></span> <span class='ocrx_word' id='word_1_735' title='bbox 2733 4696 2831 4775; x_wconf 76' lang='grc' dir='ltr'><strong>γὰρ</strong></span> <span class='ocrx_word' id='word_1_736' title='bbox 2881 4697 2970 4753; x_wconf 83' lang='grc' dir='ltr'>καὶ</span> <span class='ocrx_word' id='word_1_737' title='bbox 3029 4697 3095 4752; x_wconf 87' lang='grc' dir='ltr'><strong>τά</strong></span> <span class='ocrx_word' id='word_1_738' title='bbox 3146 4695 3372 4772; x_wconf 75' lang='grc' dir='ltr'>ἐσόμενα</span> <span class='ocrx_word' id='word_1_739' title='bbox 3431 4696 3494 4750; x_wconf 79' lang='grc' dir='ltr'>τὸ</span> <span class='ocrx_word' id='word_1_740' title='bbox 3550 4694 3756 4770; x_wconf 76' lang='grc' dir='ltr'>μέλλον</span> 
     </span>
    </p>
   </div>
   <div class='ocr_carea' id='block_1_93' title="bbox 358 4777 2007 4865">
    <p class='ocr_par' dir='ltr' id='par_1_93' title="bbox 358 4777 2005 4858">
     <span class='ocr_line' id='line_1_93' title="bbox 358 4777 2005 4858; baseline 0.001 -20"><span class='ocrx_word' id='word_1_741' title='bbox 358 4777 586 4840; x_wconf 87' lang='lat' dir='ltr'><strong>titatem</strong></span> <span class='ocrx_word' id='word_1_742' title='bbox 621 4777 1198 4858; x_wconf 86' lang='lat' dir='ltr'><strong>futurorum,quiain</strong></span> <span class='ocrx_word' id='word_1_743' title='bbox 1216 4794 1286 4839; x_wconf 92' lang='lat' dir='ltr'><strong>eo</strong></span> <span class='ocrx_word' id='word_1_744' title='bbox 1303 4777 1406 4854; x_wconf 88' lang='lat' dir='ltr'><strong>qui</strong></span> <span class='ocrx_word' id='word_1_745' title='bbox 1440 4795 1578 4840; x_wconf 90' lang='lat' dir='ltr'><strong>vere</strong></span> <span class='ocrx_word' id='word_1_746' title='bbox 1609 4785 1698 4840; x_wconf 88' lang='lat' dir='ltr'><strong>est</strong></span> <span class='ocrx_word' id='word_1_747' title='bbox 1727 4783 2005 4856; x_wconf 82' lang='lat' dir='ltr'><strong>existunt,</strong></span> 
     </span>
    </p>
   </div>
   <div class='ocr_carea' id='block_1_94' title="bbox 2095 4777 3753 4865">
    <p class='ocr_par' dir='ltr' id='par_1_94' title="bbox 2095 4783 3753 4865">
     <span class='ocr_line' id='line_1_94' title="bbox 2095 4783 3753 4865; baseline 0.001 -25"><span class='ocrx_word' id='word_1_748' title='bbox 2095 4783 2319 4865; x_wconf 76' lang='grc' dir='ltr'>ἔχωσιν,</span> <span class='ocrx_word' id='word_1_749' title='bbox 2354 4784 2492 4845; x_wconf 86' lang='grc' dir='ltr'><strong>ἀλλά</strong></span> <span class='ocrx_word' id='word_1_750' title='bbox 2520 4786 2664 4865; x_wconf 85' lang='grc' dir='ltr'><strong>παρά</strong></span> <span class='ocrx_word' id='word_1_751' title='bbox 2692 4793 2769 4861; x_wconf 85' lang='grc' dir='ltr'>τῷ</span> <span class='ocrx_word' id='word_1_752' title='bbox 2799 4783 3114 4865; x_wconf 81' lang='grc' dir='ltr'>δημιουργῷ</span> <span class='ocrx_word' id='word_1_753' title='bbox 3141 4787 3580 4864; x_wconf 75' lang='grc' dir='ltr'>προϋφίστανται,</span> <span class='ocrx_word' id='word_1_754' title='bbox 3618 4789 3753 4841; x_wconf 70' lang='grc' dir='ltr'><strong>καθ·</strong></span> 
     </span>
    </p>
   </div>
   <div class='ocr_carea' id='block_1_95' title="bbox 356 4865 2008 4948">
    <p class='ocr_par' dir='ltr' id='par_1_95' title="bbox 356 4865 2008 4948">
     <span class='ocr_line' id='line_1_95' title="bbox 356 4865 2008 4948; baseline 0 -21"><span class='ocrx_word' id='word_1_755' title='bbox 356 4866 455 4930; x_wconf 86' lang='lat' dir='ltr'><strong>vel</strong></span> <span class='ocrx_word' id='word_1_756' title='bbox 482 4869 676 4946; x_wconf 84' lang='lat' dir='ltr'><strong>potius</strong></span> <span class='ocrx_word' id='word_1_757' title='bbox 700 4867 878 4930; x_wconf 89' lang='lat' dir='ltr'><strong>etiam</strong></span> <span class='ocrx_word' id='word_1_758' title='bbox 904 4865 1390 4948; x_wconf 85' lang='lat' dir='ltr'><strong>praeexistunt.Et</strong></span> <span class='ocrx_word' id='word_1_759' title='bbox 1420 4867 1473 4930; x_wconf 92' lang='lat' dir='ltr'><strong>si</strong></span> <span class='ocrx_word' id='word_1_760' title='bbox 1493 4873 1650 4930; x_wconf 88' lang='lat' dir='ltr'><strong>enim</strong></span> <span class='ocrx_word' id='word_1_761' title='bbox 1671 4885 1802 4948; x_wconf 68' lang='lat' dir='ltr'><strong>quae</strong></span> <span class='ocrx_word' id='word_1_762' title='bbox 1823 4867 2008 4931; x_wconf 82' lang='lat' dir='ltr'><strong>exsti-</strong></span> 
     </span>
    </p>
   </div>
   <div class='ocr_carea' id='block_1_96' title="bbox 358 4956 2006 5038">
    <p class='ocr_par' dir='ltr' id='par_1_96' title="bbox 358 4956 2006 5038">
     <span class='ocr_line' id='line_1_96' title="bbox 358 4956 2006 5038; baseline 0.001 -20"><span class='ocrx_word' id='word_1_763' title='bbox 358 4964 493 5018; x_wconf 89' lang='lat' dir='ltr'><strong>tora</strong></span> <span class='ocrx_word' id='word_1_764' title='bbox 521 4964 659 5018; x_wconf 91' lang='lat' dir='ltr'><strong>sunt</strong></span> <span class='ocrx_word' id='word_1_765' title='bbox 681 4956 948 5019; x_wconf 82' lang='lat' dir='ltr'><strong>futurum</strong></span> <span class='ocrx_word' id='word_1_766' title='bbox 972 4958 1463 5030; x_wconf 87' lang='lat' dir='ltr'><strong>habeant,tamen</strong></span> <span class='ocrx_word' id='word_1_767' title='bbox 1491 4957 1646 5038; x_wconf 89' lang='lat' dir='ltr'><strong>apud</strong></span> <span class='ocrx_word' id='word_1_768' title='bbox 1679 4965 2006 5020; x_wconf 87' lang='lat' dir='ltr'><strong>creatorem</strong></span> 
     </span>
    </p>
   </div>
   <div class='ocr_carea' id='block_1_97' title="bbox 356 5043 2005 5128">
    <p class='ocr_par' dir='ltr' id='par_1_97' title="bbox 356 5043 2005 5128">
     <span class='ocr_line' id='line_1_97' title="bbox 356 5043 2005 5128; baseline 0.001 -20"><span class='ocrx_word' id='word_1_769' title='bbox 356 5046 1111 5127; x_wconf 64' lang='lat' dir='ltr'><strong>prmexistunt,secundum</strong></span> <span class='ocrx_word' id='word_1_770' title='bbox 1143 5046 1202 5109; x_wconf 89' lang='lat' dir='ltr'><strong>id</strong></span> <span class='ocrx_word' id='word_1_771' title='bbox 1235 5046 1392 5128; x_wconf 88' lang='lat' dir='ltr'><strong>quod</strong></span> <span class='ocrx_word' id='word_1_772' title='bbox 1422 5066 1456 5109; x_wconf 89' lang='lat' dir='ltr'><strong>a</strong></span> <span class='ocrx_word' id='word_1_773' title='bbox 1484 5043 1751 5110; x_wconf 73' lang='lat' dir='ltr'><strong>Ieremia</strong></span> <span class='ocrx_word' id='word_1_774' title='bbox 1780 5047 2005 5110; x_wconf 90' lang='lat' dir='ltr'><strong>dictum</strong></span> 
     </span>
    </p>
   </div>
   <div class='ocr_carea' id='block_1_98' title="bbox 357 5136 2004 5214">
    <p class='ocr_par' dir='ltr' id='par_1_98' title="bbox 357 5136 2004 5214">
     <span class='ocr_line' id='line_1_98' title="bbox 357 5136 2004 5214; baseline 0.001 -15"><span class='ocrx_word' id='word_1_775' title='bbox 357 5145 472 5214; x_wconf 88' lang='lat' dir='ltr'><strong>est;</strong></span> <span class='ocrx_word' id='word_1_776' title='bbox 499 5137 580 5198; x_wconf 89' lang='lat' dir='ltr'><strong>ita</strong></span> <span class='ocrx_word' id='word_1_777' title='bbox 602 5143 664 5198; x_wconf 93' lang='lat' dir='ltr'><strong>ut</strong></span> <span class='ocrx_word' id='word_1_778' title='bbox 692 5136 838 5199; x_wconf 90' lang='lat' dir='ltr'><strong>illud</strong></span> <span class='ocrx_word' id='word_1_779' title='bbox 861 5137 1191 5200; x_wconf 82' lang='lat' dir='ltr'><strong>secundum</strong></span> <span class='ocrx_word' id='word_1_780' title='bbox 1213 5140 1500 5200; x_wconf 75' lang='lat' dir='ltr'><strong>virtutem</strong></span> <span class='ocrx_word' id='word_1_781' title='bbox 1523 5155 1642 5200; x_wconf 92' lang='lat' dir='ltr'><strong>non</strong></span> <span class='ocrx_word' id='word_1_782' title='bbox 1679 5137 1750 5200; x_wconf 87' lang='lat' dir='ltr'><strong>ad</strong></span> <span class='ocrx_word' id='word_1_783' title='bbox 1769 5146 2004 5202; x_wconf 87' lang='lat' dir='ltr'><strong>creato-</strong></span> 
     </span>
    </p>
   </div>
   <div class='ocr_carea' id='block_1_99' title="bbox 355 5226 2008 5302">
    <p class='ocr_par' dir='ltr' id='par_1_99' title="bbox 355 5226 2008 5302">
     <span class='ocr_line' id='line_1_99' title="bbox 355 5226 2008 5302; baseline 0 -13"><span class='ocrx_word' id='word_1_784' title='bbox 355 5243 483 5289; x_wconf 88' lang='lat' dir='ltr'><strong>rem</strong></span> <span class='ocrx_word' id='word_1_785' title='bbox 531 5226 916 5289; x_wconf 81' lang='lat' dir='ltr'><strong>referendum</strong></span> <span class='ocrx_word' id='word_1_786' title='bbox 947 5232 1042 5302; x_wconf 91' lang='lat' dir='ltr'><strong>sit,</strong></span> <span class='ocrx_word' id='word_1_787' title='bbox 1093 5226 1198 5288; x_wconf 84' lang='lat' dir='ltr'><strong>sed</strong></span> <span class='ocrx_word' id='word_1_788' title='bbox 1240 5227 1311 5288; x_wconf 87' lang='lat' dir='ltr'><strong>ad</strong></span> <span class='ocrx_word' id='word_1_789' title='bbox 1358 5235 1688 5292; x_wconf 88' lang='lat' dir='ltr'><strong>creaturas.</strong></span> <span class='ocrx_word' id='word_1_790' title='bbox 1730 5227 1896 5301; x_wconf 88' lang='lat' dir='ltr'><strong>Quod</strong></span> <span class='ocrx_word' id='word_1_791' title='bbox 1957 5227 2008 5289; x_wconf 83' lang='lat' dir='ltr'><strong>si</strong></span> 
     </span>
    </p>
   </div>
   <div class='ocr_carea' id='block_1_100' title="bbox 355 5315 1996 5400">
    <p class='ocr_par' dir='ltr' id='par_1_100' title="bbox 355 5315 1996 5400">
     <span class='ocr_line' id='line_1_100' title="bbox 355 5315 1996 5400; baseline 0.002 -24"><span class='ocrx_word' id='word_1_792' title='bbox 355 5315 534 5378; x_wconf 88' lang='lat' dir='ltr'><strong>aliam</strong></span> <span class='ocrx_word' id='word_1_793' title='bbox 568 5315 1070 5395; x_wconf 84' lang='lat' dir='ltr'><strong>signiﬁcationem</strong></span> <span class='ocrx_word' id='word_1_794' title='bbox 1119 5315 1353 5379; x_wconf 90' lang='lat' dir='ltr'><strong>virtutis</strong></span> <span class='ocrx_word' id='word_1_795' title='bbox 1400 5317 1682 5400; x_wconf 88' lang='lat' dir='ltr'><strong>accipias,</strong></span> <span class='ocrx_word' id='word_1_796' title='bbox 1714 5317 1996 5399; x_wconf 89' lang='lat' dir='ltr'><strong>quemad-</strong></span> 
     </span>
    </p>
   </div>
   <div class='ocr_carea' id='block_1_101' title="bbox 359 5403 2010 5489">
    <p class='ocr_par' dir='ltr' id='par_1_101' title="bbox 359 5403 2010 5489">
     <span class='ocr_line' id='line_1_101' title="bbox 359 5403 2010 5489; baseline 0.003 -23"><span class='ocrx_word' id='word_1_797' title='bbox 359 5408 604 5469; x_wconf 89' lang='lat' dir='ltr'><strong>modum</strong></span> <span class='ocrx_word' id='word_1_798' title='bbox 633 5406 803 5488; x_wconf 91' lang='lat' dir='ltr'><strong>dicis,</strong></span> <span class='ocrx_word' id='word_1_799' title='bbox 828 5406 1028 5487; x_wconf 86' lang='lat' dir='ltr'><strong>ignem</strong></span> <span class='ocrx_word' id='word_1_800' title='bbox 1061 5403 1284 5469; x_wconf 84' lang='lat' dir='ltr'><strong>habere</strong></span> <span class='ocrx_word' id='word_1_801' title='bbox 1313 5407 1429 5469; x_wconf 90' lang='lat' dir='ltr'><strong>vim</strong></span> <span class='ocrx_word' id='word_1_802' title='bbox 1454 5407 1866 5489; x_wconf 84' lang='lat' dir='ltr'><strong>calefaciendi,</strong></span> <span class='ocrx_word' id='word_1_803' title='bbox 1898 5409 2010 5471; x_wconf 88' lang='lat' dir='ltr'><strong>hoc</strong></span> 
     </span>
    </p>
   </div>
   <div class='ocr_carea' id='block_1_102' title="bbox 355 5495 2007 5580">
    <p class='ocr_par' dir='ltr' id='par_1_102' title="bbox 355 5495 2007 5580">
     <span class='ocr_line' id='line_1_102' title="bbox 355 5495 2007 5580; baseline 0.001 -23"><span class='ocrx_word' id='word_1_804' title='bbox 355 5513 541 5559; x_wconf 90' lang='lat' dir='ltr'><strong>sensu</strong></span> <span class='ocrx_word' id='word_1_805' title='bbox 573 5495 648 5558; x_wconf 88' lang='lat' dir='ltr'><strong>de</strong></span> <span class='ocrx_word' id='word_1_806' title='bbox 680 5505 947 5560; x_wconf 85' lang='lat' dir='ltr'><strong>creatore</strong></span> <span class='ocrx_word' id='word_1_807' title='bbox 977 5496 1230 5577; x_wconf 82' lang='lat' dir='ltr'><strong>intelligi</strong></span> <span class='ocrx_word' id='word_1_808' title='bbox 1262 5497 1576 5560; x_wconf 90' lang='lat' dir='ltr'><strong>commode</strong></span> <span class='ocrx_word' id='word_1_809' title='bbox 1635 5516 1754 5560; x_wconf 90' lang='lat' dir='ltr'><strong>non</strong></span> <span class='ocrx_word' id='word_1_810' title='bbox 1788 5506 2007 5580; x_wconf 89' lang='lat' dir='ltr'><strong>potest.</strong></span> 
     </span>
    </p>
   </div>
   <div class='ocr_carea' id='block_1_103' title="bbox 2091 4865 3752 4955">
    <p class='ocr_par' dir='ltr' id='par_1_103' title="bbox 2091 4865 3752 4955">
     <span class='ocr_line' id='line_1_103' title="bbox 2091 4865 3752 4955; baseline 0 -25"><span class='ocrx_word' id='word_1_811' title='bbox 2091 4875 2165 4936; x_wconf 83' lang='grc' dir='ltr'><strong>ὡς</strong></span> <span class='ocrx_word' id='word_1_812' title='bbox 2217 4873 2336 4954; x_wconf 80' lang='grc' dir='ltr'>ἔχει</span> <span class='ocrx_word' id='word_1_813' title='bbox 2386 4876 2474 4932; x_wconf 83' lang='grc' dir='ltr'>καὶ</span> <span class='ocrx_word' id='word_1_814' title='bbox 2525 4877 2588 4932; x_wconf 81' lang='grc' dir='ltr'>τὸ</span> <span class='ocrx_word' id='word_1_815' title='bbox 2642 4875 2755 4953; x_wconf 82' lang='grc' dir='ltr'>περὶ</span> <span class='ocrx_word' id='word_1_816' title='bbox 2810 4875 2901 4932; x_wconf 75' lang='grc' dir='ltr'><strong>τοῦ</strong></span> <span class='ocrx_word' id='word_1_817' title='bbox 2945 4865 3196 4955; x_wconf 75' lang='grc' dir='ltr'>Ἰερεμίου</span> <span class='ocrx_word' id='word_1_818' title='bbox 3238 4873 3556 4952; x_wconf 83' lang='grc' dir='ltr'>λεγόμενον·</span> <span class='ocrx_word' id='word_1_819' title='bbox 3611 4875 3752 4930; x_wconf 78' lang='grc' dir='ltr'>ὥστε</span> 
     </span>
    </p>
   </div>
   <div class='ocr_carea' id='block_1_104' title="bbox 2089 4961 3752 5042">
    <p class='ocr_par' dir='ltr' id='par_1_104' title="bbox 2089 4961 3752 5042">
     <span class='ocr_line' id='line_1_104' title="bbox 2089 4961 3752 5042; baseline -0.001 -22"><span class='ocrx_word' id='word_1_820' title='bbox 2089 4964 2151 5020; x_wconf 78' lang='grc' dir='ltr'><strong>τὸ</strong></span> <span class='ocrx_word' id='word_1_821' title='bbox 2211 4964 2346 5022; x_wconf 80' lang='grc' dir='ltr'>κατὰ</span> <span class='ocrx_word' id='word_1_822' title='bbox 2374 4961 2619 5042; x_wconf 82' lang='grc' dir='ltr'>δύναμιν,</span> <span class='ocrx_word' id='word_1_823' title='bbox 2654 4966 2715 5022; x_wconf 77' lang='grc' dir='ltr'><strong>οὒ</strong></span> <span class='ocrx_word' id='word_1_824' title='bbox 2765 4965 2898 5042; x_wconf 80' lang='grc' dir='ltr'>πρὸς</span> <span class='ocrx_word' id='word_1_825' title='bbox 2955 4965 3048 5021; x_wconf 78' lang='grc' dir='ltr'>τὸν</span> <span class='ocrx_word' id='word_1_826' title='bbox 3103 4961 3424 5042; x_wconf 82' lang='grc' dir='ltr'>δημιουργὸν</span> <span class='ocrx_word' id='word_1_827' title='bbox 3491 4963 3752 5042; x_wconf 64' lang='grc' dir='ltr'>χρήσεις,</span> 
     </span>
    </p>
   </div>
   <div class='ocr_carea' id='block_1_105' title="bbox 2090 5050 3753 5134">
    <p class='ocr_par' dir='ltr' id='par_1_105' title="bbox 2090 5050 3753 5134">
     <span class='ocr_line' id='line_1_105' title="bbox 2090 5050 3753 5134; baseline -0.001 -27"><span class='ocrx_word' id='word_1_828' title='bbox 2090 5050 2226 5108; x_wconf 86' lang='grc' dir='ltr'>ἀλλὰ</span> <span class='ocrx_word' id='word_1_829' title='bbox 2269 5052 2400 5131; x_wconf 78' lang='grc' dir='ltr'>πρὸς</span> <span class='ocrx_word' id='word_1_830' title='bbox 2450 5053 2518 5110; x_wconf 79' lang='grc' dir='ltr'><strong>τὰ</strong></span> <span class='ocrx_word' id='word_1_831' title='bbox 2547 5052 3036 5134; x_wconf 73' lang='grc' dir='ltr'>δημιουργούμενα.</span> <span class='ocrx_word' id='word_1_832' title='bbox 3070 5053 3128 5110; x_wconf 79' lang='lat' dir='ltr'><strong>Ei</strong></span> <span class='ocrx_word' id='word_1_833' title='bbox 3155 5050 3210 5108; x_wconf 82' lang='grc' dir='ltr'><strong>δέ</strong></span> <span class='ocrx_word' id='word_1_834' title='bbox 3238 5073 3299 5131; x_wconf 73' lang='grc' dir='ltr'><strong>γε</strong></span> <span class='ocrx_word' id='word_1_835' title='bbox 3333 5053 3395 5108; x_wconf 80' lang='grc' dir='ltr'><strong>τὸ</strong></span> <span class='ocrx_word' id='word_1_836' title='bbox 3425 5050 3610 5130; x_wconf 76' lang='grc' dir='ltr'>ἕτερον</span> <span class='ocrx_word' id='word_1_837' title='bbox 3643 5072 3753 5119; x_wconf 79' lang='grc' dir='ltr'>ση-</span> 
     </span>
    </p>
   </div>
   <div class='ocr_carea' id='block_1_106' title="bbox 2089 5139 3750 5223">
    <p class='ocr_par' dir='ltr' id='par_1_106' title="bbox 2089 5139 3750 5223">
     <span class='ocr_line' id='line_1_106' title="bbox 2089 5139 3750 5223; baseline -0.002 -24"><span class='ocrx_word' id='word_1_838' title='bbox 2089 5139 2412 5219; x_wconf 77' lang='grc' dir='ltr'>μαινόμενόν</span> <span class='ocrx_word' id='word_1_839' title='bbox 2471 5146 2570 5210; x_wconf 76' lang='grc' dir='ltr'>τῆς</span> <span class='ocrx_word' id='word_1_840' title='bbox 2626 5141 2884 5218; x_wconf 79' lang='grc' dir='ltr'>δυνάμεος</span> <span class='ocrx_word' id='word_1_841' title='bbox 2943 5139 3255 5223; x_wconf 76' lang='grc' dir='ltr'>λαμϐανεις,</span> <span class='ocrx_word' id='word_1_842' title='bbox 3305 5141 3485 5219; x_wconf 78' lang='grc' dir='ltr'>ὥσπιρ</span> <span class='ocrx_word' id='word_1_843' title='bbox 3544 5139 3750 5219; x_wconf 68' lang='grc' dir='ltr'>λέγεις,</span> 
     </span>
    </p>
   </div>
   <div class='ocr_carea' id='block_1_107' title="bbox 2090 5228 3755 5312">
    <p class='ocr_par' dir='ltr' id='par_1_107' title="bbox 2090 5228 3755 5312">
     <span class='ocr_line' id='line_1_107' title="bbox 2090 5228 3755 5312; baseline -0.001 -24"><span class='ocrx_word' id='word_1_844' title='bbox 2090 5230 2302 5289; x_wconf 83' lang='grc' dir='ltr'>δυναται</span> <span class='ocrx_word' id='word_1_845' title='bbox 2332 5233 2394 5288; x_wconf 82' lang='grc' dir='ltr'>τὸ</span> <span class='ocrx_word' id='word_1_846' title='bbox 2442 5240 2543 5312; x_wconf 84' lang='grc' dir='ltr'>πῦρ</span> <span class='ocrx_word' id='word_1_847' title='bbox 2593 5232 2914 5312; x_wconf 78' lang='grc' dir='ltr'>θερμαίνειν,</span> <span class='ocrx_word' id='word_1_848' title='bbox 2947 5233 3102 5289; x_wconf 80' lang='grc' dir='ltr'>τοῦτο</span> <span class='ocrx_word' id='word_1_849' title='bbox 3160 5231 3245 5289; x_wconf 75' lang='grc' dir='ltr'>ἐπὶ</span> <span class='ocrx_word' id='word_1_850' title='bbox 3279 5240 3371 5291; x_wconf 71' lang='grc' dir='ltr'><strong>τοῦ</strong></span> <span class='ocrx_word' id='word_1_851' title='bbox 3421 5228 3755 5309; x_wconf 74' lang='grc' dir='ltr'>δημιουργοῦ</span> 
     </span>
    </p>
   </div>
   <div class='ocr_carea' id='block_1_108' title="bbox 2091 5319 3752 5402">
    <p class='ocr_par' dir='ltr' id='par_1_108' title="bbox 2091 5319 3752 5402">
     <span class='ocr_line' id='line_1_108' title="bbox 2091 5319 3752 5402; baseline -0.002 -23"><span class='ocrx_word' id='word_1_852' title='bbox 2091 5324 2280 5390; x_wconf 82' lang='grc' dir='ltr'>νοῆσαι</span> <span class='ocrx_word' id='word_1_853' title='bbox 2309 5321 2404 5379; x_wconf 77' lang='grc' dir='ltr'><strong>οὐκ</strong></span> <span class='ocrx_word' id='word_1_854' title='bbox 2433 5321 2745 5402; x_wconf 69' lang='grc' dir='ltr'>ἐπισφαλές.</span> <span class='ocrx_word' id='word_1_855' title='bbox 2779 5319 2952 5379; x_wconf 74' lang='grc' dir='ltr'>’Ἔστι</span> <span class='ocrx_word' id='word_1_856' title='bbox 2996 5328 3120 5399; x_wconf 77' lang='grc' dir='ltr'>γοῦν</span> <span class='ocrx_word' id='word_1_857' title='bbox 3150 5319 3470 5401; x_wconf 73' lang='grc' dir='ltr'>δημιουργὸς</span> <span class='ocrx_word' id='word_1_858' title='bbox 3513 5326 3612 5377; x_wconf 79' lang='grc' dir='ltr'>τοῦ</span> <span class='ocrx_word' id='word_1_859' title='bbox 3658 5321 3752 5378; x_wconf 77' lang='grc' dir='ltr'><strong>δν-</strong></span> 
     </span>
    </p>
   </div>
   <div class='ocr_carea' id='block_1_109' title="bbox 2091 5411 3748 5492">
    <p class='ocr_par' dir='ltr' id='par_1_109' title="bbox 2091 5411 3748 5492">
     <span class='ocr_line' id='line_1_109' title="bbox 2091 5411 3748 5492; baseline -0.001 -22"><span class='ocrx_word' id='word_1_860' title='bbox 2091 5435 2209 5488; x_wconf 84' lang='grc' dir='ltr'>τος,</span> <span class='ocrx_word' id='word_1_861' title='bbox 2239 5414 2328 5470; x_wconf 82' lang='grc' dir='ltr'><strong>καὶ</strong></span> <span class='ocrx_word' id='word_1_862' title='bbox 2359 5414 2408 5470; x_wconf 85' lang='grc' dir='ltr'><strong>τί</strong></span> <span class='ocrx_word' id='word_1_863' title='bbox 2439 5411 2581 5492; x_wconf 70' lang='grc' dir='ltr'>λέγω</span> <span class='ocrx_word' id='word_1_864' title='bbox 2607 5412 2762 5477; x_wconf 69' lang='grc' dir='ltr'>ὄντος</span> <span class='ocrx_word' id='word_1_865' title='bbox 2807 5412 3122 5491; x_wconf 83' lang='grc' dir='ltr'>πράγματος</span> <span class='ocrx_word' id='word_1_866' title='bbox 3155 5428 3176 5485; x_wconf 88' lang='grc'><strong><em>;</em></strong></span> <span class='ocrx_word' id='word_1_867' title='bbox 3209 5413 3372 5479; x_wconf 73' lang='grc' dir='ltr'>αὐτῆς</span> <span class='ocrx_word' id='word_1_868' title='bbox 3429 5414 3531 5477; x_wconf 71' lang='grc' dir='ltr'><strong>τῆς</strong></span> <span class='ocrx_word' id='word_1_869' title='bbox 3575 5412 3748 5490; x_wconf 73' lang='grc' dir='ltr'>ὑπάρ-</span> 
     </span>
    </p>
   </div>
   <div class='ocr_carea' id='block_1_110' title="bbox 2096 5500 3754 5582">
    <p class='ocr_par' dir='ltr' id='par_1_110' title="bbox 2096 5500 3754 5582">
     <span class='ocr_line' id='line_1_110' title="bbox 2096 5500 3754 5582; baseline -0.001 -24"><span class='ocrx_word' id='word_1_870' title='bbox 2096 5502 2225 5570; x_wconf 77' lang='grc' dir='ltr'>ξεως</span> <span class='ocrx_word' id='word_1_871' title='bbox 2283 5502 2374 5559; x_wconf 80' lang='grc' dir='ltr'><strong>τυῦ</strong></span> <span class='ocrx_word' id='word_1_872' title='bbox 2403 5500 2581 5582; x_wconf 68' lang='grc' dir='ltr'>ὄντος,</span> <span class='ocrx_word' id='word_1_873' title='bbox 2615 5501 2710 5572; x_wconf 74' lang='grc' dir='ltr'>τῆς</span> <span class='ocrx_word' id='word_1_874' title='bbox 2740 5501 3104 5573; x_wconf 77' lang='grc' dir='ltr'>ὑποστάσεως,</span> <span class='ocrx_word' id='word_1_875' title='bbox 3137 5507 3233 5578; x_wconf 80' lang='grc' dir='ltr'><strong>τῇς</strong></span> <span class='ocrx_word' id='word_1_876' title='bbox 3273 5501 3478 5579; x_wconf 74' lang='grc' dir='ltr'>οὗσίας,</span> <span class='ocrx_word' id='word_1_877' title='bbox 3528 5500 3631 5568; x_wconf 75' lang='grc' dir='ltr'><strong>τῆς</strong></span> <span class='ocrx_word' id='word_1_878' title='bbox 3662 5501 3754 5579; x_wconf 70' lang='grc' dir='ltr'><strong>φύ-</strong></span> 
     </span>
    </p>
   </div>
   <div class='ocr_carea' id='block_1_111' title="bbox 355 5585 2007 5673">
    <p class='ocr_par' dir='ltr' id='par_1_111' title="bbox 355 5585 2005 5670">
     <span class='ocr_line' id='line_1_111' title="bbox 355 5585 2005 5670; baseline 0.002 -22"><span class='ocrx_word' id='word_1_879' title='bbox 355 5585 460 5648; x_wconf 87' lang='lat' dir='ltr'><strong>Est</strong></span> <span class='ocrx_word' id='word_1_880' title='bbox 487 5587 666 5668; x_wconf 85' lang='lat' dir='ltr'><strong>igitur</strong></span> <span class='ocrx_word' id='word_1_881' title='bbox 695 5594 930 5650; x_wconf 84' lang='lat' dir='ltr'><strong>creator</strong></span> <span class='ocrx_word' id='word_1_882' title='bbox 959 5586 1223 5670; x_wconf 88' lang='lat' dir='ltr'><strong>unitatis,</strong></span> <span class='ocrx_word' id='word_1_883' title='bbox 1256 5597 1316 5650; x_wconf 93' lang='lat' dir='ltr'><strong>et</strong></span> <span class='ocrx_word' id='word_1_884' title='bbox 1345 5587 1491 5669; x_wconf 87' lang='lat' dir='ltr'><strong>quid</strong></span> <span class='ocrx_word' id='word_1_885' title='bbox 1545 5587 1680 5651; x_wconf 90' lang='lat' dir='ltr'><strong>dico</strong></span> <span class='ocrx_word' id='word_1_886' title='bbox 1737 5588 2005 5652; x_wconf 86' lang='lat' dir='ltr'><strong>entitatis</strong></span> 
     </span>
    </p>
   </div>
   <div class='ocr_carea' id='block_1_112' title="bbox 2095 5585 3757 5673">
    <p class='ocr_par' dir='ltr' id='par_1_112' title="bbox 2095 5588 3757 5673">
     <span class='ocr_line' id='line_1_112' title="bbox 2095 5588 3757 5673; baseline -0.002 -21"><span class='ocrx_word' id='word_1_887' title='bbox 2095 5613 2248 5668; x_wconf 80' lang='grc' dir='ltr'>σεως,</span> <span class='ocrx_word' id='word_1_888' title='bbox 2280 5592 2429 5673; x_wconf 77' lang='grc' dir='ltr'>ἀρχὴ</span> <span class='ocrx_word' id='word_1_889' title='bbox 2461 5598 2570 5650; x_wconf 83' lang='grc' dir='ltr'><strong>τῶν</strong></span> <span class='ocrx_word' id='word_1_890' title='bbox 2602 5592 2834 5668; x_wconf 79' lang='grc' dir='ltr'>αἰώνων,</span> <span class='ocrx_word' id='word_1_891' title='bbox 2868 5592 2942 5656; x_wconf 85' lang='grc' dir='ltr'>ὡς</span> <span class='ocrx_word' id='word_1_892' title='bbox 2999 5588 3321 5670; x_wconf 76' lang='grc' dir='ltr'>δημιουργὸς</span> <span class='ocrx_word' id='word_1_893' title='bbox 3353 5591 3554 5648; x_wconf 67' lang='grc' dir='ltr'>αὐτῶνθ</span> <span class='ocrx_word' id='word_1_894' title='bbox 3590 5588 3661 5648; x_wconf 79' lang='grc' dir='ltr'>δι’</span> <span class='ocrx_word' id='word_1_895' title='bbox 3695 5593 3757 5649; x_wconf 75' lang='grc' dir='ltr'>οὗ</span> 
     </span>
    </p>
   </div>
   <div class='ocr_carea' id='block_1_113' title="bbox 355 5674 2007 5768">
    <p class='ocr_par' dir='ltr' id='par_1_113' title="bbox 355 5674 2003 5757">
     <span class='ocr_line' id='line_1_113' title="bbox 355 5674 2003 5757; baseline 0.002 -19"><span class='ocrx_word' id='word_1_896' title='bbox 355 5674 478 5738; x_wconf 87' lang='lat' dir='ltr'><strong>rei?</strong></span> <span class='ocrx_word' id='word_1_897' title='bbox 507 5674 775 5757; x_wconf 90' lang='lat' dir='ltr'><strong>quinimo</strong></span> <span class='ocrx_word' id='word_1_898' title='bbox 803 5675 1116 5757; x_wconf 90' lang='lat' dir='ltr'><strong>ipsiusmet</strong></span> <span class='ocrx_word' id='word_1_899' title='bbox 1155 5676 1484 5740; x_wconf 69' lang='lat' dir='ltr'><strong>existentiae</strong></span> <span class='ocrx_word' id='word_1_900' title='bbox 1525 5677 1808 5757; x_wconf 86' lang='lat' dir='ltr'><strong>entitatis,</strong></span> <span class='ocrx_word' id='word_1_901' title='bbox 1858 5677 2003 5742; x_wconf 86' lang='lat' dir='ltr'><strong>sub-</strong></span> 
     </span>
    </p>
   </div>
   <div class='ocr_carea' id='block_1_114' title="bbox 2095 5674 3749 5768">
    <p class='ocr_par' dir='ltr' id='par_1_114' title="bbox 2095 5679 3749 5768">
     <span class='ocr_line' id='line_1_114' title="bbox 2095 5679 3749 5768; baseline -0.001 -30"><span class='ocrx_word' id='word_1_902' title='bbox 2095 5683 2189 5764; x_wconf 78' lang='grc' dir='ltr'><strong>γάρ</strong></span> <span class='ocrx_word' id='word_1_903' title='bbox 2237 5685 2323 5741; x_wconf 83' lang='grc' dir='ltr'>καὶ</span> <span class='ocrx_word' id='word_1_904' title='bbox 2381 5682 2504 5749; x_wconf 84' lang='grc' dir='ltr'>τοὺς</span> <span class='ocrx_word' id='word_1_905' title='bbox 2554 5682 2745 5748; x_wconf 78' lang='grc' dir='ltr'>αἰῶνας</span> <span class='ocrx_word' id='word_1_906' title='bbox 2805 5681 3049 5766; x_wconf 71' lang='grc' dir='ltr'>ἐποίησε,</span> <span class='ocrx_word' id='word_1_907' title='bbox 3099 5681 3257 5768; x_wconf 65' lang='grc' dir='ltr'>φησὶν</span> <span class='ocrx_word' id='word_1_908' title='bbox 3301 5682 3328 5738; x_wconf 85' lang='grc' dir='ltr'>ὁ</span> <span class='ocrx_word' id='word_1_909' title='bbox 3380 5679 3749 5749; x_wconf 68' lang='grc' dir='ltr'>Ἀπόστολος,</span> 
     </span>
    </p>
   </div>
  </div>
