4052 6196
151 316 273 390 841
649 322 747 391 DE
787 322 1086 390 DIVINIS
1126 292 1578 396 NOMINIBUS,
1625 316 1786 386 CAP.
1836 324 1911 387 v.
1969 355 2043 368 -
2090 320 2476 386 PARAPHR.
2526 320 3048 390 PACHYMERE.
3421 329 3537 399 842

147 465 262 521 τινὶ
316 464 403 521 ἐπὶ
431 470 539 522 τῶν
571 465 686 521 καθ’
737 466 882 539 ἡμᾶς
912 465 1237 533 ποιοτήτων,
1275 460 1439 539 ἤγουν
1484 460 1581 527 τῆς
1612 458 1797 518 λευκό-

1891 460 2343 523 similitudinem
2374 467 2433 521 et
2462 469 2676 523 caetera
2704 462 2875 543 dixit,
2908 465 3154 529 omnino
3179 466 3353 530 vitam
3378 486 3535 546 esse,

146 575 317 629 τῃτος
366 560 465 622 τῆς
525 553 799 628 μελανίας,
862 554 1017 609 οἱονεὶ
1075 551 1287 629 πρῶτόν
1343 572 1463 606 τινα
1520 550 1797 608 αὖτοποιό-

1890 558 1947 610 et
1976 550 2332 631 simpliciter
2359 548 2581 630 vivere,
2615 569 2986 633 nequaquam
3035 573 3170 616 vero
3201 554 3537 621 istiusmodi

146 664 295 710 τητα
353 645 598 719 νοοῦμεν,
642 642 806 720 ἤγουν
861 641 1181 720 λευκότητα,
1210 641 1280 708 ἢν
1308 638 1373 707 δὴ
1421 636 1797 714 συμϐαίνουσαι

1885 638 2061 700 vitam
2097 637 2613 719 explicavit.Sicut
2640 639 2827 719 igitur
2847 641 3289 724 aliquaratione
3312 646 3371 707 in
3396 667 3538 727 qua-

149 745 277 795 τοτς
329 731 728 812 ὑποκειμένοις,
791 733 877 789 καὶ
933 734 1204 812 φαινεσθαι
1259 732 1347 786 καὶ
1394 727 1540 807 δρᾷνο
1599 731 1715 785 οἷον
1770 730 1797 796 ἡ

1889 727 2152 790 litatibus
2174 728 2557 818 nostratibus,
2580 745 2639 790 v.
2664 748 2719 809 g.
2744 729 3389 818 albedine.nigredine,
3408 739 3533 818 pri-

148 822 571 897 αὒτοασώματος
630 820 914 901 λευκότης,
978 819 1330 899 ἐπιγενομένη
1400 818 1631 898 σώματι,
1692 816 1797 873 λευ·

1891 835 2052 879 mum
2101 817 2279 908 quasi
2322 835 2429 897 per
2476 819 2917 908 sequalitatem
2967 821 3226 903 aliquam
3274 816 3538 908 concipi-

146 913 329 969 καίνει
382 922 561 985 τοῦτο,
594 912 731 969 οὕτω
789 933 881 986 μοι
912 911 1045 984 νόει,
1077 909 1220 977 πλὴν
1267 907 1567 987 ἀναλόγως,
1601 908 1690 963 καὶ
1720 907 1797 964 ὲπῖ

1891 924 2044 988 mus,
2097 907 2417 988 ipsammet
2464 905 2697 969 scilicet
2751 908 3090 972 albetlinem
3124 929 3230 991 per
3257 905 3535 978 accidens

145 1004 259 1057 τῶν
323 998 534 1081 δωρεῶν
591 1002 697 1058 τῶν
756 1003 933 1072 θείων,
962 1005 1062 1067 τῆς
1120 1004 1286 1071 ζωῆς,
1347 999 1444 1066 τῆς
1500 998 1705 1077 σοφίας,
1740 997 1803 1059 ἃς

147 1089 408 1148 ἐκάλεσεν
437 1090 610 1172 ἀρχὰς
658 1091 764 1148 τῶν
797 1088 986 1152 ὄντων,
1048 1089 1156 1156 Τῆς
1216 1088 1480 1167 ἡμετέρας
1511 1088 1611 1166 γὰρ
1656 1090 1800 1157 ζωῆς

146 1180 299 1261 ἀρχὴ
354 1182 440 1237 καὶ
483 1179 803 1259 δημιουργὸς
843 1182 877 1248 ἡ
941 1179 1211 1259 αὒτοζωὴ,
1243 1178 1338 1235 καῖ
1389 1183 1488 1245 τῆς
1519 1177 1707 1257 σοφίας
1771 1178 1799 1243 ἦ

146 1272 463 1353 αὐτοσοφία.
517 1273 679 1328 Αὒται
710 1272 803 1325 σῦν
852 1276 1061 1348 πρῶτον
1119 1268 1447 1325 ἔπινοοῦνται
1491 1266 1663 1346 οὖσαι,
1697 1266 1801 1322 εἷθ’

149 1359 324 1424 οὕτως
354 1361 452 1418 εἶσὶ
502 1361 587 1417 καὶ
620 1359 784 1438 ἀρχαὶ
813 1364 921 1414 τῶν
950 1359 1187 1437 ζώντων,
1217 1359 1253 1424 ἡ
1305 1359 1547 1426 αὒτοζωὴ
1578 1358 1613 1426 ἦ
1663 1355 1797 1413 θεία.

148 1451 319 1531 φημὶ,
351 1453 437 1506 καὶ
497 1447 551 1503 ἒν
581 1455 656 1522 τῷ
689 1454 805 1521 Θεῷ
851 1449 989 1519 ζωή,
1022 1448 1209 1513 Τίθησι
1244 1443 1299 1501 δὲ
1339 1446 1401 1501 τὸ
1431 1447 1505 1509 ὡς
1562 1444 1798 1517 ζώντωδ,

149 1538 235 1596 ὅτι
285 1536 448 1595 πάλιν
476 1540 548 1603 ὡς
578 1536 744 1593 ὅντων
775 1538 837 1592 τὸ
870 1535 996 1592 αὑτὸ
1048 1534 1128 1590 ὃν·
1165 1536 1253 1591 καὶ
1300 1536 1374 1598 ὡς
1404 1539 1581 1614 σοφῶν
1612 1534 1800 1611 ὄντων,

147 1630 184 1695 ἣ
226 1628 514 1707 αὒτοσοφία
545 1627 691 1707 ἂρχή
741 1625 877 1705 ἔστι,
909 1627 996 1681 καὶ
1026 1630 1132 1682 τῶν
1161 1624 1378 1700 ὁμοίων.
1415 1623 1653 1698 Εἴπομεν
1704 1623 1803 1700 γὰρ

1886 996 2174 1076 subjectis
2207 995 2643 1071 advenientem,
2663 1005 2724 1058 et
2753 1015 3071 1082 apperere,
3103 1006 3166 1064 et
3194 1004 3534 1083 operari;ut

1884 1104 2018 1146 cum
2039 1085 2250 1147 albedo
2274 1102 2379 1165 per
2393 1103 2458 1146 se
2477 1084 2833 1166 incorporea
2851 1088 2916 1139 83
2939 1090 3177 1169 corpori
3206 1091 3532 1158 adveniens

1886 1173 2028 1235 illud
2060 1174 2319 1249 dealbat,
2349 1174 2435 1238 ita
2486 1175 2738 1256 concipe
2779 1177 2929 1258 haec,
2982 1177 3090 1240 sed
3148 1182 3533 1262 proportione

1887 1281 2200 1324 munerum
2232 1263 2590 1336 divinorum,
2626 1265 2760 1325 vitae
2786 1266 3118 1346 sapientiai,
3151 1287 3283 1349 quae
3325 1288 3528 1336 rerum

1886 1354 2173 1434 principia
2190 1353 2530 1444 appellavit.
2557 1354 2786 1417 Nostrae
2815 1356 2975 1417 enim
3001 1357 3138 1419 vita:
3167 1358 3529 1444 principium

1886 1448 1947 1505 et
1975 1450 2181 1505 auctor
2210 1450 2301 1504 est
2330 1443 2459 1523 ipsa
2502 1460 2611 1523 per
2654 1462 2723 1505 se
2775 1444 2912 1523 vita,
2943 1452 3004 1507 et
3045 1443 3375 1527 sapientiae,
3400 1450 3532 1532 ipsa

1886 1550 1993 1613 per
2023 1550 2089 1594 se
2139 1532 2448 1611 sapientia.
2483 1534 2629 1595 Haec
2656 1533 2858 1614 itaque
2888 1536 3142 1615 primum
3173 1539 3525 1620 concipiun-

1884 1628 1978 1681 tur
2009 1622 2395 1697 exsistere,ac
2426 1620 2649 1683 deinde
2678 1622 2763 1683 sic
2794 1623 3083 1686 exsistere
3114 1625 3407 1709 principia
3438 1632 3527 1693 vi-

149 1720 242 1775 καὶ
294 1719 509 1796 πρώην,
540 1717 619 1773 ὃτι
671 1713 991 1791 ὁμοίὸτητας
1022 1714 1167 1793 λέγει
1225 1711 1341 1771 καθ’
1372 1713 1434 1775 ἃς
1480 1713 1797 1793 μετέχουσιν

1882 1711 2171 1802 ventium,
2206 1712 2350 1802 ipsa,
2385 1712 2650 1793 inquam,
2680 1711 2878 1773 divina
2911 1731 3018 1793 per
3048 1732 3114 1775 se
3143 1716 3283 1798 vita,
3313 1727 3374 1780 et
3396 1740 3528 1802 qua;

148 1811 198 1865 oi
240 1812 380 1865 θεῖοι
413 1807 527 1868 νόες
559 1815 650 1864 τοῦ
682 1811 835 1865 Θεοῦ.
890 1805 1101 1863 Τούτων
1133 1805 1223 1861 οὖν
1263 1809 1367 1859 τῶν
1397 1802 1594 1877 ὁμοίων
1652 1802 1798 1881 ἀρχὴ

148 1900 183 1966 ἡ
234 1895 644 1972 αὗτοομοιότῃς,
678 1894 746 1962 ἢν
777 1892 895 1951 καθ’
952 1894 1106 1950 ἑαυτὸ
1162 1896 1223 1950 τὸ
1268 1900 1427 1949 Θεϊον
1462 1893 1649 1971 αὒχεϊ·
1710 1892 1797 1952 καὶ

147 1988 257 2044 τῶν
334 1986 642 2063 ἧνωμένων,
725 1982 970 2051 δηλονότι
1042 1988 1149 2039 τῶν
1224 1982 1657 2060 περιωρισμένων
1728 1986 1797 2056 τῇ

147 2076 318 2148 οἰκείᾳ
373 2076 547 2155 φύσει,
610 2076 696 2130 καὶ
773 2074 851 2148 μὴ
906 2070 1323 2148 ἐσκεδασμένων·
1397 2072 1619 2126 ἕκαστον
1694 2071 1794 2148 γὰρ

145 2188 247 2242 την
310 2165 475 2221 ὄντων
507 2164 643 2221 κατά
700 2185 818 2220 τινα
876 2163 1073 2219 ἐνιατον
1112 2162 1453 2241 περιορισμὸν
1484 2162 1569 2216 καὶ
1626 2161 1795 2233 ἐαυτῷ

106 2242 424 2331 ’ἡνωμένον
475 2254 800 2315 συνίσταται,
861 2252 1070 2309 Τούτων
1124 2251 1211 2308 οὗ)
1270 2249 1429 2307 πάλιν
1480 2248 1627 2328 ἀρχὴ
1657 2250 1692 2317 ἡ
1747 2249 1800 2305 ὲν

145 2352 224 2420 τῷ
269 2352 387 2418 Θεῷ
422 2344 763 2408 αὖτοενότης”
824 2343 914 2399 καὶ
942 2347 1049 2397 τῶν
1080 2340 1257 2397 ἄλλων
1290 2341 1389 2397 ὃσα
1446 2339 1482 2407 ii
1512 2344 1611 2405 τῆς
1656 2343 1801 2410 ζωῆς

149 2434 479 2515 μετέχοντα,
510 2433 545 2501 ἢ
597 2433 697 2500 τῆς
731 2432 1003 2511 γνώσεως,
1035 2430 1070 2499 ii
1113 2433 1201 2487 καὶ
1253 2428 1583 2510 ἀμφοτέρων,
1631 2429 1805 2499 ζῶντα

147 2527 305 2598 εἶσιν,
336 2524 373 2592 ii
434 2522 593 2602 σοφὰ,
628 2522 664 2589 ii
696 2523 781 2578 καὶ
824 2521 1095 2601 ἀμφότερα
1138 2520 1173 2588 ii
1224 2522 1312 2576 καὶ
1340 2518 1578 2590 πλείονα,
1613 2518 1648 2586 ii
1678 2526 1801 2594 γοῦν

149 2615 235 2670 καὶ
295 2614 445 2687 ὂντα,
491 2614 579 2668 καὶ
610 2612 864 2689 ἂθάνατα,
902 2610 991 2666 καὶ
1043 2610 1218 2686 νοερὰ,
1250 2610 1323 2671 ὡς
1376 2608 1595 2664 ἐπὶτῶν
1651 2608 1802 2662 θείων

148 2702 419 2781 ἀγγέλων·
467 2702 669 2758 τούτων
726 2702 815 2757 οὗν
845 2700 1093 2756 ἁπάντων
1141 2699 1236 2761 τὰς
1294 2696 1661 2775 αὖτομετοχὰς
1718 2695 1803 2751 εύ-

146 2794 355 2869 ρήσεις,
387 2790 633 2859 δηλονότι
679 2789 776 2858 τήν
828 2790 1121 2867 αὖτοζωὴν,
1166 2794 1266 2854 την
1324 2786 1667 2864 αὓτοσοφίαν,
1715 2788 1799 2842 καὶ

144 2882 213 2937 τὰ
243 2882 431 2956 λοιπὰ,
462 2888 550 2937 τοῦ
612 2880 754 2936 εἶναι
788 2880 1147 2959 μετεχούσας,
1174 2879 1260 2932 καὶ
1310 2877 1362 2933 ἐν
1393 2882 1470 2949 τῷ
1507 2876 1648 2932 εἶναι
1694 2896 1797 2950 με-

143 2972 361 3034 νούσας⁸
421 2973 549 3026 καθὸ
607 2970 708 3047 γάρ
751 2972 902 3025 αὗται
965 2977 1056 3025 τοῦ
1132 2968 1274 3024 εἶναι
1336 2966 1648 3044 μετέχουσι,
1708 2965 1797 3021 καί

142 3061 272 3135 εἰσι,
306 3061 440 3117 ςιατά
479 3069 634 3118 τοῦτο
666 3060 753 3114 καὶ
781 3055 921 3137 παρά
952 3059 1056 3114 τῶν
1090 3056 1265 3113 ἄλλων
1296 3056 1641 3135 μετέχονται.

1881 1799 1942 1890 in
1969 1800 2088 1861 Deo
2114 1808 2203 1861 est
2232 1801 2372 1861 vita.
2407 1804 2669 1881 Apponit
2698 1810 2896 1863 autem
2927 1809 3239 1883 quatenus
3288 1799 3523 1890 vivant,

1878 1889 2031 1951 sicut
2059 1898 2236 1952 etiam
2262 1908 2369 1951 ens
2393 1908 2503 1970 per
2523 1907 2612 1969 se,
2646 1901 2949 1970 quatenus
2969 1902 3127 1972 sunt,
3156 1901 3217 1957 et
3237 1907 3528 1976 quatenus

1879 1984 2136 2069 sapiunt,
2176 1980 2302 2058 ipsa
2338 1997 2442 2058 per
2477 1998 2542 2041 se
2573 1980 2860 2069 sapientia
2895 1981 3252 2062 principium
3276 1991 3521 2069 exsistit,

1878 2078 1937 2129 et
1965 2068 2051 2130 sic
2082 2069 2156 2130 de
2186 2068 2502 2130 similibus.
2538 2068 2706 2130 Prius
2727 2071 2883 2131 enim
2918 2070 3286 2149 dicebamus,
3330 2068 3522 2156 ipsum

1880 2157 2300 2219 similitudines
2333 2158 2901 2231 vocare,secundum
2932 2178 3079 2241 quas
3111 2160 3328 2226 divina;
3359 2185 3522 2230 men-

1881 2256 1969 2308 tes
2010 2251 2197 2310 Deum
2258 2246 2635 2327 participant.
2686 2246 2905 2309 Harum
2944 2251 3142 2331 itaque
3171 2251 3521 2319 similitudi-

1882 2355 2025 2427 num
2061 2336 2418 2417 principium
2452 2346 2539 2398 est
2568 2336 2695 2416 ipsa
2726 2356 2832 2417 per
2861 2357 2926 2399 se
2955 2339 3385 2418 similitudo,de
3406 2366 3523 2427 qua

1884 2426 2011 2505 ipse
2045 2445 2149 2507 per
2168 2445 2232 2487 se
2267 2429 2424 2489 Deus
2453 2428 2763 2506 gloriatur;
2787 2428 2944 2489 utiet
2963 2447 3162 2489 rerum
3197 2426 3516 2514 unitarum,

1886 2516 1941 2576 id
1975 2524 2062 2577 est
2102 2525 2314 2578 natura
2363 2534 2469 2578 sua
2524 2516 2923 2593 deﬁnitarum,
2956 2525 3014 2580 et
3043 2537 3161 2581 non
3213 2521 3519 2602 dispersa-

1885 2624 2015 2666 rum
2044 2626 2057 2667 :
2091 2605 2372 2685 quaelibet
2393 2607 2550 2667 enim
2568 2625 2689 2686 res,
2717 2608 3045 2670 secundum
3066 2627 3240 2670 unam
3259 2611 3517 2694 aliquam

1884 2695 2315 2770 definitionem,
2350 2695 2465 2756 sibi
2491 2714 2729 2777 quoque
2782 2697 2945 2759 unita
2992 2708 3244 2760 constat.
3292 2701 3515 2767 Horum

1884 2785 2059 2863 igitur
2090 2785 2304 2845 iterum
2340 2785 2697 2865 principium
2731 2786 2859 2867 ipsa
2887 2804 3022 2867 quae
3052 2788 3111 2849 in
3140 2791 3262 2851 Deo
3294 2801 3382 2854 est
3413 2812 3523 2875 per

1882 2892 1948 2936 se
1978 2875 2195 2950 unitas;
2230 2883 2350 2935 tum
2381 2885 2440 2936 et
2472 2884 2821 2937 caeterorum
2876 2895 3245 2959 quascunque
3294 2882 3384 2943 vel
3426 2883 3517 2945 vi-

1881 2974 2023 3037 tam,
2084 2965 2170 3025 vel
2236 2964 2524 3045 notitiam,
2587 2965 2675 3026 vel
2737 2975 3052 3047 utrumque
3108 2969 3517 3051 participando

1876 3053 2125 3127 vivunt,
2200 3054 2287 3114 vel
2364 3057 2645 3134 sapiunt,
2708 3054 2797 3116 vel
2857 3064 3106 3135 utraque
3174 3066 3276 3120 aut
3349 3061 3520 3141 plura

136 3150 389 3231 habent,
434 3148 703 3229 quinimo
764 3145 851 3208 vel
882 3146 1044 3207 entia
1069 3154 1232 3220 sunt,
1268 3144 1359 3205 vel
1391 3142 1773 3218 immortalia,
1808 3142 1898 3203 vel
1964 3144 2383 3224 intelligentia,
2421 3153 2483 3205 ut
2517 3143 2579 3206 in
2609 3144 2825 3206 divinis
2855 3145 3083 3223 angelis
3112 3147 3371 3224 accidit;
3405 3151 3519 3214 ho-

134 3259 298 3313 rum,
332 3239 597 3318 inquam,
630 3236 891 3297 smnium
926 3254 1031 3315 per
1051 3234 1635 3324 separticipationes
1668 3233 1959 3314 reperies,
1997 3233 2228 3295 scilicet
2260 3234 2445 3324 ipsam
2474 3252 2583 3313 per
2610 3252 2673 3294 se
2698 3234 2895 3324 vitam,
2922 3253 3029 3314 per
3057 3254 3122 3296 se
3143 3237 3518 3324 sapientiam,

138 3338 199 3392 et
228 3337 443 3391 catera
486 3326 808 3407 ipsummet
842 3343 973 3387 esse
1027 3325 1386 3406 participare
1417 3332 1475 3385 et
1523 3323 1583 3383 in
1616 3340 1749 3384 esse
1800 3339 2157 3403 permanere
2194 3343 2210 3398 ;
2276 3323 2338 3383 in
2388 3332 2673 3403 quantum
2710 3323 2868 3384 enim
2921 3341 3054 3385 esse
3087 3323 3524 3408 participantet

136 3429 300 3495 sunt,
336 3419 397 3479 in
431 3423 656 3478 tantum
692 3415 876 3478 etiam
907 3414 980 3477 ab
1012 3415 1145 3476 aliis
1176 3413 1634 3496 participantur.

218 3509 251 3589 ς
315 3506 405 3569 VI.
443 3512 499 3565 Et
545 3506 599 3562 δὲ
632 3507 811 3564 ἐκεῖνα
866 3509 930 3563 τά
966 3507 1206 3587 μείζονα,
1238 3505 1372 3583 οἵπερ
1430 3503 1614 3585 ἔχουσι
1671 3503 1787 3560 καθ’

1953 3508 1980 3579 §
2011 3501 2107 3564 VI.
2139 3501 2198 3564 Si
2229 3509 2425 3565 autem
2451 3502 2555 3563 illa
2589 3503 2833 3582 majora,
2860 3521 2994 3583 quae
3032 3503 3255 3567 habent
3285 3526 3521 3590 quoque

132 3602 362 3658 ἕκαστον
414 3599 503 3654 καὶ
544 3599 604 3653 τὸ
663 3599 811 3669 αὒτὸ,
846 3597 902 3652 ἐν
960 3602 1027 3672 τῇ
1058 3597 1287 3675 εμετοχῇ
1344 3600 1436 3650 τοῦ
1465 3594 1614 3657 ὄντος
1668 3594 1786 3672 εἶσί,

131 3691 291 3762 πόσῳ
324 3709 380 3767 γε
411 3684 616 3762 μᾶλλον
643 3689 807 3742 ταῦτα
837 3683 900 3753 δὴ
945 3687 1009 3742 τὰ
1041 3685 1253 3742 ἐκείνων
1286 3683 1586 3763 μετέχοντα
1643 3696 1793 3739 ποιεῖ

129 3780 197 3835 τὸ
228 3782 396 3851 εἶναι,
429 3782 601 3846 ζῶντα
630 3777 819 3855 τυχὸν,
857 3776 891 3843 ii
923 3776 1080 3854 σοφὰ,
1119 3775 1173 3830 έν
1215 3780 1283 3851 τῇ
1311 3773 1524 3829 ἐκείνων
1556 3778 1789 3852 μετοχῇ·

127 3870 226 3926 καὶ
280 3868 342 3924 οὗ
398 3866 602 3945 (καθὼς
675 3855 1020 3940 ὁπολῆψαιτό
1089 3887 1169 3927 τις
1228 3862 1518 3941 ἀσυνέτως)
1574 3861 1654 3918 ὅτι
1700 3862 1788 3942 ἀφ’

129 3958 368 4028 ἑαυτῶν,
400 3957 488 4013 καὶ
513 3956 575 4011 οὗ
618 3955 751 4011 κατὰ
781 3956 1026 4034 μετοχὴν
1079 3954 1281 4033 ἑτέρου,
1311 3960 1476 4009 ταῦτα
1519 3951 1737 4029 ἔχουσιν
1771 3967 1788 4023 ς

128 4045 321 4104 "Ean
365 4041 421 4100 δὲ
449 4046 511 4100 τὸ
539 4042 870 4123 ἐπιχείρημα
915 4042 1336 4121 δραστικώτατον
1383 4040 1442 4098 ὲκ
1473 4048 1564 4097 τοῦ
1617 4042 1792 4116 μείζο-

134 4159 259 4198 νος.
294 4134 518 4210 Πρώτην
547 4134 720 4189 τοίνυν
768 4135 866 4200 τὴν
920 4140 1015 4191 τοῦ
1072 4133 1215 4190 εἶναι
1273 4130 1470 4210 δωρεὰν
1503 4142 1619 4193 τοῖς
1679 4131 1791 4187 οὖσι

136 4224 523 4304 παρεχόμενος
549 4223 577 4278 ὀ
623 4223 778 4297 Θεὸς,
811 4222 871 4279 ἐκ
900 4225 1097 4290 ταύτης
1129 4221 1224 4278 mi
1274 4220 1497 4300 πρώτως
1525 4221 1797 4301 ὑμνεῖται,

134 4314 235 4370 καὶ
282 4313 427 4370 ’ἐστιν
458 4310 510 4377 ἐξ
540 4310 703 4378 αὐτῆς
743 4312 831 4368 καὶ
864 4313 988 4368 αὐτὸ
1034 4314 1096 4367 τὸ
1151 4311 1293 4367 εῖναι
1338 4311 1572 4385 πάντων,
1606 4313 1690 4366 καὶ
1747 4309 1801 4366 ἐν

128 4404 279 4480 αὐτῇ
342 4400 738 4476 συνειλημμένα
803 4397 1204 4477 διακρατοῦνται
1255 4400 1390 4457 κατὰ
1451 4397 1628 4467 ἁπλῆν
1684 4420 1801 4454 τινα

130 4494 228 4549 καὶ
274 4491 619 4568 περιεκτικῆν
649 4496 755 4547 τῶν
800 4487 940 4547 ὅλων
985 4489 1152 4546 αἰτίαν
1185 4490 1273 4546 καὶ
1331 4487 1585 4568 ἄσχετονσ
1627 4485 1799 4545 οὐδενί

126 4583 242 4661 γὰρ
271 4579 422 4659 λόγῷ
469 4580 505 4648 ii
549 4581 806 4655 νοήματι,
837 4577 874 4647 ii
927 4579 1200 4660 πράγματι
1231 4576 1350 4658 ἔχει
1401 4579 1463 4633 τὸ
1494 4585 1652 4634 Θεῗον
1698 4577 1797 4645 τὴν

123 4673 272 4751 πρὸς
325 4670 391 4725 τὰ
422 4667 549 4725 ὄντα
607 4668 798 4749 σχέσιν
854 4690 911 4724 τε
948 4670 1034 4725 καὶ
1085 4668 1386 4730 κοινωνίαν,
1440 4668 1523 4736 ,Τὰ
1565 4664 1618 4721 δὲ
1678 4665 1798 4733 ἑξῆς

126 4758 545 4840 παραδείγματα
600 4758 919 4817 πιστευτικά
988 4759 1089 4815 εἰσι
1150 4764 1243 4814 τοῦ
1316 4756 1459 4813 εἶναι
1508 4756 1681 4812 πάντα
1740 4755 1799 4812 ὲκ

1872 3591 2103 3669 singula
2134 3610 2240 3671 per
2268 3610 2358 3671 se,
2394 3593 2697 3653 entitatem
2725 3592 3107 3673 participem.
3144 3606 3364 3673 quanto
3390 3619 3521 3660 ma-

1872 3680 1962 3760 gis
2013 3682 2139 3742 haec
2169 3699 2299 3762 quas
2328 3681 2567 3743 illorum
2612 3680 2924 3761 participia
2974 3689 3130 3755 sunt,
3162 3683 3302 3745 facit
3330 3687 3522 3765 ipsum

1874 3787 2008 3831 esse
2093 3768 2394 3847 viventia,
2460 3788 2511 3833 v.
2570 3790 2655 3848 g.,
2718 3770 2812 3830 vel
2873 3770 3208 3850 sapientia,
3270 3791 3377 3854 per
3430 3783 3522 3840 sui

1876 3858 2414 3940 participationem;
2468 3867 2527 3920 et
2571 3877 2690 3920 non
2754 3859 2839 3937 (ut
2894 3859 3187 3939 quispiam
3247 3861 3525 3940 imperite

1874 3948 2152 4019 suscipari
2176 3950 2388 4018 posset)
2409 3962 2508 4019 per
2532 3963 2592 4005 se
2614 3957 2669 4004 et
2688 3949 2815 4003 sine
2836 3948 3069 4006 alterius
3091 3951 3526 4022 participatione

1877 4039 2001 4099 haec
2024 4035 2276 4100 habent?
2295 4039 2609 4100 Estautem
2630 4038 2743 4099 hoc
2764 4039 3315 4117 argumentuli
3332 4043 3527 4107 efﬁca-

1877 4127 2180 4188 cissimum
2216 4145 2249 4187 a
2281 4127 2670 4206 majori.Cum
2702 4127 2906 4207 itaque
2934 4126 3090 4189 Deus
3124 4129 3378 4207 primum
3410 4134 3527 4198 hoc

1885 4216 2105 4278 donum
2132 4216 2312 4277 rebus
2350 4217 2654 4295 largiatur,
2693 4234 2764 4277 ex
2816 4221 2942 4298 ipso
2983 4236 3222 4299 quoque
3266 4222 3525 4301 primum

1885 4305 2177 4386 laudatur,
2211 4315 2271 4367 et
2310 4305 2539 4367 exsistit
2572 4323 2641 4367 ex
2683 4305 2837 4385 ipso,
2871 4305 3192 4387 ipsummet
3245 4319 3336 4372 est
3394 4330 3528 4377 esse

1884 4394 2174 4466 omnium,
2217 4401 2275 4454 et
2320 4393 2381 4454 in
2437 4392 2569 4473 ipso
2625 4393 2875 4455 collecta
2918 4396 3298 4458 continentur
3327 4404 3528 4464 omnia

1884 4481 2213 4543 secundum
2239 4482 2573 4563 simplicem
2607 4482 2867 4564 aliquam
2892 4493 2950 4545 et
2971 4485 3525 4566 comprehensivam

1884 4580 1941 4633 et
1973 4572 2529 4651 incomprehensam
2571 4572 2982 4634 universorum
3037 4592 3275 4636 causam
3312 4598 3325 4640 :
3360 4580 3524 4642 nulla

1882 4665 2037 4721 enim
2050 4659 2822 4741 ratione,velconceptu,vel
2841 4679 2907 4722 re
2926 4664 3417 4728 communionem
3432 4668 3524 4730 vel

1882 4749 2325 4831 proportionem
2352 4749 2531 4812 habet
2548 4752 2705 4813 Deus
2723 4769 2855 4812 cum
2875 4751 3056 4815 rebus
3078 4752 3521 4822 exsistentibus.

129 4837 235 4908 τού
293 4837 448 4923 Θεοῦ,
512 4849 584 4913 ὡς
641 4847 811 4904 αἰτίου
877 4853 975 4915 τῆς
1028 4847 1230 4904 τούτων
1286 4843 1579 4923 ὑπάρξεως,
1635 4843 1796 4901 ἄλλον)

1884 4837 2163 4918 Exempla
2192 4847 2385 4900 autem
2419 4858 2551 4920 quas
2600 4848 2933 4920 sequuntur
2961 4840 3142 4903 ﬁdem
3174 4842 3418 4920 faciunt,
3455 4863 3527 4909 ea

127 4940 289 5018 παρὰ
345 4945 512 4996 ταῦτα
567 4937 929 5017 ὑπάρχοντος,
989 4935 1088 4993 καῖ
1147 4935 1201 4993 ἐν
1287 4937 1430 5009 αὗτῷ
1489 4935 1796 4994 συνεστάναι

132 5029 295 5102 ἄλλῳ
340 5028 483 5107 παρὰ
526 5028 690 5083 ταῦτα
727 5027 1046 5107 ὑπάρχοντι·
1080 5026 1114 5094 ἡ
1179 5026 1274 5105 γὰρ
1318 5024 1511 5104 μονὰς,
1543 5026 1616 5088 ὡς
1662 5025 1798 5081 αἰτία

129 5118 407 5198 ἀριθμῶν,
442 5114 708 5189 ἐνοειδῶς,
743 5115 802 5173 οὗ
852 5112 1263 5193 ποιγιλλομένη,
1298 5113 1334 5182 ἢ
1366 5110 1541 5179 ἄλλως
1571 5113 1658 5170 καὶ
1696 5111 1798 5168 ἅλ-

128 5210 254 5272 λως
337 5204 626 5282 νοουμένη,
679 5205 800 5269 τοὺς
878 5205 1081 5270 πάντας
1149 5202 1471 5283 περιεληφεν
1553 5201 1793 5282 ἀριθμόςο

131 5299 235 5357 καὶ
262 5301 327 5353 τὸ
356 5294 520 5371 μέσον
547 5301 641 5352 τοῦ
692 5293 886 5351 κύκλου
914 5298 1128 5374 κέντρον
1158 5292 1367 5357 ἁπάσας
1402 5292 1497 5355 τὰς
1540 5292 1647 5348 ἀπὸ
1697 5292 1797 5358 τῆς

129 5385 480 5469 περιφερείας
536 5383 733 5447 εὐθείας
798 5383 1036 5464 περιέχει
1107 5380 1372 5459 ἱνοειδῶς,
1441 5383 1528 5439 καὶ
1586 5379 1795 5463 ἅπλῶς,

1882 4945 2012 5007 quas
2041 4935 2179 4988 sunt
2206 4927 2408 4988 omnia
2463 4946 2533 4989 ex
2575 4926 2695 4989 Deo
2722 4929 3317 5012 exsistere,tanquam
3349 4952 3528 4999 causa

1884 5034 2088 5078 eorum
2122 5016 2504 5093 exsistentiae,
2537 5035 2671 5081 cum
2704 5018 2978 5081 diversus
3005 5019 3085 5083 sit
3114 5020 3354 5099 abillis,
3385 5024 3525 5089 etin

1882 5106 2012 5187 ipso
2033 5107 2363 5168 consistant
2381 5106 2615 5168 diverso
2632 5106 2705 5168 ab
2728 5107 2847 5171 illis
2869 5108 3522 5194 exsistente;siquidem

1886 5194 2103 5274 unitas,
2137 5204 2415 5276 tanquam
2466 5214 2643 5259 causa
2675 5215 3089 5274 numerorum,
3118 5199 3519 5278 nuiformiter,

1882 5283 2342 5367 haudquaquam
2377 5287 2693 5369 variegata,
2721 5288 2811 5350 vel
2833 5288 3011 5351 aliter
3037 5298 3217 5371 atque
3239 5289 3413 5352 aliter
3434 5297 3521 5352 in-

1883 5375 2138 5456 tellecta,
2170 5376 2480 5440 universos
2509 5395 2792 5440 numeros
2821 5377 3258 5460 complectitur;
3295 5386 3356 5441 et
3386 5397 3519 5444 me-

1464 5511 1733 5579 VARLE
1795 5508 2237 5578 LECTIONES.

224 5595 315 5652 85'
344 5597 516 5665 Max.
549 5614 866 5681 corporea.

430 5718 700 5788 PATBOL.
740 5720 853 5790 Gn.
885 5721 984 5790 Ill.

3126 5712 3201 5781 27
