4052 6196
531 250 650 323 843

1700 224 1779 324 's.
1826 256 2167 325 DIONYSII
2220 218 2745 328 AREOAGITIEQ

3741 264 3834 333 844

525 390 688 453 dium
703 386 908 454 circuli
925 397 1194 455 centrum
1211 408 1420 453 omnes
1432 391 1959 455 acircumferentia
1972 394 2161 457 lineas

2252 400 2330 455 καὶ
2376 400 2601 475 ὁμοίωςυ
2643 400 2837 477 ἀμερὲς
2888 400 2987 479 γάρ
3031 400 3140 456 ἐστι
3189 400 3253 455 τὸ
3312 412 3559 476 σημεῖον,
3583 400 3705 458 ὥστε
3745 412 3834 469 πῶς

524 489 720 543 rectas
742 480 1119 543 uniformiter
1139 489 1198 542 et
1218 480 1475 561 simplici
1499 480 1801 562 similique
1828 484 2003 545 modo
2027 503 2167 547 con-

526 569 695 650 tinet;
721 578 1006 652 punctum
1028 569 1186 632 enim
1207 580 1368 633 caret
1388 570 1679 652 partibus,
1697 573 1992 652 quomodo
2025 593 2163 654 ergo

524 660 695 723 aliter
724 667 898 741 atque
918 660 1094 724 aliter
1121 661 1309 723 lineas
1337 669 1529 724 rectas
1557 661 1745 742 possit
1775 663 2165 744 comprehen-

524 747 699 813 dere?
727 747 983 813 Mirabili
1003 756 1202 812 autem
1235 749 1412 812 modo
1445 749 1640 831 posuit
1680 751 2019 832 exemplum
2053 753 2164 815 hoc

525 837 601 901 de
612 839 940 921 circulo,ut
955 838 1555 921 ostendat,quomodo
1580 839 2028 903 uniformiterin
2041 843 2162 905 Deo

521 935 800 992 universa
825 929 1127 1006 uniantur,
1154 936 1214 991 et
1234 929 1531 1010 quomodo
1555 948 1692 1006 quas
1710 929 2161 995 distantdistin-

521 1026 865 1101 guantur,et
891 1018 955 1081 in
983 1027 1266 1101 quantum
1316 1018 1556 1093 distant,
1593 1018 1655 1080 in
1705 1027 1925 1081 tantum
1982 1022 2160 1084 etiam

524 1108 910 1190 dissipentur.
942 1109 1038 1173 Ad
1078 1109 1226 1184 haec,
1262 1108 1439 1170 etiam
1486 1106 1549 1169 in
1598 1116 1826 1190 natura,
1875 1112 2166 1174 creatrice

521 1198 965 1275 universorum,
990 1216 1202 1261 omnes
1222 1199 1630 1279 cujuscunque
1652 1207 1878 1262 naturae
1905 1201 2166 1264 rationes

522 1287 746 1371 absque
775 1288 1123 1352 confusione
1167 1288 1431 1351 collectas
1474 1296 1632 1363 sunt,
1670 1289 1825 1352 sicut
1871 1290 1932 1353 in
1967 1292 2166 1354 anima

520 1379 894 1442 uniformiter
929 1379 1217 1458 copulata:
1260 1386 1396 1439 sunt
1426 1378 1683 1458 providae
1712 1385 1960 1442 virtutes
2006 1382 2159 1463 ejus,

522 1467 805 1532 videlicet
827 1468 1111 1531 nutritiva
1130 1485 1245 1548 qua
1273 1467 1483 1542 nutrit,
1515 1467 1741 1530 auctrix
1772 1486 1887 1549 qua
1914 1480 2085 1550 auget
2103 1469 2162 1531 id

522 1558 682 1641 quod
711 1565 914 1641 aptum
946 1567 1039 1622 est
1067 1556 1461 1638 generationi,
1498 1558 1781 1620 sensitiva
1810 1577 1923 1640 qua
1955 1567 2164 1640 praeest

522 1647 823 1731 sensibus,
855 1649 1151 1731 opinativa
1181 1665 1298 1728 qua
1326 1646 1617 1709 discernit
1638 1666 1708 1710 ea
1738 1667 1869 1730 quas
1898 1650 2165 1711 sentiun-

523 1746 641 1815 tur,
676 1738 1051 1818 imaginativa
1079 1756 1196 1819 qua
1223 1736 1530 1800 sensibilis
1568 1737 1942 1816 imaginatur,
1978 1757 2164 1822 appe-
2190 1732 2225 1782 Β

523 1828 685 1890 titiva
741 1848 860 1909 qua
912 1828 1223 1910 appetit,et
1272 1828 1358 1889 sic
1406 1827 1482 1889 de
1532 1828 1809 1890 caeteris:
1845 1829 1930 1891 sic
1983 1832 2162 1892 etiam

524 1919 768 1980 creandi
822 1919 1086 1981 rationes
1141 1935 1351 1980 omnes
1408 1918 1761 1999 speciesque
1805 1922 2070 1981 omnium
2100 1919 2164 1981 in

524 2016 792 2070 creatore
822 2014 1351 2089 sunt,manentque
1382 2006 1727 2089 inconfusaa,
1752 2017 2163 2072 verumtamen

523 2096 586 2158 in
616 2096 747 2179 ipso
776 2108 939 2175 sunt,
973 2116 1092 2159 non
1138 2105 1410 2179 tanquam
1475 2098 1534 2157 in
1585 2095 1714 2159 loco
1753 2097 1970 2179 (neque
2002 2098 2160 2160 enim

525 2188 654 2268 ipse
676 2189 734 2250 in
752 2186 884 2251 loco
909 2195 1138 2262 est,nec
1159 2204 1291 2265 quae
1311 2186 1372 2246 in
1398 2185 1689 2263 ipso),sed
1718 2186 1892 2249 habet
1917 2188 2019 2250 illa
2039 2188 2163 2250 sic-

523 2283 588 2337 ut
607 2273 871 2358 seipsum
896 2274 1381 2352 habet,omnibus
1401 2275 1641 2356 quidem
1667 2277 1845 2337 simul
1868 2278 2160 2340 exsisten-

521 2362 701 2445 tibus,
728 2365 1024 2430 distinctis
1050 2373 1249 2427 autem
1291 2364 1352 2425 in
1395 2371 1563 2446 parte
1603 2364 2045 2428 indivisibiliter
2073 2366 2161 2430 86.

519 2454 798 2536 Acceptis
827 2454 1114 2536 exemplis
1134 2473 1169 2517 a
1191 2471 1442 2516 numero
1467 2462 1525 2516 et
1544 2463 1776 2531 centro,
1795 2456 1896 2531 ait,
1917 2458 2163 2519 minime

526 2543 849 2606 absurdum
875 2562 1033 2620 esse,
1071 2563 1141 2605 ex
1155 2542 1447 2605 similibus
1469 2544 1827 2623 imaginibus
1852 2545 1923 2608 ad
1956 2564 2159 2608 eorum

525 2651 659 2714 quas
687 2633 842 2695 dicta
885 2640 1025 2696 sunt
1052 2633 1290 2695 culmen
1335 2633 1686 2710 ascendere,
1741 2635 1916 2697 modo
1950 2655 2159 2717 super-

524 2723 858 2785 mundanos
888 2722 1090 2784 oculos
1118 2720 1800 2785 adhibeamus.Diximus
1825 2725 2005 2799 enim,
2036 2745 2165 2786 om-

524 2812 625 2874 nia
669 2812 731 2873 in
762 2831 940 2874 causa
988 2811 1155 2875 unite
1200 2818 1478 2892 tanquam
1505 2814 1563 2873 in
1593 2814 1823 2876 unitate
1882 2834 2165 2878 numeros

526 2920 755 2977 omnes,
783 2909 841 2964 et
867 2901 1186 2977 collectim,
1222 2909 1499 2981 tanquam
1533 2903 1593 2963 in
1624 2911 1832 2965 centro
1862 2904 2051 2967 lineas
2074 2923 2167 2968 re-

528 2998 812 3072 ctas,quae
838 3009 874 3053 a
902 2990 1380 3053 circumferentia
1407 2991 1733 3073 ducuuntr,
1758 2995 2077 3058 contineri.

2249 488 2425 553 ἄλλως
2467 492 2555 546 καὶ
2584 488 2759 553 ἄλλως
2818 489 2911 553 τὰς
2963 489 3163 551 εὒθείας
3214 488 3602 567 περιλήψεταις
3656 499 3836 561 Θαυμα-

2249 581 2376 643 σίως
2427 578 2481 635 δὲ
2512 580 2719 636 τέθεικε
2754 581 2813 636 τὸ
2861 582 3100 658 περὶτοῦ
3144 578 3337 636 κύκλου
3393 578 3725 660 παράδειγμα,
3749 586 3836 646 πῶς

2249 668 2484 727 ἐνοῦνται
2535 668 2590 725 ἒν
2620 676 2695 742 τῷ
2730 674 2845 742 Θεῷ
2894 669 3103 731 ἐυιαίως
3132 670 3199 725 τὰ
3250 669 3443 742 πάντα,
3475 671 3567 725 καί
3597 677 3699 736 πῶς
3745 670 3836 728 δια·

2246 761 2506 837 κρίνονται
2563 760 2917 838 ἀριστάμενα,
2950 760 3035 816 καὶ
3064 760 3181 816 καθ’
3238 756 3361 814 ὅσον
3414 758 3726 837 ἀφίστανται,
3773 763 3843 817 καὶ

2244 853 2336 906 τὸν
2401 848 2696 924 σκεδασμὸν
2755 846 3116 925 λαμϐάνοντα,
3200 847 3340 905 ’Ἕτί
3399 850 3483 905 καὶ
3541 848 3594 903 ἒν
3644 854 3705 925 τῇ
3762 848 3839 916 δη.

2246 944 2530 1017 μιουργικῇ
2598 939 2705 996 τῦν
2782 937 2925 995 ῧλων
2992 939 3143 1017 φύσει
3224 939 3421 1002 πάντες
3492 938 3539 993 ὃὶ
3606 938 3694 1005 τῆς
3751 943 3838 996 καθ’

2244 1028 2468 1085 ἕκαστον
2523 1028 2727 1108 φύσεως
2771 1025 2922 1105 λόγοι
2982 1027 3402 1103 συνειλημμένοι
3457 1027 3590 1082 εἷσεν
3645 1027 3841 1106 ἀσυγχύ-

2248 1120 2377 1193 τῶς,
2438 1117 2618 1193 ὥσπερ
2675 1117 2768 1173 καί
2845 1116 2899 1172 ὲν
2967 1123 3035 1193 τῇ
3091 1122 3236 1193 ψ’)κῇ
3294 1115 3578 1192 μονοειδῶς
3631 1120 3679 1172 αἱ
3737 1139 3842 1192 προ-

2250 1210 2498 1275 νοητικαί
2558 1195 2807 1281 δυνάμεις
2866 1206 3052 1286 αὐτῆς,
3102 1208 3137 1274 ἡ
3196 1207 3452 1283 θρεπτικὴ
3494 1204 3721 1272 δηλονότι
3760 1205 3844 1261 καθ’

2246 1298 2311 1365 ἢν
2366 1297 2564 1376 τρέφει,
2596 1298 2631 1364 ἡ
2675 1295 2930 1363 αδξὴτικὴ
2958 1294 3078 1352 καθ’
3123 1296 3189 1362 ἣν
3223 1296 3361 1361 αὔξει
3408 1296 3469 1352 τὸ
3499 1297 3626 1372 πρὸς
3653 1297 3708 1351 τί)
3754 1316 3845 1372 γεν-

2246 1394 2340 1460 νᾷν
2380 1385 2769 1463 ἐπιτήδειον,ἡ
2819 1386 3100 1452 αἰσθητικὴ
3148 1386 3265 1442 καθ’
3322 1385 3390 1453 ἢν
3446 1385 3711 1441 ἐπιστατεῖ
3755 1397 3846 1449 ταῖς

2248 1478 2577 1556 αἰσθήσεσιν,
2607 1478 2641 1544 ἠ
2698 1474 2981 1542 δοξαστικὴ
3028 1476 3145 1531 καθ’
3198 1474 3262 1542 ἢν
3319 1479 3480 1554 κρίνει
3540 1475 3604 1530 τὰ
3648 1475 3845 1547 αἰσθητὲ,

2246 1565 2284 1633 ἡ
2341 1567 2673 1646 φανταστικὴ
2730 1564 2848 1621 καθ’
2918 1566 2986 1633 ἢν
3045 1565 3110 1619 τὰ
3183 1565 3404 1631 αἰσθητὰ
3456 1564 3779 1643 φαντάζεται,
3825 1565 3851 1629 ἡ

2248 1656 2497 1734 ὀρεκτικὴ
2555 1654 2671 1711 καθ’
2722 1654 2820 1723 τῆν
2870 1654 3135 1733 ὀρέγεται,
3179 1655 3267 1710 καὶ
3314 1651 3541 1719 καθεξῆς
3584 1654 3633 1708 αἰ
3682 1651 3848 1708 λοιπαί*

2248 1746 2386 1804 οὕτω
2427 1746 2515 1802 καὶ
2552 1746 2598 1801 οἱ
2632 1742 3007 1823 δημιουργικοὶ
3059 1742 3212 1821 λόγοι
3243 1745 3299 1798 ἓν
3331 1748 3405 1816 τῷ
3447 1741 3760 1820 δημιουρτῳ,
3788 1742 3854 1797 καὶ

2248 1837 2313 1893 τὰ
2347 1833 2468 1901 εἴδη
2526 1834 2762 1913 πάντων,
2797 1835 2885 1889 καὶ
2942 1854 3135 1893 παντες
3182 1834 3286 1888 εἰσί
3320 1832 3411 1888 καί
3476 1830 3754 1910 ἂσύγχυτοι
3784 1830 3856 1905 μέ-

2249 1940 2417 1998 νουσι,
2452 1923 2592 1992 πλὴν
2650 1923 2703 1979 ἐν
2736 1924 2878 1979 αὔτῶ
2912 1924 3043 1978 εἰσιν
3074 1924 3178 2001 οὔχ
3233 1924 3306 1987 ὡς
3336 1921 3390 1976 ἐν
3418 1920 3591 1994 τόπῳ,
3631 1918 3755 2000 (αὖτε
3782 1920 3855 1997 vi;

2250 2016 2405 2079 αὐτὸς
2450 2012 2503 2068 ἐν
2547 2013 2717 2088 τόπῳ,
2754 2012 2870 2069 οὔτε
2900 2013 2965 2068 τὰ
3015 2011 3069 2068 ἐν
3101 2011 3295 2089 αὐτῷ’)
3327 2007 3448 2066 ἀλλ’
3502 2011 3620 2089 ἔχει
3648 2010 3765 2065 αὗιᾶ
3802 2011 3855 2069 ὡς

2249 2105 2434 2160 ἑαυτὸν
2491 2106 2636 2182 ῑεχει,
2669 2103 2880 2158 πάντων
2933 2101 3028 2177 μὲν
3071 2103 3209 2176 ὁμοῦ
3264 2098 3450 2175 ὄντων,
3484 2097 3857 2177 διακεκριμένων

2247 2192 2301 2249 δὲ
2357 2196 2411 2249 ἓν
2462 2198 2538 2265 τῷ
2590 2192 2735 2272 μέρει
2768 2191 3005 2267 ἆμερῶς.
3064 2188 3248 2246 Λαϐὼν
3281 2190 3386 2246 ἀπὸ
3434 2200 3532 2248 τοῦ
3574 2192 3771 2267 ἀριθμοῦ
3796 2186 3861 2243 παῖ

2245 2290 2337 2339 τοῦ
2387 2281 2605 2357 κέντρου
2663 2281 2724 2338 τὰ
2785 2278 3211 2358 παραδείγματα,
3275 2281 3433 2357 φησὶν
3487 2278 3573 2337 ὅτι
3624 2282 3714 2334 οὐκ
3750 2277 3863 2333 ἒστιν

2245 2373 2442 2429 ἄτοπον
2476 2371 2536 2427 ἐκ
2566 2370 2817 2427 τοίούτων
2877 2370 3093 2425 εἰκόνων
3124 2368 3210 2424 ἐπὶ
3254 2368 3315 2424 τὸ
3355 2368 3489 2443 ὕψος
3525 2372 3626 2424 τῶν
3671 2368 3863 2445 λεγομέ-

2247 2485 2347 2517 νων
2430 2457 2753 2537 ἀναϐαίνειν,
2812 2480 2975 2537 μρνον
3052 2460 3095 2513 εἰ
3166 2457 3460 2537 ἀφαλμοῖς
3535 2456 3863 2537 ὑπερκοσμίοις

2243 2550 2524 2632 χρώμεθα,
2588 2549 2828 2624 Εἴπομεν
2886 2549 3011 2627 γὰρ,
3042 2546 3121 2603 ὅτι
3151 2552 3325 2604 πάντα
3378 2548 3431 2603 ἐν
3489 2555 3569 2621 τῷ
3599 2548 3734 2618 αἰτίῳ
3782 2569 3861 2620 μο-

2244 2640 2480 2713 νοειδῶς,
2498 2642 2568 2702 ὡς
2602 2639 2655 2694 ἐν
2697 2644 2765 2715 τῇ
2795 2636 2979 2715 μονάδι
3004 2638 3049 2693 οἱ
3075 2636 3288 2715 ἀριθμοῖ
3350 2635 3614 2714 ἅπαντες,
3635 2639 3715 2692 καὶ
3741 2638 3861 2704 ἡνω-

2248 2732 2429 2808 μὲνος,
2460 2732 2532 2796 ὡς
2580 2729 2634 2785 ἐν
2665 2733 2741 2801 τῷ
2802 2728 2999 2806 κέντρῳ
3050 2730 3098 2783 αἱ
3144 2726 3249 2783 ἀπὸ
3304 2732 3404 2794 τῆς
3435 2727 3754 2807 περιφερείας
3792 2727 3860 2781 εὖ·

2248 2814 2410 2870 θεῖαί.

605 3078 1001 3161 §VII.Omnia
1027 3080 1205 3161 igitur
1216 3097 1582 3162 quaecunque
1603 3084 1993 3145 essendi445
2023 3103 2160 3164 gra-

2325 3077 2512 3158 ἕνη,
2546 3077 2721 3133 Πάντα
2752 3076 2864 3157 οὖν,
2903 3074 3000 3132 ὅσα
3042 3075 3097 3131 ἐν
3145 3083 3220 3152 τῷ
3250 3076 3392 3133 εἶναι
3424 3075 3578 3156 ὄντα,
3613 3094 3870 3164 χαρακτητ

527 3167 670 3232 dum
700 3169 1392 3248 sortiuntur,insigniunt
1413 3170 1514 3233 illa
1537 3190 1670 3250 qua:
1686 3182 1845 3251 sunt;
1865 3174 1979 3235 nisi
2005 3172 2164 3236 enim

531 3267 688 3322 esset
716 3259 1237 3339 vita,nequaquam
1263 3258 1616 3337 viveremus;
1642 3261 1758 3324 nisi
1788 3271 1951 3324 esset
1974 3272 2170 3324 custo-

526 3348 646 3424 dia,
681 3352 1054 3428 nequaquam
1096 3348 1560 3427 custodirentur;
1592 3350 1708 3411 nisi
1739 3360 1898 3413 esset
1949 3360 2165 3433 motus,

528 3455 900 3520 nequaquam
924 3440 1540 3504 moveremur.0mnia
1559 3441 1994 3520 itaque,omnia
2013 3460 2172 3518 quae-

527 3546 763 3609 cunque
806 3527 1047 3590 essendi
1079 3527 1327 3606 gradum
1379 3528 1668 3605 obtinent,
1707 3529 2036 3610 insigniunt
2066 3530 2171 3592 illa

527 3636 661 3698 quae
681 3616 997 3680 sunt.Dicit
1026 3626 1224 3678 autem
1261 3616 1362 3678 illa
1393 3637 1525 3698 quae
1554 3628 1715 3700 sunt,
1748 3638 1865 3682 non
1898 3618 2175 3683 substan-

527 3708 661 3785 tias,
697 3707 802 3770 sed
834 3706 1203 3782 (accidentia)
1238 3725 1367 3785 qua;
1414 3708 1475 3769 in
1506 3710 1853 3770 substantiis
1903 3727 2168 3771 cernun-

529 3804 646 3873 tus,
677 3805 860 3876 atque
896 3796 1070 3858 etiam
1104 3814 1174 3859 ex
1203 3794 1326 3857 Deo
1357 3806 1519 3876 sunt;
1569 3799 1697 3860 haec
1757 3807 1951 3861 autem
2006 3808 2171 3862 extra

527 3904 742 3968 corpus
771 3885 1102 3948 consistere
1130 3896 1461 3966 nequeunt,
1496 3905 1685 3968 eaque
1724 3890 1898 3950 etiam
1933 3906 2039 3968 per
2060 3907 2169 3951 co-

531 3976 872 4055 gitationem
903 3982 1141 4038 sanctus
1173 3973 1349 4037 Pater
1379 3976 1600 4040 divisit.

609 4063 827 4142 §VIII.
889 4069 1082 4145 Atque
1138 4082 1207 4126 ex
1268 4065 1379 4127 hac
1434 4066 1699 4128 omnium
1771 4086 1946 4131 causa
1994 4069 2171 4131 etiam

530 4153 911 4219 intellectiles
953 4153 1150 4234 quoad
1202 4172 1334 4233 nos,
1399 4162 1461 4219 et
1502 4156 1907 4236 intelligentes
1978 4157 2173 4240 quoad

2251 3169 2375 3248 ρίζει
2435 3168 2500 3224 τὰ
2528 3165 2675 3223 ὄντα·
2713 3168 2756 3222 εἰ
2805 3168 2905 3244 γὰρ
2949 3166 3025 3241 μὴ
3083 3166 3151 3233 ἦν
3180 3166 3314 3240 ζωὴ,
3351 3165 3447 3222 οὒκ
3492 3164 3556 3221 ἂν
3604 3164 3810 3238 ἐζῶμεν·
3840 3162 3873 3215 εἰ

2253 3260 2331 3333 μὴ
2379 3258 2444 3325 ἧν
2476 3257 2699 3337 φρουρὰ,
2728 3256 2820 3312 οὒκ
2868 3253 2929 3311 ἂν
2971 3254 3379 3335 ἐφρουρούμεθα⁶
3416 3258 3460 3310 εἰ
3505 3254 3584 3329 μὴ
3639 3254 3701 3320 ἦν
3744 3254 3877 3316 κίνη-

2254 3370 2360 3420 σις,
2408 3350 2502 3405 οὒκ
2554 3346 2617 3403 ἂν
2679 3346 3010 3420 ἐκινούμεθα,
3077 3346 3255 3401 Πάντα
3288 3352 3438 3423 γοῦν,
3468 3344 3645 3400 πάντα
3701 3343 3790 3399 ὅσα
3836 3340 3879 3393 ὲν

2253 3444 2331 3512 τῷ
2362 3440 2494 3494 εἰναι
2524 3436 2676 3511 ὄντα,
2708 3437 2773 3491 τὰ
2816 3434 2942 3491 ὄντα
2975 3435 3450 3515 χαρακτηρίζουσι.
3512 3425 3699 3491 ’Ὄντα
3728 3428 3775 3486 δὲ
3802 3428 3878 3484 λέ-

2253 3550 2335 3607 γει
2394 3531 2452 3586 οὗ
2482 3527 2575 3589 τὰς
2636 3526 2839 3599 οὐσίας,
2874 3523 3021 3613 ἀλλὰ.
3040 3525 3105 3580 τὰ
3162 3524 3215 3580 ἐν
3261 3536 3383 3587 ταῖς
3420 3522 3623 3584 οὐσίαις
3675 3519 3877 3597 θεωρού-

2252 3639 2387 3694 μενα
2444 3615 2504 3673 ἐκ
2536 3622 2629 3673 τοῦ
2660 3621 2789 3671 Θεοῦ
2842 3622 2974 3669 εἰσι·
3010 3609 3175 3672 ταῦτα
3229 3612 3282 3670 δὲ
3343 3612 3492 3678 ἐκτὸς
3525 3612 3783 3686 σωμάτων
3832 3609 3878 3663 οὒ

2252 3707 2463 3764 δύναται
2522 3705 2877 3778 συνίστασθαι,
2910 3700 3074 3760 διεῖλε
3135 3702 3190 3760 δὲ
3250 3706 3395 3779 ὁμῶς
3453 3701 3586 3758 αὐτὰ
3644 3702 3673 3757 ὀ
3720 3698 3875 3769 Πατὴρ

2250 3797 2369 3853 κατ’
2401 3795 2664 3854 ἐπίνοιαν.

2334 4064 2364 4145 §
2417 4060 2577 4127 VIII.
2633 4065 2729 4122 Καὶ
2777 4064 2838 4121 ἐκ
2868 4067 2966 4131 τῆς
3012 4063 3177 4126 αἰτίας
3222 4068 3327 4121 τῶν
3372 4061 3586 4119 πάντων
3618 4063 3671 4117 αἱ
3721 4058 3877 4125 von-ui

2255 4159 2327 4220 ὡς
2383 4153 2514 4233 πρὸς
2547 4156 2712 4232 ἡμᾶς,
2748 4154 2845 4210 καὶ
2868 4150 3045 4231 ¹νοεραί
3072 4154 3143 4217 ὡς
3197 4152 3327 4229 πρὸς
3358 4150 3447 4207 τὸν
3481 4151 3616 4207 Θεὸν
3665 4146 3877 4217 δυνάμεις

531 4245 719 4308 Deum
756 4292 774 4321 ,
836 4243 1085 4305 virtutes
1163 4242 1547 4326 subsistunt,
1608 4246 1695 4309 uti
1743 4255 1799 4308 et
1847 4236 2063 4310 animae
2118 4255 2164 4308 el

2256 4245 2584 4323 ὑπέστησαν,
2646 4243 2740 4301 καὶ
2798 4244 2849 4300 αἱ
2910 4244 3105 4323 ψυχαὶ,
3162 4245 3255 4299 καί
3312 4242 3377 4298 τὰ
3430 4242 3682 4320 σώματα,
3714 4241 3794 4296 καὶ
3828 4236 3879 4292 τὶ

531 4352 806 4416 corpora,
859 4341 917 4396 et
969 4350 1103 4411 quas
1150 4334 1567 4415 quoquomodo
1600 4335 1657 4399 in
1689 4335 1822 4398 aliis
1850 4337 2173 4415 exsistunt,

2260 4338 2500 4392 ὁπωσοῦν
2530 4332 2566 4402 ἢ
2597 4331 2649 4389 ἒν
2680 4332 2878 4413 ἑτέροις
2932 4335 3266 4412 ὒπάρχοντα,
3292 4330 3365 4396 ὤς
3397 4338 3625 4411 χρῶμα,
3659 4327 3877 4409 σχρῖῳα,

532 4437 604 4487 ut
631 4415 821 4502 color,
867 4422 1080 4504 forma,
1118 4423 1391 4505 qualitas,
1425 4424 1656 4506 aliaque
1697 4444 1828 4503 quae
1858 4425 2019 4488 circa
2047 4445 2164 4489 cor‘

2259 4424 2585 4499 πηλικότης,
2621 4423 2707 4480 καὶ
2766 4421 2934 4478 τᾶλλα
2988 4423 3052 4481 τά
3082 4423 3200 4501 περὶ
3256 4423 3318 4478 τὸ
3369 4420 3542 4496 σῶμα⁴
3576 4415 3883 4499 opibussz

531 4532 644 4598 pus
699 4520 1047 4593 cernuntur,
1108 4513 1200 4575 vel
1254 4531 1359 4593 per
1417 4515 1836 4594 cogitationem
1882 4535 2015 4579 esse
2075 4516 2172 4577 di-

531 4612 768 4680 cuntur,
826 4612 892 4664 ut
938 4602 1289 4683 intellectio,
1320 4620 1556 4679 sensus,
1600 4603 1773 4686 ratio,
1820 4613 1879 4668 et
1929 4605 2171 4669 similia.

530 4694 637 4759 Illa
692 4694 896 4775 utique
930 4692 1003 4755 ab
1041 4692 1133 4754 his
1172 4694 1457 4766 secernit,
1514 4695 1792 4774 quoniam
1851 4695 1974 4776 illa,
2028 4708 2174 4756 tam-

534 4785 643 4848 etsi
667 4784 730 4846 in
760 4781 891 4846 aliis
920 4781 1267 4857 subsistant,
1324 4792 1522 4847 tamen
1570 4782 1774 4846 sensui
1833 4783 2174 4864 subjiciun-

533 4883 654 4952 tur;
704 4874 832 4935 haec
879 4880 1076 4934 autem
1130 4889 1511 4954 nequaquam
1576 4872 1779 4937 sensui
1837 4873 2169 4953 subjacent,

533 4964 637 5027 sed
672 4980 779 5044 per
805 4961 989 5025 solam
1012 4960 1430 5041 cogitationem
1463 4971 1930 5042 cognoscuntur.
1972 4964 2173 5044 Itaque

535 5058 786 5116 virtutes
814 5051 934 5114 illa
962 5053 1171 5134 beatae,
1204 5060 1322 5115 tam
1379 5053 1588 5135 primae
1634 5071 1810 5135 quam
1858 5062 2175 5135 sequentes

536 5148 596 5207 et
642 5142 870 5205 ultima
927 5141 1121 5223 quoad
1179 5142 1334 5219 illas,
1408 5162 1529 5206 non
1585 5143 1778 5226 quoad
1848 5160 1979 5221 nos;
2035 5161 2172 5205 nam

535 5233 727 5316 quoad
771 5249 885 5296 nos
913 5249 1123 5295 omnes
1175 5232 1688 5314 supermundiales
1732 5242 1869 5297 sunt
1904 5283 1920 5316 ,
1994 5232 2173 5296 etiam

534 5332 876 5407 postrema;
910 5329 970 5387 et
998 5320 1365 5404 principatus
1393 5330 1449 5388 et
1478 5324 1680 5388 omnia
1726 5341 1798 5387 ex
1850 5322 1973 5387 Deo
2021 5327 2085 5387 et
2113 5324 2175 5388 in

2257 4537 2373 4593 κατ,
2421 4513 2653 4570 ἐπίνοιαν
2713 4516 2850 4568 εἶναι
2884 4511 3170 4591 λεγόμενα,
3204 4511 3325 4569 οἷον
3384 4512 3590 4586 νόημα,
3626 4509 3880 4576 αἴσθησῗις,

2257 4604 2441 4684 λόγος,
2500 4602 2594 4659 καὶ
2649 4603 2714 4659 τὰ
2755 4604 2995 4664 τοιαῦτα.
3074 4602 3293 4673 Χωρίζει
3362 4599 3489 4679 γοῦν
3564 4600 3746 4655 ἐκεῖνα
3797 4596 3883 4651 ἀπὸ

2257 4695 2478 4766 τούτων,
2527 4691 2606 4748 ὅτι
2637 4691 2842 4766 ἐκεῖνα,
2878 4694 2922 4748 εἰ
2965 4692 3058 4749 καῖ
3090 4694 3145 4746 ἓν
3196 4690 3391 4768 ἑτέροις
3423 4690 3756 4766 ὒφίστανται,
3785 4681 3882 4740 ἀλλ’

2257 4784 2345 4841 οὗν
2399 4783 2635 4852 αἰσθήσει
2696 4784 3024 4839 ὁπόκεινται·
3105 4787 3270 4837 ταῦτα
3325 4774 3385 4836 δὲ
3443 4778 3549 4858 οὐχ
3608 4779 3883 4834 ξιπόκεινται

2257 4874 2517 4952 αἰσθήσει,
2551 4870 2673 4927 ἀλλ’
2703 4871 2819 4929 κατ’
2865 4872 3098 4928 ἐπίνοιαν
3144 4869 3314 4945 μόνην
3357 4869 3733 4947 γινώσκονται.
3788 4862 3883 4923 Καὶ

2256 4970 2379 5043 γςῦν
2432 4964 2482 5018 αὶ
2541 4962 2795 5040 μακάριαι
2848 4958 3120 5035 δυνάμεις,
3178 4957 3275 5016 καὶ
3333 4960 3383 5015 αἱ
3443 4963 3655 5037 πρῶται
3711 4956 3794 5013 καὶ
3842 4955 3884 5006 αἱ

2258 5042 2376 5131 μετ’
2427 5051 2613 5130 αὐτὰς,
2672 5051 2760 5107 καὶ
2819 5053 2871 5107 αἱ
2926 5049 3152 5130 ἔσχαται
3210 5049 3340 5126 πρὸς
3396 5046 3627 5122 ἐκείνας,
3659 5044 3719 5102 οὗ
3770 5042 3882 5119 πρὸς

2255 5146 2423 5220 ἡμᾶς’
2458 5142 2590 5218 πρὸς
2635 5141 2736 5219 γὰρ
2792 5141 2936 5212 ἡμᾶς
2996 5138 3341 5218 ὺπερκόσμιοί
3402 5138 3488 5194 καὶ
3536 5139 3591 5193 αἱ
3648 5134 3882 5216 gelatur:

2255 5234 2343 5290 καὶ
2378 5235 2429 5290 αἱ
2475 5230 2762 5310 ἀρχαὶκαὶ
2811 5229 2984 5286 πάντα
3013 5228 3073 5285 ἐκ
3119 5234 3213 5286 τοῦ
3259 5233 3388 5283 θεοῦ
3417 5229 3513 5284 καὶ
3567 5223 3627 5281 ἐν
3658 5230 3735 5298 τῷ
3785 5225 3883 5293 Θιῷ

2258 5324 2384 5380 εἰσιν
2428 5322 2516 5378 καὶ
2572 5320 2650 5396 μὴ
2704 5320 2865 5397 μόνον
2910 5319 2971 5377 τὸ
3021 5321 3161 5378 εἶναι
3219 5315 3357 5376 ἀλλὰ
3411 5316 3498 5374 καὶ
3551 5316 3619 5373 τὸ
3650 5314 3709 5373 εὖ
3759 5311 3885 5368 εἶναι

1865 5492 2125 5559 VARIIE
2173 5486 2612 5559 LEGTIONES.

621 5602 685 5656 86
705 5600 874 5669 Max.
912 5605 973 5665 in
996 5603 1362 5669 indivisibili.
