4052 6196
483 306 600 374 847
1662 305 1721 368 S.
1799 305 1981 369 DION
1990 304 2130 368 YSI]

2216 300 2714 370 AREOPAGITE
3712 302 3807 374 848

484 443 809 523 ﬁgurarum
842 438 1133 523 omnium;
1162 440 1290 503 huic
1311 440 1619 521 vero,quia
1640 459 1822 521 supra
1843 459 1912 502 ea
1934 439 2130 501 omnia

2217 438 2326 496 ’ἐστι
2357 442 2487 502 Θεὸς
2518 435 2766 518 ἀσχέτως
2819 440 2906 496 καὶ
2935 437 3300 518 ἐξῃρημένως’
3355 438 3440 494 καὶ
3472 436 3609 497 οὒδὲν
3657 440 3806 508 τέλος,

478 540 662 607 est,et
684 550 863 612 supra
888 532 1331 611 incorporeum,
1367 538 1426 592 et
1455 548 1635 610 supra
1657 530 2128 592 immaterialita-

2317 527 2589 561 sua.”
2794 528 2976 563 1..\
3060 526 3131 563 ’,κς
3274 527 3283 541 ν
3446 526 3461 544 ς
3540 526 3635 550 νη,
3724 529 3743 550 ν

2216 532 2310 604 μεο
2384 553 2412 585 ο
2444 553 2537 587 ουκ
2567 551 2674 584 εστι
2707 536 2835 589 Θεος
2895 551 2980 584 και
3030 544 3175 584 ωοεν
3220 548 3405 601 μεσον,
3445 549 3496 581 εν
3524 552 3566 601 ῳ
3591 549 3674 586 ουκ
3725 552 3810 587 εστι

479 629 599 683 tem
629 621 818 682 forma
844 620 1168 701 specieque
1200 638 1432 694 carens,
1471 621 1765 701 principia
1789 627 1849 682 et
1892 620 2042 681 ﬁnes
2076 626 2130 680 et

2216 620 2368 692 Θεὸς,
2401 619 2537 675 κατὰ
2595 617 2678 673 τό⁰
2741 614 2885 694 Ἐγὼ
2942 619 3072 682 Θεὸς
3132 618 3364 695 πρῶτος,
3423 638 3508 672 και
3557 617 3655 695 ἐγὼ
3705 622 3812 693 μιτᾶ

480 709 679 774 media
697 727 897 771 renum
924 708 1685 790 circumplectensmullum
1719 710 1879 772 enim
1916 708 2130 789 princi-

2216 717 2400 780 ταῦτα,
2434 708 2521 763 καὶ
2579 705 2722 774 πλὴν
2752 708 2886 782 ἱεμοῦ
2939 708 3034 763 οὐκ
3088 704 3221 762 ἔστι·
3280 713 3436 762 τοῦτο
3491 706 3589 786 γὰρ
3626 706 3745 763 ἐστιν
3784 710 3811 775 ἡ

478 797 644 879 pium
671 807 970 880 est,supra
1002 799 1159 880 quod
1195 819 1313 863 non
1338 800 1414 861 sit
1441 801 1599 863 Deus
1630 799 2130 879 incomprehense

2216 797 2364 876 ἀρχὴ
2421 798 2483 852 τὸ
2536 795 2712 871 τέλος,
2751 798 2838 852 καὶ
2892 796 2953 852 τὸ
3011 794 3198 871 μέσον,
3243 796 3382 851 κατᾶ
3429 796 3549 869 γοῦν
3596 796 3705 870 μίαν
3747 798 3813 853 καὶ

479 895 542 950 et
572 895 938 969 exempte;et
960 887 1480 970 nullusﬁnis,post
1508 907 1682 970 quem
1715 907 1833 949 non
1855 887 1933 948 sit
1953 889 2130 957 Deus;

2217 885 2632 963 ὑπερηνωμένην
2691 886 2883 945 αἰτίαν.
2946 886 3003 942 Ei
3044 886 3143 963 γὰρ
3185 884 3359 941 πολλὰ
3410 885 3476 940 τὰ
3527 886 3715 942 αἱτιατὰ
3746 888 3814 942 καὶ

472 985 534 1039 et
563 977 795 1038 nullum
831 977 1119 1052 medium,
1150 977 1212 1038 in
1243 997 1361 1058 quo
1384 996 1504 1039 non
1538 978 1614 1038 sit
1646 977 1824 1047 Deus,
1867 979 2034 1056 juxta
2061 974 2130 1038 il-

2218 978 2269 1032 αἰ
2326 973 2517 1054 δωρεαί
2569 974 2799 1055 ἄπειροι,
2861 972 2997 1031 ἀλλὰ
3054 976 3143 1031 καί
3216 973 3349 1052 ὑπὲρ
3422 979 3593 1030 πᾶσαν
3665 974 3815 1033 ἕνωσιν

474 1065 579 1128 lud
604 1087 619 1130 :
648 1068 770 1146 Ego
797 1066 957 1129 Deus
979 1067 1232 1147 primus,
1267 1076 1325 1128 et
1348 1086 1460 1146 ego
1487 1074 1617 1147 post
1644 1068 1794 1143 haec;
1831 1077 1893 1128 et
1925 1073 2130 1146 praeter

2220 1065 2338 1144 ἔχει
2368 1065 2430 1120 τὸ
2484 1065 2685 1120 ἑνιαϊον
2715 1067 2775 1121 τὸ
2822 1063 3021 1137 αἴτιον,
3067 1064 3351 1144 ἀχράντως
3386 1076 3508 1125 τοῖς
3550 1069 3697 1120 πᾶσιν
3720 1065 3815 1121 ἐπι-

475 1176 574 1222 me
603 1176 723 1221 non
752 1169 844 1221 est
865 1158 1208 1234 alius‘;hoc
1238 1159 1401 1220 enim
1439 1166 1529 1221 est
1562 1158 1949 1239 principium,
1974 1166 2033 1219 et
2056 1158 2127 1218 ti-

2216 1153 2437 1229 λάμπει,
2493 1152 2641 1221 δίκην
2701 1160 2794 1211 τοῦ
2868 1156 3118 1220 αἰσθητοῦ
3168 1155 3355 1212 τούτου
3419 1152 3590 1221 ἡλίουσ
3656 1156 3695 1210 εἰ
3742 1156 3818 1232 γᾶρ

476 1247 595 1329 nis,
622 1256 679 1310 et
699 1247 986 1327 medium,
1012 1249 1217 1329 utique
1247 1247 1581 1310 secundum
1608 1266 1789 1309 unam
1819 1256 1877 1309 et
1908 1265 2129 1328 supra-

2216 1246 2364 1306 οὗτος
2411 1245 2439 1298 6
2484 1242 2544 1298 ἐκ
2572 1250 2662 1299 τοῦ
2713 1250 2843 1300 Θεοῦ
2872 1243 3102 1307 ὑποστὰς
3163 1242 3367 1308 πολλὰς
3418 1244 3594 1305 οὐσίας
3621 1242 3816 1299 niam-

477 1356 654 1417 quam
676 1337 899 1399 unitam
921 1338 1057 1398 447
1078 1338 1520 1400 causam.Licet
1536 1337 1695 1400 enim
1717 1337 1885 1398 multi
1910 1336 2129 1398 sintef—

2216 1334 2400 1413 φόρους
2458 1334 2749 1399 ποιότητας
2810 1332 2895 1396 εἶς
2953 1331 3027 1389 ὢν
3072 1331 3360 1407 μονοειδῶς
3417 1331 3716 1411 ἐπιλάμπει,
3754 1333 3822 1389 καί

477 1426 666 1489 lectus
679 1435 737 1489 et
752 1418 1000 1490 munera
1024 1428 1480 1501 inﬁnita,tamen
1496 1445 1673 1508 supra
1687 1444 1927 1488 omnem
1957 1427 2129 1487 unio-

2216 1423 2478 1497 μενούσης
2543 1428 2668 1496 μιᾶς
2701 1424 2789 1478 καί
2817 1423 3012 1484 ἐνιαίας
3070 1424 3169 1489 τῆς
3199 1421 3475 1502 λάμψεως,
3507 1421 3725 1502 διάφοροι
3761 1426 3822 1498 γί-

476 1534 615 1579 nem
640 1516 819 1579 habet
847 1535 1030 1579 unum
1062 1516 1207 1578 illud
1236 1535 1435 1597 causa,
1456 1516 1833 1597 quaeliquido
1852 1514 2130 1579 omnibus

2216 1534 2390 1568 νονται
2447 1512 2499 1566 αἱ
2554 1510 2832 1588 ἐνέργειαι·
2894 1510 3081 1586 πολλῷ
3125 1532 3184 1589 γε
3216 1510 3422 1585 μᾶλλον
3479 1511 3569 1567 ἐπί
3620 1518 3736 1568 Θεοῦ
3776 1514 3824 1568 τὸ

477 1605 686 1668 illucet
734 1625 900 1669 more
956 1606 1100 1669 solis
1134 1607 1311 1687 hujus
1341 1606 1646 1668 sensibilis
1682 1624 1695 1665 :
1732 1606 1783 1667 si
1814 1606 1972 1668 enim
2010 1607 2128 1682 hic,

2216 1608 2450 1657 τοιοῦτον
2508 1600 2721 1670 νοήσειε
2750 1624 2827 1664 τις
2873 1601 2967 1659 τοῦ
3003 1608 3228 1669 ποιητοῦ
3263 1602 3352 1657 καί
3408 1601 3589 1674 αὗτοῦ,
3618 1603 3699 1657 καί
3741 1607 3825 1657 τῶν

479 1712 614 1759 cum
641 1715 711 1759 ex
740 1698 864 1759 Deo
888 1695 1414 1773 subsistat,multas
1445 1696 1802 1759 substantias
1835 1714 1902 1758 ac
1924 1696 2128 1758 diver-

2216 1689 2393 1746 ἄλλων
2426 1689 2699 1753 ἁπάντων,
2749 1692 2851 1748 Καί
2898 1692 2943 1747 εἰ
2973 1693 3000 1747 ὸ
3049 1689 3199 1758 ἥλιος
3229 1692 3324 1754 τὰς
3357 1692 3527 1755 αἰτίας
3556 1697 3654 1748 τῶν
3678 1693 3830 1749 τοσούο

477 1801 575 1847 sas
624 1785 935 1866 qualitates
984 1805 1140 1849 unus
1171 1785 1463 1848 exsistens
1493 1786 1868 1848 uniformiter
1898 1785 2126 1847 illumi-

2216 1802 2318 1835 των
2369 1783 2649 1857 ἐνεργειῶν
2710 1780 2796 1835 καί
2850 1780 3111 1850 κινήσεων
3177 1780 3465 1856 μονοειδῶς
3527 1781 3827 1860 προείλησςν,

476 1875 1129 1956 net,et,illuminatione
1158 1895 1275 1937 una
1306 1884 1365 1938 et
1398 1876 1566 1937 unita
1597 1886 2008 1955 permanente,
2029 1874 2125 1937 di-

2216 1870 2422 1931 ἑνιαίως
2455 1868 2580 1931 ὅλος
2633 1867 2828 1925 ἅπασιν
2861 1868 3203 1946 ἐπιλάμπων,
3237 1869 3327 1925 καί
3367 1870 3576 1943 ἑκάστῳ
3624 1872 3828 1946 εὖρισκό-

475 1982 662 2027 versae
688 1966 822 2027 ﬁant
854 1967 1262 2046 operationes;
1292 1974 1509 2044 quanto
1544 1965 1728 2044 magis
1763 1964 1825 2026 in
1855 1967 1976 2028 Deo
1996 1965 2130 2046 quis

2216 1980 2373 2035 μενος
2440 1958 2759 2037 πρόσφορος*
2823 1957 3010 2032 πολλῴ
3066 1980 3129 2036 γε
3186 1958 3390 2034 μᾶλλον
3440 1961 3830 2039 συγχωρήσομεν

480 2053 628 2116 illud
658 2053 971 2137 intelligat,
1005 2060 1105 2135 qui
1140 2064 1254 2116 tam
1288 2055 1446 2116 illius
1467 2073 1638 2136 qaam
1662 2061 2007 2116 czeterarum
2029 2072 2130 2115 re-

2218 2050 2359 2105 εἶναι
2413 2049 2553 2126 παρὰ
2597 2055 2673 2122 τῷ
2704 2048 3015 2127 δημιουργῷ
3070 2050 3133 2104 τὰ
3162 2057 3268 2104 τῶν
3297 2049 3461 2105 ὄντων
3519 2051 3718 2105 πάντων
3742 2064 3828 2104 1::-

2218 2137 2563 2219 ραδείγματα.
2622 2139 2719 2195 Καί
2762 2141 2788 2193 6
2816 2140 2912 2213 μὲν
2947 2138 3167 2195 Πλάτων
3208 2139 3308 2201 τὰς
3360 2136 3504 2201 ἰδέας
3532 2140 3618 2194 καί
3645 2140 3707 2195 τά
3747 2161 3832 2195 m-

2218 2227 2539 2306 ραδείγματα
2612 2232 2875 2291 ταπεινῶς
2934 2229 3022 2283 καί
3098 2226 3321 2293 ἀναξίως
3393 2227 3530 2283 Θεοῦ
3605 2226 3830 2305 ἒξεῧκηφεν

2217 2324 2244 2373 6
2290 2316 2343 2372 δὲ
2377 2318 2552 2395 πατὴρ
2608 2322 2674 2392 τῇ
2727 2316 2824 2390 μὲν
2880 2315 3017 2383 λέξει
3074 2316 3370 2397 ἐχρήσατο,
3417 2319 3521 2384 τὴν
3561 2315 3613 2372 δὲ
3666 2317 3836 2372 ἔννοιαν

2217 2405 2443 2469 εὒσεϐὠς
2494 2405 2817 2484 ἐξηγήσατο,
2854 2404 3254 2485 παραδείγματα
3299 2405 3470 2486 λέγων
3528 2408 3647 2468 τοὺς
3695 2418 3832 2483 προϋ-

2217 2501 2490 2577 φεστώτας
2551 2495 2767 2572 λόγους,
2822 2497 2910 2552 καί
2961 2498 3026 2552 τὰ
3075 2497 3388 2576 ἀφοριστικὰ
3444 2497 3700 2563 ποιητικὰ
3740 2501 3836 2552 θεῖα

483 2161 618 2204 rum
654 2143 924 2206 conditor
953 2144 1215 2207 exsistit?
1236 2145 1312 2207 Et
1339 2147 1387 2207 si
1418 2144 1507 2206 sol
1558 2151 1852 2206 tantorum
1886 2161 2131 2224 operum

482 2250 550 2295 ac
578 2232 906 2295 motionum
978 2253 1184 2296 causas
1253 2233 1629 2295 uniformiter
1688 2234 2131 2313 prmacceperit,

482 2322 647 2384 unite
678 2330 833 2385 totus
852 2323 1129 2385 omnibus
1158 2324 1476 2405 aﬂ‘ulgens,
1512 2322 1837 2402 unicuique
1864 2340 2134 2383 commo-

484 2411 597 2473 dus
629 2412 1152 2495 inventus;quanto
1174 2416 1359 2493 magis
1381 2412 1535 2489 apud
1559 2412 1904 2475 Creatorem
1935 2429 2134 2474 exem-

483 2502 665 2581 plaria
713 2519 913 2564 rerum
962 2504 1228 2564 omnium
1258 2503 1548 2564 exsistere
1585 2501 2017 2564 concedamus?
2046 2501 2129 2564 Ac

480 2591 645 2655 Plato
677 2593 915 2672 quidem
949 2592 1115 2655 ideas
1139 2605 1201 2654 et
1220 2592 1584 2671 exemplaria
1606 2591 1784 2653 nimis
1821 2591 1916 2652 vili
1947 2599 2002 2651 et
2033 2591 2127 2650 in-

484 2680 667 2756 digna
700 2681 807 2744 Dei
829 2682 1056 2743 ratione
1074 2683 1327 2763 accepit;
1350 2682 1447 2743 hic
1472 2683 1643 2742 Pater
1676 2700 1812 2743 vero
1844 2682 1954 2742 hac
1997 2682 2129 2761 qui-

487 2769 627 2830 dem
646 2788 788 2831 voce
817 2789 953 2833 usus
976 2779 1087 2853 est,
1124 2772 1229 2834 sed
1253 2789 1493 2832 sensum
1522 2770 1649 2849 ejus
1677 2771 1770 2851 pie
1796 2770 2128 2851 explicavit,

489 2859 1093 2937 dicens,exemplaria
1111 2879 1242 2921 esse
1265 2860 1525 2921 rationes
1555 2859 2133 2937 prarexsistentes,ac

490 2947 727 3009 divinas
749 2947 1077 3009 voluntates
1099 2968 1228 3029 quae
1250 2948 1544 3009 deﬁniunt
1570 2966 1637 3009 ac
1659 2948 1883 3009 faciunt
1902 2949 2133 3009 univer-

490 3053 557 3100 sa
578 3036 724 3107 (sola
746 3036 905 3098 enim
922 3037 1071 3118 (Dei)
1084 3038 1382 3100 voluntate
1396 3036 1596 3098 omnia
1613 3038 1965 3116 consistunt)
1988 3056 2134 3114 quas

489 3132 549 3187 et
571 3124 1074 3205 praedeﬁnitiones
1100 3145 1204 3189 seu
1236 3126 1693 3208 prwdicationes
1722 3126 1887 3188 divus
1915 3128 2135 3189 Paulus

2213 2587 2514 2662 θελήματα,
2576 2588 2750 2660 (μόνῳ
2810 2587 2909 2664 γὰρ
2956 2590 3033 2659 τῷ
3087 2585 3364 2662 βούλεσθαι
3408 2585 3473 2642 τὰ
3508 2587 3678 2643 πάντα
3726 2587 3834 2641 ὺπέ-

2216 2680 2457 2747 στησεν·)
2503 2675 2589 2736 οὒς
2624 2676 2711 2730 καί
2754 2676 3106 2754 προορισμοὺς
3157 2678 3185 2731 ὸ
3215 2680 3362 2740 Θεῐος
3418 2675 3630 2737 Παῡλός
3682 2692 3833 2755 φησιν·

2216 2766 2315 2829 Οὓς
2393 2766 2446 2821 δὲ
2524 2765 2808 2844 προώρισε,
2891 2765 3085 2842 λέγων,
3165 2767 3379 2828 τούτους
3447 2766 3544 2823 καί
3621 2765 3833 2822 ἒκᾶλεσεδ

2217 2856 2304 2911 καί
2362 2854 2599 2929 ἕτέρωθι,
2658 2854 2944 2932 Προορίσας
3000 2856 3145 2929 ἡμᾶς
3216 2854 3268 2910 ἐν
3324 2862 3402 2929 τῷ
3454 2854 3717 2931 θελήματι
3756 2856 3836 2910 αὖ·

2215 2952 2328 3007 τοῦ.
2386 2946 2453 3002 Τὸ
2488 2943 2567 3024 δὲ,
2599 2943 2712 2999 ἐπεί
2760 2945 2848 2999 καί
2899 2946 3078 3005 οὗαίας
3138 2945 3363 3023 παράγει
3418 2947 3559 3002 κατὰ
3614 2946 3707 3011 τὴν
3756 2943 3838 2999 ὕπὸ

2217 3036 2393 3099 οὐσίας
2453 3032 2690 3113 ἔκϐασιν,
2724 3036 2961 3091 τοιοῦτόν
3002 3056 3121 3091 τινα
3171 3034 3291 3115 ἔχει
3321 3033 3505 3113 λόγον.
3563 3037 3746 3109 Εἶπεν,
3774 3033 3841 3089 ὃτι

2216 3125 2428 3181 πάντων
2500 3128 2605 3180 τῶν
2678 3123 2847 3180 ὃντων
2902 3123 2967 3179 τέ
3024 3121 3423 3200 παραδείγματα
3491 3124 3550 3180 ἐν
3620 3126 3695 3198 τῷ
3747 3129 3844 3179 Θεώ

488 3211 1003 3295 appellat,dicens:
1032 3214 1196 3291 Quos
1216 3205 1419 3278 autem
1435 3216 1911 3297 praedestinavit,
1941 3217 2048 3279 hos
2078 3225 2130 3279 et

2218 3215 2383 3292 ἐστιν,
2415 3214 2538 3270 εἶτα
2594 3213 2819 3285 ὡσπερεί
2848 3235 2989 3278 τινος
3047 3214 3155 3269 τῶν
3211 3211 3387 3269 ἄλλων
3431 3213 3537 3288 μὲν
3590 3215 3710 3277 τοὺς
3760 3212 3844 3269 λό-

486 3304 720 3366 υοσαυίι
738 3312 850 3379 al;et
869 3304 1043 3367 alibi:
1067 3306 1661 3384 Ouiprwdestinavit
1690 3324 1801 3367 nos
1824 3306 1889 3367 in
1919 3306 2132 3368 volun-

2220 3327 2344 3382 γους
2370 3301 2600 3366 διδόντος
2632 3316 2770 3359 εἶναι
2802 3303 2857 3359 ἐν
2885 3308 2962 3376 τῷ
2993 3308 3132 3383 Θεῷ,
3165 3301 3410 3371 δηλονότι
3440 3309 3551 3360 τῶν
3581 3309 3840 3383 προνοιῶν,

490 3398 745 3454 tatesua
767 3388 814 3456 δ.
848 3393 1014 3465 Quod
1046 3402 1241 3456 autem
1276 3395 1455 3455 etiam
1488 3392 1851 3454 substantias
1884 3393 2130 3455 adducat

2219 3399 2323 3448 τῶν
2367 3391 2597 3473 δωρεῶν,
2631 3395 2737 3449 τῶν
2784 3394 3072 3472 κινήσεων,
3104 3396 3276 3458 καθὼς
3310 3394 3399 3449 καί
3431 3395 3498 3450 τά
3542 3392 3846 3451 ἀποστολικά

485 3481 817 3543 secundum
875 3483 1275 3561 egressionem
1309 3502 1342 3544 a
1393 3482 1747 3558 substantia,
1802 3482 2130 3544 istiusmodi

2221 3484 2357 3561 ῥητά
2418 3481 2654 3563 ἔχουσιν·
2718 3484 2791 3545 ὡς
2864 3483 3176 3559 συνάγεσθαι
3236 3484 3372 3546 ἴσως
3427 3484 3685 3563 ἐντεῦθεν,
3742 3484 3845 3543 τοὺς

487 3571 777 3632 rationem
804 3570 1325 3635 babet.Dixeratin
1344 3571 1464 3634 Deo
1488 3590 1619 3633 csse
1643 3575 1909 3634 omnium
1935 3592 2130 3635 rerum

2222 3572 2318 3648 μὲν
2374 3573 2725 3651 προορισμοὺς
2776 3577 2876 3637 τῆς
2931 3571 3196 3637 διακονίας
3261 3575 3345 3629 καὶ
3375 3575 3478 3639 τῆς
3537 3571 3843 3643 ἀποστολῆς,

488 3660 874 3741 exemplaria;
907 3661 1125 3723 deinde
1152 3682 1220 3723 ac
1262 3662 1311 3723 si
1343 3661 1475 3741 quis
1499 3662 1743 3723 aliarum
1770 3662 2009 3741 quidem
2040 3681 2130 3723 re~

2225 3664 2308 3718 καί
2363 3663 2483 3725 τοὺς
2514 3660 2706 3740 λόγους
2763 3663 2964 3719 τούτων
3009 3662 3148 3719 εἴναι
3196 3663 3252 3720 ἐν
3280 3664 3357 3737 τῷ
3411 3670 3552 3743 Θεῷ,
3587 3664 3753 3719 αὐτῶν
3800 3659 3844 3716 δὲ

492 3767 625 3811 rum
659 3748 921 3812 rationes
939 3751 997 3811 in
1024 3754 1146 3814 Deo
1171 3771 1303 3815 esse
1319 3752 1708 3831 dicat,utputa
1730 3751 2130 3831 providentia-

2218 3758 2323 3808 τῶν
2382 3752 2677 3828 προσώπων
2706 3752 2772 3807 τὰ
2825 3750 3221 3830 παραδείγματα
3282 3753 3359 3827 μὴ
3417 3753 3591 3809 εἶναι’
3644 3750 3846 3829 ὥσπερεέ

487 3857 696 3902 rumac
720 3841 1965 3921 munerum,motunmque,sicutapostolica
1982 3842 2130 3902 dicta

2218 3864 2365 3907 τινος
2397 3849 2521 3921 γοῦν
2552 3841 2792 3917 οἰομένου
2848 3849 3064 3898 τοιαῦτα
3090 3844 3179 3898 καί
3206 3844 3531 3923 χωρίζοντος
3578 3848 3683 3899 τῶν
3709 3862 3846 3912 προσ·

488 3929 748 4004 tradunt;
798 3930 877 3990 ita
923 3939 985 3991 ut
1023 3931 1162 3993 hinc
1211 3930 1449 4011 quidem
1509 3930 1898 4010 probabiliter
1955 3931 2129 3992 colli-

487 4026 678 4096 gatur,
738 4018 1284 4096 praedestinationes
1335 4019 1657 4080 ministerii
1715 4026 1775 4079 et
1834 4021 2132 4101 apostola-

487 4112 581 4167 tus
634 4105 1020 4184 rationesque
1077 4108 1288 4169 horum
1349 4125 1482 4169 esse
1542 4108 1603 4168 in
1659 4109 1801 4185 Deo,
1865 4109 2128 4190 ipsarum

483 4200 681 4256 autem
755 4212 1141 4275 personarum
1220 4196 1580 4277 exemplaria
1652 4216 1771 4258 non
1832 4217 1983 4259 esse.
2045 4199 2130 4261 Ac

484 4281 538 4346 si
592 4283 727 4363 quis
778 4285 977 4366 itaque
1053 4284 1386 4348 istiusmodi
1464 4286 1766 4367 opinionis
1846 4288 2019 4370 foret,
2075 4298 2130 4351 et

482 4389 518 4433 a
559 4372 834 4451 personis
896 4375 1542 4456 actiones'separaret,
1606 4376 1837 4453 asserit,
1892 4387 2124 4441 creato-

2215 3931 2378 3987 ώπων
2432 3932 2526 3994 τὰς
2587 3931 2874 4009 ἐνεργείας,
2910 3933 3039 4009 φησί
3091 3936 3371 4006 συνιστιῦν,
3404 3931 3487 3988 ’ὁτι
3549 3931 3642 3991 καί
3697 3931 3844 3987 who.“

2214 4020 2332 4077 καθ’
2390 4021 2514 4077 αὐτὸ
2544 4025 2652 4075 τῶν
2683 4022 2983 4099 προσώπων
3040 4022 3161 4083 τοὺς
3196 4020 3387 4100 λόγους
3416 4021 3536 4101 ἔχει
3590 4020 3716 4098 παρ’
3740 4020 3843 4077 Eu:-

2219 4118 2290 4185 τῴ
2346 4113 2373 4166 6
2420 4107 2770 4191 δημιουργός,
2800 4110 2918 4168 ἰπεί
2966 4112 3055 4168 καί
3110 4112 3290 4177 αὒσίας
3346 4113 3607 4189 παράγει,
3662 4109 3841 4185 Σκέψαι

2214 4203 2314 4279 γὰρ
2371 4200 2475 4256 ἀπὸ
2536 4201 2641 4257 τῶν
2696 4201 2813 4257 καθ’
2876 4203 3020 4276 ἡμᾶς
3071 4202 3371 4281 τεχνητῶν,
3405 4201 3487 4257 ὃτι
3524 4204 3691 4276 ἡμεῖς
3736 4199 3837 4276 μὲν,

2213 4290 2327 4346 ἐπεί
2384 4288 2476 4345 οὒκ
2530 4291 2709 4354 οὐσίας
2775 4292 3105 4370 παράγομεν,
3150 4290 3266 4348 οὐδὲ
3324 4291 3444 4354 τοὺς
3505 4289 3701 4370 λόγους
3753 4292 3837 4344 τῶν

2212 4380 2399 4438 οὐσιῶν
2448 4377 2570 4456 παρ’
2630 4381 2843 4445 ἑαυτοῖς
2900 4380 3128 4460 ἔχομεν’
3190 4380 3347 4445 ἕξεων
3404 4378 3460 4435 δὲ
3516 4383 3612 4437 καί
3664 4379 3839 4457 τέχνης

478 4477 606 4524 rem
655 4461 1053 4543 ipsarummet
1106 4482 1493 4546 personarum
1552 4482 1791 4546 quoque
1862 4474 2126 4530 rationes

2216 4468 2399 4547 λόγους
2461 4467 2607 4528 οὐδὲν
2650 4468 2844 4526 κωλύει
2905 4469 3054 4549 ἔχειν
3113 4472 3281 4545 ἡμᾶς,
3320 4468 3432 4526 καθ’
3485 4473 3577 4535 οὒς
3610 4465 3840 4525 amen}:-

476 4569 664 4633 penes
695 4571 762 4617 se
795 4553 1181 4637 habere,cum
1217 4555 1394 4617 etiam
1413 4553 1770 4617 substantias
1804 4557 2111 4637 producat.

2216 4561 2346 4626 ώείη
2394 4561 2454 4616 τὸ
2511 4561 2803 4640 τεχνητόν.
2838 4550 2895 4619 εΟ
2951 4558 3004 4616 δὲ
3056 4562 3208 4635 Θεὸς,
3244 4560 3356 4617 ἐπεί
3385 4561 3474 4616 καί
3503 4560 3706 4616 τούτων
3758 4557 3841 4612 κᾶ-

472 4641 781 4724 Siquidem
815 4644 872 4705 id
905 4645 1220 4707 observare
1249 4644 1385 4707 licet
1415 4644 1476 4704 in
1523 4644 1701 4705 rebus
1748 4646 2111 4709 nostratibus

2216 4651 2378 4706 ιείνων
2435 4651 2785 4729 παραγωγεύς
2841 4649 3006 4725 ἐστιν,
3039 4650 3258 4715 εἰκότως
3317 4649 3432 4730 ἔχει
3466 4650 3558 4705 καί
3619 4644 3837 4727 apame-

470 4740 597 4794 arte
630 4732 820 4815 factis,
854 4734 1135 4812 quoniam
1168 4753 1277 4797 nos
1307 4733 1548 4815 quidem
1589 4754 1722 4795 cum
1753 4734 2109 4799 substantias

2216 4762 2296 4795 ›ων
2338 4739 2454 4804 τοὺς
2496 4739 2713 4816 λόγους,
2746 4742 2834 4796 καί
2878 4747 2982 4796 τῶν
3013 4738 3192 4804 ἕξεων.

471 4839 592 4882 non
625 4822 1046 4905 producamus,
1080 4824 1547 4887 substantiarum
1579 4844 1815 4906 quoque
1847 4826 2107 4890 rationes
2129 4828 2282 4909 apud
2321 4847 2430 4890 nos
2463 4827 2708 4889 minime
2741 4827 3029 4890 habemus
3066 4850 3083 4903 ;
3113 4826 3533 4890 habitudinum
3568 4833 3764 4887 autem
3792 4836 3840 4887 ct

471 4910 618 4972 artis
648 4913 910 4975 rationes
932 4913 1153 4975 habere
1181 4933 1290 4976 nos
1316 4912 1460 4975 nihil
1485 4921 1661 4988 vetat,
1699 4915 2025 4976 secundum
2053 4936 2195 4997 quas
2219 4936 2315 4980 res
2337 4926 2462 4980 arte
2496 4918 2644 4979 facta
2674 4917 3034 4983 absolvatur.
3067 4918 3221 4981 Deus
3246 4935 3408 4998 vero,
3432 4934 3571 4978 cum
3595 4922 3709 4977 tam
3733 4913 3841 4974 haec

470 5018 652 5090 quam
684 5002 786 5065 illa
814 5004 1121 5084 producat,
1161 5005 1374 5067 merito
1406 5002 1585 5066 habet
1616 5011 2008 5088 utrorumque
2036 5008 2316 5086 rationes,
2351 5018 2467 5070 tam
2501 5009 2967 5071 substantiarum
3001 5027 3173 5090 quam
3208 5007 3547 5090 habituum.

549 5089 705 5170 §IX.
741 5092 1021 5157 Clemens
1076 5103 1275 5158 autem
1323 5093 1717 5175 philosophus
1775 5095 1941 5158 urbis
1990 5096 2112 5159 Bo-

2279 5099 2307 5180 §
2363 5098 2464 5161 IX.
2504 5091 2559 5157 Ὀ
2592 5100 2769 5175 μέντοι
2816 5087 3102 5180 φιλόσοςρος
3138 5099 3366 5174 Κλήμης
3396 5100 3423 5154 6
3459 5087 3681 5173 Ῥώμης
3736 5095 3844 5150 lai-

465 5198 658 5245 mauas
714 5182 1055 5265 episcopus,
1117 5193 1181 5245 ut
1238 5184 1482 5262 quidam
1559 5183 1921 5265 interpretes
1976 5187 2115 5248 448

2216 5211 2431 5263 τκοπος,
2459 5188 2532 5254 ὥς
2587 5191 2713 5270 φασί
2742 5212 2879 5254 τινες
2945 5189 3312 5268 ἐξηγούμενοι,
3344 5186 3469 5263 δόξῃ
3526 5188 3637 5242 τινί
3684 5205 3841 5249 κατη-

463 5276 648 5349 atunt,
674 5273 1017 5355 opinionem
1068 5274 1381 5356 quamdam
1410 5281 1649 5335 secutus
1704 5282 1810 5351 est,
1842 5286 2115 5357 qumtra-

2216 5280 2492 5346 ιο)ούθησε
2551 5278 2804 5357 λεγούσῃ,
2840 5281 2928 5337 καί
2984 5279 3037 5337 ἐν
3067 5284 3135 5347 τῆ
3185 5278 3387 5359 γενέσει
3418 5276 3526 5333 τῶν
3590 5276 3842 5341 αἰσθητῶν

463 5360 757 5437 dit,etiam
777 5363 839 5425 in
853 5363 1239 5444 generatione
1262 5380 1467 5425 rerum
1490 5362 1801 5425 sensilium
1824 5366 2110 5446 quasdam

2216 5371 2341 5429 ,ἵναί
2369 5393 2514 5434 τινας
2572 5369 2803 5450 ἀρχικὰς
2834 5370 3021 5436 αἰτίας,
3088 5361 3177 5433 Ὦς
3213 5375 3337 5447 γοῦν
3368 5367 3422 5424 ἐν
3474 5378 3600 5431 τοῖς
3634 5374 3838 5431 νοητοῖς

463 5466 598 5517 esse
614 5469 830 5517 causas
870 5452 1250 5537 principales.
1286 5450 1802 5525 Quemadmodum
1830 5456 2028 5537 itaque
2049 5457 2109 5520 in

2216 5462 2306 5519 ἱστι
2364 5459 2538 5539 λέγειν
2596 5459 2689 5524 τοίς
2751 5461 2959 5531 νοήσεις
2992 5460 3087 5525 τάς
3143 5460 3284 5523 Θείας
3344 5456 3533 5537 λόγους
3592 5450 3841 5535 ἀρχικοὺς

538 5621 560 5653 τ
594 5616 783 5695 Apoc.
820 5633 963 5697 xxu,
998 5615 1095 5677 13.
1184 5628 1206 5656 ⁸
1239 5618 1412 5680 Rom.
1447 5630 1576 5697 vm,
1607 5613 1705 5680 30.

1794 5615 1819 5658 δ
1848 5615 2064 5698 Ephes.
2103 5640 2143 5703 1,
2172 5624 2231 5686 ὅ.
