4030 6204
508 364 618 431 851

1671 362 1733 425 S.
1780 361 2123 426 DIONYSII
2168 361 2706 427 ABEOPAGITE.

3740 358 3839 426 852

507 503 725 579 citatis,
751 503 949 563 omnia
997 500 1057 562 in
1116 498 1309 579 seipsa
1345 516 1463 559 non
1490 497 1684 561 solum
1716 500 2002 579 continet,
2041 517 2142 560 ve-

2249 500 2369 571 ζωῆς
2400 501 2626 566 ἑαυτῶν,
2657 496 2747 551 καὶ
2779 498 2876 562 τῆς
2906 492 3244 552 τελειοποιοῦ
3285 493 3392 550 ἀπὸ
3422 497 3519 561 τῆς
3550 491 3840 562 τελειώσεως

508 610 640 654 rum
694 593 868 654 etiam
920 589 1227 672 prmliabet
1279 588 1648 671 prmdeﬁnite
1692 590 1982 651 inclinans
2014 608 2156 670 pro-

508 700 775 759 gressum
833 700 1002 742 suum
1067 678 1566 755 substantiﬁcum,
1622 686 1680 741 et
1750 689 2159 742 creaturarum

510 771 959 851 productionem
993 788 1026 831 a
1054 771 1146 833 sui
1179 770 1365 850 ipsius
1399 786 1557 849 esse,
1591 770 1937 832 sicutetlam
1973 770 2160 850 ipsam

506 859 1110 922 viviticationemasui
1131 858 1319 940 ipsius
1350 859 1551 937 vita,et
1580 858 2159 921 consummationem

507 968 540 1010 a
572 968 676 1011 sua
702 949 1093 1027 perfectione.
1126 944 1281 1012 Diiit
1310 953 1507 1009 autem
1540 948 1677 1030 hoc,
1711 948 1993 1029 quoniam
2022 968 2157 1010 om-

507 1040 601 1101 nia
633 1058 701 1100 ex
734 1038 852 1101 Deo
884 1039 1036 1101 facta
1063 1047 1411 1118 sunt,atque
1433 1040 1630 1099 omnia
1652 1037 1867 1118 seipsis
1891 1038 2155 1118 preprie,

508 1138 567 1188 et
591 1132 648 1187 in
672 1135 956 1208 quantum
984 1138 1250 1190 naturam
1279 1125 1719 1199 habent,Deum
1755 1126 2110 1206 participant
2137 1148 2153 1200 ;

510 1216 557 1275 si
591 1216 833 1292 quidem
901 1225 1124 1277 tantum
1158 1220 1465 1289 exsistant,
1503 1215 1860 1295 participant
1888 1213 2156 1275 divinum

510 1322 671 1379 esse;
704 1305 754 1365 si
785 1314 1173 1385 cognoscant,
1197 1304 1454 1364 divinam
1487 1304 1910 1383 cognitionem;
1940 1302 1989 1363 si
2016 1321 2153 1364 vero

510 1396 684 1455 etiam
712 1394 1345 1474 intelligant,divinam
1369 1392 1835 1454 intellectionem
1871 1410 2001 1473 qum
2022 1411 2156 1454 om-

511 1503 646 1544 nem
675 1484 905 1545 excedit
929 1483 1400 1562 intelligentiam.
1438 1484 1681 1545 Inchoat
1714 1492 1911 1543 autem
1946 1501 1978 1542 a
2009 1482 2156 1543 sub-

511 1575 802 1635 stantiﬁco
837 1574 1455 1654 progressu,quoniam
1482 1572 1740 1652 primum
1777 1570 2160 1650 intelligimus

2242 592 2455 656 έαῦτης.
2492 597 2629 647 Erus
2671 584 2726 641 δὲ
2782 596 2961 660 τοῦτο,
3024 586 3137 643 ἐπεὶ
3180 586 3246 642 τὰ
3277 585 3448 642 πάντα
3478 585 3536 641 ἐκ
3592 587 3676 641 τοῦ
3736 586 3844 641 Θεόυ

2244 678 2508 759 ἐγένοντο,
2542 679 2631 734 καὶ
2687 678 2754 735 τὰ
2811 676 2983 736 πάντα
3025 683 3119 733 τοῦ
3149 682 3280 733 Θεοῦ
3335 675 3648 754 μετέχουσιν
3677 675 3844 739 οἰκείως

2244 770 2479 842 ἑαυτοῖς,
2517 768 2602 824 καὶ
2656 767 2829 831 καθὼς
2878 764 3066 847 ἔχουσι
3117 767 3346 845 φύσεως·
3413 766 3457 820 εἰ
3506 764 3600 839 μὲν
3628 766 3716 820 εἶσι
3763 766 3845 839 μό-

2247 880 2357 932 νον,
2417 858 2523 914 ἀπὸ
2576 864 2669 915 τοῦ
2699 856 2843 913 εἶναι
2909 863 3003 913 τοῦ
3035 856 3175 914 θείου
3210 872 3224 887 ⁶
3283 856 3329 911 εί
3358 854 3412 910 δὲ
3442 854 3699 932 γνωστικά
3723 854 3847 934 εἰσίν,

2243 949 2349 1005 ἀπὸ
2380 953 2479 1015 τῆς
2530 950 2670 1010 θείας
2728 947 2977 1025 γνώσεως
3012 965 3026 976 ⁸
3064 948 3107 1001 εἰ
3158 944 3213 1002 δὲ
3256 945 3349 1002 καί
3397 945 3573 1023 νοερὰ,
3629 945 3724 1000 ἀπὸ
3769 949 3846 1009 τῆς

2240 1039 2380 1102 θείας
2439 1038 2528 1092 καὶ
2589 1037 2719 1113 ὑπὲρ
2767 1043 2944 1093 πᾶσαν
2995 1037 3182 1103 νόησιν
3223 1037 3487 1105 νοήσεως.
3521 1029 3846 1110 ’Ἂρχεταιδὶ

2239 1130 2338 1195 τῆς
2384 1129 2687 1185 οὖσιοποιοῦ
2741 1124 2991 1202 προόδου,
3043 1125 3121 1182 ὅτι
3196 1131 3415 1205 πρώτως
3466 1124 3755 1197 ἐπινοοῦμεν
3800 1124 3848 1178 τὸ

2240 1216 2380 1272 εϊναί
2421 1238 2591 1295 τινος,
2644 1215 2732 1272 καὶ
2770 1206 2877 1271 εἷθ’
2932 1212 3068 1272 οὕτω
3123 1216 3184 1271 τὸ
3234 1211 3455 1272 τοιῶσδε
3514 1212 3651 1269 εἶναι
3702 1219 3846 1273 τοῦτο,

2239 1307 2420 1365 Τοίνυν
2475 1304 2667 1384 ἤρξατό
2693 1307 2793 1370 τῆς
2845 1306 3097 1372 τοιαύτης
3172 1303 3399 1382 προόδου
3445 1303 3549 1360 ὑπὸ
3607 1302 3693 1359 τοῦ
3737 1301 3849 1357 εἶναι

2242 1397 2433 1458 ἑαυτῆς
2470 1414 2482 1428 ·
2531 1397 2624 1451 οῦκ
2673 1394 2823 1472 ἢρκει
2861 1394 2958 1473 γάρ
2987 1401 3065 1469 τῷ
3120 1395 3411 1469 ἀγαθότητι
3442 1439 3458 1467 ,
3502 1391 3638 1467 μόνη
3672 1397 3733 1467 τῇ
3759 1391 3851 1467 περὶ

2242 1485 2436 1552 ἑαυτῆς
2493 1483 2905 1564 ἐνασχολεϊσθαι
2964 1484 3174 1562 θεωρία,
3242 1480 3362 1538 ἀλλ’
3416 1480 3519 1537 ἔδει
3553 1480 3853 1562 χῦθῆναικαί

2244 1572 2453 1629 ὁδεῦσαι
2479 1575 2539 1630 τὸ
2571 1573 2765 1651 ἀγαθὸν
2799 1575 2871 1638 εἷς
2894 1570 3112 1629 πλείονα
3142 1574 3207 1628 τὰ
3221 1572 3655 1651 εὒεργετοόμενα,

514 1681 646 1724 esse
690 1645 974 1743 alicujus:
999 1674 1057 1723 et
1090 1645 1307 1723 deinde
1354 1663 1438 1723 sic
1470 1645 1556 1724 vel
1587 1661 1782 1722 taliter
1820 1645 2165 1722 illud'esse.
2220 1659 2591 1743 Quapropter
2621 1645 2952 1723 'itiusmodi
2982 1645 3364 1743 progressum
3394 1658 3687 1721 inchoavit
3711 1677 3740 1719 a
3786 1645 3859 1717 sui

511 1748 701 1832 ipsius
729 1770 862 1813 esse
898 1771 915 1827 ;
947 1770 1061 1813 non
1095 1752 1252 1813 enim
1285 1751 1425 1812 satis
1459 1761 1549 1812 est
1580 1750 1852 1830 bonitati,
1887 1752 1935 1811 si
1967 1751 2125 1812 circa
2153 1752 2532 1834 semetipsam
2566 1750 2820 1831 prepria:
2842 1758 3005 1813 vacet
3034 1749 3558 1829 contemplationi,
3582 1747 3682 1810 sed
3710 1744 3860 1809 debe-

515 1842 614 1901 bat
647 1862 753 1921 per
794 1842 962 1922 plura
994 1840 1285 1903 beneﬁcia
1317 1840 1565 1901 diﬁundi
1591 1859 1658 1901 ac
1696 1843 2028 1921 propagari.

593 1930 723 2009 §X.
782 1934 896 1993 Per
952 1932 1152 1992 omnia
1212 1938 1407 1991 autem
1469 1930 1729 1991 dimanat
1762 1930 2151 2010 providentia,

2318 1935 2345 2007 §
2381 1939 2446 1991 Χ.
2484 1932 2581 1988 Διά
2610 1931 2823 1988 πάντων
2861 1928 2915 1986 δὲ
2946 1937 3101 2009 φοιτᾷ
3162 1936 3229 2006 τῇ
3293 1929 3540 2008 προνοία,
3590 1930 3671 1984 διαὶ
3722 1928 3863 1983 πάντα

514 2030 847 2096 cunctaque
878 2021 1070 2100 replet
1100 2019 1521 2092 essentia,etin
1544 2020 1726 2080 rebus
1752 2020 2026 2081 omnibus
2049 2020 2160 2081 de-

514 2110 781 2173 lectatur.
810 2109 935 2171 lloc
967 2126 1109 2171 vero
1140 2109 1303 2183 dicit,
1338 2128 1452 2169 non
1488 2108 1645 2189 quod
1697 2112 1854 2172 Deus
1896 2110 2161 2171 aﬁ‘eetio-

516 2218 650 2260 nem
684 2198 893 2260 habent
917 2199 1113 2275 gaudii
1140 2211 1196 2259 et
1224 2197 1630 2259 exsultationis
1680 2200 1783 2259 sed
1817 2217 1850 2259 a
1882 2197 2052 2259 nobis
2076 2198 2163 2278 ip-

515 2290 594 2348 sis
619 2287 1013 2366 gaudentibus
1046 2287 1120 2349 de
1151 2306 1399 2366 operum
1425 2296 1763 2348 nostrorum
1788 2286 2163 2367 perfectioni-

516 2376 648 2455 bus,
680 2376 973 2457 siquidem
1009 2376 1343 2437 secuudum
1378 2378 1672 2439 rationem
1730 2376 2073 2455 procedant,
2107 2387 2166 2440 et

517 2467 740 2527 nullam
775 2468 1088 2527 incurrant
1119 2468 1677 2547 reprehensionem;
1713 2467 1825 2528 hoc
1860 2469 2015 2528 enim
2050 2466 2164 2528 sibi

518 2575 758 2636 quoque
782 2560 899 2616 vult
933 2558 1033 2617 illa
1055 2575 1190 2630 quae
1216 2560 1273 2617 in
1301 2557 1499 2617 divina
1535 2575 1824 2636 sacraque
1859 2554 2164 2634 Scriptura

516 2645 755 2706 additur
797 2645 1142 2725 approbatio
1181 2667 1195 2709 :
1240 2646 1383 2705 Ecce
1426 2647 1581 2708 bona
1632 2647 1807 2708 valde
1834 2662 1879 2708 ε.
1933 2644 2163 2716 Quibus

517 2735 788 2813 congruit
819 2743 875 2796 et
898 2734 1041 2795 illud
1074 2734 1258 2796 divini
1289 2735 1524 2796 Davidis
1553 2735 1808 2796 dicentis
1852 2758 1864 2793 :
1904 2736 2162 2796 Laetabi-

523 2832 626 2886 tur
654 2825 1027 2886 Dominusin
1051 2826 1325 2903 operibus
1359 2825 1540 2904 suis‘;
1580 2824 1843 2903 illudque
1893 2825 2162 2885 Salomo-

526 2912 651 2975 nis:
686 2914 809 2991 Ego
840 2930 1012 2975 cram
1068 2915 1172 2974 cui
1198 2914 1634 2992 congaudcbat.
1670 2914 1902 2975 Etenim
1937 2925 2000 2972 ut
2030 2931 2159 2988 vox,

525 3020 657 3061 eum
683 3020 796 3061 una
844 3003 946 3077 sit,
974 3020 1008 3061 a
1042 3001 1238 3062 multis
1269 3020 1504 3081 quoque
1540 3001 1805 3075 auribus,
1842 3009 1899 3063 in
1955 3021 2019 3063 se
2051 3020 2167 3062 una

524 3109 760 3153 rursum
796 3109 1208 3170 perseverans,
1243 3111 1357 3152 non
1410 3092 1576 3171 prius
1625 3112 1817 3172 neque
1852 3093 2162 3171 posterius,

527 3199 722 3260 neque
752 3180 987 3241 divisim
1013 3199 1208 3260 neque
1241 3182 1586 3261 partialiter,
1624 3182 1726 3242 sed
1762 3182 2013 3261 integre,
2061 3181 2165 3242 sed

530 3254 787 3331 totaliter
818 3278 876 3330 et
905 3288 973 3330 ex
1006 3254 1149 3342 toto,
1184 3254 1258 3329 et'
1291 3268 1468 3331 simul
1518 3254 1579 3331 et
1630 3269 1839 3332 eodem
1876 3254 2070 3347 modo,
2107 3254 2227 3331 ulc

528 3378 646 3420 una
678 3359 1030 3443 percipitur;
1065 3359 1150 3419 sic
1198 3358 1340 3419 450
1371 3360 1549 3421 etiam
1583 3358 1738 3421 Deus
1779 3362 1951 3423 unice
1982 3370 2037 3421 et
2068 3361 2167 3420 in-

529 3457 690 3527 tegre
713 3448 784 3510 ab
810 3448 1091 3510 omnibus
1115 3450 1913 3533 participatur,omniumque
1946 3450 2169 3529 princi—

529 3538 688 3620 pium
744 3548 855 3612 est,
908 3546 1185 3619 tanquam
1218 3557 1421 3619 causa,
1455 3539 1590 3599 ﬁnis
1639 3548 1704 3599 ut
1752 3539 1920 3618 cujus
1970 3557 2167 3616 causa;

528 3647 660 3688 nam
696 3628 898 3688 omnia
950 3635 1199 3709 propter
1228 3627 1417 3691 Deum
1451 3638 1611 3699 sunt,
1646 3646 1850 3689 verum
1887 3648 2003 3689 non
2029 3647 2170 3709 pro-

529 3728 658 3797 pter
688 3719 1129 3798 necessitatem,
1162 3718 1266 3779 sed
1302 3728 1549 3800 propter
1581 3716 1929 3799 bonitatem;
1955 3727 2012 3779 et
2043 3719 2174 3779 linis

528 3807 793 3868 omnium
827 3816 940 3887 est,
978 3820 1039 3870 ut
1070 3809 1173 3888 qui
1203 3810 1468 3870 continet
1492 3818 1549 3869 et
1570 3810 1845 3870 terminat
1878 3809 2170 3869 universa.

526 3895 683 3957 Nihil
717 3897 875 3959 enim
916 3903 1270 3977 potestatem
1303 3917 1370 3959 ac
1400 3897 1834 3977 providentiam
1865 3898 1994 3977 ejus
2030 3898 2175 3958 effu-

528 3991 630 4062 git,
666 3986 769 4046 sed
802 3986 857 4045 in
892 3986 1020 4066 ipso
1069 3996 1282 4048 cuncta
1344 3987 1762 4061 terminantur,
1818 3996 1875 4048 et
1919 3986 2177 4048 inﬁnitas

529 4074 723 4134 omnis
756 4075 1063 4136 inﬁnitatis
1111 4093 1179 4135 ac
1217 4076 1651 4137 terminationis
1685 4077 1932 4153 exsistit;
1970 4095 2175 4153 aequa-

532 4163 665 4222 liter
695 4163 853 4222 enim
888 4163 1173 4225 deﬁciunt
1205 4172 1321 4224 tam
1357 4163 1626 4228 inﬁnitas
1657 4185 1832 4244 quam
1885 4167 2175 4226 termina-

529 4253 611 4312 tio
634 4270 666 4312 a
696 4251 894 4313 divina
923 4253 1242 4329 infinitate,
1279 4255 1430 4315 sicut
1460 4274 1491 4315 a
1524 4255 1649 4317 sole
1676 4275 1742 4317 ac
1774 4255 1924 4317 coelo
1949 4258 2048 4337 qui
2074 4256 2177 4317 illa

532 4341 861 4414 intuentur,
892 4341 980 4402 vel
1008 4341 1203 4422 potius
1233 4342 1408 4402 etiam
1446 4344 1630 4422 magis
1662 4354 1722 4406 et
1753 4346 2057 4405 excessive
2086 4352 2178 4404 at-

2244 2020 2450 2100 πληροϊ
2480 2031 2572 2079 τοῦ
2600 2033 2765 2099 εῖναι,
2800 2021 2888 2077 καὶ
2921 2020 3005 2076 ἐπὶ
3057 2026 3187 2076 πᾶσι
3222 2033 3337 2082 τοῖς
3398 2028 3548 2078 οὖσιν
3588 2015 3863 2095 ἀγάλλεται,

2246 2119 2411 2169 Τοῦτο
2464 2110 2517 2167 δὲ
2559 2109 2730 2188 λέγει,
2764 2112 2867 2189 οὐχ
2896 2108 2976 2165 ὅτι
3019 2113 3046 2166 ὁ
3078 2113 3207 2174 Θεὸς
3238 2112 3403 2172 πάθος
3437 2109 3561 2189 ἓχει
3589 2113 3750 2187 χαρᾶς
3796 2106 3865 2160 καὶ

2247 2199 2645 2279 ἀγαλλιάσεως,
2680 2199 2801 2256 ἀλλ’
2836 2199 2925 2280 ἀφ’
2955 2204 3109 2275 ἡμῶν
3142 2200 3446 2281 χαιρόντων
3477 2212 3597 2261 τοῖς
3626 2204 3724 2253 τῶν
3746 2198 3865 2270 ἡμε-

2248 2290 2413 2368 τέρων
2471 2288 2639 2368 ἔργων
2697 2288 3146 2364 ἀποτελέσμασιν,
3185 2290 3340 2367 εἴπερ
3383 2290 3523 2346 κατὰ
3576 2287 3727 2366 λόγον
3756 2307 3865 2362 προ-

2248 2378 2423 2451 ϐαῖεν,
2457 2384 2542 2436 καὶ
2601 2378 2866 2455 μηδεμίαν
2920 2380 3145 2457 μομφὴν
3204 2378 3387 2459 ἐχοιεν
3422 2396 3437 2411 ·
3474 2381 3630 2436 τοῦτο
3659 2377 3749 2455 γὰρ
3775 2374 3865 2431 ἐστι

2247 2472 2333 2527 καὶ
2365 2473 2397 2537 ἡ
2431 2471 2571 2549 παρά
2604 2477 2668 2542 τᾷ
2721 2471 2831 2542 θείᾳ
2862 2471 2949 2527 καὶ
3004 2474 3116 2550 ἱερᾷ
3178 2470 3359 2549 Γραφῆ
3408 2469 3532 2545 μετ’
3614 2468 3868 2527 ἓπιτάσεως

2248 2560 2528 2638 ἐπίκρισις,
2580 2562 2664 2639 τὸ,
2730 2558 2861 2617 Ἰδοὺ
2912 2558 3049 2616 καλά
3104 2561 3242 2633 λίαν,
3332 2560 3632 2639 Σόμιρωναν
3696 2556 3865 2615 τούτοις

2245 2651 2333 2706 καὶ
2382 2652 2444 2706 τὸ
2503 2650 2644 2726 παρὰ
2701 2657 2777 2723 τῷ
2827 2650 2950 2721 θείῳ
2986 2648 3167 2721 Δαϐἱδ,
3205 2651 3631 2730 Εὔφρανθήσεται
3689 2648 3866 2723 Κύριος,

2246 2737 2442 2814 λέγων,
2476 2738 2559 2793 ἐπὶ
2590 2752 2705 2801 τοῖς
2735 2738 2907 2816 ἔργοις
2964 2739 3120 2795 αῦτοῦ
3152 2755 3167 2770 ⁸
3201 2740 3287 2795 καὶ
3319 2742 3379 2795 τὸ
3409 2740 3503 2795 τόῦ
3533 2738 3865 2812 Σολομῶντος.

2248 2829 2388 2904 Ἐγω
2419 2829 2568 2901 ἥμην
2621 2835 2655 2902 ᾗ
2700 2828 3049 2908 προσέχαιρε.
3082 2829 3179 2886 Καὶ
3210 2830 3333 2905 γοῦν
3364 2827 3551 2905 ὥσπερ
3600 2827 3744 2905 φωνὴ
3771 2826 3866 2898 μία,

2249 2922 2377 2972 οῦσα
2419 2918 2560 2994 παρα
2608 2915 2824 2974 πολλῶν
2886 2919 3085 2995 ἀκοῶν,
3139 2918 3367 2991 μένουσα
3432 2919 3519 2974 καί
3569 2916 3726 2973 πάλιν
3771 2914 3867 2990 μία,

2252 3004 2559 3085 μετέχεται,
2615 3007 2674 3060 οὒ
2705 3006 2972 3084 προτέρως
3017 3009 3105 3065 καὶ
3152 3007 3409 3085 ὑστέρως,
3455 3009 3517 3063 οὗ
3574 3001 3873 3083 μεμερισμέο

2251 3101 2376 3174 νῶς,
2410 3098 2502 3151 οὒκ
2533 3095 2630 3151 ἀνά
2662 3095 2823 3175 μέρος
2852 3096 2972 3171 μὲν,
3010 3096 3275 3161 ὁλοτελῶς
3320 3096 3401 3170 δὲ,
3438 3096 3579 3152 ἀλλὰ
3609 3098 3695 3151 καὶ
3722 3093 3878 3150 ὁλοτε-

2251 3183 2382 3257 λώς,
2436 3185 2521 3240 καὶ
2579 3183 2827 3260 ιιαθόλου,
2877 3187 2964 3242 καὶ
2999 3188 3133 3260 ἅμα,
3191 3188 3280 3242 καὶ
3327 3187 3586 3248 ὡσαύτως
3640 3186 3709 3248 ὡς
3756 3183 3877 3258 μὴ’

2252 3272 2386 3329 οὕτω
2417 3275 2547 3351 πρὸς
2573 3275 2785 3333 πάντων
2815 3276 2904 3331 καί
2934 3276 2994 3332 τὸ
3029 3283 3188 3332 Θεϊον
3220 3298 3509 3356 μετεχεται
3534 3276 3715 3338 ἑνικῶς
3736 3294 3786 3327 τε
3809 3270 3880 3324 καί

2252 3362 2538 3435 ὄλοτελῶς,
2573 3365 2659 3420 καί
2688 3364 2833 3443 ἁρχὴ
2859 3367 2971 3421 εστι
3009 3366 3246 3446 πάντων,
3282 3369 3353 3431 ὡς
3398 3366 3602 3439 αἴτιον,
3635 3370 3722 3420 καί
3750 3359 3878 3421 τέλος

2252 3457 2325 3518 ὡς
2357 3463 2417 3511 οῦ
2448 3452 2623 3509 ἓνεκα’
2655 3454 2825 3511 πάντα
2856 3456 2954 3534 γὰρ
2987 3454 3138 3510 ἕνεκα
3165 3457 3318 3531 Θεοῦ,
3353 3453 3476 3512 ἀλλ’
3507 3458 3567 3512 οὐ
3586 3454 3669 3511 διὰ
3698 3453 3877 3532 χρείαν,

2254 3541 2372 3599 ἀλλ’
2405 3542 2710 3620 ἀγαθότητα
2743 3558 2757 3573 ⁶
2786 3547 2871 3599 καί
2900 3544 3062 3622 πέρας
3094 3544 3332 3626 πάντων,
3366 3547 3531 3602 οἱονεί
3577 3542 3881 3622 περιειιτικὸν

2259 3633 2346 3687 καί
2394 3630 2535 3709 ὅρος.
2572 3629 2731 3687 Οὒδὶν
2781 3633 2879 3710 γὰρ
2910 3632 3133 3689 ἐκϐαίνει
3166 3635 3264 3702 τὴν
3294 3639 3454 3694 αὐτοῦ
3486 3632 3783 3690 δυναστείαν
3812 3630 3880 3684 καί

2260 3720 2528 3799 πρὸνοιοίν,
2563 3718 2683 3776 ἀλλ’
2731 3724 2803 3784 εἷς
2855 3723 2980 3778 aut?)
3050 3724 3115 3778 τὰ
3166 3725 3338 3780 πάντα
3384 3724 3755 3804 περατοῦνται,
3811 3719 3882 3776 καὶ

2260 3810 2467 3885 ἀπειρία
2525 3810 2701 3877 πάσης
2763 3811 3001 3888 ἀπειρίας
3047 3814 3133 3868 καὶ
3190 3812 3417 3892 πέρατος
3454 3831 3470 3847 ’
3536 3811 3588 3878 ἐξ
3630 3814 3750 3868 ’ίσου
3800 3809 3880 3885 γὰρ

2260 3897 2641 3955 ἀπολείπονται
2693 3899 2777 3955 xxi
2829 3902 2862 3968 ἡ
2912 3900 3123 3979 ἀπειρία
3176 3903 3264 3958 καὶ
3319 3904 3380 3958 τὸ
3426 3902 3596 3979 πέρας
3618 3905 3714 3967 τῆς
3762 3898 3879 3959 θεέας

2260 3988 2523 4067 ἀπειρίας,
2587 3989 2821 4065 καθάπερ
2872 3988 3023 4055 ἡλίου
3080 3992 3166 4047 καὶ
3224 3993 3445 4069 οὗρανοῦ
3503 3994 3551 4048 οἱ
3613 3992 3739 4069 πρὸς
3767 3987 3878 4043 αδτᾶ

2258 4066 2636 4151 βλεποδτες,ἥ
2699 4076 2901 4152 μᾶλλον
2959 4080 3045 4134 καὶ
3076 4077 3260 4160 πλέον,
3288 4066 3379 4136 xci
3427 4066 3758 4159 ὑπερέκεινα,
3813 4066 3880 4129 καὶ

2259 4166 2485 4243 ἀπείρως
2517 4164 2920 4230 ἀπολείπονται,
2956 4166 3123 4224 Ἀλλά
3156 4190 3235 4232 τις
3279 4173 3314 4235 ὴ
3346 4170 3400 4224 ἐν
3434 4183 3553 4234 τοῖς
3596 4167 3712 4225 καθ’
3765 4167 3878 4238 ἡμᾶς

2260 4255 2469 4326 ἀπειρία
2504 4277 2520 4325 ;
2576 4253 2733 4311 Εἴποι
2765 4278 2845 4318 τις
2900 4255 2985 4312 ἂν·
3022 4258 3086 4313 Ἢ
3113 4256 3215 4324 ὅλη
3248 4259 3284 4326 ἢ
3314 4260 3393 4314 ἀεὶ
3424 4260 3878 4341 μετασχηματιζο-

2263 4344 2425 4423 μένη,
2457 4346 2543 4401 καὶ
2572 4344 2765 4401 ἄλλοτε
2811 4347 2884 4410 εἷς
2934 4345 3069 4403 ἂλλα
3115 4347 3237 4414 εἴδη
3295 4339 3732 4424 μεταϐέλλουσα.
3763 4339 3885 4400 ἈᾹῩ

533 4449 650 4506 que
684 4431 911 4491 inﬁnite
929 4431 1463 4493 deﬁciunLVerum
1486 4452 1760 4513 quaenam
1794 4443 1881 4495 est
1912 4436 1972 4495 in
2001 4435 2160 4496 rebu:

2265 4437 2352 4491 οῦν
2382 4434 2469 4490 καί
2527 4432 2656 4499 αὕτη
2720 4434 2774 4489 ἐν
2808 4441 2883 4510 τῷ
2937 4442 3051 4510 Θεῴ
3102 4437 3454 4518 πεπέρασται,
3495 4443 3541 4494 εἱ
3583 4440 3669 4494 διαί
3698 4430 3887 4492 ἄστατός
3948 4480 3959 4497 .

533 4519 898 4581 nostratibus
928 4521 1218 4584 inﬁnitas?
1249 4522 1308 4583 Si
1342 4524 1499 4583 dicat
1529 4524 1661 4603 quis
1695 4525 2021 4603 materiam,
2047 4542 2160 4600 qua

2263 4524 2370 4579 ἐστι
2444 4523 2531 4578 καί
2581 4522 2846 4601 ἀόριστος.
2882 4522 3047 4581 ’Ἐστι
3079 4533 3204 4603 γοῦν
3259 4529 3321 4583 τό
3354 4535 3515 4583 Θεϊον
3548 4527 3773 4602 ἀπειρία,
3807 4518 3879 4576 καί

533 4627 774 4690 semper
804 4611 1258 4687 transﬁguratur
1291 4620 1467 4692 atque
1524 4613 1582 4673 in
1642 4615 1789 4674 alias
1820 4625 2000 4691 atque
2034 4615 2160 4677 alia:

2262 4617 2359 4682 τῆς
2411 4613 2673 4689 ἀπειρίας.
2735 4615 2838 4692 οὔχ
2896 4617 2967 4676 ὡς
3001 4615 3619 4691 μετασχηματιζόμενον
3676 4612 3784 4671 κατ’
3810 4608 3888 4664 I3-

533 4700 751 4759 formas
797 4708 1243 4771 transmutatur;
1283 4703 1446 4782 atqui
1503 4704 1631 4765 haec
1687 4704 1814 4784 ipsa
1854 4722 2087 4784 quoque
2118 4703 2160 4765 ii

2264 4710 2389 4783 τῆς,
2447 4701 2567 4759 ἀλλ’
2611 4706 2685 4767 ὡς
2736 4706 2823 4759 καί
2875 4705 3071 4771 ταύτην
3130 4703 3183 4770 ἒξ
3234 4705 3330 4762 οὖιι
3361 4706 3528 4763 ὄντων
3560 4701 3888 4784 παραγαγὸν.

537 4789 656 4849 Deo
710 4789 1079 4870 terminatur,
1130 4792 1507 4870 quantumvis
1539 4793 1839 4855 instabilis
1889 4794 2160 4855 sitelin-

2266 4794 2444 4849 Εἰπὼν
2477 4789 2531 4848 δὲ
2578 4792 2816 4870 ἀπειρίας
2846 4793 2934 4847 καί
2963 4793 3210 4873 πέρατος,
3246 4795 3377 4873 φησί
3409 4796 3517 4851 τῶν
3581 4797 3654 4859 ὡς
3684 4794 3889 4849 ἀντικει-

535 4878 908 4941 delinita.Est
928 4879 1127 4956 itaque
1164 4882 1318 4942 Deus
1345 4882 1604 4943 inﬁnitas
1636 4884 1811 4944 etiam
1845 4884 2160 4963 inﬁnitatis1

2268 4884 2441 4958 μένων
2473 4899 2488 4914 ο
2526 4884 2583 4937 οῦ
2605 4882 2705 4960 γὰρ
2734 4881 2919 4958 κυρίως
2952 4889 3117 4938 ταῦτα
3164 4885 3238 4947 ὼς
3270 4881 3375 4948 ἕξις
3417 4885 3509 4939 καί
3541 4904 3780 4959 στερησις
3809 4880 3890 4936 ἀν-

536 4985 653 5027 non
689 4974 850 5047 quasi
885 4968 1213 5029 secundum
1246 4988 1310 5031 se
1343 4972 1830 5052 transformetur,
1866 4973 1973 5034 sed
2019 4975 2160 5052 quod

2268 4973 2538 5049 τίκεινται,
2574 4969 2701 5048 (ἔδει
2750 4970 2848 5047 γὰρ
2906 4971 3133 5048 φανῆνάί
3163 4993 3293 5028 ποτε
3344 4974 3442 5040 τὴν
3507 4972 3639 5044 ἓξιν,
3673 4971 3813 5049 ε’ἔπερ
3835 4974 3891 5035 ἦν

539 5057 689 5116 hanc
725 5075 793 5117 ex
827 5056 1011 5118 nihilo
1046 5058 1351 5137 producat.
1389 5062 1605 5123 Dicens
1635 5070 1829 5124 autem
1867 5063 2160 5123 inﬁnitatit

2266 5061 2537 5132 τοῦτο,καί
2568 5052 2705 5115 οὕτω
2778 5058 3014 5134 γενέσθαι
3073 5060 3172 5127 τὴν
3229 5060 3502 5141 στέρησιν·
3504 5065 3542 5143 )
3592 5062 3725 5120 ἀλλὰ
3772 5056 3891 5136 μάλ-

540 5155 596 5204 et
628 5146 1080 5220 terminationis,
1115 5147 1195 5207 ait
1216 5148 1371 5209 sicut
1402 5152 1837 5231 oppositorum;
1862 5172 1981 5214 non
2012 5152 2160 5215 enim

2265 5149 2356 5207 λον
2402 5152 2475 5210 ὡς
2519 5149 2812 5227 κατὰφασις
2856 5146 2946 5203 καί
2974 5147 3241 5228 ἀπόφασις
3287 5151 3614 5210 ἀντίκεινται
3654 5172 3670 5187 ·
3705 5150 3891 5224 λέγεται

538 5234 667 5296 haec
699 5236 931 5315 proprie
962 5238 1115 5296 sicut
1146 5236 1377 5298 habitus
1416 5248 1474 5300 et
1504 5241 1751 5319 priVatio
1802 5250 2160 5321 opponuntui

2270 5242 2365 5319 γὰρ
2409 5244 2503 5295 xxi)
2555 5236 2658 5302 ἕξιν
2689 5237 2776 5292 καί
2823 5236 3091 5312 στέρησιν,
3154 5244 3356 5297 νοεῖται
3405 5240 3459 5297 δὲ
3511 5243 3653 5299 κατά
3679 5240 3893 5318 καταφα-

544 5322 875 5404 (oportebat
899 5324 1059 5384 enim
1098 5341 1385 5404 apparere
1415 5329 1733 5408 aliquando
1774 5330 2058 5403 habitum,
2097 5330 2160 5391 si-

2268 5332 2346 5386 σίν
2375 5329 2464 5386 καί
2512 5326 2807 5407 ἀπόφασιν,
2861 5322 3126 5405 ’Ἄπειρον
3189 5329 3290 5407 γαρ
3348 5329 3565 5409 λέγεται
3598 5334 3658 5388 τὸ
3687 5330 3761 5403 μὴ
3786 5328 3893 5405 ἕχον
3972 5350 3973 5357 η

541 5412 781 5495 quidem
814 5412 864 5473 is
893 5422 1042 5489 erat,
1084 5421 1141 5474 et
1167 5415 1251 5475 sic
1293 5415 1419 5477 ﬁeri
1456 5417 1889 5497 privationem),
1908 5427 2049 5499 quin
2073 5437 2160 5500 poi

2268 5420 2455 5499 πέρας,
2489 5415 2546 5473 οὔ
2584 5418 2645 5474 τὸ
2671 5413 2919 5493 στερηθὲν
2950 5416 3178 5494 πέρατος
3207 5434 3220 5449 ’
3257 5419 3310 5474 ἐν
3330 5419 3406 5475 ένί
3434 5420 3649 5495 μέντοι,
3674 5414 3895 5485 δηλονότι
3972 5494 3973 5499 η

534 5500 660 5563 tius
680 5511 1062 5582 opponuntur
1081 5504 1236 5566 sicut
1252 5504 1565 5567 alﬁrmatio
1589 5514 1645 5569 et
1668 5508 1924 5587 negatio.
1961 5507 2160 5571 Dicitu

2270 5509 2503 5587 ἑνιαίως,
2559 5506 2631 5571 ὥς
2684 5503 2942 5569 πολλάκις
3004 5505 3243 5585 εἰρηται,
3275 5509 3341 5565 τὰ
3384 5510 3562 5568 πάντα
3595 5513 3623 5567 ὀ
3655 5510 3800 5581 Θεὸς,
3826 5502 3897 5559 καί
3972 5550 3973 5563 χ

625 5662 706 5710 ἀύ
736 5662 882 5726 (ἔθη.
920 5682 958 5743 ι,
995 5666 1097 5729 3t.
1183 5664 1385 5734 fPsal.
1416 5683 1539 5745 Clll,
1574 5668 1674 5732 31.
