4030 6204
186 394 309 462 853

672 395 772 460 DE
816 393 1113 460 DIVINIS
1153 392 1605 501 NQMINIBUS,
1649 392 1813 457 CAP.
1857 393 1933 458 V.
1984 427 2060 439 —
2104 394 2489 457 PARAPHR.
2531 392 3052 457 PACHYMER-AL‘.

3443 386 3560 456 854

187 535 415 615 προέχει
464 534 538 598 ὡς
590 529 787 608 αἴτιος,
830 531 919 589 καὶ
976 530 1272 598 δπὲστησεν
1330 532 1404 594 ὡς
1461 529 1720 607 ποιητὴς,
1753 530 1840 586 καὶ

1944 529 2082 590 enim
2107 531 2437 592 secundum
2468 526 2735 591 habitum
2759 537 2820 590 et
2842 525 3252 609 privationem,
3279 527 3567 606 intelligi-

185 625 377 701 παρὼν
413 624 607 697 ὁμοίως
643 636 758 686 τοῖς
790 628 919 677 πᾶσι
969 621 1056 677 καὶ
1090 628 1389 700 πανταχοῦ*
1423 621 1510 677 καὶ
1562 619 1648 677 ἐπὶ
1676 621 1849 676 πάντα

1944 628 2028 677 tur
2046 627 2240 679 autem
2268 636 2373 697 per
2401 617 2850 679 aiIirmationem
2872 624 2933 678 et
2955 616 3576 696 negationem.lnﬂni-

189 716 403 789 πρόεισι
460 718 530 788 τῇ
582 717 873 787 συστατικῇ
917 713 1151 789 προνοίᾳ,
1188 708 1407 788 καὶσὲφ’
1461 709 1647 768 ἑαυτοῦ
1704 709 1850 784 μένει

182 807 263 869 ὡς
329 803 461 881 ὑπὲρ
492 802 665 858 πάντα
716 801 788 858 ὢν
820 804 905 856 καὶ
937 797 1164 876 μηδενὸς
1222 799 1494 876 δεόμενος.
1526 798 1629 860 Καὶ
1686 798 1852 863 ἑστώς

184 897 307 951 ἐστι
373 899 450 967 τῷ
480 893 615 948 κατὰ
666 889 831 967 μηδὲν
866 889 1003 955 ὅλως
1064 889 1117 944 ἒν
1166 892 1308 965 αὖτῷ
1340 891 1499 969 ἴχνος
1551 885 1852 964 μεταϐολῆς

187 986 536 1061 θεωρεῖσθαν
586 984 673 1037 καὶ
722 980 1031 1055 κινούμενος
1085 977 1243 1036 πάλιν
1274 979 1328 1035 ἐν
1358 984 1432 1053 τῷ
1490 977 1732 1058 συνέχειν
1790 977 1856 1035 τὰ

187 1074 323 1130 ὄντα
378 1074 464 1128 καὶ
501 1070 846 1149 συγκροτεῖν.
910 1072 1007 1127 Καὶ
1056 1071 1199 1133 αὖθις
1249 1069 1308 1126 οὗ
1351 1067 1515 1127 ταῦτά
1572 1068 1738 1143 ἐστιν,
1773 1065 1854 1122 ὅτι

184 1166 325 1244 ὑπὲρ
376 1166 561 1221 ταῦτα.
602 1164 810 1230 κίνησις
872 1162 972 1239 γὰρ
1003 1160 1199 1229 ἀτελὴς
1250 1161 1459 1238 ἐνεργιά
1486 1164 1621 1217 seu“
1668 1161 1853 1226 στάσις

187 1255 248 1312 δὲ
310 1257 344 1323 ἡ
375 1255 713 1313 παντάπασιν
744 1251 1013 1319 ἀκινησία·
1059 1251 1198 1331 ἥτις,
1232 1253 1277 1308 εἰ
1332 1252 1467 1326 μετὰ
1497 1252 1595 1319 τὴν
1649 1251 1856 1318 κίνησιν

185 1345 427 1422 γένοιτο,
460 1343 654 1421 ἠρεμία
683 1341 744 1397 ἂν
789 1340 1030 1407 κληθείη.
1073 1343 1142 1398 Τὸ
1202 1347 1366 1397 κακοῦ
1398 1340 1542 1396 εἶναι
1574 1342 1636 1396 τὸ
1696 1347 1857 1397 Θεϊον

187 1434 326 1511 ὑπὲρ
375 1432 473 1500 τὴν
532 1430 696 1497 ἁτελῆ
735 1429 1027 1510 ξνεργειαν,
1059 1427 1298 1496 εὔδηλον·
1347 1427 1427 1485 ὅτι
1485 1427 1539 1485 δὲ
1600 1429 1687 1485 καὶ
1728 1428 1858 1506 ὑπὲρ

186 1529 373 1579 πᾶσαν
418 1520 721 1595 ἀκινησίαν,
754 1517 919 1585 δῆλον
949 1521 1011 1575 Ex
1068 1526 1162 1576 τοῦ
1194 1520 1260 1575 τὰ
1289 1518 1461 1575 πάντα
1495 1518 1643 1599 ἔχειν
1693 1520 1860 1597 ὑπερ-

189 1617 430 1691 οχικῶς,
466 1612 551 1667 καὶ
602 1611 659 1666 οὔ
703 1610 877 1671 καθώς
931 1610 1035 1665 εἰσι
1069 1609 1157 1665 καὶ
1215 1617 1474 1667 νοοῦνται.
1529 1609 1587 1665 Εἰ
1616 1609 1715 1687 γὰρ
1772 1608 1858 1664 καὶ

190 1701 316 1756 λίαν
368 1699 574 1771 συνᾴδει
619 1698 705 1755 ἐπὶ
765 1700 896 1754 Θεοῦ
924 1700 986 1754 τὸ
1044 1698 1377 1754 παντάπασιν
1407 1698 1676 1771 ἁκίνητον,
1722 1695 1860 1754 ἀλλὰ

192 1792 286 1846 καὶ
315 1799 473 1848 τοῦτο
512 1790 852 1867 ὒπεροχικῶς
897 1785 1007 1844 ἔστί
1037 1809 1095 1843 τε
1149 1788 1237 1843 καὶ
1268 1788 1475 1844 νοεῖται
1510 1788 1563 1842 ἐν
1591 1795 1667 1861 τῷ
1717 1793 1853 1862 Θεῷ.

1937 714 2057 767 tum
2090 724 2345 786 namque
2375 706 2595 767 dicitur
2615 705 2673 766 id
2702 704 2858 787 quod
2880 724 2996 767 non
3015 705 3193 767 habet
3223 704 3425 782 tinem,
3454 725 3573 770 non

1937 795 2092 874 quod
2129 796 2416 874 privatum
2451 805 2538 857 est
2568 796 2709 869 line;
2741 794 2897 858 Deus
2926 794 3221 876 siquidem
3272 796 3335 858 in
3365 815 3484 859 uno
3515 797 3578 861 id

1939 893 2027 946 est
2056 885 2241 966 unite,
2273 893 2338 948 ut
2367 903 2523 965 saepe
2575 885 2799 946 dictum
2842 885 3161 964 est,omnia
3190 894 3248 947 et
3276 885 3583 967 praehabet

1939 980 2005 1035 ut
2034 982 2315 1055 causa,et
2344 973 2673 1036 subsistere
2702 972 2838 1035 facit
2867 982 2929 1034 ut
2958 974 3251 1056 conditor,
3283 982 3459 1057 atque
3485 978 3575 1039 si-

1942 1062 2161 1124 militer
2184 1063 2463 1124 omnibus
2482 1070 2541 1125 et
2560 1062 2780 1144 ubique
2810 1080 3070 1144 praesens
3087 1070 3265 1146 est,et
3285 1064 3360 1126 ad
3381 1067 3583 1131 omnia

1939 1170 2005 1214 se
2058 1152 2324 1215 extendit
2373 1152 2810 1214 conservatrice
2858 1152 3245 1232 providentia,
3293 1154 3357 1217 in
3386 1155 3585 1238 seipso

1944 1252 2142 1304 manet
2175 1251 2457 1323 tanquam
2491 1260 2671 1323 supra
2703 1241 2902 1303 omnia
2927 1243 3240 1325 exsistens,
3272 1251 3330 1305 et
3359 1245 3579 1309 nullius

1941 1350 2141 1412 egens.
2190 1334 2265 1396 Et
2291 1341 2459 1395 stans
2489 1332 2732 1413 dicitur,
2762 1331 2897 1412 quia
2927 1332 2985 1392 in
3016 1350 3087 1394 eo
3119 1333 3345 1397 nullum
3403 1336 3589 1401 vesti-

1942 1422 2099 1501 gium
2148 1422 2491 1484 mutationis
2538 1422 2827 1498 cernitur;
2862 1430 2919 1483 et
2951 1439 3187 1484 rursum
3235 1443 3297 1488 se
3316 1443 3585 1500 movens,

1945 1511 2079 1592 quia
2112 1530 2211 1574 res
2243 1513 2703 1593 continetatque
2734 1520 3064 1573 conservat.
3099 1513 3169 1576 Et
3198 1532 3436 1576 rursum
3467 1535 3588 1580 non

1943 1600 2068 1663 haec
2091 1610 2201 1677 est,
2235 1603 2340 1665 sed
2376 1620 2556 1682 supra
2585 1604 2710 1664 haec
2739 1624 2751 1661 :
2792 1603 2973 1664 motio
3006 1601 3586 1683 enim,estactioim-

1944 1690 2233 1770 perfecta;
2287 1692 2460 1755 statio
2495 1710 2633 1753 vero
2666 1700 2754 1753 est
2783 1692 3127 1754 omnimoda
3156 1691 3544 1758 immobilitas
3572 1717 3590 1775 ;

1942 1798 2070 1859 qua)
2101 1780 2147 1840 si
2184 1790 2313 1860 post
2346 1780 2584 1841 modum
2620 1781 2740 1861 ﬁat,
2768 1782 2935 1862 quies
2973 1781 3588 1863 appellabitur.Deum

195 1879 309 1937 Οὔκ
364 1876 417 1933 ἓν
448 1900 548 1935 τινι
584 1884 690 1933 τῶν
748 1876 915 1933 ὄντων
959 1875 1116 1932 πάλιν
1173 1876 1285 1933 εστὶ
1339 1874 1423 1932 διὰ
1479 1878 1539 1933 τὸ
1585 1877 1638 1932 ἐν
1696 1882 1857 1931 πᾶσιν

1944 1879 2133 1930 autem
2166 1870 2301 1931 mali
2331 1870 2640 1950 plusquam
2672 1871 3082 1950 imperfectam
3115 1875 3408 1936 actionem
3433 1893 3590 1952 esse,

195 1967 460 2048 ἄσχετον
510 1964 660 2023 οὐδὲν
718 1967 982 2043 προσήγει
1026 1967 1196 2038 τούτῳ
1237 1973 1343 2022 τῶν
1394 1965 1618 2022 αἷωνίων
1648 1964 1728 2022 ὅτι
1774 1982 1863 2038 καὶ

192 2065 306 2115 τῶν
352 2056 557 2113 αἰώνων
589 2057 820 2124 ποιητής
854 2055 1014 2112 ἐστιν·
1066 2055 1211 2111 ούόὲν
1244 2056 1347 2111 τῶν
1384 2056 1484 2111 ὑπὸ
1528 2057 1746 2135 χρόνον,
1780 2053 1861 2118 ὅτι

194 2149 287 2205 καὶ
319 2147 532 2226 χρόνων
585 2147 843 2215 ποιητής.
879 2144 1077 2201 Αἷώνια
1125 2143 1177 2200 δὲ
1209 2144 1352 2222 λέγει
1412 2145 1505 2209 τὰς
1541 2145 1724 2222 νοερὰς
1768 2141 1861 2200 δυ-

195 2239 390 2312 νάμεις
411 2239 483 2302 ὡς
514 2238 704 2299 αἰῶνος
747 2236 1117 2315 μεταχούσας,
1149 2235 1238 2290 καὶ
1268 2232 1352 2289 διὰ
1409 2235 1470 2291 τὸ
1500 2234 1595 2301 τῆς
1641 2235 1742 2311 πρὸ
1773 2239 1864 2290 τοῦ

196 2328 401 2408 χρόνου
447 2328 650 2407 φύσεως
699 2324 941 2403 γενέσθαι
1002 2326 1179 2390 αὐτάς·
1236 2324 1430 2403 χρόνος
1476 2326 1575 2402 γάρ
1607 2323 1709 2379 ἀπὸ
1765 2323 1862 2390 τῆς

198 2420 426 2494 ούρανοῦ
477 2416 566 2471 καὶ
611 2415 709 2493 γῆς
770 2415 1042 2483 ποιήσεως
1097 2413 1426 2492 ἀριθμεῖται,
1467 2415 1545 2472 Τὸ
1592 2411 1670 2487 δὲ,
1705 2410 1863 2471 Οὺδὲν

198 2507 464 2586 προσήκει
508 2505 703 2585 τούτῳ,
735 2502 853 2560 κατ’
901 2503 1080 2561 οὐσίαν
1110 2504 1318 2577 νόησιν,
1351 2504 1441 2559 καὶ
1490 2504 1548 2559 οὒ
1587 2499 1704 2558 κατ’
1758 2499 1860 2557 ἅλ-

199 2598 306 2666 λην
360 2598 479 2656 τινὰ
532 2595 757 2675 ἔννοιαν,
790 2595 912 2652 οἷον
954 2594 1340 2675 κυϐερνήσεως,
1399 2595 1486 2651 καί
1532 2596 1854 2657 συστάσεως.

198 2690 291 2745 καὶ
350 2687 457 2743 τῶν
528 2686 801 2748 τοιούτων,
859 2685 1169 2759 Σημείωσαι
1226 2682 1280 2740 δὲ
1347 2684 1601 2757 ἐντεῦθεν,
1664 2682 1744 2738 ὅτι
1801 2683 1860 2738 τὸ

202 2778 447 2856 ἇναχρον
500 2779 587 2831 καὶ
627 2775 864 2847 αἰώνιον,
901 2778 960 2833 ού
1020 2775 1130 2850 μὴν
1182 2772 1235 2829 δὲ.
1267 2781 1370 2830 πᾶν
1418 2776 1478 2831 τὸ
1534 2774 1745 2829 αἰώνιον
1776 2774 1862 2830 καὶ

200 2869 473 2945 ἄναρχον,
529 2867 797 2924 Αὖτοαιὼν
828 2864 882 2920 8's
925 2865 986 2921 τὸ
1028 2872 1206 2943 Θετον,
1240 2862 1321 2920 ὅτι
1376 2865 1436 2920 τὸ
1485 2863 1624 2920 εἶναι
1679 2863 1860 2919 τούτου

198 2959 282 3030 μὴ
334 2956 497 3022 μόνον
529 2956 711 3034 χρόνῳ
742 2955 800 3010 οὒ
850 2967 1158 3033 μετρεῖται,
1196 2953 1317 3010 ἀλλ’
1371 2952 1476 3010 οὔδ’
1532 2954 1702 3027 αἰῶνι,
1739 2950 1861 3007 ἀλλ’

202 3044 332 3100 ανῖτύ
393 3042 536 3099 ἐστιν
590 3044 761 3114 ἑαυτῷ
810 3043 961 3101 αἰών.
1011 3040 1187 3119 Μέτρα
1245 3039 1300 3096 δὲ
1354 3048 1462 3096 τῶν
1518 3039 1683 3095 ὄντων
1741 3039 1860 3102 τοὺς

201 3134 403 3195 αἰῶνας
460 3139 569 3188 τῶν
599 3132 827 3207 νοητῶν,
863 3133 950 3187 καὶ
1004 3131 1123 3195 τοὺς
1168 3129 1394 3210 χρόνους
1447 3129 1552 3184 τῶν
1600 3130 1863 3195 αἰσθητῶν

200 3240 363 3289 φησι·
384 3223 467 3281 ,τὰ
497 3222 596 3300 γὰρ
640 3222 805 3299 νοητὰ
837 3222 905 3285 ὼς
939 3222 1039 3277 ὑπὸ
1073 3220 1263 3297 μέτρου
1293 3219 1384 3275 τοῦ
1424 3220 1607 3276 αἰῶνος
1642 3231 1862 3296 μετρεῖ-
1881 3265 1921 3315 C

200 3335 319 3392 ται,
368 3313 411 3367 εἶ
445 3314 531 3367 καὶ
564 3311 863 3386 ὁμωνύμως
920 3316 997 3382 τῷ
1029 3316 1304 3386 μετροῦντι
1348 3309 1495 3364 αἰῶνι
1528 3308 1615 3363 καὶ
1665 3308 1728 3365 τὰ
1759 3327 1858 3381 με-

203 3402 474 3481 τρούμενα
505 3400 749 3479 λέγονται
805 3400 997 3461 Αἷῶνες
1032 3400 1130 3478 γὰρ
1180 3398 1422 3476 λέγονται
1466 3398 1554 3455 καὶ
1598 3400 1645 3453 οἱ
1697 3395 1863 3474 ἄγγε-

204 3493 317 3552 λοι.
353 3490 508 3549 Οὕτω
558 3491 643 3547 καὶ
674 3490 759 3547 ἐπὶ
810 3491 917 3546 τῶν
946 3491 1228 3557 αἰσθητῶν
1286 3488 1350 3544 τὰ
1396 3488 1497 3566 γὰρ
1538 3487 1864 3563 μετρούμενα

204 3587 287 3653 τῷ
350 3581 534 3660 χρόνῷ
566 3581 867 3655 ὁμωνύμως
925 3578 1112 3658 χρόνοι
1142 3576 1411 3655 λέγονται,
1443 3579 1515 3639 ὡς
1562 3578 1595 3645 ἡ
1651 3577 1863 3643 κίνησις

205 3678 317 3726 τῶν
377 3670 613 3748 ἀστέρων
656 3670 741 3726 καὶ
799 3677 890 3726 τοῦ
932 3668 1107 3742 ἡλίου,
1144 3669 1228 3724 καὶ
1280 3670 1326 3723 οἱ
1357 3668 1485 3743 βὶοι¹
1519 3666 1863 3744 μετρούμενοι

206 3761 312 3839 γὰρ
369 3761 472 3816 ὐπὸ
503 3760 722 3839 χρόνον,
759 3759 945 3840 χρόνοι
1004 3756 1274 3836 λέγονται’
1304 3760 1331 3812 ὁ
1362 3757 1461 3834 γὰρ
1504 3756 1696 3835 χρόνος
1749 3755 1859 3818 εἷς’

206 3852 277 3909 τὰ
329 3848 386 3905 δὲ
417 3849 654 3927 μετρικοὶ
706 3870 920 3928 χρυνοι,
948 3849 1021 3911 ὡς
1081 3846 1182 3905 ὐπό
1212 3848 1309 3912 τῆς
1355 3851 1481 3921 μιᾶς
1517 3844 1863 3924 παρατάσεως

1944 1958 2166 2021 clarum
2201 1960 2473 2041 estgquod
2507 1978 2644 2022 vero
2677 1960 2855 2022 etiam
2878 1962 2954 2023 sit
2983 1979 3161 2043 supra
3188 1960 3588 2027 immobilita-

1946 2048 2318 2128 tem,clarum
2350 2058 2437 2110 est
2462 2068 2530 2112 ex
2561 2068 2630 2111 eo
2664 2048 2822 2129 quod
2852 2049 3052 2112 omnia
3082 2050 3292 2113 habeat
3324 2053 3595 2117 eminen-

1947 2146 2124 2211 ter,et
2156 2157 2273 2199 non
2305 2139 2458 2200 sicut
2481 2157 2576 2201 res
2598 2148 2741 2201 sunt
2764 2147 2821 2201 et
2842 2139 3404 2220 intelliguntur.Etsi
3426 2144 3590 2206 enim

1946 2225 2068 2288 Deo
2098 2228 2266 2289 valde
2294 2228 2553 2291 censona
2574 2228 2650 2290 sit
2678 2228 3022 2291 omnimoda
3054 2229 3456 2307 immobilitas,
3492 2240 3593 2295 at-

1949 2322 2142 2378 tamen
2176 2337 2245 2378 ea
2275 2324 2401 2398 ipsa
2425 2317 2761 2380 eminenter
2783 2326 2877 2382 est
2897 2327 2959 2381 et
2989 2319 3340 2400 intelligitur
3358 2322 3419 2385 in
3442 2325 3587 2388 Deo.

1946 2404 2198 2468 Rursum
2247 2426 2364 2469 non
2417 2408 2598 2469 estin
2633 2407 2751 2470 ullo
2786 2427 2993 2470 eorum
3024 2428 3156 2490 quas
3183 2411 3491 2494 sunt,quia
3527 2412 3592 2477 in

1943 2495 2075 2558 4³51
2137 2496 2416 2558 omnibus
2470 2497 3093 2578 incomprehensibilis
3149 2501 3403 2581 exsistit;
3436 2504 3590 2568 nihil

1943 2603 2143 2647 rerum
2200 2587 2611 2649 aeviternarum
2672 2587 2753 2650 illi
2811 2589 3110 2666 convenit,
3144 2589 3280 2670 quia
3322 2609 3584 2658 severum

1945 2694 2186 2755 quoque
2201 2677 2371 2738 condi
2386 2685 2474 2738 tor
2493 2676 2747 2754 exsistit;
2764 2677 2912 2740 nihil
2928 2696 3131 2740 rerum
3147 2682 3559 2762 temporalium
3574 2733 3590 2766 ,

1943 2768 2080 2850 quia
2132 2779 2463 2848 temporum
2522 2785 2758 2848 quoque
2820 2776 3054 2831 creator
3110 2777 3222 2843 est;
3281 2772 3592 2837 aeviternas

1944 2866 2141 2918 autem
2176 2864 2340 2925 vocat
2370 2857 2617 2918 virtutes
2648 2857 2961 2920 intellectu
2998 2857 3586 2941 prteditas,quoniam

1945 2948 2049 3011 aevi
2083 2946 2406 3026 participes
2435 2947 2752 3030 exsistunt,
2786 2952 2848 3010 et
2877 2947 3017 3029 quia
3045 2956 3255 3011 natura
3303 2951 3590 3031 temporis

1946 3037 2177 3118 priores
2228 3048 2390 3112 sunt;
2454 3038 2732 3116 quoniam
2782 3044 3015 3116 tempus
3046 3056 3079 3099 a
3109 3038 3244 3100 cmli
3294 3046 3591 3123 terraeque

1946 3127 2248 3190 creatione
2280 3134 2675 3207 computatur.
2710 3127 2879 3201 Quod
2903 3136 3104 3191 autem
3134 3127 3248 3209 ipsi
3278 3130 3427 3194 nihil
3449 3150 3589 3195 con~

1946 3215 2435 3295 veniat,intellige
2465 3216 2798 3278 secundum
2824 3216 3236 3299 substantiam,
3260 3228 3319 3283 et
3350 3240 3468 3284 non
3491 3240 3591 3286 se-

1946 3304 2206 3368 cundum
2238 3306 2415 3367 aliam
2438 3306 2778 3386 quampiam
2812 3306 3289 3387 intelligentiam,
3318 3328 3373 3373 ν.
3396 3331 3454 3391 g.
3477 3332 3590 3392 gu-

1949 3395 2319 3458 bernationis
2393 3414 2462 3457 ac
2510 3395 2982 3471 constitutionis,
3042 3406 3221 3475 atque
3276 3400 3587 3468 similium.

1947 3485 2097 3546 Nota
2143 3502 2281 3546 vero
2334 3484 2494 3566 hinc,
2528 3484 2587 3546 id
2620 3484 2776 3566 quod
2810 3485 3104 3568 principio
3132 3496 3317 3569 caret,
3353 3508 3592 3570 quoque

1949 3582 2230 3637 aeternum
2283 3592 2436 3649 esse,
2479 3584 2828 3637 nontamen
2884 3594 3062 3637 omne
3110 3577 3268 3658 quod
3300 3586 3589 3641 azternum

1949 3663 2368 3745 est,principio
2387 3666 2783 3727 carere.Deus
2805 3672 3000 3726 autem
3027 3673 3118 3727 est
3146 3666 3398 3747 ipsamet
3419 3673 3591 3732 aiter-

1948 3755 2120 3825 nitas,
2154 3756 2433 3834 quoniam
2466 3754 2595 3832 ejus
2632 3771 2764 3815 esse
2790 3773 2907 3815 non
2939 3755 3132 3816 solum
3164 3765 3433 3838 tempore
3467 3777 3590 3822 non

1947 3841 2453 3923 mensuratur,sed
2478 3862 2672 3924 neque
2695 3846 3043 3920 aeternitate,
3081 3844 3187 3907 sed
3220 3855 3309 3907 est
3339 3852 3592 3928 ipsamet

203 3948 303 3998 τοῦ
362 3942 478 4002 ἑνὸς
523 3941 720 4019 χρόνου
777 3939 1126 4016 μετρούμενα.
1207 3938 1383 3995 Πάντα
1440 3940 1527 3993 οὒν
1576 3944 1738 3993 ταὺτα
1796 3935 1859 3992 δι’

1944 3933 2262 3997 aeternitas.
2296 3934 2395 3995 Ait
2433 3942 2630 3995 autem
2662 3933 2877 3996 saecula
2906 3934 3397 4018 intelligibilium,
3443 3946 3590 4000 tem-

202 4033 395 4103 αὑτοῦ,
442 4032 530 4085 καὶ
552 4028 644 4086 ἀπ’
689 4029 869 4101 αὐτοῦ,
904 4030 990 4085 καὶ
1020 4031 1072 4083 ὲν
1102 4027 1242 4101 αὖτῷ
1270 4027 1432 4085 ἐστιν.

1948 4044 2091 4105 pora
2136 4041 2276 4088 vero
2310 4024 2618 4085 sensilium
2655 4041 2962 4086 mensuras
2990 4043 3142 4100 esse;
3171 4026 3469 4104 siquidem
3500 4029 3593 4092 in-

206 4118 543 4198 tellectilia,
576 4125 854 4197 tanquam
915 4134 1212 4178 mensurae
1270 4114 1559 4195 subjecta,
1593 4115 1810 4177 saeculo
1844 4124 2290 4192 mensurantur,
2323 4113 2435 4175 etsi
2466 4114 2679 4175 eodem
2739 4114 3006 4190 nomine,
3043 4134 3174 4196 quae
3230 4134 3590 4182 mensuran-

205 4216 327 4282 tur,
368 4218 427 4269 et
480 4205 636 4286 quod
668 4214 996 4279 mensurat,
1031 4205 1386 4268 afﬁciantur.
1439 4205 1654 4282 Angeti
1686 4206 1846 4268 enim
1882 4206 2059 4267 etiam
2121 4203 2336 4265 sazcuIa
2364 4203 2760 4284 appellantur.
2796 4205 2879 4266 Ita
2927 4205 3101 4266 etiam
3134 4206 3195 4266 in
3242 4206 3588 4274 sensilibus:

201 4317 348 4381 quae
397 4299 558 4359 enim
593 4307 862 4375 tempore
913 4304 1362 4374 mensurantnr,
1399 4295 1606 4356 eodem
1640 4313 1776 4356 cum
1841 4304 2110 4375 tempore
2142 4293 2386 4354 nomine
2438 4293 2838 4373 appellantur,
2873 4300 2934 4355 ut
2964 4304 3158 4358 motus
3205 4304 3499 4360 astrorum
3534 4309 3593 4363 et

199 4387 380 4457 solis,
416 4396 476 4448 et
504 4393 706 4449 aetates
749 4386 925 4447 vita):
989 4394 1258 4465 tempore
1302 4383 1461 4446 enim
1499 4392 1857 4447 mensuram
1885 4392 2154 4464 tempora
2184 4381 2482 4458 dicuntur,
2519 4382 2815 4460 siquidem
2874 4391 3109 4464 tempus
3132 4403 3315 4447 unum
3348 4407 3364 4463 ;
3421 4407 3594 4451 men-

201 4475 436 4539 suralia
480 4493 617 4537 vero
652 4487 922 4557 tempora
969 4482 1127 4551 sunt,
1164 4492 1293 4555 quae
1342 4474 1518 4535 unius
1551 4474 1724 4553 hujus
1755 4474 2041 4554 temporis
2091 4474 2437 4535 extensione
2472 4484 2919 4537 mensurantur.
2971 4472 3111 4537 Haec
3140 4474 3342 4557 itaque
3388 4479 3591 4542 omnia

206 4584 319 4645 per
350 4566 568 4646 ipsum,
619 4574 675 4627 et
704 4566 777 4627 ah
810 4566 963 4643 ipso,
999 4571 1057 4626 et
1091 4563 1151 4624 in
1188 4563 1317 4644 ipso
1350 4571 1508 4625 sunt.
