4052 6196
299 318 408 388 861

773 321 872 388 DE
915 318 1214 385 DIVINIS
1253 316 1712 400 NOMlNIBUS,
1754 317 1917 382 CAP.
1967 315 2072 382 Vl.
2119 348 2196 363 -ο
2239 312 2627 378 PARAPHR.
2670 312 3183 379 PACHYMERE.

3545 307 3665 377 862

295 464 386 521 καὶ
433 469 528 520 τοῦ
572 462 672 531 τῆς
721 465 864 534 ζωῆς
915 456 1295 535 δημιουργικοῦ
1337 454 1498 534 λόγου
1548 454 1688 511 αῑτία
1720 455 1858 512 ἐστὶν
1908 455 1943 522 ἡ

2039 449 2398 533 producitur,
2432 465 2608 511 causa
2635 448 2862 511 exsistit
2892 448 3087 511 divina
3117 447 3254 511 vita.
3294 443 3432 510 Haec
3463 455 3662 535 autem

295 553 408 610 θεία
453 553 590 625 ζωή.
626 559 801 611 Ταῦτα
830 548 884 607 δὲ
927 549 1064 605 κατὰ
1106 550 1212 603 τῶν
1241 544 1636 626 πρεσϐευόντων
1664 543 1804 609 ἰδέας
1849 546 1945 601 αὒ-

294 643 658 706 θυποστάτους
703 642 792 698 καὶ
849 637 1149 702 συναῖδίους
1196 643 1274 711 τῷ
1318 633 1626 713 δημιουργῷ
1683 633 1944 712 λέγοντοι,

297 730 398 789 Ἐκ
440 732 637 799 ταύτης
694 730 790 798 τῆς
838 727 1048 785 αἰωνίου
1096 727 1238 799 ζωῆς
1298 727 1348 781 αἱ
1412 724 1622 804 λογικαὶ
1673 725 1844 806 ψυχαί
1886 725 1948 781 16

294 819 595 898 ἀνώλεθρον
644 818 855 900 ἔχουσι,
892 817 956 874 νά
998 815 1168 892 ἄλογα
1195 820 1306 887 ζῶα
1348 815 1518 871 πάντα
1564 820 1716 887 ζῶσι,
1749 815 1837 870 καὶ
1883 815 1949 871 τὰ

295 911 434 989 φυτά
483 912 543 966 τὸ
586 915 683 981 ζῆν
715 907 900 989 ἔχουσι
929 907 1066 963 κατά
1096 905 1329 986 ἔσχατον
1372 905 1672 984 ἇπῆχημὰ³
1705 906 1776 969 ὡς
1832 903 1954 960 ἑλέ-

294 1021 465 1076 γομεν
519 999 802 1076 πρότερον.
855 999 915 1053 Ai
962 1005 1086 1074 γοῦν
1135 998 1265 1066 ζωαὶ
1307 1001 1413 1051 τῶν
1467 993 1679 1074 ἀλόγων
1733 997 1820 1052 καὶ
1849 999 1954 1050 τῶν

292 1087 472 1166 φυτῶν
522 1092 617 1147 οὐκ
661 1089 757 1144 εἰσὶ
817 1089 981 1162 θεῖαι,
1015 1083 1150 1141 ἀλλὰ
1208 1094 1302 1144 τοῦ
1360 1083 1541 1141 ἐνύλου
1593 1085 1751 1162 πυρός
1782 1106 1838 1141 τε
1867 1084 1956 1141 καὶ

297 1178 624 1252 πνεύματος.
669 1177 780 1244 Τὴν
828 1173 883 1230 δὲ
939 1175 1274 1253 ἀνθρωπίνην
1328 1174 1471 1245 ζωὰν
1520 1175 1725 1250 πνεῦμά
1786 1196 1948 1255 φησιν

298 1270 326 1322 6
394 1265 580 1341 Δαυίδ,
640 1265 832 1343 λέίωφ
917 1262 1257 1327 Ἀντανελεϊς
1335 1266 1396 1319 τὸ
1467 1271 1672 1340 πνεῦμα
1748 1265 1946 1338 αὒτῶν,

298 1359 394 1412 καί
481 1354 806 1431 ἐκλείψουσυ
914 1356 1000 1410 καὶ
1083 1353 1266 1410 πάλιν·
1377 1351 1786 1418 Ἐξαποστελετς
1887 1356 1949 1410 τὸ

299 1445 510 1520 πνεῦμά
568 1466 687 1523 σου,
734 1445 821 1500 καὶ
866 1444 1266 1515 κτισθήσονται,
1322 1437 1567 1508 δηλονότι
1628 1443 1702 1506 εἷς
1756 1441 1952 1499 παλιν-

298 1536 470 1605 ζωίαν
527 1535 613 1590 καὶ
677 1531 1038 1598 ἐξανάστασιν.
1098 1533 1170 1590 Τὸ
1200 1532 1300 1608 γὰρ
1372 1529 1794 1611 ἀνταναιρεϊσθαι
1865 1532 1952 1588 ἐπὶ

298 1633 395 1682 τοῦ
444 1624 766 1703 κεχωρίσθαι
825 1622 1048 1694 τέθεικε,
1082 1619 1311 1693 δεικνὺς,
1343 1618 1422 1675 ὅτι
1472 1625 1568 1677 καὶ
1621 1619 1747 1695 παρ’
1794 1622 1951 1678 αὐτοῦ

299 1714 529 1791 ἀργῆθεν
584 1711 738 1779 ὶδοθη
772 1712 834 1767 τὸ
865 1718 1095 1787 πνεῦμα·
1133 1711 1372 1767 ἀσθενεῖν
1427 1708 1482 1765 δὲ
1516 1711 1643 1789 πρὸς
1675 1712 1735 1766 τὸ
1785 1709 1948 1786 μετέ-

2032 539 2362 603 secundum
2392 539 2759 620 antiquiores
2788 537 3075 601 dicuntur
3104 537 3256 601 idea;
3291 554 3399 617 per
3426 553 3492 598 se
3523 534 3672 597 sub-

2031 630 2316 692 sistentes
2339 640 2396 690 et
2430 628 2685 690 creatori
2713 625 3135 690 coaeternaaEx
3166 629 3276 689 hac
3306 634 3530 690 aeterna
3560 626 3674 687 vita

2030 726 2244 783 animae
2271 718 2590 780 rationales
2630 717 3254 798 incorruptibilitatem
3287 714 3674 796 ltabent,bru-

2032 818 2087 871 ta
2113 809 2312 871 omnia
2330 807 2616 881 vivunt,et
2648 807 2880 888 plantae,
2914 807 3072 888 quod
3096 807 3302 868 ultimo
3335 805 3464 867 vitat
3491 804 3678 884 gradu

2032 899 2347 978 gaudeant,
2383 897 2539 959 sicut
2562 904 2736 958 antea
2765 895 3201 958 diximus.Vitae
3240 895 3439 976 itaque
3466 894 3674 957 bruto-

2033 1006 2164 1050 rum
2197 1003 2266 1047 ac
2299 987 2630 1067 plantarum
2665 1004 2782 1045 non
2814 995 2955 1046 sunt
2984 984 3217 1058 divinae,
3243 986 3348 1047 sed
3374 984 3524 1062 ignis
3555 1001 3680 1045 ma-

2044 1075 2267 1139 terialis
2295 1093 2363 1136 ac
2391 1075 2650 1155 spiritus.
2685 1075 3015 1136 Humanam
3043 1081 3238 1135 autem
3287 1073 3464 1134 vitam
3511 1079 3680 1133 vocat

2032 1163 2212 1231 David
2239 1163 2777 1243 spiritum,dicens:
2800 1164 3051 1241 Auferes
3075 1163 3364 1241 spiritum
3387 1167 3682 1240 eorum,et

2032 1255 2374 1334 deﬁcients;
2391 1261 2449 1314 et
2474 1274 2487 1316 :
2516 1251 2776 1315 Emittes
2794 1253 3080 1332 spiritum
3103 1259 3357 1327 tuum,et
3381 1250 3681 1313 creaban-

2032 1353 2133 1406 tur
2154 1369 2207 1421 ιι,
2242 1343 2517 1404 videlicet
2538 1343 2598 1403 in
2626 1345 3079 1404 resuscitatione
3109 1359 3176 1402 ac
3210 1339 3678 1402 resurrectione.

2035 1436 2276 1511 Auferri
2299 1442 2494 1493 autem
2539 1432 2730 1512 posuit
2761 1448 2867 1510 pro
2899 1431 3197 1510 separari,
3235 1429 3568 1505 declarans,
3600 1427 3676 1490 ab

2032 1522 2203 1586 initio
2227 1540 2466 1602 quoque
2490 1521 2766 1601 spiritum
2791 1519 2978 1581 fuisse
3007 1518 3234 1595 datum;
3261 1520 3567 1598 inﬁrmari
3590 1536 3682 1579 ve-

2033 1631 2098 1674 ro
2114 1612 2256 1673 dicit
2285 1612 2341 1671 in
2369 1611 2546 1690 hujus
2571 1609 2701 1671 vitae
2731 1609 3348 1690 participatione,quia
3379 1627 3495 1670 non
3520 1607 3682 1670 domi

2031 1722 2176 1778 sum,
2209 1720 2320 1762 nec
2377 1718 2410 1760 a
2464 1698 2677 1780 seipsis
2737 1700 2914 1763 vitam
2963 1698 3204 1779 habent,
3238 1697 3344 1760 sed
3377 1697 3613 1760 insitam
3646 1715 3681 1759 a

263 1825 426 1886 ’χειν
479 1807 576 1869 τῆς
633 1807 779 1874 ζωῆς
822 1801 1020 1867 ταύτης
1080 1801 1233 1879 φησὶ,
1271 1798 1355 1856 διὰ
1383 1800 1445 1856 16
1497 1801 1573 1875 μὴ
1602 1799 1813 1858 οἴκοθεν
1867 1807 1955 1864 καὶ
1981 1815 2015 1865 Β
2043 1794 2162 1856 Deo

300 1890 429 1968 παρ’
459 1892 661 1948 ἑαυτῶν
690 1891 942 1970 ἔχειντὴν
972 1890 1138 1963 ζωὴν,
1173 1886 1292 1944 ἀλλ’
1323 1887 1561 1957 ἐπακτῆν
1591 1890 1650 1945 εκ
1685 1895 1769 1945 τοῦ
1796 1895 1948 1946 Θεού.

385 1979 414 2060 §
470 1977 543 2041 ῙῙ.
578 1980 701 2039 ιὈτι
746 1989 872 2056 γοῦν
901 1979 1000 2046 τὴν
1055 1979 1200 2050 ζωὴν
1232 1977 1470 2045 ἔπακτὴν
1524 1977 1762 2058 ἔχουσιν,
1797 1975 1955 2033 ἀσθεκ

298 2077 490 2128 νοῦντα
533 2071 664 2148 πρὸς
698 2069 795 2136 τὴν
846 2067 1092 2148 μετοχὴν
1121 2067 1314 2148 αὐτῆς,
1352 2065 1675 2147 ἐκλείπουσι,
1709 2069 1794 2122 καὶ
1843 2065 1950 2121 πά-

300 2163 386 2220 λιν
445 2161 884 2240 ἐπιστρεφόμενοι,
920 2157 1080 2213 πάλιν
1136 2165 1415 2230 ζωοῦνται.
1477 2158 1652 2215 Τοίνυν
1707 2156 1743 2224 ἡ
1791 2154 1954 2212 αὖτο-

303 2254 446 2332 ζωὴ,
476 2253 630 2314 αὐτὸς
687 2253 714 2306 6
745 2247 1122 2328 δημιουργικὸς
1179 2248 1268 2304 καὶ
1314 2245 1803 2326 παραδειγματικὸς
1853 2250 1954 2312 τῆς

303 2349 449 2414 ζωῆς
493 2341 674 2418 λόγος,
711 2342 736 2396 6
793 2338 846 2396 ἐν
878 2345 954 2412 τῷ
988 2344 1104 2412 Θεῷ
1136 2335 1308 2402 ἀ³ιδιος
1353 2336 1451 2413 ὢν,
1485 2333 1730 2413 δωρεῖται
1775 2335 1956 2414 ἁπάσῃ

303 2435 417 2508 ζωῇ
449 2432 511 2488 τὸ
559 2430 730 2503 εἶναι,
764 2429 851 2484 καὶ
882 2434 951 2503 τῇ
992 2425 1203 2506 ἁπλῶς,
1236 2427 1322 2482 καὶ
1369 2432 1438 2502 τῇ
1482 2424 1601 2482 καθ’
1643 2425 1840 2483 ἕκαστα
1871 2427 1956 2482 οἱ-

302 2523 460 2586 κεέως
520 2520 728 2590 ἑκάστῳ
789 2523 899 2574 τῶν
956 2517 1182 2587 ζώνιων.
1243 2515 1328 2572 καὶ
1387 2529 1504 2580 τοῖς
1561 2521 1659 2590 μὲν
1712 2513 1954 2593 ἀγγέλοις

303 2611 449 2681 ζωὴν
501 2607 676 2664 δίδωσι
726 2608 823 2675 τὴν
881 2604 1037 2663 ἄυλον
1095 2607 1183 2662 καὶ
1237 2604 1464 2672 θεοειδῆο
1525 2603 1640 2661 ὅλοι
1697 2605 1798 2684 γάρ
1856 2605 1954 2661 εἰσι

305 2703 437 2772 ζωαὶ
495 2699 742 2768 ἑνούσιοι,
803 2697 884 2752 ἀεί
935 2698 1021 2753 καὶ
1081 2694 1481 2774 ἀπαρεγκλίτως
1539 2695 1839 2770 κινούμενοι
1899 2695 1953 2751 ἐν

306 2796 374 2865 τῇ
416 2794 532 2864 ζῇν.
571 2779 952 2863 ιΥττερεκτείνει
1004 2783 1056 2840 δὲ
1090 2787 1188 2852 τὴν
1246 2785 1497 2850 τοιαύτην
1540 2785 1680 2856 ζωὴν
1712 2783 1780 2840 δι’
1811 2784 1952 2862 ἀγα-

304 2881 503 2944 θότητα
539 2874 946 2952 (ἀμεταμέλητα
1000 2875 1101 2953 γὰρ
1159 2875 1224 2930 τὰ
1281 2877 1400 2930 θεῖα
1455 2875 1808 2953 χαρίσματα·)
1863 2875 1952 2930 καὶ

305 2976 383 3043 τῷ
437 2967 688 3042 δαιμονίῳ
719 2965 893 3045 φύλῳ·
929 2967 1015 3022 καὶ
1064 2967 1098 3034 ἡ
1129 2965 1241 3036 ζωὴ
1273 2965 1373 3043 γὰρ
1430 2972 1533 3021 τῶν
1563 2962 1826 3040 δαιμόνων
1865 2965 1953 3020 καὶ

305 3056 432 3137 παρ’
483 3057 645 3124 αὒτῆς
704 3055 930 3129 ὑπέστη,
992 3056 1080 3112 καὶ
1124 3053 1250 3130 παρ’
1308 3055 1468 3121 αὒτῆς
1519 3054 1800 3134 συνέχεται
1857 3054 1952 3122 τῆς

2115 1967 2144 2049 §
2173 1964 2249 2032 Il.
2276 1967 2424 2040 Quia
2449 1967 2648 2050 itaque
2690 1969 2864 2030 vitam
2894 1968 3130 2031 insitam
3175 1969 3414 2041 habent,
3440 1968 3581 2030 dum
3603 1965 3676 2027 ad

2038 2059 2170 2140 ejus
2200 2057 2708 2139 participationem
2733 2058 3517 2135 infirmantur,deﬁciunt,et
3537 2057 3680 2119 dum

2036 2167 2274 2212 rursum
2307 2155 2758 2230 convertuntur,
2787 2167 3021 2210 rursum
3057 2149 3444 2211 viviﬁcantur.
3469 2147 3672 2228 Itaque

2039 2257 2147 2322 per
2165 2256 2230 2300 se
2249 2237 2368 2298 vita
2385 2237 2834 2301 estconditricis
2854 2247 3027 2319 atque
3053 2238 3410 2320 exemplaris
3432 2238 3564 2301 vitae
3585 2255 3676 2298 ra-

2040 2329 2142 2402 tio,
2164 2345 2296 2410 quaa
2319 2328 2377 2388 in
2403 2327 2525 2389 Deo
2549 2336 2770 2389 aaterna
2792 2327 3105 2410 exsistens,
3141 2327 3346 2390 tribuit
3363 2345 3495 2390 esse
3515 2325 3681 2388 omni

2038 2417 2194 2499 vitm,
2219 2426 2334 2478 tam
2357 2417 2492 2479 vitae
2511 2417 2864 2498 simpliciter
2879 2437 3054 2500 quam
3088 2417 3334 2480 cuilibet
3355 2417 3678 2479 viventium

2039 2506 2100 2568 in
2122 2506 2492 2588 particulari;
2525 2519 2701 2586 atque
2723 2507 2950 2587 angelis
2971 2508 3212 2589 quidem
3235 2509 3334 2572 dat
3347 2507 3522 2568 vitam
3561 2505 3677 2567 im-

2039 2596 2402 2658 materialem
2424 2614 2493 2657 ac
2514 2596 2888 2675 deiformem;
2917 2599 3022 2659 loti
3047 2598 3204 2660 enim
3230 2607 3368 2660 sunt
3390 2596 3520 2658 vita;
3544 2595 3682 2657 sub-

2037 2686 2370 2768 stantiales,
2404 2704 2538 2766 qum
2573 2689 2819 2750 vivendo
2871 2706 3114 2768 semper
3161 2695 3220 2749 et
3272 2686 3684 2749 indesinenter

2037 2775 2469 2838 moventur.Ad
2500 2777 2685 2856 ipsam
2719 2795 2957 2858 quoque
2993 2777 3222 2839 turbam
3257 2776 3680 2840 daamoniacam

2034 2865 2368 2927 istiusmodi
2395 2868 2569 2927 vitam
2603 2885 2710 2948 per
2739 2866 3064 2931 bonitatem
3096 2867 3354 2929 extendit
3387 2866 3544 2947 (sine
3564 2883 3684 2945 pw-

2035 2961 2291 3019 uitentia
2312 2958 2469 3018 enim
2495 2964 2640 3018 sunt
2657 2957 2817 3018 dona
2842 2959 2954 3019 Dei
2973 2961 3044 3034 i);
3073 2956 3371 3038 siquidem
3401 2956 3524 3018 vita
3555 2956 3683 3016 daa-

2037 3064 2277 3108 monum
2301 3045 2374 3106 ab
2398 3051 2647 3126 ipsamet
2687 3065 2793 3128 per
2819 3065 2885 3108 se
2901 3049 3074 3108 vitam
3104 3065 3338 3128 quoque
3359 3046 3591 3108 exsistit
3616 3063 3685 3108 ac

305 3135 605 3218 αὗτοζωῆς.
665 3155 926 3223 Δωρεϊται
957 3146 1190 3208 καὶτοῖς
1227 3144 1520 3223 ἀνθρώποις
1578 3157 1701 3206 ταῖς
1753 3144 1952 3220 συμμί-

2039 3135 2564 3210 continetur.Quin
2589 3144 2646 3198 et
2670 3136 3292 3216 hominibus,quorum
3323 3138 3684 3198 animazcor-

306 3259 454 3301 κτοις
505 3241 714 3315 ψυχαῖς
775 3235 911 3310 μετὰ
973 3234 1218 3308 σώματος
1291 3233 1391 3300 τὴν
1446 3231 1734 3311 ἀγγελοιδῆ
1787 3233 1950 3307 ζωὴν,

2043 3226 2284 3307 poribus
2314 3231 2640 3286 commistae
2689 3234 2849 3301 sunt,
2875 3226 3326 3306 angelil‘ormem
3358 3231 3533 3286 vitam
3565 3224 3678 3286 tri-

307 3325 450 3395 πλὴν
507 3327 581 3391 ὡς
626 3323 822 3380 ἔνεστιθ
869 3321 1032 3400 μέσον
1090 3323 1190 3401 γὰρ
1244 3324 1342 3388 τῆς
1399 3328 1626 3401 φυσικῆς
1671 3327 1814 3394 ζωῆς
1869 3321 1952 3379 καὶ

2041 3315 2186 3388 buit,
2218 3322 2503 3396 quantum
2535 3315 2768 3376 scilicet
2787 3316 2871 3376 fas
2893 3325 3005 3391 est;
3037 3333 3142 3376 nos
3169 3317 3348 3391 enim,
3385 3333 3520 3378 cum
3553 3332 3684 3375 me-

305 3421 406 3483 τῆς
448 3413 737 3492 ἀγγελικῇς
791 3412 938 3476 ὄντες
968 3415 1162 3492 ἡμε⁴ιῑς²
1195 3415 1291 3479 τὴν
1338 3412 1505 3488 ῥοπὴν
1555 3410 1642 3468 ἐπ’
1686 3411 1952 3491 ἀμφότερα

2041 3404 2124 3465 dii
2154 3405 2340 3466 simus
2369 3403 2870 3482 interangelicam
2907 3405 3078 3466 vitam
3108 3424 3175 3468 ac
3197 3406 3551 3479 naturalem,
3584 3422 3680 3465 se-

307 3505 424 3562 κατ⁹
477 3503 919 3569 αὖτεξουσιότητα
963 3503 1190 3582 ἔχομεν’
1238 3502 1274 3570 ἢ
1334 3499 1538 3576 μᾶλλον
1596 3502 1791 3574 εἰπεῖν,
1826 3503 1952 3579 πρὸς

2040 3494 2300 3557 cundum
2316 3493 2570 3554 liberum
2592 3493 2900 3556 arbitrium
2914 3493 3204 3557 habemus
3219 3494 3679 3576 propensionem

307 3598 406 3665 τὴν
462 3595 755 3674 ἀγγελικὴν
815 3598 1101 3674 ταχθέντες
1157 3595 1302 3666 ζωὴν
1347 3591 1402 3649 εἴ
1458 3615 1554 3649 που
1586 3599 1654 3669 τῇ
1707 3591 1952 3672 προαιρέ-

2039 3583 2110 3645 ad
2145 3591 2482 3664 utramque;
2533 3583 2655 3645 sive
2705 3583 2918 3646 melius
2948 3583 3307 3664 dicendo,ad
3352 3583 3679 3662 angelicam

310 3700 397 3744 σεϊ
644 3671 1106 3764 παρεγκλίνοιμεν,
1181 3681 1492 3760 ὑπερϐλύσει
1569 3682 1952 3764 φιλανθρωπίας

2039 3675 2212 3764 vitam
2245 3671 2582 3752 compositi,
2608 3672 2799 3764 sicubi
2833 3693 2940 3753 per
2974 3674 3317 3764 libertatem
3354 3672 3534 3764 etiam
3566 3673 3679 3764 de—

307 3778 438 3856 πρὸς
487 3778 549 3832 16
579 3774 631 3842 ἐξ
664 3775 840 3856 ἀρχῆς
904 3772 1310 3849 ἀνακαλούμεθα
1371 3775 1458 3829 καὶ
1513 3772 1952 3852 ἐπιστρεφόμεθα·

307 3869 396 3924 καὶ
466 3868 528 3924 τὸ
583 3864 1029 3942 θαυμαστότερον,
1095 3862 1248 3929 ὅλους
1311 3865 1452 3938 ἡμᾶς
1521 3863 1656 3920 κατά
1713 3863 1956 3934 σώματος

312 3959 445 4034 πρὸς
505 3957 602 4024 τὴν
655 3953 949 4031 ἀνώλεθρον
977 3954 1120 4024 ζωὴν
1171 3951 1558 4031 ἐπαγγέλλεται
1617 3954 1956 4027 μεταθήσειν.

313 4053 538 4126 Πρᾶγμα
587 4044 655 4112 τῆ
699 4043 912 4117 ἀνοήτῳ
960 4043 1056 4118 μὲν
1108 4041 1231 4120 δόξῃ
1261 4048 1365 4098 τῶν
1411 4034 1706 4115 Ἐλλήνων,
1743 4039 1962 4120 (ταύτην

2042 3763 2356 3833 ﬂectimus,
2393 3761 2939 3841 superabundantia
2971 3762 3355 3842 benignitatis
3384 3762 3456 3822 ad
3491 3761 3688 3843 pristi-

2043 3871 2184 3913 num
2215 3860 2427 3913 statum
2458 3869 2810 3913 revocamur
2838 3860 3014 3934 atque
3045 3851 3684 3932 convertimur;qnod-

2044 3959 2159 4022 que
2191 3939 2376 4019 magis
2409 3941 2746 4003 mirandum
2781 3947 3074 4014 est,etiam
3111 3941 3440 4004 secundum
3469 3959 3686 4021 corpus

2044 4031 2116 4092 ad
2146 4029 2658 4112 incorruptibilem
2691 4031 2866 4092 vitam
2897 4051 3003 4094 nos
3038 4032 3409 4094 traducturus
3442 4031 3686 4112 promit-

2045 4121 2137 4184 tit.
2169 4119 2310 4192 Quae
2338 4138 2434 4181 res
2461 4120 2603 4181 456
2634 4121 2856 4182 insanae
2914 4123 3153 4203 quidem
3209 4122 3514 4201 gentilium
3552 4121 3684 4200 opi-

312 4138 412 4215 γὰρ
467 4132 811 4200 παλαιότητά
869 4155 1055 4210 φησιν,
1089 4134 1163 4195 ὡς
1217 4133 1399 4210 μωρὰν
1458 4132 1546 4187 καὶ
1603 4131 1843 4210 σαθράν’)
1876 4131 1963 4186 κιιὶ

2046 4211 2210 4272 nioni
2237 4212 2429 4292 (quam
2461 4218 2813 4274 vetustatem
2871 4212 3150 4293 appellat,
3211 4212 3432 4292 quippe
3463 4210 3684 4271 fatuam

315 4222 722 4300 πιστευόμενον,
782 4219 918 4284 ἴσως
978 4223 1051 4283 ὡς
1109 4223 1251 4300 παρά
1308 4222 1460 4302 φύσιν
1499 4219 1704 4277 δοκοῦν
1767 4219 1962 4276 ἐκεῖνοι

311 4315 412 4393 γὰρ
443 4313 587 4392 παρᾶ
635 4312 785 4392 φύσίν
815 4310 1058 4388 Λέγουαιν
1089 4311 1230 4367 εἶναι
1263 4300 1332 4388 τῇ
1387 4309 1490 4386 ’ὺλῃ
1521 4313 1580 4366 τὸ
1640 4309 1952 4366 ἀπαθανατί-

2048 4308 2105 4361 et
2136 4300 2430 4393 putidam)
2454 4301 2876 4393 etiamcredita
2899 4301 3108 4393 merito
3143 4301 3312 4381 quasi
3343 4309 3546 4362 contra
3579 4318 3691 4361 na-

309 4390 532 4475 ξεσθαιί
571 4390 671 4469 τςλή
703 4402 801 4479 γὰρ
839 4401 990 4474 οὖσα,
1036 4403 1126 4456 καὶ
1176 4403 1310 4457 κατὰ
1363 4402 1514 4480 φύσιν
1557 4399 1758 4480 ἔχουσα
1797 4401 1858 4456 16
1909 4400 1952 4456 ἐι

2049 4397 2238 4450 turam
2268 4391 2556 4467 videatur;
2580 4390 2842 4451 illienim
2888 4391 3076 4471 aiunt,
3114 4409 3247 4453 esse
3277 4399 3483 4452 contra
3515 4397 3694 4451 natu-

313 4495 474 4569 ἑαυτῇ
504 4488 854 4564 μεταϐάλλειν
885 4491 948 4546 τὰ
997 4488 1145 4569 εἴδη,
1178 4495 1294 4546 πῶς
1328 4503 1482 4563 μενεῖ
1525 4490 1578 4546 ἐν
1628 4489 1766 4562 αὒτῷ
1824 4490 1952 4544 me

2053 4500 2178 4543 ram
2206 4490 2266 4542 ut
2291 4482 2531 4544 materia
2562 4483 2662 4544 fiat
2689 4483 3082 4556 immortalis;
3104 4502 3238 4544 nam
3273 4482 3415 4544 dum
3447 4493 3538 4544 est
3560 4499 3692 4542 ma-

312 4558 684 4659 ἀμετάϐλητος
739 4581 828 4635 καὶ
858 4558 1160 4653 ἀκίνητοςξ
1222 4558 1457 4636 Ἐκεῖνοι
1517 4593 1662 4657 γοϊν,
1697 4558 1766 4654 τῇ
1820 4579 1945 4657 φύσε

2058 4575 2412 4648 teria,etiam
2440 4576 2770 4637 secundum
2799 4584 3067 4638 naturam
3092 4595 3256 4638 suam
3281 4575 3535 4638 habetut
3556 4573 3616 4636 in
3630 4592 3695 4636 se

312 4670 742 4744 ἀκολουθοῦντες,
778 4669 992 4734 εἰκότως
1038 4669 1179 4725 ἅπαν
1237 4668 1380 4735 ξένον
1437 4674 1535 4735 τῆς
1567 4669 1769 4748 φύσεως
1827 4669 1952 4741 παρέ

2049 4663 2272 4725 formas
2303 4673 2674 4740 transmulet,
2706 4666 3003 4746 quomodo
3037 4685 3174 4746 ergo
3229 4665 3291 4727 in
3338 4685 3404 4727 se
3454 4682 3695 4744 semper

314 4762 466 4841 φύσιν
525 4763 687 4839 φασὶ,
720 4760 808 4815 καὶ
867 4759 945 4834 μὴ
991 4756 1109 4815 οἷόν
1137 4780 1195 4815 τε
1248 4757 1488 4838 γενέσθαι
1518 4761 1758 4814 πώποτε’
1803 4759 1952 4831 ἡμεῖς

2053 4752 2436 4815 immutabilis
2459 4763 2514 4815 et
2535 4755 2859 4817 immobilis
2879 4773 3118 4817 manere
3140 4754 3352 4837 possit?
3376 4754 3463 4817 llli
3496 4755 3694 4834 itaque

314 4850 392 4926 δὲ,
429 4851 562 4930 πρὸς
621 4850 712 4906 τὸν
762 4848 892 4904 Θεὸν
938 4846 1362 4918 ἀποϐλέποντες,
1397 4849 1488 4903 τὸν
1537 4854 1628 4904 τοῦ
1679 4847 1756 4922 μὴ
1815 4847 1952 4903 ὃντοέ

2051 4851 2320 4905 naturam
2353 4853 2697 4922 sequentes,
2731 4845 3132 4907 verosmiliter
3155 4845 3387 4920 dicunt,
3421 4861 3601 4906 omne
3635 4842 3690 4904 id

312 4941 378 4997 τὰ
439 4939 611 4995 πάντα
641 4935 787 5015 λόγῳ
837 4937 986 5012 μόνῳ
1013 4939 1102 4994 καὶ
1159 4936 1418 5013 θελήματι
1479 4937 1873 5007 ὑποστήσαντα,
1909 4938 1952 4994 τί

2051 4930 2210 5014 quod
2232 4939 2456 4994 natura:
2477 4934 2857 5014 peregrinum
2913 4953 2982 4997 ac
3007 4953 3224 4996 novum
3255 4933 3495 5014 accidit,
3541 4949 3690 4994 con-

313 5025 496 5085 δοκοῦν
553 5027 774 5089 ἐκείνοις
805 5028 947 5106 παρά
1000 5027 1152 5106 φύσιν
1181 5030 1325 5084 θετον
1357 5028 1444 5084 καὶ
1500 5027 1629 5104 ὑπὲρ
1660 5027 1813 5106 φύσιν
1869 5024 1952 5082 λέ-

2051 5031 2138 5083 tra
2168 5030 2437 5082 naturam
2460 5041 2617 5102 esse,
2651 5033 2706 5084 et
2735 5023 2862 5085 ﬁeri
2887 5042 3187 5106 nunquam
3219 5041 3416 5104 posse;
3452 5041 3558 5085 nos
3587 5040 3692 5082 ve-

313 5139 502 5196 γομεν,
535 5116 625 5175 καί
666 5114 883 5174 δυνατὸν
939 5116 1205 5194 γενέσθαι,
1241 5124 1372 5174 Θεοῦ
1401 5116 1668 5180 θέλοντος.
1704 5123 1834 5173 Θεοῦ
1867 5117 1952 5195 γὰρ

2047 5129 2114 5173 ro
2171 5111 2245 5172 ad
2303 5114 2491 5174 Deum
2542 5114 3011 5196 Spectantes,qui
3043 5115 3244 5177 omnia
3275 5130 3349 5176 ex
3379 5112 3565 5173 nihilo
3595 5110 3692 5173 vel

313 5207 638 5284 βουλομένου
669 5207 732 5262 16
769 5205 1011 5284 γενέσθαι
1039 5227 1090 5261 τι
1122 5204 1290 5279 ξένον,
1321 5206 1381 5262 οὗ
1435 5205 1661 5284 λέγομεν
1693 5206 1834 5283 παρὰ
1864 5205 1952 5284 φύ-

2047 5199 2228 5263 verbo
2260 5201 2386 5262 solo
2407 5219 2474 5262 ac
2498 5202 2793 5265 voluntate
2816 5221 2921 5265 sua
2940 5204 3267 5266 consistere
3288 5200 3514 5277 fecit,id
3531 5199 3690 5280 quod

316 5314 422 5352 σινο
454 5296 542 5374 βία
571 5295 671 5375 γάρ
715 5295 824 5359 ὶςτι
866 5301 1024 5352 τοῦτο
1072 5300 1170 5364 τῆς
1213 5297 1439 5376 φύσεως,
1470 5296 1560 5353 καί
1591 5295 1715 5376 οὐχί
1770 5295 1952 5352 σύστα-

2049 5291 2192 5372 ipsis
2223 5298 2428 5353 contra
2448 5298 2719 5352 naturam
2743 5293 3065 5372 videtur,id
3100 5312 3206 5354 nos
3232 5291 3492 5352 divinum
3524 5296 3693 5350 etsu-

319 5407 402 5448 σις
459 5387 689 5466 φύσεως,
736 5384 857 5442 ἀλλ’
911 5384 1175 5460 ἀσθένεια,
1209 5385 1349 5443 ὣστε
1400 5385 1685 5466 πεφυκέναι
1728 5385 1817 5440 καί
1858 5386 1952 5441 πτί-

2052 5400 2157 5463 pra
2215 5387 2482 5442 naturam
2517 5399 2650 5443 esse
2681 5381 2962 5463 dicimus,
2994 5387 3072 5462 et,
3107 5381 3340 5443 volente
3379 5381 3526 5457 Deo,
3562 5377 3694 5439 fieri

319 5479 401 5533 λιν
453 5475 540 5533 ἐπί
569 5477 630 5534 τὸ
658 5476 794 5532 κατὰ
823 5475 974 5556 φύσιν
1019 5476 1298 5556 χωρῆσαι,
1329 5475 1486 5534 εἵπου
1538 5480 1636 5542 τῆς
1665 5475 1780 5552 βίας
1831 5474 1952 5553 ἀφε·

2053 5489 2251 5554 posse.
2280 5472 2404 5534 Deo
2431 5471 2592 5533 enim
2622 5471 2857 5535 volente
2871 5470 3173 5552 quidpiam
3188 5467 3568 5551 peregrinum
3583 5485 3690 5530 seu

400 5676 428 5718 ι
454 5661 609 5728 Psal.
649 5678 772 5742 οιιι,
805 5663 906 5730 29.

991 5665 1020 5708 ιι
1047 5660 1227 5744 una,
1254 5661 1356 5726 30.
1443 5662 1456 5698 ι
1501 5661 1680 5727 Rom.
1714 5680 1802 5742 ιι,
1836 5659 1937 5726 29.
