4052 6196
433 260 547 335 867

1564 272 1621 337 S.
1695 267 2037 337 DIONYSII
2095 268 2626 338 AREOPAGITIE.

3672 287 3775 354 868

432 419 748 482 tellectiles
797 421 1170 491 contueatur,
1202 421 1399 479 tamen
1431 419 1604 480 istam
1631 425 1942 494 unionem,
1963 437 2072 498 qua

2162 411 2318 477 ὃλους
2379 419 2510 468 Θεοὺ
2564 413 2927 489 γιγδομένους⁶
3001 429 3247 494 κρεῖττον
3304 419 3402 495 γὰρ
3463 423 3600 478 εἶναι
3644 431 3781 503 Θεοῦ,

434 509 616 572 rebus
644 526 709 569 se
739 505 1146 586 superioribus
1173 508 1862 588 conjungitur,naturam
1897 508 2084 588 ipsius

432 600 606 679 longe
636 594 1290 677 superare.Sccundum
1335 599 1487 660 hanc
1507 599 1705 676 itaque
1729 597 1925 659 divina
1950 606 2085 657 sunt

432 686 837 765 intelligenda,
873 703 990 747 non
1026 704 1191 748 more
1223 696 1445 760 nostro,
1497 687 1603 750 sed
1652 697 1946 769 quatenus
1976 699 2085 747 nos

431 777 543 859 ipsi
576 784 728 837 totos
757 793 791 836 a
821 775 990 836 nobis
1042 775 1180 836 totis
1224 775 1595 850 abdicamus,
1646 786 1704 838 et
1741 782 1847 836 toti
1883 783 2082 836 trans-

428 866 582 928 imus
613 866 673 926 in
707 868 892 928 Deum
927 889 944 943 -,
978 865 1277 944 siquidem
1326 867 1502 946 longe
1534 875 1782 948 praestat
1819 883 1930 926 nos
1975 865 2084 926 Dei

428 975 558 1018 esse
589 974 764 1036 quam
799 963 1063 1034 nostros;
1132 955 1216 1017 sic
1247 957 1406 1017 enim
1443 957 1639 1017 divina
1662 956 1834 1018 nobis
1855 954 1981 1015 dari
2008 973 2080 1033 po

430 1053 654 1125 terunt,
678 1046 727 1105 si
759 1062 892 1107 cum
927 1044 1046 1105 Deo
1073 1045 1361 1106 fuerimus
1385 1044 2083 1126 conjuncti.Hancigitur

428 1137 674 1196 rationis
701 1143 1008 1214 expertem
1026 1143 1392 1197 etamentem
1416 1136 1818 1217 atqueiatuam
1843 1133 2080 1212 sapien-

429 1235 546 1289 tem
578 1224 878 1304 superlate
909 1224 1236 1299 laudantes,
1294 1225 1588 1299 dicamus,
1637 1224 1830 1286 omnis
1863 1224 2076 1284 mentis

427 1325 484 1377 et
508 1315 778 1395 rationis,
825 1314 1142 1392 omnisque
1187 1316 1496 1395 sapientiae
1549 1324 1608 1376 et
1657 1313 2076 1393 intelligentiae

427 1423 664 1468 causam
701 1423 832 1465 esse
880 1412 982 1484 ;et
1026 1403 1210 1484 ipsius
1244 1423 1381 1466 esse
1412 1424 1588 1466 omne
1644 1403 1985 1483 consilium,
2013 1413 2072 1464 et

2168 504 2252 557 καὶ
2297 503 2372 576 μὴ
2404 503 2603 558 ἑαυτῶν
2625 500 2680 550 9·
2742 503 2879 560 οὕτω
2925 507 3022 584 γὰρ
3083 505 3228 562 ἔσται
3260 530 3322 562 τα
3367 511 3484 564 θεῖα
3515 509 3638 566 δοτὰ
3681 500 3781 576 τοῖς

2169 591 2303 665 μετὰ
2334 599 2462 648 Θεοῦ
2505 593 2805 670 γινομένοις
2837 594 2914 650 ¹0.
2976 596 3180 662 Ταύτην
3215 596 3303 652 οὖν
3345 599 3443 664 τὴν
3473 597 3661 677 ἄλογον
3711 605 3784 658 καὶ

2167 679 2324 737 ἄνουν
2383 682 2466 738 καὶ
2522 684 2704 760 μωρὰν
2757 684 2941 762 σοφίαν
2992 682 3331 764 ὕπεροχικῶς
3382 690 3679 764 ὑμνοῦντες,
3710 691 3785 745 εἴ·

2167 792 2380 850 πωμεν,
2413 770 2493 828 ὅτι
2547 772 2742 835 παντός
2793 771 2902 829 ἐστι
2963 780 3072 847 νοῦ,
3107 777 3193 830 καὶ
3248 773 3436 854 λόγου,
3489 781 3576 834 καὶ
3631 780 3784 846 πάσης

2167 860 2374 938 σοφίας,
2440 865 2522 916 καὶ
2579 860 2835 925 συνέσεως
2906 863 3067 919 αἰτία·
3132 865 3218 920 καὶ
3274 869 3437 932 αὖτῆς
3484 866 3594 922 ἔστι
3664 876 3785 925 πᾶσα

2165 949 2356 1025 βουλὴ,
2393 951 2476 1005 καὶ
2531 948 2658 1028 παρ’
2688 950 2853 1017 aiat-7i;
2897 958 3040 1008 πᾶσα
3093 959 3287 1030 γνῶσις
3343 957 3432 1011 καὶ
3468 959 3685 1031 σύνεσις,
3714 962 3787 1014 γαί

2165 1040 2218 1095 ἐν
2263 1041 2394 1114 αὖτῇ
2427 1042 2617 1104 πάντες
2647 1042 2692 1096 οἱ
2734 1043 2986 1120 θησαυροὶ
3015 1046 3113 1109 τῆς
3177 1043 3360 1122 σοφίας
3395 1046 3478 1100 καί
3533 1051 3631 1112 τῆς
3661 1049 3787 1124 γνὼ-

2165 1130 2301 1191 σεώς
2356 1132 2486 1184 εἰσιν
2545 1129 2868 1208 ἀπόκρυφοι.
2925 1133 3022 1188 Καὶ
3054 1134 3154 1209 γὰρ
3205 1131 3480 1208 ἑπομέθω(
3530 1149 3646 1199 τοῖς
3699 1135 3787 1204 ἤδη

2161 1219 2562 1298 προειρημένοις
2609 1221 2644 1286 ἡ
2706 1219 3002 1300 ὑπέρσοφος
3058 1224 3148 1278 καὶ
3203 1223 3470 1304 πάνσοφος
3532 1225 3665 1282 αἰτία
3716 1230 3788 1283 καὶ

2159 1308 2252 1375 τῆς
2305 1306 2631 1388 αὒτοσοφίας
2665 1309 2750 1364 καὶ
2809 1308 3069 1380 τῆςγδλης
3129 1314 3215 1368 καὶ
3271 1319 3368 1388 τῇς
3411 1311 3532 1371 καθ’
3591 1313 3789 1372 ἕκαστόν

2157 1400 2299 1457 ἔστιν
2330 1399 2642 1458 ὒπηστάτις.

420 1495 496 1557 ab
529 1513 599 1556 ea
646 1512 882 1554 omnem
915 1494 1225 1555 scientiam
1287 1503 1344 1554 et
1375 1495 1818 1574 intelligentiam
1853 1489 2176 1574 proﬁcisci,
2211 1497 2268 1550 et
2297 1487 2360 1548 in
2410 1504 2481 1548 ea
2509 1505 2722 1552 omnes
2779 1490 3096 1552 thesauros
3153 1491 3459 1570 sapientia
3503 1501 3562 1554 et
3619 1493 3793 1555 scien-

424 1586 520 1648 tiae
549 1583 928 1646 absconditos
955 1602 1087 1646 esse
1135 1583 1168 1647 ³.
1205 1582 1439 1646 Etenim
1504 1585 1930 1646 convenienter
1959 1585 2030 1644 iis
2072 1597 2207 1663 qua;
2239 1585 2412 1640 antea
2442 1577 2806 1651 dicta’sunt,
2842 1597 3040 1641 causa:
3074 1597 3428 1661 supraquam
3463 1582 3701 1664 sapiens
3743 1592 3794 1646 et

422 1674 622 1737 omnia
654 1673 873 1748 sciens,
913 1690 1017 1754 per
1049 1692 1113 1736 se
1147 1674 1457 1755 sapientiae
1489 1683 1547 1737 et
1579 1674 1758 1736 totius
1791 1671 2100 1756 sapientiae
2130 1667 2482 1733 universalis
2513 1676 2572 1730 et
2599 1669 2921 1749 singularis
2955 1669 3247 1732 effectrix.

2031 1833 2059 1913 §
2106 1831 2179 1896 ιι.

498 1992 625 2075 §II.
653 1994 733 2056 Ex
765 2014 832 2057 ea
852 1997 1306 2059 intellectilesac
1339 1997 1744 2078 intelligentes
1761 1996 2063 2074 angelica-

2228 1993 2315 2060 Ἐξ
2387 1993 2550 2060 αὐτῆς
2611 1995 2662 2049 αἰ
2713 1995 2898 2059 νοηταὶ
2959 1995 3043 2050 καὶ
3102 1995 3275 2071 νοεραὶ
3336 1995 3442 2050 te?“
3508 1995 3792 2074 ἀγγελικιῖη

419 2104 549 2147 rum
586 2085 873 2148 mentium
902 2087 1153 2148 virtutes
1177 2087 1488 2167 simplices
1518 2107 1586 2149 ac
1619 2088 1820 2150 beatas
1841 2088 2067 2148 habent

2155 2092 2282 2142 νοῶν
2345 2082 2579 2148 δυνάνεις
2627 2085 2715 2145 τὰς
2762 2083 2934 2148 ἁπλᾶς
2987 2085 3076 2139 καὶ
3130 2084 3390 2161 μακαρίας
3435 2086 3626 2164 ’έχουσι
3676 2088 3794 2155 νοή·

420 2174 868 2256 intelligentias,
905 2177 1044 2238 dum
1093 2195 1209 2238 non
1243 2177 1500 2240 dividuis
1557 2186 1659 2240 aut
1704 2195 1736 2238 e
1778 2177 2061 2249 dividuis,

2155 2197 2282 2248 σεις,
2321 2175 2415 2230 οὒκ
2468 2173 2523 2228 ἐν
2583 2187 2882 2251 μεριστοτς,
2943 2173 2976 2240 ἢ
3035 2172 3140 2229 ἂπὸ
3199 2180 3482 2254 μεριστῶν,
3520 2176 3556 2242 ἢ
3619 2177 3792 2245 existit:-

421 2264 509 2326 vel
542 2265 814 2326 sensibus
853 2266 940 2327 vel
986 2267 1218 2328 diffusis
1259 2267 1617 2348 rationibus,
1653 2267 2066 2331 ratiocinando

2155 2287 2310 2344 σεων,
2344 2265 2378 2332 ἢ
2439 2263 2612 2341 λόγων
2664 2261 2968 2328 διεξοδικῶν
3026 2263 3073 2304 ίί
3137 2265 3450 2342 συνάγουσαι
3512 2267 3612 2332 τὴν
3666 2266 3792 2321 θείαν

418 2354 676 2416 divinam
702 2355 987 2435 colligunt
1010 2357 1464 2437 scientiam,nec
1491 2358 1703 2419 iisdem
1728 2357 2064 2440 communi-

2155 2357 2369 2432 γνῶσιν,
2403 2351 2521 2408 οὐδὲ
2570 2352 2672 2408 ὒπό
2703 2373 2843 2417 τινος
2902 2359 3081 2408 κοινοῦ
3139 2355 3268 2431 πρὸς
3317 2354 3480 2410 ταῦτα
3514 2375 3792 2431 συμπεριε-

420 2451 513 2506 ter
538 2444 979 2526 adhaerent,sed
1015 2449 1090 2507 ab
1127 2453 1286 2507 omni
1319 2447 1563 2508 materia
1607 2447 2070 2528 pluralitateque

2155 2444 2406 2522 χόμεναι,
2463 2443 2660 2506 παντὸς
2717 2441 2771 2497 δὲ
2831 2441 3014 2498 ὕλικοῦ
3073 2444 3157 2498 καὶ
3216 2442 3449 2510 πλήθους
3525 2442 3585 2492 ¹²
3638 2448 3793 2500 καθα·

418 2543 894 2614 purae,spiritali,a
911 2547 1143 2602 materia
1170 2555 1394 2604 secreto
1421 2557 1592 2618 atque
1605 2548 1874 2604 uniiormi
1900 2548 2068 2605 modo

2155 2533 2411 2612 ρεύουσαι,
2445 2537 2660 2610 νοερῶς,
2717 2531 2915 2612 ἆύλως,
2949 2530 3204 2594 ἐνοειδῶς
3247 2530 3323 2605 ίθ,
3375 2534 3439 2588 τὰ
3490 2535 3662 2599 νοητὰ
3701 2539 3794 2588 τῶν

421 2642 490 2684 ea
512 2626 772 2704 capiunt.
799 2643 934 2705 quae
966 2627 1023 2686 in
1059 2627 1273 2689 divinis
1294 2628 1548 2706 intelligi
1575 2638 2068 2706 possunt;estque

2155 2625 2300 2679 θείων
2358 2630 2556 2679 νοοῦσιο
2589 2625 2676 2678 καὶ
2738 2621 2880 2678 ἔστιν
2925 2625 3113 2684 αὐταῖς
3159 2623 3194 2689 ἡ
3254 2624 3410 2700 νοερᾶ
3441 2621 3666 2697 δύναμις
3716 2623 3792 2678 καὶ

420 2713 538 2775 illis
569 2716 656 2777 vis
684 2715 968 2794 spiritalis
1019 2725 1195 2796 atque
1254 2719 1521 2798 operatio
1575 2719 1970 2798 impermista,
2005 2727 2064 2781 et

2155 2713 2384 2790 ἐνέργεια
2441 2712 2510 2779 τῆ
2543 2713 2734 2789 ἀμιγεῖ
2795 2712 2880 2767 καί
2938 2712 3191 2790 ἁχράντῳ
3245 2714 3572 2790 καθαρότητι
3633 2734 3792 2778 κατη-

418 2803 796 2867 immaculata
823 2807 1074 2886 puritate
1095 2807 1509 2888 resplendens,
1538 2817 1596 2870 et
1626 2812 1945 2889 conSpicax
1968 2809 2063 2870 di-

2155 2802 2472 2880 γλαῖσμὲνη,
2529 2804 2615 2857 καὶ
2675 2802 2968 2868 συνοπτικὴ
3010 2809 3114 2856 τῶν
3185 2802 3335 2857 θείων
3379 2804 3622 2869 νοήσεων
3677 2803 3794 2875 dp:-

416 2894 681 2955 vinarum
713 2895 1399 2976 intelligentiarum,quae
1425 2897 1732 2960 divisionis
1761 2918 1830 2960 ac
1867 2907 2060 2961 mate-

2155 2893 2280 2971 )ἐίᾳ,
2342 2891 2427 2947 καὶ
2478 2891 2653 2963 ἆϋΛίᾳ,
2712 2892 2802 2948 καὶ
2858 2891 2934 2965 τῷ
2988 2889 3231 2954 θεοειδῶς
3289 2892 3361 2947 ἑνὶ
3419 2889 3475 2933 ίδ
3535 2893 3667 2967 πρὸς
3712 2894 3795 2947 τὸν

415 2983 521 3046 riae
543 2983 948 3056 carentia,nec
989 3004 1106 3046 non
1134 2986 1414 3048 deiformi
1438 2987 1666 3049 unitate
1695 2987 1769 3048 ad
1802 2986 2058 3050 divinam

2155 2986 2286 3038 iatov
2341 2978 2394 3022 ¹⁵
2421 2980 2714 3060 ὀπέρσοφον
2771 2982 2858 3036 καὶ
2913 2988 3056 3055 νοῦν,
3092 2983 3178 3036 καὶ
3227 2981 3411 3058 λόγον,
3445 2983 3526 3046 ὡς
3565 2982 3791 3061 ἐφικτὸν,

414 3082 476 3135 et
493 3074 798 3156 plusquam
822 3075 1152 3154 sapientem
1189 3084 1448 3138 mentem
1471 3096 1539 3139 ac
1554 3077 2060 3158 rationem,quan-

2155 3069 2556 3145 ὶποτυπουμὲνη
2614 3068 2698 3125 διὰ
2750 3071 2850 3134 τὴν
2907 3071 3048 3126 θείαν
3103 3071 3314 3149 σοφίαν,
3371 3073 3466 3128 Καὶ
3513 3073 3688 3152 ψυχαὶ
3743 3073 3796 3128 τὸ

413 3169 534 3225 tum
568 3164 697 3226 ﬁeri
721 3172 938 3246 potest,
975 3183 1082 3244 per
1113 3164 1372 3226 divinam
1399 3166 1752 3248 sapientiam
1778 3167 2058 3230 efforma-

2155 3163 2358 3240 λογικὸν
2417 3160 2602 3241 ἔχουσι
2644 3158 2942 3227 διεξοδικῶς
2991 3161 3089 3234 μὲν
3135 3163 3219 3218 καὶ
3268 3160 3448 3234 κύκλῳ
3518 3165 3641 3239 περί
3703 3163 3794 3228 τὴν

414 3262 533 3316 tur.
565 3252 717 3315 Hinc
746 3253 922 3316 etiam
949 3260 1161 3316 anima;
1191 3247 1581 3318 ratiocinandi
1609 3256 1725 3318 vim
1758 3255 2056 3329 obtinent,

2155 3258 2247 3308 τῶν
2307 3248 2475 3307 ὄντων
2531 3247 2781 3320 ἅλήθειαν
2840 3249 3335 3329 περιπορευόμενοι,
3382 3252 3470 3307 καὶ
3521 3257 3607 3324 τῷ
3644 3271 3796 3330 μερι-

413 3361 548 3424 quae
571 3342 710 3404 dum
746 3360 852 3424 per
894 3342 1198 3424 digressus
1230 3344 1513 3426 quosdam
1549 3353 1610 3407 et
1641 3365 1746 3427 per
1777 3345 2058 3424 ambages

2155 3348 2251 3416 ττῷ
2304 3342 2392 3397 καὶ
2421 3347 2498 3415 τῷ
2527 3337 2850 3414 παντοδαπῷ
2879 3337 2934 3382 ίθ
2959 3345 3052 3417 τῇς
3089 3340 3357 3403 ποικιλίας
3417 3339 3790 3415 ἀπολειπόμε-

413 3450 616 3496 rerum
664 3432 1020 3514 investigarit
1067 3435 1399 3516 veritatem,
1437 3443 1676 3516 propter
1721 3436 1968 3498 divisam
1998 3446 2058 3499 et

2155 3453 2226 3487 ea:
2259 3436 2366 3488 τῶν
2398 3429 2614 3486 ἐνιαίων
2657 3436 2796 3488 νοῶν
2827 3427 2900 3470 ⁸⁷·
2935 3437 3003 3504 τῇ
3048 3428 3104 3486 δὲ
3148 3431 3254 3486 τῶν
3283 3429 3497 3488 πολλῶν
3536 3433 3616 3492 εἰς
3660 3433 3719 3487 τὸ
3746 3429 3796 3486 ἓν

2141 3519 2418 3594 σδνελίξει,
2453 3522 2540 3576 καὶ
2583 3527 2687 3577 τῶν
2730 3519 3029 3598 ἱσαγγέλων
3073 3521 3333 3600 νοήσεων,
3377 3519 3458 3599 ἐφ’
3505 3519 3634 3577 ὅσον
3692 3525 3790 3596 +9-

2143 3622 2280 3691 χατς
2339 3613 2538 3668 οἰκεῖον
2570 3611 2658 3666 καὶ
2715 3610 2954 3686 ἐφικτὸν,
2989 3609 3316 3684 ἀξιούμεναι,
3382 3609 3526 3667 Αλλᾶ
3557 3613 3650 3666 καί
3706 3610 3794 3672 τὰς

2143 3703 2412 3770 αἰσθήσεις
2471 3700 2654 3772 αὖτᾶς,
2713 3703 2808 3759 οὒκ
2864 3697 2926 3754 ἄν
2984 3722 3066 3764 τις
3129 3700 3354 3777 ἁμάρτοι
3408 3700 3640 3775 σκοποῖ’),
3700 3705 3793 3766 τῆς

2143 3791 2328 3869 σοφίας
2363 3790 2642 3870 ἆπήχημα
2673 3790 2872 3868 φήσαςο
2929 3792 3099 3846 καίτοι
3128 3791 3216 3846 καί
3271 3792 3300 3846 ὁ
3329 3787 3605 3864 δαιμόνιος
3651 3797 3788 3867 νοῦς,

2141 3881 2177 3956 ᾗ
2220 3883 2336 3944 νοῦς
2365 3877 2438 3954 18,
2485 3881 2647 3947 αὐτῆς
2681 3878 2812 3936 ἐστι·
2876 3878 2992 3936 καθ’
3023 3879 3145 3936 ὅσον
3178 3877 3233 3934 δὲ
3295 3886 3410 3941 νοῦς
3454 3880 3600 3935 ἐστιν
3659 3879 3786 3946 ἣλο-

2145 3969 2400 4049 γημένος,
2433 3981 2646 4049 τυχεῖν,
2679 3969 2739 4026 οὗ
2767 3969 2990 4049 ἐφίεται,
3031 3970 3108 4045 μὴ
3140 3967 3313 4046 εἰδὼς,
3349 3968 3487 4042 μήτε
3517 3969 3788 4044 βουλόμε-

2141 4083 2252 4135 νος,
2287 4059 2549 4116 ἔκπτωσιν
2609 4059 2794 4138 σοφίας
2855 4059 3172 4137 κυριώτερον
3225 4058 3382 4114 αὐτὸν
3433 4058 3788 4137 προσρητέον,

412 3521 756 3583 omniﬁdam
791 3524 1134 3586 varietatem
1183 3543 1300 3586 nou
1364 3543 1571 3604 parum
1616 3525 1689 3586 ab
1725 3527 1907 3587 unitis
1938 3525 2059 3588 illis

409 3612 708 3674 mentibus
749 3612 1036 3675 deﬁciunt
1069 3633 1085 3690 ;
1120 3614 1224 3675 sed
1271 3615 1371 3675 ubi
1416 3615 1659 3677 demnm
1687 3633 1720 3677 e
1753 3614 1959 3677 multis
1995 3615 2058 3677 in

411 3721 594 3764 unum
633 3721 766 3766 sese
817 3703 1122 3782 colligunt,
1171 3705 1470 3784 angelicas
1519 3705 1723 3781 etiam,
1775 3713 2060 3787 quantum

410 3794 646 3873 quidem
671 3793 983 3857 animabus
1017 3796 1314 3876 congruit,
1340 3794 1766 3875 intelligentias
1782 3795 2062 3858 aemulan-

413 3884 691 3958 tur.Quin
715 3893 773 3946 et
789 3903 1000 3946 sensus
1015 3884 1178 3964 ipsos
1191 3886 1238 3945 si
1259 3885 1392 3965 quis
1413 3886 1720 3966 sapientiae
1741 3887 2058 3967 quemdam

411 3973 658 4036 sibilum
686 3991 820 4036 esse
844 3974 1082 4054 dixerit,
1113 3992 1485 4054 nequaquam
1511 3993 1546 4036 a
1568 3993 1704 4037 vero
1729 3974 2053 4038 aberrabit:

406 4081 546 4124 nam
571 4072 630 4126 et
650 4063 983 4126 daemonum
1008 4082 1246 4144 quoque
1270 4083 1461 4146 mens,
1492 4065 1553 4128 in
1576 4073 1861 4146 quantum
1887 4082 2060 4128 mens

408 4159 748 4234 est,exipsa
777 4160 886 4231 est;
923 4154 984 4213 in
1016 4163 1305 4230 quantum
1341 4173 1478 4217 vero
1521 4173 1731 4218 amens
1763 4164 1873 4231 est,
1908 4163 1968 4217 et
1998 4153 2056 4216 id

2155 4149 2292 4207 Ἀλλ’
2325 4149 2405 4205 ὅτι
2451 4149 2550 4224 μὲν
2577 4150 2763 4228 σοφίας
2807 4150 2974 4216 αὐτῆς
3006 4148 3094 4206 καί
3149 4149 3353 4222 πάσης,
3389 4149 3478 4204 καί
3507 4156 3600 4204 νοῦ
3651 4170 3788 4204 παν-

407 4243 564 4324 quod
592 4247 816 4324 appetit
841 4261 956 4305 nec
985 4241 1082 4317 sit,
1119 4262 1230 4306 nec
1249 4245 1372 4306 vult
1393 4245 1862 4328 assequi,verius
1889 4263 1924 4308 a
1953 4263 2054 4307 sa-

2155 4242 2253 4321 εὸς,
2285 4239 2372 4296 καί
2429 4237 2612 4316 λόγου,
2645 4239 2734 4295 καί
2793 4239 3085 4308 αἰσθήσεως
3131 4238 3309 4304 πάσης
3358 4238 3395 4306 ἦ
3423 4238 3545 4294 θεία
3609 4239 3786 4317 σοφία,

407 4333 632 4414 pientia
651 4332 900 4395 defectio
923 4331 1042 4395 dici
1055 4332 1382 4398 debet.Sed
1401 4335 1538 4396 460
1551 4324 1841 4417 quoniam
1856 4335 2056 4397 divina

2155 4332 2220 4388 ιαὶ
2273 4329 2442 4409 ἀρχὴ,
2479 4335 2565 4385 καί
2597 4327 2758 4408 αἰτία,
2790 4328 2882 4384 καί
2935 4326 3216 4417 ὑποστάτις
3247 4324 3323 4407 ‘9,
3356 4326 3446 4417 καί
3467 4324 3786 4417 τελείωσις,

403 4422 695 4502 sapientia
721 4421 1034 4503 ipsiusmet
1062 4423 1388 4506 sapientiai,
1417 4414 1596 4507 atque
1625 4425 1819 4486 omnis
1850 4425 2052 4488 etiam~

2155 4422 2224 4477 ιαί
2279 4418 2498 4499 φρουρὰ,
2555 4418 2646 4474 καί
2706 4417 2895 4498 πέρας,
2940 4415 3179 4496 εἴρηται⁶
3252 4417 3368 4480 πῶς
3425 4414 3481 4473 δέ
3540 4417 3704 4480 αὐτὸς
3759 4419 3786 4471 ὁ

405 4512 647 4589 mentis,
672 4512 918 4574 rationis
943 4531 1015 4575 ac
1046 4503 1258 4576 sensus
1285 4503 1667 4597 principium,
1697 4523 1756 4578 et
1780 4525 2054 4589 causa,et

2155 4517 2266 4587 hoc
2327 4511 2356 4566 ὁ
2413 4507 2704 4588 ὃπέρσοφος
2755 4507 2935 4588 σοφία,
2969 4507 3057 4563 καί
3113 4513 3260 4587 νοῦς,
3315 4506 3404 4563 καί
3459 4503 3648 4585 λόγος,
3703 4504 3787 4560 καί

405 4601 861 4685 procreatrix,et
887 4602 1267 4684 perfectio,et
1296 4595 1593 4688 custodia,
1621 4613 1680 4667 et
1712 4606 2048 4668 terminatio

2155 4607 2328 4677 τνῶσις
2375 4597 2437 4648 30
2465 4599 2711 4674 ὑμνεῖται
2745 4617 2761 4678 ς
2795 4603 2912 4661 πῶς
2942 4597 3042 4676 γὰρ
3076 4598 3258 4667 νοήσει
3309 4618 3359 4652 τι
3390 4599 3496 4653 τῶν
3547 4595 3782 4668 νοητῶν,

403 4693 560 4754 dicta
587 4701 675 4755 est
708 4691 1049 4774 ;quomodo
1094 4710 1236 4772 ergo
1281 4693 1440 4757 Deus
1506 4685 1638 4776 ipse
1681 4711 2043 4776 supraquam

2155 4694 2226 4749 ιύκ
2280 4688 2427 4770 ’έχων
2457 4688 2640 4767 νοερᾶς
2688 4687 2998 4766 ἐνεργείαςς
3057 4686 3092 4755 ἢ
3123 4692 3236 4776 πῶς
3277 4685 3540 4776 γνώσεται
3569 4687 3639 4743 τὰ
3696 4686 3782 4740 αἱ-

402 4783 643 4864 sapiens
672 4773 984 4862 sapientia.
1015 4789 1074 4843 et
1107 4801 1298 4860 mens,
1339 4792 1398 4846 et
1422 4773 1773 4861 verbum,et'
1788 4773 2045 4864 cognitio

2155 4781 2298 4846 θῆτὰ
2323 4827 2340 4860 ,
2411 4779 2590 4846 πάσης
2617 4865 2628 4866 7
2652 4777 2968 4866 ,αἰσθήσεως
3003 4865 3007 4866 γ
3051 4773 3456 4866 ὑπεριδρυμένος
3482 4794 3549 4866 δὴ
3602 4776 3780 4866 καίτοι

403 4861 1092 4955 ρι’ὼάίοαιιιιοῖιιιιοωοάο
1124 4873 1282 4936 enim
1303 4873 1592 4954 intelligat
1611 4861 1932 4956 quidquam
1960 4873 2050 4936 in-

2155 4871 2304 4928 πάντα
2357 4869 2515 4926 αὐτὸν
2564 4864 2750 4924 εἰδέναι
2803 4867 2934 4945 φησί
2961 4865 3029 4923 τὰ
3084 4861 3277 4944 Λόγια,
3310 4865 3398 4922 καί
3444 4863 3597 4921 οὐδὲν
3657 4861 3778 4920 δια-

407 4952 884 5039 ῐοΙΙθοιὶΙίυπιίεὶ
913 4979 1034 5024 non
1057 4960 1271 5028 habeat
1311 4952 1646 5047 spiritalem
1669 4952 1866 5029 actum
1895 4969 1925 5027 ?
1953 4963 2046 5027 vel

2155 4963 2342 5043 ρεύγειν
2386 4959 2480 5026 τὴν
2506 4957 2648 5015 θείαν
2697 4960 2918 5036 γνῶσινο
2951 4954 3115 5031 ἀλλὰ,
3146 4953 3279 5035 ὅπερ
3307 4953 3442 5035 ἓφην
3487 4952 3777 5030 πολλάκις,

484 5122 497 5158 ¹
529 5123 761 5188 Coloss.
795 5140 860 5192 ιι.
893 5127 954 5192 3.

795 5140 860 5207 ﬂ,
893 5127 954 5192 3.
1732 5235 1988 5302 VARle
2008 5227 2447 5300 LECTIONES.

2679 5407 2731 5452 1⁸
2776 5408 2998 5472 πάθους.
3086 5403 3139 5450 1³
3164 5404 3660 5486 καθαρῶςιῶλφς,

2941 5487 2994 5532 ¹⁵
3023 5489 3154 5563 πρὸς
3197 5488 3260 5546 τὸ
3302 5479 3514 5566 ζωρόν,
3543 5483 3620 5550 Μ.
3643 5479 3650 5481 ⁷

3115 5566 3168 5615 19
3199 5565 3510 5648 ὑπόστασις,
3556 5568 3617 5632 S.
3675 5565 3774 5628 Sc.

2086 5415 2134 5459 ιι
2168 5411 2488 5486 διεξοδικῶς,
2526 5408 2590 5472 Ρ.

2262 5494 2318 5540 Ν
2359 5493 2561 5566 ἑνιαίῳ,
2595 5490 2658 5553 S.
2719 5487 2851 5554 Sar.

2450 5569 2505 5616 43
2532 5572 2576 5631 sl
2625 5573 2743 5637 νοῦς
2794 5569 2876 5635 Μ.
2929 5565 3031 5636 Sc.

480 5413 514 5466 9
543 5415 808 5498 minam
840 5415 1035 5492 αὐτῶν,
1069 5415 1148 5480 Μ.
1184 5413 1283 5498 Sc.
1367 5415 1422 5460 ίο
1449 5417 1775 5498 γενομένοις,
1809 5419 1878 5482 Ρ.

401 5493 501 5578 Sp.
563 5495 658 5553 καί
679 5496 875 5578 ἀῢλως,
907 5499 1002 5554 καί
1063 5494 1323 5578 ἑνοειδῶς,
1358 5500 1423 5565 Ρ,
1463 5493 1586 5556 καί
1623 5506 1850 5574 νοητῶς,
1881 5497 2080 5578 ἀύλως,
2115 5498 2176 5560 S.

479 5579 575 5634 καὶ
630 5579 736 5658 τῷν
792 5574 1052 5658 μεριστῶν
1098 5577 1192 5658 καὶ
1246 5574 1619 5658 παντοδαπῶν,
1645 5581 1706 5644 S,
1741 5577 1808 5645 Ρ.
1891 5577 1947 5624 17
2002 5579 2241 5653 ἆννοιῶν,
2303 5579 2369 5642 S.

401 5654 460 5709 10
485 5658 580 5714 καί
610 5654 883 5741 γνώστης,
913 5657 976 5721 S.
1008 5656 1076 5723 Ρ.
1109 5655 1208 5724 SC.
1241 5655 1372 5723 Sar.
