4052 6196
390 291 498 362 871

1565 301 1624 368 S.
1673 297 2014 371 DIONYSII
2059 293 2569 368 AREOPAGITIE

3638 297 3757 364 87‘2

379 434 632 515 plarium
647 433 776 513 ejus
789 431 1122 497 divinorum
1137 430 1196 496 in
1211 454 1276 498 se
1289 434 1649 510 habente,ad
1663 458 1995 517 cognoscen

2102 461 2206 494 των
2267 438 2370 514 ὁδῷ
2419 443 2506 495 καὶ
2550 438 2689 504 τάξει
2742 461 2882 495 aut:
2912 436 3127 514 δύναμιν
3161 439 3369 514 ἅνειμεν
3415 439 3467 494 ἓν
3507 445 3577 514 τῇ
3613 439 3754 492 πάν-

375 526 514 586 dum
539 523 680 585 illud
715 542 1011 585 summum
1059 527 1277 587 bonum
1333 534 1389 587 et
1420 526 1686 588 omnium
1725 533 2013 589 bonorum

376 615 580 695 ﬁnem,
609 612 700 674 via
730 623 787 674 et
813 613 1025 676 ordine
1048 633 1152 696 pro
1176 615 1402 678 viribus
1420 617 1799 680 ascendimus
1823 617 1881 679 in
1902 617 2013 679 ab-

371 703 592 766 latione
622 713 678 764 et
712 703 772 764 in
802 705 1206 783 superlatione
1235 706 1526 781 omnium,
1563 719 1623 768 et
1654 707 1715 768 in
1745 707 2009 769 omnium

371 811 565 855 causa.
593 791 882 865 Quocirca
910 795 1065 854 Deus
1097 794 1155 856 in
1203 795 1479 858 omnibus
1525 795 1926 876 cognoscitur,
1959 804 2016 857 et

368 881 684 961 separatim
705 879 774 942 ab
809 883 1084 944 omnibus
1119 904 1134 958 ;
1166 892 1222 944 et
1257 903 1362 964 per
1408 886 1807 964 cognitionem
1859 886 2015 948 Deus

369 970 752 1050 cognoscitur
781 989 845 1032 ac
880 989 989 1052 per
1009 972 1445 1052 ignorationem
1477 994 1492 1050 ;
1521 983 1692 1038 etest
1722 975 1798 1038 de
1829 996 1899 1038 co
1924 995 2018 1037 co.

368 1061 580 1141 gnitio,
617 1060 787 1142 ratio,
833 1070 889 1123 et
934 1063 1205 1143 scientia,
1239 1073 1297 1125 et
1333 1074 1544 1146 tactus,
1568 1072 1630 1128 et
1669 1084 1906 1147 sensus,
1958 1071 2019 1129 el;

372 1150 601 1230 Opinio,
634 1159 693 1211 et
723 1150 1414 1230 cogitatio,etnomen,et
1442 1153 1557 1216 alia
1578 1154 1801 1233 omnia;
1834 1167 1894 1216 et
1920 1173 2016 1216 ne-

367 1258 481 1320 que
503 1239 868 1320 intelligitur,
897 1259 1093 1318 neque
1122 1243 1362 1316 dicitur,
1395 1261 1590 1325 neque
1621 1244 1962 1306 nominatur
1995 1268 2012 1317 ;

363 1347 478 1390 nec
509 1329 770 1391 estaliud
803 1347 1008 1391 eorum
1041 1351 1171 1411 quae
1213 1340 1367 1400 sunt.
1399 1353 1508 1395 nec
1552 1333 1614 1395 in
1666 1334 1862 1415 aliquo
1905 1352 2012 1396 eo-

363 1437 493 1479 rum
528 1437 658 1498 quae
687 1427 823 1480 sunt
869 1423 1242 1498 cognoscitur
1277 1444 1292 1494 ;
1327 1433 1383 1484 et
1414 1425 1472 1484 in
1504 1423 1781 1485 omnibus
1816 1423 2016 1487 omnia

365 1516 540 1585 est,el
571 1507 790 1570 nihilin
823 1509 980 1580 ullo;
1010 1518 1067 1571 et
1091 1529 1160 1572 ex
1194 1513 1484 1576 omnibus
1507 1513 1579 1575 ab
1609 1513 1884 1576 omnibus
1905 1534 2012 1577 co—

2097 550 2203 584 των
2248 527 2517 607 ἀφαιρέσει
2561 530 2648 584 καὶ
2702 531 2972 608 ὑπεροχῇ,
3006 530 3093 584 καὶ
3153 529 3208 583 ἐν
3267 534 3333 603 τῇ
3389 529 3605 583 πάντων
3663 527 3751 580 αἱ-

2097 616 2212 690 τίᾳ.
2254 619 2347 674 Διὸ
2401 620 2487 674 καὶ
2519 618 2572 674 ἐν
2631 624 2789 674 πᾶσιν
2823 621 2850 673 ὁ
2882 619 3010 679 Θεὸς
3057 618 3394 694 γινώσκεται,
3432 619 3522 673 καὶ
3580 617 3754 695 χωρὶς

2097 709 2330 764 πάντων·
2382 707 2476 763 καὶ
2522 708 2606 763 διὰ
2637 707 2881 784 γνώσεως
2906 709 2932 762 6
2965 709 3096 770 Θεὸς
3141 712 3484 783 γινώσκετιι,
3520 707 3608 761 cui
3663 702 3752 759 διὰ

2098 796 2389 876 ἀγνωσίας,
2423 799 2510 854 καὶ
2555 796 2697 853 ἔστιν
2729 796 2884 854 αὖτοῦ
2937 798 3023 856 καὶ
3055 797 3259 872 νόησις,
3294 797 3380 852 καὶ
3439 795 3625 872 λόγος,
3663 795 3755 848 xz!

2099 886 2396 960 ἐπιστήμη,
2433 888 2519 942 καὶ
2578 886 2781 964 ἐπαφὴ,
2836 889 2925 942 καὶ
2990 885 3265 966 αἴσθησις,
3301 888 3387 942 καὶ
3446 883 3592 963 δόξα,
3653 882 3752 938 κᾶΐΔ

2099 976 2381 1056 φαντάσίαι,
2427 978 2515 1031 καὶ
2573 974 2764 1055 ὄνομα,
2798 977 2886 1031 καὶ
2945 976 3009 1032 τὰ
3074 973 3210 1031 ἄλλα
3270 976 3462 1048 πάντα,
3497 977 3585 1031 καὶ
3633 972 3754 1028 οὔτε

2101 1079 2326 1126 νοεῖται.
2376 1065 2492 1121 οὔτε
2539 1063 2786 1144 λέγεται,
2822 1062 2938 1120 οὔτε
2991 1066 3327 1138 ὀνομάζεται’
3375 1065 3463 1119 καὶ
3491 1065 3585 1120 οὒκ
3638 1061 3751 1118 ἔστι

2099 1177 2148 1210 τι
2180 1160 2284 1210 τῶν
2314 1154 2500 1228 ὄντων,
2537 1151 2652 1212 0-5δέ
2683 1153 2735 1208 ἕν
2764 1175 2866 1208 τινι
2927 1159 3033 1209 τῶν
3061 1152 3226 1210 ὄντων
3279 1157 3625 1231 γινώσκεται·
3659 1153 3749 1207 καὶ

2100 1243 2152 1299 ἐν
2189 1249 2310 1300 πᾶσι
2345 1244 2515 1299 πάντά
2541 1241 2683 1316 ἐστὶ,
2719 1242 2813 1298 καῖ
2837 1242 2890 1297 ἐν
2923 1241 3098 1299 οὒῗενὶ
3129 1241 3296 1316 οὐδὲν,
3325 1244 3420 1298 καί
3443 1242 3504 1297 ἐκ
3530 1243 3749 1298 πάντων

2099 1339 2227 1389 πᾶσι
2273 1333 2614 1410 γινώσκεται,
2653 1333 2747 1388 ιιπί
2778 1331 2828 1397 ἐξ
2861 1331 3074 1395 οὐδενὸς
3127 1330 3312 1390 οὐδενὶ·
3353 1332 3448 1388 καὶ
3477 1331 3578 1408 γὰρ
3613 1337 3750 1386 ταῦ-

2097 1446 2160 1479 τα
2192 1423 2356 1501 ὀρθῶς
2389 1420 2513 1500 περῖ
2546 1428 2677 1477 Θεοῦ
2707 1419 2956 1498 λέγομεν,
2991 1421 3086 1477 καὶ
3134 1421 3194 1478 ἐκ
3221 1428 3326 1478 τῶν
3356 1421 3521 1478 ὄντων
3564 1420 3749 1476 ἀπάν-

2095 1534 2204 1570 των
2252 1513 2496 1587 ὑμνεῖται
2559 1512 2693 1567 κατά
2749 1511 2844 1578 τὴν
2893 1511 3103 1567 πάντων
3152 1510 3439 1588 ἀναλογίαν
3467 1510 3539 1566 ὧν
3603 1511 3751 1565 ἐστιν

361 1597 688 1677 gnoscitur,
714 1604 818 1659 eta
849 1598 1009 1659 nullo
1042 1618 1108 1661 ex
1140 1600 1256 1662 ulla
1285 1620 1348 1662 re
1380 1623 1393 1666 :
1422 1602 1625 1682 utique
1653 1603 1726 1665 de
1753 1602 1874 1666 Deo
1899 1604 2000 1667 ista

2096 1602 2294 1667 αἴτιος.
2352 1598 2464 1662 Καΐ
2499 1600 2639 1655 ἔστιν
2692 1599 2835 1664 αὖθις
2865 1599 2900 1666 ἡ
2941 1601 3157 1666 θειτάτη
3206 1622 3301 1658 του
3342 1601 3472 1657 Θεοῦ
3517 1605 3748 1679 γνῶσις,

359 1695 523 1750 recte
549 1687 820 1760 dicimus,
861 1696 916 1748 et
947 1707 1015 1749 ex
1061 1690 1338 1751 omnibus
1373 1711 1611 1774 quoque
1639 1693 1818 1756 rebus
1840 1695 2000 1756 cele-

2088 1695 2122 1760 ἡ
2183 1690 2253 1748 δι’
2311 1691 2572 1768 ἀγνωσίας
2617 1689 3019 1768 γινωσκομένη,
3083 1692 3219 1745 κατὰ
3281 1692 3378 1758 τὴν
3436 1690 3568 1768 ὑπὲρ
3626 1696 3752 1745 νοῦν

361 1776 586 1856 bratur,
611 1775 937 1838 secundum
967 1777 1231 1838 omnium
1259 1798 1508 1860 quorum
1547 1779 1678 1861 ipse
1712 1799 1888 1842 causa
1917 1788 2000 1843 est

2089 1781 2303 1858 ἕνωσιν,
2365 1779 2490 1837 ὅταν
2537 1783 2564 1836 6
2623 1789 2766 1853 νοῦς,
2828 1778 2934 1834 τῶν
2989 1780 3155 1834 ὄντων
3211 1781 3421 1836 πάντων
3476 1779 3747 1851 ἀποστὰς,

363 1864 1094 1946 proportionem.Estitem
1116 1866 1490 1930 divinissima
1521 1869 1624 1930 Dei
1643 1870 2000 1952 notilia,quae

2090 1872 2273 1928 ἔπειτα
2332 1870 2426 1926 καὶ
2509 1871 2695 1926 ἑαυτὸν
2767 1869 2946 1947 ἀφεὶς,
3007 1869 3177 1944 ἐνωθῇ
3249 1882 3372 1934 ταῖς
3419 1869 3747 1947 ὑπερφειέτιν

361 1974 470 2037 per
499 1955 889 2017 nescientiam
921 1955 1234 2036 accipitur,
1271 1960 1602 2020 secundum
1634 1960 1823 2036 illam,
1876 1979 2000 2040 qua:

2088 1962 2324 2039 ἀκτῖσιν,
2359 1960 2562 2015 ἐκεῖθεν
2608 1956 2703 2013 γ.λέ
2735 1957 2850 2013 ἐκεῖ
2897 1957 2972 2030 τῷ
3016 1955 3404 2032 ἀνεξερευνήτῳ
3433 1957 3581 2034 βάθει
3642 1959 3744 2023 τῆς

360 2060 530 2116 supra
555 2044 901 2102 intellectum
923 2045 1573 2120 est,unionem,quando
1590 2065 1806 2116 mens,a
1831 2050 2000 2107 rebus

2088 2051 2272 2130 σοφίας
2330 2047 2842 2123 καταλαμπόμενος.
2882 2047 3060 2104 Καίτοι
3093 2046 3188 2100 καὶ
3223 2048 3280 2103 ἐκ
3346 2051 3572 2117 πάντων,
3609 2045 3746 2124 ὅπερ

359 2134 638 2198 omnibus
654 2134 1042 2215 recedens,ac
1060 2136 1298 2198 demum
1316 2142 1523 2200 semeti
1535 2158 1700 2216 psam
1715 2140 2001 2202 deserens

357 2225 616 2305 desuper
640 2223 998 2301 fulgentibus
1019 2225 1204 2288 radiis
1230 2227 1682 2309 unitur,quibus
1713 2229 1890 2292 inillo
1912 2230 2004 2292 in-

358 2313 658 2378 scrutabili
681 2313 990 2394 sapientiae
1001 2315 1295 2396 profundo
1313 2317 2000 2383 collustratur.Attamen

360 2401 601 2484 (ntdixi)
617 2419 686 2463 ex
707 2399 779 2462 iis
797 2420 1030 2483 quoque
1051 2403 1326 2466 omnibus
1341 2407 2002 2489 estagnoscenda,quo-

356 2492 512 2554 niam
541 2491 1022 2572 ipsa,secundum
1047 2491 1546 2573 Scripturam,est
1575 2498 1840 2558 omnium
1856 2498 2002 2561 effe-

352 2583 819 2662 ctrixn,quaaqoe
847 2599 1088 2662 semper
1115 2592 1241 2644 erat
1267 2596 1482 2648 cuncta
1513 2596 2002 2668 componeus°,et

2087 2139 2218 2220 ἔφην
2280 2139 2444 2206 αὒτὴν
2503 2136 2789 2216 γνωστέον⁸
2839 2135 2971 2201 αὕτη
3029 2135 3128 2213 γάρ
3170 2135 3281 2192 ἐστι
3327 2138 3461 2192 κατὰ
3515 2138 3578 2192 τὸ
3627 2137 3745 2192 Λό-

2084 2254 2200 2308 γιον
2257 2231 2291 2298 ἡ
2323 2229 2535 2284 πάντων
2583 2225 2865 2298 ποιητικὴ,
2899 2224 2995 2281 καὶ
3053 2224 3142 2280 ἀεὶ
3174 2226 3347 2281 πάντα
3409 2227 3740 2304 ἁρμόζοδσα,

2085 2319 2180 2376 καὶ
2222 2323 2323 2386 τῆς
2380 2316 2572 2373 ἀλύτου
2621 2322 2727 2371 τῶν
2790 2315 3001 2370 πάντων
3065 2313 3375 2392 ἑφαρμογῆς
3406 2315 3501 2370 οιάί
3544 2314 3744 2380 τάξεως

2087 2408 2246 2484 αἰτία,
2294 2406 2391 2463 καί
2454 2405 2538 2462 ἀεὶ
2610 2405 2674 2461 τὰ
2733 2402 2861 2469 τέλη
2921 2405 3024 2457 τῶν
3078 2403 3344 2482 προτέρων
3401 2405 3744 2459 συνάπτουσα

2086 2499 2211 2564 ταῖς
2269 2497 2469 2577 ἀρχαῖς
2506 2502 2612 2551 τῶν
2663 2491 2915 2565 δευτέρων
2947 2489 3044 2547 καὶ
3102 2491 3199 2558 τήν
3243 2494 3366 2568 μίαν
3412 2495 3506 2549 τοῦ
3536 2495 3740 2557 παντὸς

2087 2591 2381 2664 σύμπνοιάν
2410 2583 2507 2641 καὶ
2533 2583 2784 2662 ἁρμονίαν
2821 2580 3223 2660 καλλιεργοὺσα.

349 2671 783 2734 indissolubilis
830 2689 1032 2733 rerum
1079 2674 1346 2735 omnium
1400 2677 1792 2738 connexionis
1852 2677 2196 2760 ordinisque
2245 2694 2445 2755 causa,
2478 2689 2838 2752 semperque
2891 2673 3041 2735 ﬁnes
3074 2670 3539 2755 praecedentium
3596 2690 3736 2734 cum

350 2760 659 2843 principiis
689 2761 1064 2841 sequentium
1123 2767 1450 2840 connectit,
1487 2767 1844 2848 unicamque
1879 2768 2056 2832 totius
2087 2766 2348 2830 universi
2397 2761 2775 2838 concordiam
2807 2770 2865 2824 et
2909 2762 3354 2827 consonantiam
3386 2762 3736 2824 concinnat.

1960 2931 1988 3010 §
2034 2931 2132 2994 1v.

430 3084 586 3147 Deus
609 3081 788 3146 etiam
805 3084 953 3145 ratio
969 3084 1320 3164 prredicatur
1345 3105 1377 3148 a
1402 3087 1875 3168 Scripturis,non
1900 3110 1992 3153 so-

2156 3092 2326 3170 Λόγος
2357 3087 2411 3146 δὲ
2445 3092 2471 3146 6
2519 3089 2648 3154 Θεὸς
2679 3089 2924 3164 ὑμνεῖται
2970 3089 3103 3167 πρὸς
3155 3093 3266 3144 τῶκ
3293 3088 3448 3164 ἱερῶν
3493 3086 3735 3166 Λογίων,

349 3173 470 3237 lum
495 3173 632 3256 quia
652 3173 898 3235 rationis
937 3174 1078 3235 469
1101 3184 1160 3237 et
1181 3178 1395 3238 mentis
1425 3187 1485 3239 et
1530 3179 1841 3260 sapientiae
1868 3181 1992 3243 lar-

348 3263 735 3344 gitorest,sed
759 3264 1386 3344 quiacausasomnium
1405 3270 1462 3328 in
1497 3287 1565 3329 se
1587 3268 1823 3350 ipso3ﬂ"
1853 3271 1992 3333 uni-

348 3352 622 3416 formiter
650 3351 1073 3432 snticipavit,ei
1102 3358 1242 3435 quia
1275 3373 1381 3435 per
1410 3357 1611 3418 omnia
1642 3367 1821 3432 meat,
1848 3377 1990 3440 per-

348 3442 661 3517 vadens,ut
681 3442 759 3503 ait
787 3442 1341 3524 ScripturaP,usque
1371 3446 1443 3506 ad
1466 3446 1644 3508 tinem
1675 3448 1944 3510 omnium
1972 3470 1986 3512 :

347 3542 406 3595 et
437 3532 832 3614 potissimum,
866 3533 1004 3611 quia
1035 3535 1184 3596 ratio
1230 3536 1338 3597 Dei
1371 3553 1548 3615 supra
1575 3556 1812 3599 omnem
1838 3539 1988 3600 sim-

347 3621 668 3705 plicitatem
700 3622 949 3702 simplex
964 3632 1142 3694 est,et
1168 3623 1242 3686 ab
1269 3624 1548 3687 omnibus
1571 3645 1748 3707 supra
1766 3629 1987 3704 omnia,

346 3730 524 3794 supra
551 3711 942 3774 substantiam
962 3712 1252 3776 absoluta.
1282 3713 1451 3776 Ratio
1478 3716 1606 3778 hac
1628 3717 1881 3797 simplex
1905 3734 1994 3786 est

345 3822 413 3866 ac
433 3821 570 3865 vere
593 3801 884 3864 exsistens
916 3803 1150 3879 veritas,
1185 3804 1345 3866 circa
1374 3815 1656 3885 quam,ut
1687 3826 1896 3887 puram
1934 3813 1996 3870 et

346 3892 717 3956 infallibilem
782 3892 1196 3954 universorum
1232 3895 1568 3976 notionem,
1603 3897 1752 3958 ﬁdes
1799 3897 1998 3959 divina

345 3991 632 4054 versatur,
660 3999 792 4061 quas
821 3991 912 4042 est
942 3989 1220 4044 constans
1254 3983 1520 4045 fidelium
1557 3985 1996 4049 ﬁrmamentum

349 4071 605 4134 fundatis
639 4070 774 4130 illos
797 4070 856 4159 in
892 4070 1161 4139 veritate,
1197 4080 1372 4154 atque
1394 4073 1454 4135 in
1486 4074 1634 4154 ipsis
1661 4072 1998 4159 veritatem,

345 4162 486 4224 dum
517 4157 946 4221 indissuasibili
989 4160 1296 4223 identitate
1340 4163 1677 4243 simplicem
1736 4157 2000 4228 veritatis

347 4247 746 4330 cognitionem
779 4247 997 4310 habent
1023 4267 1225 4311 rerum
1257 4251 1722 4318 credendarum.
1759 4258 1910 4319 Nam
1949 4255 2000 4317 si

349 4338 606 4419 cognitio
617 4355 715 4399 res
728 4337 989 4416 cognitas
1006 4357 1141 4401 cum
1159 4341 1654 4419 cognoscentibus
1674 4343 1996 4424 unit,igno-

2076 3186 2136 3242 οὗ
2162 3183 2321 3258 μόνον
2354 3179 2432 3235 ὅτι
2465 3177 2560 3235 καί
2589 3177 2751 3256 λόγου
2779 3179 2876 3234 καὶ
2906 3188 2994 3237 νοῦ
3035 3177 3130 3234 καὶ
3161 3177 3348 3256 σοφίας
3401 3176 3520 3232 εστί
3549 3196 3735 3255 χορη-

2075 3274 2190 3351 γὸς,
2220 3269 2339 3326 ἀλλ’
2399 3267 2483 3325 ὅτι
2521 3267 2619 3324 καὶ
2661 3269 2755 3333 τὰς
2786 3267 2999 3326 πάντων
3061 3268 3229 3331 αἱτίας
3263 3266 3316 3322 ἐν
3361 3265 3532 3338 ἑαυτῷ
3558 3288 3733 3340 μονο-

2074 3361 2230 3425 ειδῶς
2277 3357 2590 3439 προείληφε,
2624 3358 2721 3414 καιῖ
2763 3356 2842 3412 ὅτι
2875 3355 2960 3414 διὰ
3008 3357 3220 3413 πάντων
3265 3368 3441 3434 χωρεῖ
3495 3352 3737 3411 διικνού-

2075 3473 2255 3530 μενος,
2290 3452 2363 3512 ὡς
2418 3448 2485 3503 τὰ
2525 3448 2694 3524 Λόγιά
2726 3468 2911 3526 φησιν,
2943 3444 3074 3526 ἄχρι
3129 3452 3222 3502 τοῦ
3252 3445 3464 3501 πάντων
3520 3443 3731 3509 τέλουςο

2071 3540 2168 3599 καὶ
2224 3541 2326 3618 πρὸ
2382 3559 2442 3616 γε
2501 3538 2727 3611 τούτων,
2761 3534 2842 3592 ὅτι
2899 3537 3075 3603 πάσης
3135 3535 3441 3601 ἁπλότητος
3499 3536 3528 3590 6
3583 3537 3733 3597 θεῖος

2070 3629 2448 3708 ὑπερήπλωτιιι
2500 3625 2684 3706 λογος,
2730 3627 2825 3682 καί
2883 3625 3092 3683 πάντων
3153 3623 3303 3681 ἒστῖν
3355 3623 3490 3702 ὑπὲρ
3549 3622 3731 3680 πάντα

2073 3722 2207 3777 κατὰ
2257 3721 2318 3775 τὸ
2377 3718 2690 3796 ὑπερούσιον
2765 3714 3184 3790 ἀπολελυμένος.
3253 3716 3417 3777 Οὗτος
3483 3715 3512 3768 6
3570 3712 3735 3791 λόγος

2079 3808 2246 3883 ἐστὶν,
2274 3810 2307 3876 ἠ
2338 3806 2484 3882 ἀπλῇ
2513 3807 2606 3862 καί
2631 3807 2797 3868 ὅντως
2829 3807 2955 3861 οὖσι
2983 3803 3227 3883 ἀλήθεια,
3253 3804 3379 3881 περί
3409 3801 3496 3872 ἧν,
3523 3803 3601 3866 ὡς
3623 3825 3733 3858 κά-

2080 3900 2240 3978 θπιρὰν
2300 3898 2385 3953 καὶ
2437 3894 2650 3962 ἀπλανῆ
2707 3895 2812 3950 τὼν
2870 3892 3013 3949 ὅλων
3070 3891 3496 3970 γνῶσιν,ἡθείχ
3557 3892 3734 3956 πίστις

2081 3977 2252 4061 ἐστὶν,
2285 3988 2320 4054 ἡ
2379 3984 2606 4060 μόνιμος
2666 3990 2774 4040 τῶν
2831 3982 3264 4057 πεπιστευμένων
3321 3977 3371 4021 ³1
3429 3977 3664 4058 ἵδρυσις,
3696 3983 3734 4049 ἦ

2085 4077 2295 4139 τοΰτους
2353 4073 2655 4152 ἒνιδρύουσα
2690 4079 2756 4149 τῇ
2800 4071 3042 4146 ἀληθείᾳ,
3076 4072 3173 4127 καὶ
3217 4070 3402 4134 αὐτοῖς
3452 4069 3554 4135 τὴν
3584 4069 3733 4136 ἀλῆ-

2083 4171 2248 4242 θειάν,
2312 4164 2684 4239 ἆμετσιπείστῳ
2739 4165 3047 4241 ταυτότητι,
3094 4163 3190 4227 τὴν
3235 4157 3409 4227 ἁπλῆν
3457 4160 3555 4226 τῆς
3583 4159 3737 4228 ὀλη-

2082 4257 2221 4322 θείας
2267 4261 2459 4334 γνῶσιν
2513 4252 2752 4332 ἐχόντων
2811 4258 2916 4306 τῶν
2967 4249 3362 4325 πεπεισμένων,
3427 4251 3485 4306 Ei
3529 4251 3634 4328 γὰρ
3696 4253 3733 4313 ἡ

2083 4348 2276 4426 γνῶσις
2310 4343 2536 4410 ἑνωτικὴ
2566 4341 2670 4398 τῶν
2713 4340 3025 4420 ἔγνωκότων
3061 4338 3157 4396 καὶ
3198 4339 3574 4417 ἐγνωσμένων,
3607 4341 3643 4406 ἡ
3676 4337 3734 4394 δὲ

346 4429 496 4491 ratio
537 4444 675 4488 vero
713 4427 1009 4506 ignoranti
1040 4447 1219 4491 causa
1239 4438 1408 4491 estut
1437 4449 1676 4510 semper
1692 4441 1995 4514 mutet,at-

2083 4436 2263 4516 ἕγνοια
2318 4429 2618 4509 μεταεολῆς
2650 4431 2737 4488 ἀεὶ
2767 4432 2862 4488 καί
2908 4435 3004 4497 τῆς
3035 4428 3086 4494 ἐξ
3107 4429 3292 4485 ἑαυτοῦ
3319 4450 3396 4502 τῳ
3446 4427 3733 4505 ἀγνοοῦντι

349 4537 464 4600 que
492 4537 526 4579 a
552 4517 746 4607 seipso
778 4517 1256 4600 discrepet,eum
1291 4519 1391 4601 qui
1425 4519 1614 4582 credit
1637 4521 1696 4582 in
1729 4523 1994 4607 veritate,

338 4609 503 4690 juxta
526 4605 1116 4688 Scripturam,nibila
1137 4626 1274 4671 vero
1315 4607 1456 4672 ﬁdei
1485 4608 1873 4674 fundamento
1903 4605 1996 4673 di;

345 4696 631 4771 movebit,
665 4696 726 4757 in
779 4715 898 4777 quo
929 4699 1329 4761 constantiam
1365 4698 1609 4762 habebit
1665 4701 1996 4765 immobilis

346 4796 404 4850 et
439 4785 833 4848 immutabilis
876 4785 1222 4851 identitatis.
1285 4787 1480 4851 Probe
1527 4807 1785 4872 namque
1838 4793 1996 4854 novit

345 4878 614 4962 quisquis
659 4877 860 4940 unitus
919 4887 1008 4940 est
1065 4879 1317 4962 veritati,
1368 4898 1546 4963 quam
1584 4881 1738 4945 bene
1770 4901 1834 4947 se
1879 4887 1989 4947 ha-

346 4972 502 5046 beat,
551 4965 821 5050 quamvis
855 4986 987 5030 cum
1035 4969 1204 5032 multi
1254 4979 1315 5033 ut
1347 4981 1646 5034 amentem
1692 4984 1984 5053 arguant;

345 5062 490 5123 latet
520 5057 680 5120 enim
703 5057 857 5130 illos,
905 5057 989 5118 uti
1036 5078 1142 5140 par
1172 5068 1281 5136 est,
1318 5080 1455 5124 eum
1509 5080 1615 5141 per
1643 5081 1798 5126 veras
1851 5066 1986 5129 ﬁdei

343 5149 649 5213 veritatem
709 5165 780 5208 ex
811 5164 1018 5209 errore
1062 5155 1433 5228 excessisse;
1462 5150 1590 5232 ipse
1622 5161 1817 5215 autem
1849 5173 1989 5218 vere

344 5241 502 5305 novit
521 5255 736 5321 se,non
768 5241 855 5312 (ut
871 5236 959 5301 illi
981 5237 1340 5322 fabulantur)
1370 5241 1768 5324 insanire,sed
1791 5246 1864 5309 ab
1887 5247 1985 5308 in-

423 5423 452 5456 ι
479 5410 655 5475 Prov.
689 5424 814 5476 vm.
899 5417 922 5446 °
951 5410 1092 5492 Sap.
1127 5425 1234 5474 vu.
1323 5421 1350 5465 P
1378 5413 1518 5494 Sap.
1550 5431 1670 5478 vin.

2077 4525 2378 4604 διαιρὲσεως
2439 4521 2602 4596 αἰτία,
2635 4519 2726 4576 τόν
2783 4523 2839 4576 ἓν
2897 4518 3117 4591 ἀληθείᾳ
3168 4518 3548 4595 πιστεύσαντα,
3594 4520 3738 4575 κατὰ

2075 4616 2166 4671 τὸν
2209 4614 2347 4691 ἱερὸν
2377 4611 2574 4690 Λόγον,
2619 4609 2766 4668 οὐδὲν
2810 4608 3123 4678 ἀποκινήσει
3155 4607 3251 4674 τῆς
3294 4606 3427 4662 κατὰ
3453 4607 3552 4674 τὴν
3583 4607 3736 4674 ἀλη-

2074 4707 2141 4771 θῆ
2177 4723 2351 4760 πιστιν
2383 4721 2560 4764 εστιας
2605 4697 2687 4778 ἐφ’
2744 4699 2781 4774 ᾗ
2813 4699 2877 4753 τὸ
2931 4696 3159 4774 μόνιμον
3188 4695 3291 4762 ἕξει
3323 4701 3418 4772 τῇς
3475 4695 3740 4766 ἀκινήτου

2077 4799 2171 4850 καί
2194 4787 2524 4868 ἀμεταϐόλοο
2553 4790 2905 4854 ταυτότητος.
2942 4787 3012 4845 Εὖ
3054 4788 3154 4866 γὰρ
3187 4784 3334 4843 οἶδεν
3380 4787 3408 4841 ὃ
3440 4787 3572 4864 πρὸς
3631 4787 3739 4854 τὴν

2075 4883 2331 4952 ἀλήθειαν
2391 4879 2631 4953 ὲνωθείς,
2664 4877 2745 4933 ὅτι
2805 4879 2862 4932 εὖ
2903 4875 3046 4958 ἔχει,
3076 4873 3173 4934 κᾶν
3223 4876 3268 4932 οἱ
3299 4872 3485 4932 πολλοῖ
3541 4879 3738 4932 νουθε-

2072 4983 2217 5031 τοϊεν
2252 4971 2434 5045 αὐτὸν,
2465 4970 2538 5031 ὡς
2599 4965 2940 5033 ἐξεστηκότων
3006 4965 3246 5023 λανθάνει
3285 4963 3407 5044 μὲν,
3440 4965 3512 5028 ὡς
3554 4965 3731 5041 εἰκὸς,

2072 5063 2258 5125 αὐτοὺς
2300 5063 2360 5116 εκ
2408 5056 2612 5124 πλάνης
2659 5062 2726 5132 τῇ
2771 5054 2994 5128 ἀληθείᾳ
3024 5053 3108 5110 διὰ
3155 5055 3252 5120 τῆς
3285 5052 3452 5118 *ὄντως
3494 5055 3738 5120 πίστεως

2069 5149 2386 5218 ἐξεστηκώς·
2440 5149 2594 5211 αὐτὸς
2626 5145 2680 5201 δὲ
2710 5143 2922 5212 ἀληθῶς
2973 5141 3116 5201 οἶδεν
3151 5143 3360 5223 ἑαυτὸν,
3392 5141 3495 5220 οὔχ
3531 5141 3588 5223 (ὅ
3618 5166 3735 5223 φα-

2069 5264 2151 5298 σιν
2206 5238 2266 5291 59
2319 5236 2543 5314 subici)
2600 5233 2944 5312 μκινόμενον.
3007 5231 3142 5290 ἀλλὰ
3199 5235 3298 5299 τῆς
3348 5230 3579 5289 ἀστάτου
3641 5234 3739 5290 καὶ

1672 5549 1928 5616 VARIIE
1981 5544 2416 5614 LECTIONES.

427 5688 499 5736 ω’
524 5691 587 5755 id
615 5699 728 5776 est,
752 5694 882 5756 sine
907 5693 1042 5759 ulla
1069 5697 1525 5780 compositione.
1610 5697 1659 5746 ³1
1694 5699 2088 5782 πεπεισμένων,
2118 5695 2181 5760 S.
2230 5694 2300 5760 D.
2388 5687 2438 5735 ³¹
2473 5688 2546 5756 ὥς
2581 5709 2768 5775 φασιν,
2799 5688 2864 5752 Ρη
2955 5683 3008 5732 ³³
3041 5685 3373 5766 μαινόμενοι,
3410 5680 3473 5748 s-
