4030 6204
190 316 314 394 873
801 321 902 394 DE
943 327 1241 396 DIVINIS
1284 331 1733 408 NOMINIBUS,
1779 332 1946 396 CAP.
1992 317 2128 396 VII.
2179 366 2248 380 --
2289 328 2648 396 CORDEBII
2696 321 2943 396 NOTAE.
3450 327 3566 400 874

191 465 500 531 ἀλλοιωτῆς
531 468 652 543 περί
688 467 786 534 τὴν
834 467 1147 535 παντοδαπῆ
1178 468 1272 536 τῆς
1317 467 1523 533 πλάνης
1578 466 1778 523 ποιγιλί

1984 463 2125 528 abili
2179 463 2566 545 mutabilique
2607 463 2953 526 omnimode
2987 465 3239 526 errantis
3265 466 3575 530 varietatis

192 559 362 633 φορᾶς
417 555 499 611 δίὰ
526 555 618 622 τῆς
649 555 824 625 ἁπλῆς
855 558 950 613 καί
992 559 1072 613 ἀεὶ
1100 560 1237 614 κατὰ
1280 558 1344 612 τὰ
1373 557 1504 614 αὐτὰ
1546 558 1634 613 καὶ
1666 559 1780 613 ὦσα

1984 555 2198 617 ιοιὶοηθ
2225 572 2331 634 per
2352 553 2705 634 simplicem,
2722 553 2880 615 circa
2897 554 3109 616 eadem
3133 573 3373 636 semper
3396 565 3456 618 et
3477 575 3575 620 eo-

191 665 303 706 τως
374 644 608 723 ἐχούσής
667 643 912 713 ἀληθείας
992 645 1440 724 ἡλεοθερωμένον.
1517 645 1666 703 (tilum
1725 669 1782 722 γε

1981 662 2069 704 em
2098 643 2272 704 modo
2299 659 2364 703 se
2389 639 2736 720 habentem,
2759 643 3063 706 veritatem
3086 645 3572 711 esseliberatum.

192 734 244 788 οἱ
291 738 387 800 τῆς
447 733 565 790 καθ’
608 735 752 809 ἡμᾶς
806 736 1080 814 Θεοσοφίας
1126 733 1426 814 ἀρχηγικοί
1483 735 1783 810 καθηγεμὼν

1990 749 2057 792 oc
2086 731 2262 792 modo
2285 730 2460 809 primi
2483 730 2697 792 divina:
2710 731 3017 810 sapientiae
3036 732 3221 793 nostri
3245 743 3577 814 praecepto-

190 822 326 900 ὑπὲρ
385 820 635 889 ἀληθείας
697 824 1086 892 ἀποθνήσκουσι
1139 830 1317 880 πᾶσαν
1360 823 1584 900 ἡμέραν,
1648 846 1781 902 μαρτ

1981 839 2034 882 es
2064 839 2168 900 pro
2201 819 2447 882 veritate
2475 821 2744 896 quotidie
2775 821 3131 896 moriuntur,
3164 822 3572 900 testiﬁcantes,

187 919 427 988 ροῠντες,
461 914 534 977 ὡς
563 914 729 988 εἰκὸς,
760 915 848 968 καὶ
905 912 1040 992 λόγῃ
1071 916 1227 970 παντὶ
1258 914 1346 969 καὶ
1394 913 1532 990 ἔργῳ
1564 919 1630 989 τῇ
1687 913 1778 969 Evt:

1982 911 2019 972 ti
2054 927 2157 989 par
2187 917 2299 989 est,
2335 917 2390 971 et
2425 909 2590 972 omni
2618 928 2899 971 sermone
2930 918 2987 971 et
3013 929 3195 990 opere
3218 913 3573 992 singularem

184 1001 297 1057 τῶν
368 1008 697 1074 Χριστιανῶν
754 1001 1144 1080 ἆληθογνωσίᾴ,
1191 1005 1251 1058 τὶ
1303 1009 1489 1059 πασῶν
1537 1003 1699 1069 aii-cii»
1759 1025 1775 1058 ε

1985 1000 2099 1059 lam
2147 998 2498 1062 Christiana;
2547 999 2811 1062 veritatis
2860 999 3250 1077 agnitionem,
3309 1001 3576 1064 omnium

186 1113 275 1146 ναι
334 1093 422 1147 καὶ
452 1091 820 1168 ἁπλουστέραν
865 1093 958 1148 καί
992 1092 1278 1170 θειοτέραν,
1315 1090 1515 1166 μᾶλλον
1543 1091 1597 1148 δὲ
1642 1094 1702 1148 τὸ
1751 1115 1777 1148 α

1988 1107 2066 1150 sse
2104 1107 2239 1150 cum
2277 1087 2781 1169 simplicissimam
2823 1097 2943 1150 tum
2978 1090 3432 1165 divinissimam,
3458 1092 3579 1153 imo

187 1179 292 1247 τὴν
342 1179 484 1236 εἶναι
518 1180 615 1248 τὴν
667 1183 837 1255 μόνην
869 1180 1045 1248 ἀληθῆ
1095 1183 1182 1237 καὶ
1214 1180 1337 1256 μίαν
1385 1182 1470 1236 καὶ
1508 1181 1683 1249 ἁπλῆν
1723 1184 1778 1236 Oa

1985 1180 2128 1240 ilius
2175 1179 2329 1240 hanc
2367 1177 2550 1239 solam
2576 1196 2710 1240 esse
2740 1196 2934 1241 veram
2959 1189 3136 1260 atque
3171 1184 3401 1243 unicam
3427 1181 3576 1242 sim-

188 1271 452 1347 γνωσίαν,

1936 1268 2150 1348 plicem
2185 1268 2293 1332 Dei
2330 1267 2628 1331 notitiam.

1409 1480 1989 1546 ADNOTATIONES
2032 1482 2385 1547 COBDERII

268 1590 361 1664 δι.
394 1589 479 1666 Ad
518 1589 704 1666 locum
740 1590 898 1648 Pauli
922 1591 950 1666 i
984 1590 1107 1666 Co_r.
1140 1590 1301 1666 1,25,
1333 1590 1614 1666 vide_quae_
1641 1602 1834 1666 _supra
1897 1588 2149 1666 diximus
2207 1591 2262 1646 in
2321 1590 2476 1666 notis
2525 1590 2597 1648 ad
2627 1591 2874 1661 primum
2912 1601 3082 1664 caput
3109 1593 3281 1665 hujus
3309 1594 3465 1663 libri,
3495 1596 3523 1666 §
3553 1595 3596 1652 l.

193 1659 415 1737 sensus
445 1662 702 1737 litteratis
734 1671 815 1719 est
845 1678 858 1719 :
907 1662 1057 1737 Quod
1101 1662 1325 1737 atuttunt
1351 1666 1428 1718 est
1455 1659 1576 1737 Dei,
1602 1661 1660 1717 id
1689 1659 1774 1737 est
1802 1661 2050 1737 quodin
2088 1661 2195 1718 Deo
2232 1671 2284 1717 et
2314 1661 2535 1737 Christo
2569 1659 2703 1719 nato
2731 1678 2798 1719 ac
2835 1659 3000 1737 passo
3033 1659 3232 1734 putarit
3261 1659 3521 1737 gentiles
3546 1676 3601 1725 et

193 1733 526 1860 giliis”???
557 1737 792 1790 stultum
821 1748 964 1801 esse,
999 1733 1058 1790 id
1087 1734 1394 1805 sapientius
1425 1739 1502 1790 est
1555 1733 1866 1801 homnibus,
1927 1731 1981 1787 id
2041 1743 2125 1790 est
2181 1747 2409 1789 omnem
2441 1735 2752 1792 humanam
2782 1731 3118 1806 sapientiam
3153 1731 3390 1818 excédit.
3424 1738 3506 1796 Ita
3537 1737 3595 1794 P.

237 1820 272 1860 ο
355 1820 428 1859 ei
475 1845 522 1859 ..

237 1818 522 1860 ornatius.

270 1875 532 1950 Ibidem:
564 1875 1029 1950 Istantunionem,
1063 1891 1167 1950 que
1196 1875 1361 1932 rebus
1378 1874 1830 1950 ise_superiori_bus
1857 1876 2226 1950 conjungilur,
2277 1881 2537 1932 naturam
2566 1875 2734 1948 ipsius
2772 1877 2926 1950 longe
2971 1893 3244 1950 superare.
3287 1879 3394 1937 Ubi
3442 1886 3596 1943 nota.

193 1947 441 2021 intelligi
475 1957 662 2021 actum
690 1946 849 2021 ﬁdei,
879 1963 990 2020 qua
1024 1946 1116 2004 hic
1152 1948 1212 2003 iu
1242 1950 1328 2002 via
1361 1948 1662 2021 dirigimur
1690 1947 1760 2004 ad
1790 1961 1880 2003 res
1911 1947 2276 2021 divinaspro
2309 1956 2475 2021 captu
2507 1946 3266 2021 nostroappt‘ehendendas,
3325 1965 3458 2021 quae
3516 1961 3602 2008 est

192 2015 417 2090 donum
475 2016 568 2074 Dei
623 2027 682 2090 et
737 2015 958 2076 ordinis
1017 2015 1499 2090 supernaturalisf
1530 2017 1656 2090 Dur
1703 2029 1889 2074 autem
1937 2017 2086 2074 Deus
2130 2015 2465 2090 hujUsmbdi
2497 2015 3105 2090 sublimia—etcaptum
3139 2015 3401 2079 nostrum
3433 2037 3602 2079 exce-

191 2089 391 2216 gegtig
443 2104 475 2146 a
536 2089 704 2147 nobis
753 2090 906 2148 credi
962 2088 1228 2158 voluerit,
1277 2099 1392 2146 tres
1447 2088 1718 2160 pulchras
1773 2090 2025 2146 rationes
2079 2088 2236 2148 ail'ert
2294 2091 2522 2147 Lessius
2580 2090 2680 2147 lib.
2710 2103 2771 2148 vr
2827 2089 2898 2146 De
2920 2088 3346 2163 perfectionibus
3376 2093 3597 2160 divinis,

228 2177 256 2216 a
310 2204 321 2216 .
398 2202 410 2215 .

191 2174 321 2217 6&0.
357 2174 410 2216 3.

263 2174 520 2288 gift-ima
551 2241 656 2302 est,
691 2233 894 2304 inquit,
927 2234 1367 2307 ut_ca_ptivantes
1398 2230 1749 2307 intellectum
1777 2237 2040 2290 nostrum
2063 2233 2120 2307 i_n
2145 2233 2482 2307 obsequium
2507 2231 2677 2307 ﬁdei,
2694 2232 2854 2307 illum
2877 2236 3048 2291 403
3072 2243 3251 2292 totum
3277 2235 3392 2307 Deo
3416 2235 3600 2307 subji-

192 2303 418 2361 ciamus
450 2319 464 2366 ;
500 2311 554 2360 et
585 2302 964 2376 agnoscentes
997 2303 1445 2362 imbecillitatem
1477 2305 1683 2360 mentis
1712 2312 1933 2368 nostrae,
1969 2319 2034 2360 ac
2063 2302 2263 2360 divinae
2303 2302 2599 2375 sapientiae
2629 2305 3008 2366 altitudinem.
3045 2307 3219 2364 Deum
3275 2306 3360 2363 sic
3416 2302 3600 2365 hon'o-

193 2389 319 2432 rem
329 2389 416 2431 DS.

276 2465 300 2495 ι
334 2444 593 2502 Secunda
617 2453 728 2520 est,
762 2454 822 2502 ut
853 2459 1014 2504 mens
1045 2454 1237 2520 nostra
1268 2459 1497 2504 sursum
1529 2447 1802 2520 erigatur,
1835 2453 1895 2502 et
1921 2445 1991 2501 ad
2023 2445 2215 2503 divina
2251 2446 2550 2520 elevatur:
2582 2446 2629 2503 si
2659 2447 2802 2520 enirn
2834 2447 2980 2505 Deus
3000 2461 3124 2520 non
3156 2455 3503 2520 proponeret
3533 2465 3599 2506 ea

198 2531 330 2589 qum
357 2517 931 2589 captumhumanum
965 2517 1263 2584 excedunt,
1297 2533 1460 2575 mens
1493 2531 1602 2573 non
1631 2516 1985 2573 attolleretur
2009 2532 2261 2589 sursum,
2292 2518 2390 2574 sed
2414 2521 2469 2573 in
2504 2533 2609 2576 suo
2638 2518 2816 2587 gradu
2847 2527 2902 2576 et
2925 2519 3117 2576 inﬁma
3143 2516 3294 2577 sorte
3322 2526 3599 2586 maneret,

199 2587 395 2715 nfque
416 2587 488 2645 ad
516 2587 916 2715 Deibvisionem
946 2589 1369 2660 disponeretur,
1403 2589 1545 2646 ﬁdes
1579 2589 1733 2644 enim
1781 2587 2302 2660 supernaturalium
2352 2589 2535 2646 media
2569 2599 2653 2646 est
2683 2591 2834 2647 inter
2861 2593 3246 2662 cognitionem
3278 2592 3598 2648 naturalem

203 2674 234 2715 e
287 2673 570 2715 vtsmuem
642 2673 706 2715 ca
731 2673 843 2715 am.
1023 2701 1038 2706 -

203 2667 256 2716 οι
287 2667 570 2716 visionem
603 2667 843 2717 beatam.
1023 2701 1038 2706 ι

284 2753 302 2780 ι
339 2729 547 2794 Tertia,
608 2732 739 2800 quia
795 2745 927 2788 cum
981 2731 1092 2788 vita
1154 2740 1364 2789 mterna
1422 2732 1495 2787 sit
1526 2744 1700 2801 supra
1753 2737 2050 2802 naturam,
2076 2745 2138 2786 ea
2171 2745 2401 2802 quoque
2447 2746 2568 2802 quae
2597 2731 2669 2788 ad
2699 2730 2855 2789 illam
2887 2731 3103 2789 ducunt
3147 2731 3353 2790 debent
3383 2742 3602 2792 natura)

201 2811 431 2930 ἔθριυὲ
457 2814 784 2930 superare;
822 2802 958 2859 hinc
987 2811 1280 2874 tantopere
1310 2805 1370 2860 in
1399 2800 1706 2874 Scripturis
1735 2801 1948 2858 donum
1981 2800 2111 2857 ﬁdei
2139 2800 2594 2873 commendatur,
2646 2813 2697 2860 et
2749 2817 2818 2860 ex
2887 2804 3074 2860 divina
3104 2803 3480 2862 illustrations
3498 2805 3602 2862 ha-

245 2888 328 2930 eri
422 2886 471 2927 ci
501 2886 592 2928 ur.

245 2883 328 2931 eri
360 2883 531 2930 αιοιιιι
542 2886 592 2928 l'.

273 2945 301 3014 §
330 2943 401 3000 II.
435 2941 522 3018 Ea:
550 2958 614 2999 ea
640 2943 970 3001 inteiiectiles
997 2944 1452 3018 acinteiiigentes,
1488 2952 1593 3001 etc.
1614 2942 1774 3018 ‘Hinc
1824 2943 2003 3018 divus,
2038 2944 2284 3000 Thomas
2318 2955 2474 3018 parte
2504 2945 2708 3018 prima.
2741 2954 2942 3017 quaest.
2977 2947 3070 3015 55,
3104 2945 3267 3004 artic.
3299 2945 3332 3000 2
3361 2946 3604 3004 conclu-

201 3015 307 3081 dit,
340 3015 596 3088 angelos,
628 3028 762 3072 cum
793 3033 821 3072 a
853 3017 1193 3088 corporibus
1220 3020 1329 3074 sint
1360 3015 1650 3083 abstracti,
1682 3029 1796 3070 non
1829 3015 2145 3088 intelligere
2176 3029 2275 3086 per
2304 3015 2520 3088 species
2548 3033 2578 3073 a
2607 3015 2782 3074 rebus
2814 3026 3090 3088 acceptas.
3125 3018 3222 3073 sed
3248 3030 3349 3087 per
3379 3020 3601 3088 species

197 3089 307 3143 sibi
347 3085 678 3160 naturaliter
706 3085 1060 3160 congeniias.
1096 3088 1188 3145 Sic
1231 3088 1402 3160 enim,
1438 3087 1644 3157 inquit,
1676 3095 1925 3160 oportet_
1945 3085 2270 3157 intelligere
2299 3085 2724 3145 distinctionem
2744 3085 3126 3158 spiritualium
3150 3085 3600 3146 substantiarum

197 3167 253 3215 et
285 3157 567 3230 ordinem,
602 3159 748 3214 sicut
777 3156 860 3214 est
889 3158 1173 3216 distinctio
1205 3167 1257 3216 et
1285 3159 1427 3215 ordo
1457 3156 1858 3230 corporalium.
1894 3156 2187 3230 Suprema,
2211 3168 2397 3230 autem
2442 3173 2693 3230 corpora
2758 3156 2970 3216 habent
3026 3162 3337 3230 potentiam
3395 3164 3451 3215 in
3511 3162 3601 3216 sui

193 3240 401 3286 natura
435 3229 680 3287 totaliter
711 3229 1147 3301 perfectamiper
1180 3230 1418 3286 formam
1450 3244 1468 3298 ;
1500 3230 1557 3284 in
1592 3228 1942 3301 corporibus
1956 3237 2147 3301 autem
2180 3229 2545 3286 inferioribus
2560 3228 2825 3301 potentia
2873 3228 3121 3301 materiae
3180 3245 3294 3287 non
3355 3230 3604 3288 totaliter

194 3301 490 3370 perﬁcitur
519 3313 619 3369 per
647 3298 910 3372 formam,
943 3298 1295 3372 sed‘accipit,
1320 3313 1475 3372 nunc
1504 3312 1677 3356 unam
1712 3313 1865 3372 nunc
1896 3298 2063 3354 aliam
2090 3301 2328 3355 formam
2354 3301 2422 3372 ab
2449 3298 2643 3372 aliquo
2674 3308 2915 3370 agente;
2941 3299 3206 3359 similiter
3229 3311 3282 3358 et
3308 3302 3606 3358 interiores

193 3369 522 3428 anhelantis;
553 3370 932 3434 intellectivaa.
962 3372 1180 3429 scilicet
1198 3369 1412 3428 animae
1442 3369 1732 3438 humanae,
1763 3370 1974 3442 habent
2008 3372 2315 3438 potentiam
2350 3369 2751 3428 intellectivam
2774 3386 2888 3429 non
2940 3372 3278 3442 completam
3323 3373 3604 3430 naturali-

193 3451 302 3507 ter,
325 3457 434 3514 sec
458 3442 777 3513 completur
806 3444 863 3499 in
899 3443 982 3499 eis
1013 3443 1357 3511 successive,
1391 3456 1490 3512 per
1521 3443 1630 3497 hoc
1658 3441 1810 3514 quod
1843 3439 2129 3514 accipiunt
2163 3442 2379 3514 species
2411 3441 2802 3514 intelligibiles
2852 3460 2879 3498 a
2914 3439 3090 3514 rebus
3116 3459 3133 3512 ;
3184 3445 3434 3514 potentia
3467 3458 3602 3501 vero

196 3513 545 3571 intellectiva
578 3511 636 3569 in
667 3515 999 3571 substantiis
1025 3511 1416 3585 spiritualibus
1447 3513 1866 3638 superioribus,
1900 3511 1957 3567 id
1988 3521 2074 3568 est
2100 3513 2155 3567 in
2191 3511 2430 3582 angelis,
2463 3511 2800 3570 naturaliter
2822 3513 3104 3584 completa
3137 3511 3220 3569 est
3251 3528 3356 3585 per
3385 3516 3603 3584 species

196 3584 592 3638 intellitzibiles
622 3585 1040 3638 connaturales.
1076 3586 1146 3638 ad
1176 3583 1366 3638 omnia
1401 3585 1516 3638 inte
1543 3583 1771 3638 licenda
1802 3597 1933 3638 quae
1963 3584 2298 3638 naturaliter
2315 3595 2662 3638 cognoscere
2684 3593 2941 3638 possunt.
2965 3583 3035 3638 Et
3056 3585 3165 3638 hoc
3193 3594 3360 3638 etiam
3383 3599 3452 3638 ex
3477 3584 3602 3638 inso

190 3584 592 3655 intelligibiles
622 3583 1146 3655 connaturales,‘ad
1176 3583 1366 3642 omnia
1401 3583 1771 3654 intelligenda
1802 3597 1933 3655 quae
1963 3584 2298 3638 naturaliter
2315 3595 2662 3654 cegn0scere
2684 3593 2941 3654 possunt.
2962 3583 3035 3640 Et
3056 3585 3165 3641 hoc
3193 3583 3360 3655 etiam
3383 3583 3602 3655 exipso

199 3655 373 3713 modo
401 3654 988 3727 essendihujusmodi
1025 3654 1482 3714 'substautiarum
1512 3663 1766 3726 apparet,
1825 3654 2154 3727 substantiae
2210 3655 2362 3727 enim
2422 3655 2748 3726 spirituales
2778 3655 3092 3716 interioris.
3125 3654 3343 3712 scilicet
3365 3654 3602 3727 animae,

198 3728 417 3784 habent
448 3741 575 3798 esse
593 3723 758 3784 amne
787 3727 1012 3798 corpori
1041 3728 1097 3784 in
1130 3733 1408 3798 quantum
1439 3723 1573 3783 sunt
1589 3723 1912 3798 corporum
1938 3725 2152 3798 formae,
2191 3733 2246 3781 et
2275 3723 2402 3781 ideo
2433 3723 2495 3782 ex
2527 3727 2647 3796 ipso
2679 3727 2847 3782 modo
2877 3727 3102 3783 esseudi
3133 3726 3401 3795 competit
3432 3727 3517 3798 eis
3539 3723 3608 3784 ut

202 3813 233 3856 a
266 3797 607 3870 corporibus
635 3807 690 3870 et
710 3813 810 3869 per
839 3795 1075 3870 corpora
1111 3795 1270 3855 suam
1299 3798 1701 3870 perfectionem
1737 3795 2157 3870 intelligibilem
2205 3795 2941 3870 eonsequantur,_alioquin
2971 3798 3208 3870 _frustra
3264 3796 3604 3870 corporibus

202 3867 513 3952 unirentur
545 3884 568 3952 ξ
598 3867 1096 3952 substantiaa'vero
1124 3867 1482 3952 superiores“
1497 3868 1554 3924 id
1584 3877 1672 3925 est
1699 3867 1911 3952 angeli,
1939 3867 2081 3952 sunt
2121 3882 2150 3924 a
2181 3867 2796 3952 corpori'bus'totaliter
2824 3867 3117 3952 absolutae,
3148 3867 3604 3952 immaterialiter

206 3910 513 4012 ἕζὲὶινέἓὲὲ
543 3910 1556 4012 ἷηῖἔιῗῖέῖὦὶἶωειίὗὲῖἒιέιῖιῖἔὲζνὲινῖξιὲὂ
1585 3910 3222 4012 ξῖιέιᾶἴῖἒῖἱθὲὗόἱιθῖιῖἴε]ἴρῙὶε’ἕίὶἷιὲἷιὶ“ὁὶὶἦὲε“ἀῖἶᾶιὶῖιὶῖᾖξῖ
3233 3910 3604 4012 ἷῇἶὲῑῖῖξῖᾱὲξιὶ

206 4010 507 4084 efﬂuxum,
537 4025 651 4082 quo
671 4027 702 4068 a
730 4009 853 4084 Deo
879 4015 1098 4084 species
1138 4026 1330 4069 rerum
1372 4011 1731 4084 cognitarum
1761 4021 2102 4084 acceperunt
2132 4010 2298 4084 simul
2333 4023 2465 4084 cum
2494 4009 2871 4068 intellectuali
2899 4009 3130 4067 natura:
3153 4009 3316 4067 Unde
3347 4009 3597 4084 i_dem__D.

205 4083 460 4141 Thomas
489 4080 570 4139 οἱ
592 4084 698 4139 hoc
724 4083 859 4155 item
891 4080 1015 4141 loco
1045 4084 1304 4155 Dionysii
1332 4090 1528 4154 quaest.
1558 4082 1653 4155 758,
1685 4091 1789 4155 art.
1824 4081 1880 4151 3,
1907 4080 2233 4155 concludit,
2254 4153 2260 4155 Α
2281 4082 2902 4155 angelosquaecunque
2942 4087 3296 4153 cognoscunt
3326 4081 3450 4155 sine
3479 4080 3599 4155 dis-

205 4167 386 4226 cursu
419 4153 864 4226 apprehendere,
897 4163 948 4210 et
974 4150 1273 4212 conﬁrmat
1304 4150 1505 4226 a'pari.
1540 4150 1735 4226 Angeli
1765 4155 1943 4221 enim,
1978 4153 2180 4224 inquit,
2209 4150 2637 4226 illum—gradum
2672 4150 2864 4210 tenent
2920 4155 2980 4210 in
3019 4150 3393 4226 substantiis
3428 4154 3602 4224 spiri-

203 4223 687 4296 tualibus’,'qnem
717 4238 958 4296 corpora
989 4227 1237 4283 ccelestia
1298 4227 1354 4281 in
1417 4225 1750 4296 substantiis
1786 4223 2089 4296 corporeis
2143 4224 2318 4293 (unde
2378 4223 2430 4281 et
2487 4228 2746 4282 cmlestes
2802 4232 3020 4282 mentes
3076 4240 3103 4280 a
3164 4223 3436 4295 Dionysio
3468 4223 3605 4294 ap-

205 4296 538 4367 pellantur).
571 4295 662 4353 Est
691 4295 879 4353 autem
903 4297 1018 4354 hac
1047 4296 1365 4356 differentia
1403 4297 1550 4367 inter
1579 4295 1835 4352 ccelestia
1865 4305 1920 4351 et
1953 4304 2176 4351 terrena
2207 4309 2473 4366 corpora,
2505 4296 2658 4367 quod
2691 4310 2928 4366 corpora
2962 4305 3183 4352 terrena
3208 4309 3309 4365 per
3339 4298 3605 4352 mutatio-

200 4366 339 4426 nem
370 4374 423 4424 et
445 4375 668 4440 motum
703 4367 1097 4440 adipiscuntur
1127 4382 1286 4440 suam
1323 4366 1580 4440 ultimam
1610 4367 2034 4440 perfectionem,
2067 4380 2305 4440 corpora
2337 4366 2757 4440 veroucimlestia
2791 4367 2978 4423 statim
3010 4380 3081 4422 ex
3112 4369 3232 4438 ipsa
3265 4380 3366 4440 sua
3398 4375 3603 4423 natura

202 4452 371 4496 suam
401 4438 659 4510 ultimam
689 4436 1096 4510 perfectionem
1126 4437 1357 4496 habent.
1389 4437 1478 4492 Sic
1505 4438 1674 4508 igitur
1705 4436 2001 4510 interiores
2030 4438 2376 4510 intellectus,
2412 4437 2630 4495 scilicet
2657 4439 2983 4508 hominum,
3013 4451 3113 4508 per
3137 4436 3606 4510 quemdamumo-

201 4519 329 4567 turn
361 4517 416 4567 et
444 4506 764 4568 discursum
795 4510 1189 4581 intellectualis
1218 4506 1564 4581 operationis
1596 4508 1997 4581 perfectionem
2029 4511 2089 4565 in
2118 4508 2448 4579 regnitione
2480 4511 2732 4567 veritatis
2753 4506 3193 4580 adipiscuntur}
3222 4506 3606 4581 dumscilicet

199 4595 273 4638 ex
303 4594 420 4654 uno
450 4581 678 4651 cognito
708 4583 763 4638 in
797 4580 950 4638 aliud
975 4579 1270 4654 cognitum
1299 4579 1636 4651 procedunt.
1658 4580 1716 4638 Si
1735 4589 1934 4654 autem
1954 4581 2151 4654 statim
2188 4582 2397 4654 in_ipsa
2430 4581 2758 4654 cognitione
2794 4581 3057 4654 principii
3081 4582 3200 4636 noti
3234 4579 3605 4654 inspicerent,

196 4653 363 4723 quasi
394 4649 578 4723 notas,
609 4666 809 4709 omnes
838 4649 1237 4709 conclusiones
1267 4649 1696 4723 consequentes.
1733 4651 1794 4707 in
1823 4655 1908 4706 eis
1936 4651 2232 4723 discursus
2263 4649 2454 4708 locum
2488 4649 2601 4706 non
2635 4649 2888 4717 haberet,
2923 4649 3110 4708 ethoc
3135 4658 3220 4708 est
3249 4652 3309 4706 in
3357 4649 3602 4720 angelis,

197 4721 336 4794 quia
374 4722 564 4796 statim
593 4724 650 4779 in
672 4723 798 4796 illis
826 4737 943 4796 quae
972 4725 1157 4796 primo
1189 4721 1522 4796 naturaliter
1551 4730 1924 4796 cognoscunt2
1951 4722 2259 4792 inspiciunt
2287 4724 2479 4796 omnia
2511 4735 2862 4793 quaecunque
2915 4722 2970 4778 in
2999 4724 3080 4778 eis
3124 4723 3403 4796 cognosci
3461 4734 3602 4796 pos-

199 4791 339 4865 sunt
370 4812 388 4860 ;
418 4797 474 4865 et
502 4792 626 4849 ideo
659 4791 918 4852 dicunt‘ur
949 4791 1382 4865 ibtellectuales,
1413 4795 1545 4865 quia
1576 4791 1747 4865 etiam
1778 4791 1930 4864 apud
1957 4807 2061 4848 nos
2087 4808 2150 4849 ea
2183 4807 2306 4863 quae
2331 4791 2885 4865 statim'natural‘iter
2945 4791 3481 4864 apprehetiduntur,
3509 4793 3602 4865 in-

199 4864 382 4936 telligi
411 4864 702 4928 dicuntur,
734 4865 888 4922 unde
922 4864 1245 4924 intellectus
1277 4862 1484 4922 dicitur
1513 4863 1741 4922 habitus
1773 4862 2092 4934 primorum
2122 4862 2558 4936 principiorum.
2591 4864 2794 4936 animae
2826 4879 2958 4936 vero
2983 4862 3264 4936 humanae,
3286 4876 3418 4934 quae
3440 4862 3604 4936 veri-

200 4935 644 5008 tatis’notitiam
701 4949 802 5008 per
860 4936 1163 5008 quemdam
1226 4936 1552 4993 discursum
1606 4936 1912 5008 acquirunt
1967 4935 2619 5008 rationalesvocantur.
2684 4935 2848 5003 Quod
2893 4935 3126 5006 quidem
3194 4935 3476 5008 contingit
3537 4936 3600 5008 in

202 5006 290 5065 eis
319 5021 384 5064 ex
417 5006 968 5066 debilitate'lumi'nia
1022 5008 1471 5074 intellectualis;
1531 5008 1578 5062 si
1636 5010 1789 5064 enim
1845 5006 1968 5077 ejus
2027 5006 2437 5074 plenitudinem
2499 5006 2799 5078 haberent,
2841 5008 2987 5078 sicut
3041 5007 3254 5078 angeli,
3313 5008 3508 5078 statim
3540 5006 3601 5062 in

203 5078 394 5150 primo
423 5088 652 5150 aspectu
682 5079 1099 5150 principiorum
1127 5087 1301 5139 totam
1329 5081 1591 5137 virtutem
1621 5091 1822 5136 eorum
1851 5076 2426 5148 comprehenderent,
2459 5077 2735 5136 intuendo
2763 5077 3044 5151 quidquid
3071 5076 3145 5135 ei
3167 5080 3246 5136 eis
3274 5076 3602 5149 syllogizari

246 5159 421 5206 οεεθι.
2423 5159 2432 5168 κ

202 5165 553 5278 Ροὲξῑὲτυω
609 5219 794 5284 docet.
851 5221 1103 5303 angelos.
1152 5221 1436 5292 homines,
1469 5219 1720 5282 sensilia.
1767 5228 1822 5278 et
1861 5218 2110 5346 denique
2141 5219 2333 5302 omnia
2351 5233 2465 5347 ‘per
2492 5218 2592 5276 Dei
2629 5220 2968 5291 sapientiam
2997 5227 3187 5278 creata
3218 5232 3368 5298 esse,
3400 5225 3457 5274 et
3494 5230 3601 5273 suo

202 5291 378 5347 modo
408 5293 740 5347 sapientiam
771 5293 872 5347 Dei
900 5294 1224 5347 praedicare.
1253 5299 1316 5347 ut
1343 5292 1578 5347 oulchre
1608 5305 1850 5347 manuus
1882 5291 2004 5347 Beat
2037 5307 2122 5347 ius
2153 5305 2211 5346 in
2245 5291 2345 5347 tllu
2418 5291 2860 5347 Proverhiorum
2887 5303 3012 5347 vm.
3043 5291 3114 5346 22
3152 5289 3416 5347 Dommus
3445 5302 3601 5343 creu-

201 5291 378 5350 modo
408 5293 740 5364 sapientiam
771 5293 872 5350 Dei
900 5289 1224 5364 praedicare,
1253 5299 1316 5350 ut
1343 5289 1578 5362 pulchre
1608 5305 1850 5362 magnus
1870 5289 2122 5364 Basilius
2153 5291 2211 5346 in
2245 5289 2387 5347 illud
2418 5289 2860 5364 Proverbiorum
2887 5303 3012 5355 vni.
3043 5291 3114 5346 22
3152 5289 3416 5364 Dominus
3445 5302 3604 5343 ereu-

198 5366 280 5420 vit
306 5379 395 5421 me
417 5360 750 5436 principium
774 5360 991 5421 viarum
1018 5360 1256 5422 suarum.
1289 5360 1822 5436 Loquitur,inquit,
1855 5362 1926 5420 de
1954 5364 2230 5434 sapientia
2272 5363 2493 5431 mundi,
2527 5378 2648 5434 quae
2676 5373 2929 5436 apparet,
2961 5374 3016 5420 et
3042 5375 3240 5419 vocem
3264 5360 3380 5436 tere
3412 5373 3510 5429 per
3535 5372 3601 5416 ea

195 5449 322 5508 quae
352 5428 930 5508 cernunturomittlt,
951 5436 1106 5508 quod
1132 5437 1351 5508 scilicet
1378 5428 1409 5492 ἑ
1437 5436 1554 5508 Deo
1585 5428 1763 5508 iactus
1793 5428 1883 5500 ait,
1918 5443 1972 5491 et
2003 5428 2118 5490 non
2147 5436 2382 5508 fortuito
2417 5428 2571 5508 tanta
2629 5428 2905 5508 sapientia
2939 5450 3002 5491 ea
3049 5446 3179 5504 quae
3233 5428 3428 5487 effecta
3465 5438 3600 5508 sunt

193 5504 449 5566 decorat.
482 5505 554 5564 Ut
600 5507 754 5564 enim
803 5507 933 5564 Caeli
967 5504 1229 5565 inerrant
1255 5507 1482 5579 gloriam
1510 5504 1624 5574 Dei,
1655 5512 1704 5559 et
1729 5521 1859 5578 opus
1889 5520 2148 5562 manuum
2177 5506 2294 5577 ejus
2324 5507 2613 5579 annuntiat
2665 5505 3064 5576 ﬁrmamentum
3091 5515 3139 5579 si,
3183 5509 3477 5579 enarrant,
3511 5505 3604 5558 in-

193 5592 395 5654 quam,
421 5591 514 5637 me
540 5590 679 5636 voce
699 5579 829 5652 quia
857 5595 958 5635 non
983 5585 1114 5638 sunt
1140 5572 1310 5645 voce},
1339 5593 1506 5652 neque
1533 5572 1826 5646 sermones,
1857 5592 2079 5651 quorum
2108 5572 2215 5634 non
2241 5577 2548 5635 audiantur
2574 5572 2724 5635 uoces
2753 5591 2948 5634 eorum
2983 5591 2997 5632 :
3064 5578 3132 5632 ad
3180 5572 3449 5630 eumdem
3479 5587 3606 5632 mo-

276 5689 304 5736 s
331 5677 490 5743 Psal.
522 5694 688 5756 svnt,
719 5677 781 5746 2.

730 5790 993 5853 PATROL.
1023 5787 1137 5854 Gn.
1170 5786 1270 5856 ΙΙΙ.

2387 5819 2393 5824 -
3269 5781 3344 5846 28
