4052 6196
245 254 372 325 881

728 257 826 322 DE
868 256 1166 323 DIVINIS
1206 251 1658 336 NOMINIBUS,
1688 256 1858 320 CAP.
1901 249 2052 319 VII.
2103 280 2173 292 -
2215 247 2600 309 PARAPHR.
2650 245 3162 310 PACHYMERE.

3531 247 3650 315 882

244 399 369 472 πᾶρ
401 390 690 469 θερμαίνει·
729 390 780 456 ἐξ
812 393 872 447 οὗ
897 396 1073 447 κοινοῦ
1113 389 1581 468 σδμπεριεχομένη
1612 393 1645 457 ἡ
1677 387 1914 468 ἡμετέρα

1999 382 2265 445 evadunt
2294 381 2396 472 qui
2419 387 2554 472 ante
2574 380 3066 472 succumbebant;
3101 379 3378 472 similiter
3397 381 3462 444 in
3481 402 3652 472 icom-

244 481 486 553 διάνοια,
532 479 707 559 ἕδερον
736 482 989 555 μανθᾶνει
1017 478 1082 536 δι’
1117 481 1294 559 αὐτοῦ,
1330 479 1459 556 ὅπερ
1490 479 1575 535 Eni
1607 485 1713 534 τῶν
1747 478 1918 558 ἀγγέ-

244 570 370 628 λων
400 575 495 629 οὒκ
525 570 688 628 ἔστιν·
723 569 858 627 ἀλλὰ
893 571 1090 634 παντὸς
1123 568 1324 648 ὃλικοῦ,
1362 567 1608 636 δηλονότι
1643 569 1917 648 αὶσθητοῦ,

249 663 356 718 καὶ
410 661 640 732 πλήθους
701 667 933 736 μερικῶν
991 683 1149 717 τινων
1215 661 1465 737 γνώσεων
1522 660 1917 736 καθαρεύοντες,

249 750 508 815 ἑνοειδῶς
539 753 642 830 οὒχ
663 749 869 812 ἄπαιτα
900 751 966 806 τὰ
996 753 1115 807 θεῖα
1147 751 1375 822 νοοῦσιν,
1409 747 1528 804 ἀλλ’
1560 748 1658 805 ὅσα
1688 751 1920 805 νοεῖσθαι

250 843 470 904 τούτοις
519 841 803 920 πεφύκασι,
839 838 922 895 διὰ
957 840 1053 908 τήν
1111 841 1216 896 ἀπὸ
1250 846 1381 896 Θεοῦ
1412 840 1542 917 πρὸς
1577 840 1764 902 αὖτοὺς
1827 837 1917 893 ἕλ-

249 930 492 1011 λαμψιν,
528 934 669 1008 ᾗτινι
700 931 786 986 καὶ
821 928 1290 1008 καταγλαΐζονται,
1325 931 1410 986 καὶ
1458 930 1583 1007 πρὸς
1615 930 1676 984 τὸ
1722 929 1923 984 ἐνιαϊον

247 1019 672 1080 ἂνατυποῦνταιθ
709 1028 859 1079 τοῦνο
889 1019 988 1098 γάρ
1031 1019 1175 1075 ἐστιν
1227 1019 1398 1075 αότῶν
1428 1020 1488 1074 τὸ
1516 1015 1766 1080 θεοειδές,
1826 1017 1923 1073 Διᾶ

245 1111 455 1177 ταύτην
488 1112 585 1178 τὴν
614 1109 756 1166 θείαν
802 1110 987 1189 σοφίαν
1020 1110 1108 1165 καὶ
1131 1111 1180 1164 αἱ
1213 1109 1385 1188 ψυχαὶ
1416 1110 1475 1163 τὸ
1508 1107 1724 1185 λογικὸν
1754 1105 1921 1186 ἔχου-

247 1222 336 1264 σι,
390 1201 487 1255 Διὰ
530 1201 580 1256 τί
628 1197 681 1254 δὲ
710 1202 770 1256 οὗ
827 1200 888 1254 τὸ
938 1199 1118 1276 νοερὸν
1163 1197 1345 1274 εἶπεν,
1379 1196 1516 1253 ἀλλὰ
1559 1198 1621 1252 τὸ
1673 1195 1913 1275 λογικὸν,

248 1290 290 1356 ἢ
345 1287 504 1356 δῆλον
558 1291 620 1344 lex.
677 1296 770 1346 τοῦ
832 1286 1237 1359 πλεονάζοντος’
1299 1287 1470 1344 πάντα
1525 1287 1625 1364 γὰρ
1680 1287 1745 1342 τὰ
1790 1284 1916 1362 τῇδε

250 1377 359 1434 ὅσα
423 1376 628 1434 οἴδασιν
661 1378 711 1434 αἱ
771 1377 942 1457 ψυχαὶ
1000 1374 1299 1442 διεξοδικῶς
1345 1374 1413 1431 δι’
1477 1373 1806 1451 ἑποδείξεων,
1840 1373 1915 1430 ἔτι

249 1467 313 1523 δὲ
366 1469 453 1524 καὶ
512 1466 595 1523 διὰ
652 1466 885 1545 μερικῶν
940 1467 1230 1534 αἰσθήσεων
1287 1464 1485 1526 οἴδασι.
1534 1465 1609 1523 Τὰ
1649 1463 1704 1520 δὲ
1751 1467 1917 1532 νοητὰ

250 1571 374 1615 νοεῖ
422 1559 456 1624 ἡ
491 1557 644 1636 ψνχὴ
689 1560 748 1615 οὒ
780 1559 905 1612 καθὸ
939 1555 1094 1635 ψυχὴ
1139 1553 1300 1634 λόγον
1343 1555 1568 1634 ἔχουσα,
1603 1553 1741 1610 ἀλλὰ
1788 1555 1915 1610 καθὸ

252 1655 402 1712 νοῦς·
455 1648 575 1702 τότε
605 1646 712 1726 γὰρ
763 1643 910 1702 οἶδεν
955 1647 982 1700 6
1017 1645 1135 1708 νοῦς
1179 1646 1244 1701 τΞι
1293 1645 1480 1724 νοητὰ,
1514 1646 1601 1701 ὅτε
1633 1645 1710 1720 μὴ
1756 1647 1916 1718 μόνον

2006 472 2168 532 muni
2230 469 2591 550 cOgnitione,
2625 469 2947 533 divisibilia
3003 469 3364 552 sensiliaque
3406 471 3655 536 collecta

2007 579 2322 622 commune
2371 559 2511 641 quid
2572 559 2816 622 faciunt.
2874 559 3022 623 Nam
3070 580 3139 624 ex
3171 580 3241 624 eo
3274 562 3433 644 quod
3483 562 3656 624 multi

2006 653 2350 734 frequenter
2379 651 2453 712 ad
2486 648 2679 730 ignem
2715 651 2973 732 aliquem
3005 651 3363 716 accedentes
3385 652 3654 717 calefacti

2008 742 2461 816 sint,communi
2493 740 2700 804 notitia
2725 751 3035 824 acceptum
3068 751 3425 819 est,omnem
3451 745 3651 825 ignem

2007 832 2357 909 calefacere,
2391 850 2508 914 qua
2538 833 2842 894 communi
2882 834 3090 897 notitia
3135 833 3450 898 informata
3480 854 3653 899 mens

2006 931 2232 1002 nostra,
2255 939 2325 982 ex
2345 939 2415 983 ea
2437 921 2740 1002 quidpiam
2755 923 2919 985 aliud
2936 923 3135 1000 discit;
3156 925 3314 1007 quod
3341 945 3458 988 non
3471 927 3655 989 habet

2007 1013 2201 1074 locum
2253 1011 2315 1074 in
2365 1012 2634 1089 angelis:
2662 1012 2768 1075 sed
2799 1011 2874 1075 ab
2907 1014 3070 1076 omni
3119 1016 3436 1098 materiali,
3469 1015 3529 1079 id
3561 1025 3654 1080 est

2002 1100 2272 1164 sensibili
2302 1100 2694 1164 divisibilium
2733 1104 3042 1166 notionum
3077 1105 3645 1189 multitudine,puri,

2002 1191 2378 1254 uniformiter
2406 1210 2502 1254 res
2525 1192 2774 1283 divinas,
2808 1193 2948 1255 468
2986 1213 3106 1256 non
3131 1214 3340 1260 omnes
3377 1200 3647 1283 quidem,

1999 1281 2104 1343 sed
2141 1299 2290 1362 quas
2320 1299 2422 1343 eos
2453 1301 2630 1345 nosse
2649 1282 2739 1344 fas
2771 1290 2998 1365 est,per
3018 1284 3276 1350 divinam
3308 1281 3651 1353 illustratio-

2000 1389 2134 1432 nem
2185 1371 2538 1450 intelligunt,
2575 1391 2689 1454 qua
2738 1371 3112 1438 illustrantur
3143 1385 3200 1438 et
3237 1379 3310 1441 ad
3359 1380 3646 1446 unitatem

1999 1460 2420 1523 informantur:
2432 1461 2491 1522 in
2504 1459 2614 1524 hac
2624 1460 2784 1523 enim
2804 1462 2911 1524 sita
2927 1476 3017 1525 est
3030 1481 3235 1528 eorum
3251 1467 3644 1535 deiformitas.

2000 1548 2111 1612 Per
2131 1551 2282 1612 hanc
2307 1568 2544 1631 quoque
2571 1550 2832 1613 divinam
2857 1555 3208 1634 sapientiam
3227 1558 3404 1621 etiam
3429 1563 3647 1628 animas

2000 1640 2394 1702 ratiocinandi
2446 1643 2560 1701 vim
2605 1640 3027 1732 obtinent.Cur
3057 1654 3255 1708 autem
3289 1667 3407 1710 non
3441 1655 3644 1732 νοερόν,

250 1744 367 1793 τῶν
424 1737 712 1814 αἰσθητῶν,
745 1733 883 1790 ἀλλὰ
929 1735 1016 1790 καὶ
1069 1739 1166 1801 τῆς
1196 1739 1382 1813 ψυχῆς
1431 1735 1520 1790 καὶ
1566 1734 1753 1790 ἑαυτοῦ
1810 1732 1914 1799 ἐξί-

2001 1749 2105 1793 seu
2129 1731 2538 1812 intelligendi,
2585 1731 2689 1792 sed
2721 1732 2960 1815 λογικόν,
2994 1734 3056 1795 id
3088 1747 3180 1798 est
3227 1731 3650 1807 ratiocinandi

254 1848 475 1884 σταται.
534 1824 698 1883 Τοῦτο
743 1822 906 1891 δηλοῖ
939 1825 1024 1880 καὶ
1075 1826 1102 1880 6
1130 1827 1273 1889 θεῖος
1304 1821 1660 1904 Ἀπόστολος,
1728 1832 1767 1880 0
1813 1829 1919 1899 ψυ-

252 1918 417 1996 χικὸς
475 1914 770 1992 ἄιθρωπος,
820 1912 1018 1993 λέγων,
1083 1918 1141 1972 οὒ
1200 1912 1417 1992 δέχεται
1479 1913 1544 1970 τὰ
1601 1920 1696 1972 τοῦ
1750 1914 1920 1969 mw-

254 2026 450 2079 ματος,
516 2001 924 2060 Ἀπολείπονται
988 2001 1076 2058 οὖν
1131 2004 1181 2058 αἱ
1216 2004 1387 2082 ψυχαὶ
1433 2007 1536 2058 τῶν
1592 2002 1803 2057 ἐνιαξων
1832 1999 1920 2058 καὶ

254 2093 559 2170 ἁγγελικῶν
615 2095 750 2149 νοῶν
804 2093 880 2167 τῷ
930 2090 1158 2164 ποικίλῳ
1207 2093 1294 2148 καὶ
1339 2112 1573 2168 μεριστῳ
1623 2090 1721 2158 τῆς
1777 2113 1919 2148 παν-

255 2182 518 2244 τοδαποῦς
570 2183 841 2261 γνώσεῶς.
881 2181 1044 2260 Εἶτα,
1078 2179 1260 2249 ἐπειδὴ
1289 2182 1339 2237 αἱ
1390 2181 1526 2238 κατὰ
1585 2181 1679 2244 τὰς
1739 2181 1919 2260 ψυχὰς

258 2273 509 2349 γνώσεις,
549 2269 632 2327 δια
673 2269 836 2349 λόγου
893 2272 1192 2348 γινόμεναι,
1231 2271 1302 2335 εἷς
1334 2272 1396 2327 τὸ
1424 2269 1482 2326 ἓν
1530 2268 1918 2327 συνελίττονται

263 2361 445 2440 (τοῦτο
505 2363 602 2440 γὰρ
663 2360 775 2417 ἐστι
833 2362 927 2416 καὶ
959 2362 1021 2416 τὸ
1075 2357 1188 2416 καθ’
1249 2361 1373 2416 cat-316
1431 2361 1518 2416 καὶ
1582 2361 1634 2414 τὸ
1694 2357 1918 2414 καθόλου

256 2457 359 2517 τῆς
416 2448 785 2530 ἆποδείξεως’)
822 2449 1082 2516 ἀξιοῦνται
1132 2451 1220 2505 καὶ
1268 2451 1318 2504 αἱ
1375 2451 1546 2528 ψυχαὶ
1596 2449 1702 2504 τῶν
1754 2449 1918 2526 ἔσαγ-

256 2539 454 2618 γέλων.
521 2541 618 2596 Διὰ
667 2547 846 2618 τοῦτο,
896 2541 1114 2614 νοήσαι,
1150 2537 1228 2594 δὲ’
1289 2542 1386 2596 καὶ
1448 2538 1677 2611 ἑνιαίως,
1723 2539 1795 2600 ὡς
1854 2536 1917 2592 ἂν

255 2633 408 2687 εἴποι
458 2653 562 2705 τις,
609 2642 839 2692 νοοῦσιν
891 2631 926 2700 ἢ
987 2633 1080 2688 καὶ
1123 2630 1321 2710 ἄλλως,
1370 2629 1457 2686 ὅτε
1491 2631 1567 2706 μὴ
1616 2628 1700 2686 διὰ
1730 2627 1912 2708 λόγου,

254 2720 395 2777 ἀλλὰ
425 2720 490 2777 δι’
535 2722 788 2779 ἐπιπόνου
813 2722 898 2778 καὶ
943 2719 1062 2778 κατ’
1095 2721 1290 2799 ἀρετὴν
1324 2719 1506 2795 ἕξεως,
1542 2720 1571 2774 ὃ
1603 2720 1691 2776 καὶ
1723 2732 1912 2796 κρεῖτ-

251 2833 368 2881 τον,
430 2813 501 2876 εἷς
560 2814 620 2868 τὸ
696 2811 898 2868 ἐειιαῖον
955 2817 1052 2878 τῆς
1100 2812 1352 2888 γνώσεως
1410 2810 1680 2866 φθάνουσιο
1743 2810 1916 2873 καθὼς

254 2901 399 2958 ἔστιν
429 2901 560 2958 ἰδεῖν
589 2902 640 2958 ἐν
673 2914 791 2965 τοῖς
825 2901 1080 2979 μεγαλοις
1115 2902 1202 2956 καὶ
1252 2901 1410 2964 θείοις
1443 2900 1703 2970 πατράσιν
1731 2901 1912 2974 ἡμῶν,

253 3005 374 3052 τοῖς
420 2993 497 3066 μὴ
529 2992 634 3046 ἆπῦ
689 2991 996 3065 μαθήσεως,
1031 2987 1153 3046 ἀλλ’
1183 2990 1289 3046 ἀπὸ
1331 2988 1689 3068 καθαρότητος
1719 2994 1816 3056 τῆς
1846 2987 1910 3044 δι’

2003 1819 2119 1881 vim
2153 1819 2394 1893 dixerit,
2449 1838 2520 1883 ex
2564 1820 2886 1884 abundanti
2920 1824 3302 1889 manifestum
3335 1829 3420 1906 ﬁt;
3448 1832 3650 1895 omnia

2004 1909 2164 1971 enim
2186 1928 2316 1991 quae
2345 1909 2443 1972 hic
2465 1911 2680 1974 animae
2704 1922 2944 1990 norunt,
2970 1932 3075 1995 per
3103 1915 3263 1980 fusas
3284 1920 3547 1985 rationes
3576 1941 3646 1986 ac

2004 1999 2834 2082 demonstrationes,quinimo
2853 2004 3027 2066 etiam
3043 2023 3150 2086 per
3169 2011 3540 2075 sensationes
3556 2013 3648 2076 di-

2003 2087 2264 2151 visibiles
2295 2089 3040 2171 percipiunt.lntellectilia
3068 2113 3204 2159 vero
3239 2099 3399 2160 enim
3425 2101 3654 2166 intelli-

2003 2177 2109 2258 git,
2137 2197 2255 2239 non
2287 2177 2348 2241 in
2370 2186 2654 2260 quantum
2686 2181 2886 2244 anima
2915 2183 3205 2248 rationem
3241 2187 3439 2264 habet,
3456 2193 3560 2254 sed
3583 2193 3647 2256 in

2003 2276 2284 2348 quantum
2317 2288 2486 2331 mens
2517 2279 2606 2333 est
2627 2288 2732 2334 seu
2755 2272 3132 2340 intellectus:
3168 2284 3308 2340 tunc
3349 2281 3512 2342 enim
3544 2282 3644 2344 in-

2003 2357 2211 2438 telligit
2242 2377 2411 2422 mens
2444 2360 2860 2441 intelligibilia,
2893 2364 3130 2445 quando
3182 2375 3243 2429 et
3294 2369 3554 2432 animam
3587 2379 3648 2435 et

1999 2450 2378 2540 semetipsam
2413 2449 2791 2516 deserit.Hoc
2821 2452 3119 2533 signiﬁcat
3145 2475 3381 2540 quoque
3412 2459 3648 2525 divinus

1997 2539 2876 2633 ApostolusdicenszAnimalis
2895 2543 3072 2608 homo
3093 2564 3213 2611 non
3235 2539 3400 2630 capit
3415 2569 3488 2614 ea
3513 2569 3649 2633 qua:

2000 2635 2139 2693 sunt
2184 2631 2443 2711 spiritus
2463 2642 2508 2696 ν.
2536 2633 2830 2696 Deﬁciunt
2877 2634 3077 2716 itaque
3109 2637 3325 2701 anima:
3355 2639 3428 2702 ab
3459 2631 3645 2705 unitis

2000 2721 2116 2784 illis
2145 2728 2203 2782 et
2230 2722 2512 2801 angelicis
2535 2723 2834 2786 mentibus
2865 2726 3140 2788 varietate
3157 2734 3218 2790 et
3247 2727 3647 2796 divisibilitate

1999 2813 2332 2890 omnigenae
2350 2813 2965 2892 cognitionis.Deinde
2989 2835 3124 2877 cum
3141 2835 3228 2880 em
3249 2820 3642 2899 cognitiones,

1998 2920 2129 2982 quae
2158 2903 2489 2965 secundum
2523 2903 2750 2966 animas
2780 2904 2952 2986 fiunt,
2982 2906 3040 2967 in
3073 2925 3257 2970 unum
3293 2913 3643 2990 conglome-

1996 3000 2206 3054 rantur
2230 2993 2367 3072 (hoc
2382 2992 2540 3054 enim
2565 3002 2654 3056 est
2665 2994 2842 3056 etiam
2855 2997 3177 3060 secundum
3189 3017 3255 3062 se
3271 3006 3644 3067 etuniversa

253 3080 470 3158 ἀρετὴν,
530 3081 603 3144 εὶς
659 3078 898 3157 μεγάλας
961 3081 1180 3159 θεωρίας
1241 3079 1476 3152 ἐλθοῦσι,
1542 3079 1632 3135 καὶ
1688 3079 1910 3156 γνώσεις

1999 3082 2572 3176 demonstrationis)
2600 3084 2817 3176 animae
2854 3104 3092 3166 quoque
3120 3090 3348 3167 angelis
3378 3095 3643 3176 mquipa-

252 3169 519 3247 θειοτέρας
551 3169 586 3237 ἢ
647 3169 783 3225 κατὰ
826 3168 1121 3246 ἄνθρωπον.
1157 3168 1290 3226 ’Ἔτι
1349 3169 1444 3225 οὒκ
1474 3167 1536 3223 ἂν
1590 3168 1802 3245 ἁμάρτῃ
1833 3191 1913 3232 τις

256 3260 345 3314 καὶ
406 3261 522 3335 περὶ
585 3260 691 3314 τῶν
750 3259 1043 3328 αἰσθήσειιιν
1097 3258 1534 3338 ἀποφηνάμενος,
1594 3257 1674 3312 ὅτι
1729 3257 1913 3314 τελευο

253 3361 410 3404 ταϊον
459 3346 739 3425 ἀπήχημα
782 3355 889 3412 τῶς
935 3351 1076 3410 θείας
1140 3349 1325 3427 σοφίας
1383 3347 1534 3404 εἰσίνο
1568 3345 1756 3426 ἔχουσι
1813 3348 1913 3426 γὰρ

252 3440 344 3493 καὶ
401 3437 553 3492 αὗται
585 3435 691 3501 ἕξιν
757 3439 870 3492 τινὰ
933 3437 1322 3504 ἀντιληπτικὴν
1383 3443 1489 3492 τῶν
1547 3436 1916 3511 ὑποκειμένων

253 3528 342 3582 καὶ
397 3527 718 3604 γνωστικὴν,
783 3527 828 3582 εἰ
885 3531 971 3583 καὶ
1025 3526 1350 3599 σωματικῶν
1415 3526 1796 3602 αἰσθητηρίων,
1847 3523 1913 3581 δι’

253 3617 330 3669 ὧν
364 3618 459 3682 τῆς
504 3620 690 3694 ψυχῆς
750 3616 1084 3696 παρακύψαι,
1120 3613 1405 3674 ἐνδέονται.
1455 3617 1515 3672 Οἱ
1558 3613 1612 3670 δὲ
1644 3613 1910 3695 δαίμονες,

254 3706 385 3759 καθὸ
429 3711 547 3759 νοῦν
577 3706 665 3760 καὶ
724 3705 868 3761 αὖτοὶ
901 3704 1144 3784 ἔχουσιν,
1187 3707 1250 3761 ὲκ
1292 3704 1389 3771 τῆς
1449 3704 1632 3784 σοφίας
1663 3711 1754 3761 τοῦ
1785 3712 1916 3762 Θεοῦ

255 3802 440 3852 τοῦτον
485 3793 796 3860 κέκτηνται·
848 3793 1211 3872 ἂλογήσαντες
1255 3791 1330 3865 δὲ,
1389 3796 1474 3850 καὶ
1519 3794 1598 3868 μὴ
1641 3795 1913 3871 μείναντες

253 3882 386 3960 ὅπερ
443 3885 603 3962 ἦσαν,
639 3882 877 3939 ἕκωωσιν
908 3885 1094 3962 σοφίας
1154 3881 1357 3958 μᾶλλον
1411 3882 1720 3956 ὑπέμειναν,
1756 3881 1911 3963 Ἐφί-

255 3994 370 4028 εται
426 3972 646 4050 μὲνγὰρ
704 3971 756 4038 ἐξ
785 3971 1003 4051 ἀλογίας
1052 3971 1290 4029 καὶθέλει
1321 3974 1381 4029 τὸ
1429 3973 1630 4028 ἰσόθεον
1678 3970 1911 4049 ὅδαιμό·

255 4082 366 4122 νιος
396 4062 543 4133 νωῦς,
575 4063 667 4116 οὒκ
711 4059 827 4117 οἶδε
857 4060 912 4116 δὲ
967 4059 1112 4124 ὅπως
1143 4061 1326 4117 τούτου
1371 4073 1562 4141 τυχεῖν
1593 4060 1816 4135 ἔνεστιν,
1851 4062 1909 4119 οὐ

257 4151 432 4229 φύσει,
467 4151 649 4205 παθὼν
677 4149 776 4216 τὴν
801 4149 1045 4229 ἄγνοιαν,
1070 4148 1190 4206 ἀλλ’
1217 4150 1466 4212 ὲκοδσίους
1493 4151 1556 4206 τὸ
1585 4151 1727 4228 παρὰ
1757 4153 1909 4231 φύσιν

255 4241 588 4318 αἱροὺμενος.
625 4238 791 4295 "una
824 4241 911 4295 καὶ
935 4239 1049 4296 ἐπεὶ
1075 4238 1413 4318 ἡλογημένος
1439 4240 1578 4296 ἐστὶν
1603 4242 1630 4296 6
1652 4246 1756 4298 τῶν
1788 4240 1908 4298 δαι-

257 4330 456 4396 μοιίων
476 4338 617 4390 νοῦς.
651 4329 711 4384 οὖ
755 4328 942 4407 σοφός,
976 4327 1113 4384 ἀλλὰ
1145 4329 1324 4407 σοφίος
1356 4329 1714 4393 ὲκπεπτωκὼς
1735 4330 1903 4407 ῥηθή-

257 4439 427 4477 σεται.
483 4415 634 4474 Ἀλλ’
666 4417 745 4473 ὅτι
776 4417 870 4492 μὲν
924 4420 958 4485 ἡ
988 4417 1100 4474 θεία
1130 4419 1284 4498 σοφία
1337 4421 1535 4481 παντὸς
1567 4419 1656 4476 νοῦ
1689 4422 1773 4476 καὶ
1808 4420 1906 4477 λό-
1933 4465 1975 4516 D

257 4529 378 4586 γου,
423 4509 510 4563 καὶ
560 4505 736 4573 πάσης
795 4506 1091 4574 αἰσθήσεως
1149 4509 1432 4568 ὑποστάτις
1489 4507 1598 4564 ἐστὶ
1629 4510 1716 4564 καὶ
1773 4511 1910 4567 αἰτία

259 4595 492 4672 εἴρηται,
543 4599 658 4659 πῶς
716 4593 771 4651 δὲ
844 4595 999 4660 αὐτὸς
1061 4596 1088 4651 ὃ
1147 4596 1439 4676 ὒπὲρσοφος
1495 4598 1625 4660 Θεὸς
1683 4612 1798 4655 νοεῖ
1851 4601 1914 4656 τὰ

260 4685 450 4757 νοητὰ,
483 4685 519 4752 ἢ
570 4685 636 4741 τὰ
692 4686 938 4764 αἰσθητὰ,
987 4683 1120 4760 μηδὲ
1181 4686 1363 4763 νοερᾶς
1420 4688 1567 4765 ἔχων
1625 4686 1909 4766 ὶνεργείας,

258 4775 348 4831 καὶ
384 4774 553 4842 πάσης
610 4775 902 4845 αἰσθήσεως
962 4773 1413 4854 ὑπεριδρυμένος;
1468 4775 1650 4834 Καίτοι
1680 4780 1804 4856 ταοὶ
1851 4780 1914 4835 τὰ

258 4867 378 4919 θεῖα
437 4865 527 4919 καὶ
583 4864 694 4942 ἱερᾶ
765 4864 1080 4943 Εὒαγγέλια,
1145 4865 1322 4944 Κύριε,
1383 4865 1443 4920 σὺ
1499 4864 1671 4922 πάντα
1732 4865 1909 4932 οἶδας.

260 4949 503 5026 Ῥητὲον,
534 4952 648 5031 οὖν,
689 4951 819 5031 ὅπερ
852 4953 983 5032 ἔφην
1013 4951 1293 5030 πολλάκις,
1328 4955 1408 5009 ὃτι
1438 4954 1504 5010 τὰ
1547 4955 1684 5010 κατὰ
1715 4955 1915 5026 στέρη-

261 5064 342 5096 σιν
399 5039 664 5119 λεγόμενα
724 5041 808 5097 ἐπὶ
854 5049 1008 5118 Θεοῦ,
1055 5043 1142 5098 καὶ
1188 5043 1253 5098 τὰ
1310 5042 1516 5099 ἐναντία
1576 5045 1912 5123 ὑπεροχικῶς

258 5130 520 5204 νοοῦνται,
553 5131 614 5184 τὸ
672 5127 890 5205 ἄλογον,
927 5132 986 5186 τὸ
1037 5128 1213 5210 ἄνουν,
1266 5133 1328 5187 τὸ
1371 5131 1593 5212 ἀναφὲς,
1630 5135 1689 5190 τὸ
1744 5133 1912 5212 ἀόρα-

259 5241 372 5297 τον,
430 5217 566 5274 ὥστε
616 5220 643 5273 6
701 5222 846 5282 θεῖος
906 5225 1025 5282 νοῦς
1084 5220 1256 5276 πάντα
1315 5220 1550 5301 συνέχει,
1610 5224 1748 5279 κατά
1797 5245 1912 5281 τινα

259 5305 590 5384 ἐξηυρημένην
641 5313 837 5385 γνῶσιν
885 5307 1224 5387 προειληφὼς
1270 5311 1368 5377 τὴν
1412 5310 1624 5369 πάντων
1679 5311 1912 5385 εἴδησιν,

259 5397 332 5461 ὡς
394 5395 565 5459 αἴτιος
605 5396 837 5473 πάντων,
874 5398 967 5456 atati
1010 5397 1180 5455 πάντα
1225 5397 1374 5466 εἰδὼς
1432 5399 1656 5483 ἔνδοθεν,
1692 5404 1778 5460 καὶ
1822 5404 1917 5462 οὒκ

346 5595 371 5626 '
402 5583 585 5650 ICor.
619 5601 684 5664 ιι,
725 5585 822 5648 14.

1997 3179 2224 3234 rantur.
2254 3172 2482 3234 idcirco
2504 3173 3022 3265 consideraretiam
3065 3178 3250 3254 unite,
3295 3189 3359 3243 ut
3387 3172 3471 3246 ita
3510 3172 3642 3265 quis

2000 3261 2211 3354 dixerit
2243 3261 2608 3354 intelligant:
2637 3264 2876 3344 quando
2908 3265 3183 3330 videlicet
3213 3269 3362 3332 alias
3393 3261 3644 3354 non—per

1999 3351 2425 3427 rationem,sed
2442 3354 2810 3433 perarduum
2841 3355 3161 3438 virtutique
3187 3377 3510 3440 congruum
3532 3351 3642 3426 ba-

2003 3441 2212 3516 bitum,
2233 3442 2396 3518 quod
2422 3443 2631 3520 utique
2653 3445 3029 3524 prmstantius
3057 3455 3168 3522 est,
3188 3449 3260 3510 ad
3283 3453 3640 3531 cognitionis

2000 3531 2287 3623 unitatem
2321 3539 2689 3614 pertingunt;
2721 3534 2873 3596 sicut
2907 3535 3108 3598 videre
3137 3537 3278 3601 licet
3304 3547 3364 3602 in
3414 3545 3644 3623 magnis

1997 3639 2065 3683 ac
2095 3621 2313 3684 divinis
2362 3623 2635 3685 Patribus
2683 3625 2926 3697 nostris,
2961 3627 3062 3706 qui
3113 3647 3230 3690 non
3277 3621 3638 3710 eruditione,

1997 3710 2102 3804 sed
2137 3712 2406 3804 puritate,
2437 3729 2542 3792 per
2574 3714 2848 3777 virtutem
2885 3715 2959 3777 ad
2997 3735 3240 3798 magnas
3281 3724 3642 3804 contempla-

1999 3801 2189 3862 tiones
2221 3801 2826 3896 divin_ioresque,quas
2855 3806 3180 3869 humanum
3211 3817 3446 3889 captum
3468 3801 3638 3896 supe-

1993 3901 2149 3964 rent,
2176 3890 2544 3971 cognitiones
2564 3903 2984 3970 pervenerunt.
3002 3896 3089 3958 Ad
3108 3897 3234 3959 haec
3265 3890 3639 3983 nequaquam

1993 3981 2320 4062 aberrabit,
2345 3981 2668 4062 quisensus
2690 3987 3098 4067 quoqueipsos
3113 3995 3444 4052 extremum
3472 3981 3642 4074 quasi

1992 4072 2309 4151 quamdam
2334 4073 2869 4154 divinaasapientia:
2883 4079 3288 4141 resonantiam
3305 4072 3640 4161 appellarit:

1993 4182 2127 4255 nam
2153 4164 2341 4255 etipsi
2363 4162 2582 4226 habent
2603 4165 2871 4255 babitum
2888 4167 3358 4250 quemdam,quo
3383 4171 3486 4234 illa
3508 4191 3642 4255 qua:

1992 4250 2068 4311 iis
2095 4250 2494 4343 subjiciuntur
2516 4253 2879 4343 recipiantet
2903 4250 3635 4343 cognoscant,quanquam

1992 4341 2298 4420 corporeis
2325 4339 2743 4433 instrumentis
2759 4345 3057 4433 sensitivis
3077 4365 3227 4427 opus
3249 4339 3643 4433 habeant,per

1992 4448 2124 4521 quas
2153 4429 2351 4492 anima
2383 4432 2723 4521 prospiciat.
2758 4431 3067 4497 Daemones
3097 4437 3324 4511 vero,in
3353 4429 3641 4521 quantum

1997 4519 2051 4580 ei
2084 4519 2194 4598 ipsi
2227 4527 2489 4582 mentem
2520 4519 2763 4597 habent,
2816 4539 2891 4584 ex
2924 4523 3122 4587 divina
3150 4519 3443 4602 sapientia
3471 4548 3638 4591 eam-

1996 4609 2130 4701 dem
2163 4617 2607 4701 compararunt;
2641 4629 2675 4672 a
2704 4611 2932 4675 ratione
2959 4622 3158 4677 autem
3191 4617 3404 4699 aversi,
3440 4637 3639 4701 neque

1997 4697 2056 4759 id
2112 4699 2272 4778 quod
2327 4707 2499 4761 erant
2527 4710 2968 4780 permanentes,
3005 4697 3440 4786 prolapsionem
3471 4725 3507 4770 a
3536 4697 3638 4770 sa-

1996 4786 2217 4868 pientia
2241 4789 2440 4870 potius
2457 4789 3208 4875 sustinuerunt.Siquidem
3235 4813 3404 4859 mens
3419 4797 3642 4861 damo-

1997 4889 2167 4950 niaca
2221 4909 2293 4951 ex
2345 4889 2797 4955 irrationalitate
2856 4893 3041 4956 ambit
3070 4902 3129 4956 et
3156 4895 3390 4962 affectat
3433 4915 3637 4980 aequa-

1998 4987 2220 5050 litatem
2283 4987 2416 5064 Dei,
2477 4989 2582 5051 sed
2642 4992 2832 5054 nescit
2889 4992 3183 5074 quomodo
3217 5013 3350 5058 eam
3403 4997 3642 5079 assequi

1999 5087 2208 5166 possit;
2241 5107 2360 5150 non
2390 5089 2547 5170 quod
2579 5097 2782 5156 natura
2825 5091 3107 5171 ignorans
3137 5093 3237 5175 sit,
3272 5095 3381 5157 sed
3424 5097 3639 5158 volun-

1999 5192 2145 5259 tarie
2199 5191 2258 5254 id
2305 5190 2464 5271 quod
2518 5199 2726 5256 contra
2770 5202 3038 5257 naturam
3071 5202 3163 5257 est
3191 5195 3390 5275 eligat.
3444 5194 3642 5276 Unde,

1998 5296 2060 5357 in
2111 5299 2393 5376 quantum
2455 5309 2623 5353 mens
2673 5291 3009 5356 daemonum
3065 5312 3099 5355 a
3144 5294 3375 5356 ratione
3415 5293 3640 5370 deﬁcit,

2001 5411 2375 5478 nequaquam
2405 5394 2664 5477 sapiens,
2694 5395 2803 5458 sed
2824 5414 2858 5458 a
2886 5397 3176 5480 sapientia
3223 5393 3513 5460 defecisse
3543 5394 3642 5462 di-
