4052 6196
443 291 565 358 883

1623 289 1688 354 S.
1735 291 1916 355 ΒΙοΝ
1923 290 2078 354 YSII
2117 289 2650 354 AREOPAGlTxE.

3715 289 3834 356 884

435 423 789 489 cetur.469
809 421 926 487 Sed
957 422 1236 504 quoniam
1287 423 1482 486 divina
1531 421 1842 506 Sapientia
1887 419 2063 484 omni:

2165 421 2217 488 ἐξ
2249 421 2432 498 ἄλλο),
2465 424 2502 492 ἢ
2549 421 2634 479 διά
2675 445 2826 486 τινος
2855 421 3025 490 ἄλλης
3063 425 3518 504 προϋπαρχούσης
3543 427 3830 505 γνώσεώς·

437 517 658 579 mentis
681 525 738 580 et
759 513 1004 578 rationis
1027 512 1339 593 omnisque
1359 531 1572 576 sensus
1597 513 1864 576 effectrix
1887 519 1943 574 et
1967 518 2076 584 est,

436 613 496 668 et
525 623 700 670 causa
731 602 1278 683 dicitur,quomodo
1309 602 1560 684 ipsemet
1588 620 1946 684 supraquam
1981 619 2078 662 sa-

435 695 610 776 piens
639 695 796 758 Deus
829 691 1100 771 intelligit
1133 691 1530 771 intelligibilia
1570 692 1911 765 sensiliave,
1946 707 2080 752 cum

431 801 628 864 neque
657 781 1059 860 intelligentes
1089 781 1304 843 habeat
1337 783 1740 862 operationes,
1793 791 1851 842 et
1899 796 2084 860 supra

433 889 674 934 omnem
705 891 948 935 sensum
967 869 1416 933 sitcollocatus?
1451 872 1724 933 Attamen
1751 870 1956 931 divina
1987 888 2084 928 sa-

433 979 654 1044 craque
673 961 989 1040 Evangelia
1003 960 1596 1040 dicunt:Domine,tu
1617 963 1824 1022 omnia
1847 961 2078 1021 nosti".

427 1048 762 1113 Dicendum
789 1053 1012 1132 itaque,
1045 1049 1206 1131 quod
1235 1049 1352 1112 dixi
1372 1049 1610 1129 saepius,
1647 1049 1804 1130 quod
1829 1065 1958 1130 qua)
1979 1065 2085 1128 per

429 1139 823 1219 privationem
849 1139 924 1201 de
941 1141 1066 1201 Deo
1087 1140 1456 1218 dicuntur,et
1481 1139 1798 1218 contraria,
1831 1156 1934 1218 per
1965 1156 2075 1197 ex-

429 1229 770 1292 cellentiam
791 1229 1294 1310 intelligantur,ut
1317 1226 1688 1302 irrationale,
1715 1245 1952 1306 amens,
1983 1233 2076 1287 in-

439 1318 666 1394 tactile,
693 1317 1014 1398 invisibile,
1040 1317 1115 1380 ita
1147 1327 1208 1380 ut
1242 1317 1436 1378 divina
1458 1333 1628 1379 meus
1656 1315 1855 1378 omnia
1893 1315 2081 1376 conti-

427 1407 926 1487 neat,secundum
948 1408 1308 1468 eminentem
1334 1405 1646 1486 quamdam
1674 1405 2074 1483 cognitionem

428 1496 692 1558 omnium
721 1497 990 1558 notitiam
1009 1494 1410 1576 anticipando,
1430 1503 1704 1575 tanquam
1735 1512 1912 1555 causa
1943 1512 2074 1554 om-

427 1585 592 1647 nium
617 1585 936 1663 omniaque
961 1584 1278 1645 intrinsese
1301 1593 1646 1658 noscens,et
1677 1603 1794 1644 non
1829 1601 1898 1644 ex
1931 1582 2070 1662 alio,

427 1691 624 1754 neque
647 1693 754 1755 per
774 1675 1032 1755 aliquam
1056 1673 1230 1734 aliam
1256 1673 1760 1752 praeexsistentem
1787 1673 2075 1752 cognitio-

2165 515 2254 570 καὶ
2299 512 2396 570 ἀπ’
2427 513 2590 580 αὐτῆς
2633 517 2736 580 τῆς
2785 514 2966 592 ἀρχῆς
3013 511 3187 588 εἰδὼς,
3224 518 3286 574 οὗ
3329 521 3430 582 τῆς
3481 515 3668 595 ἀρχῆς
3723 519 3832 572 τῶν

2163 601 2574 682 παραχθέντων,
2609 601 2749 660 ἀλλὰ
2799 602 2897 670 τῆς
2941 602 3231 670 καθολικῶς
3289 605 3466 685 ἀρχῆς
3523 613 3622 662 τοῦ
3673 613 3828 663 θεοῦ·

2163 694 2317 770 ὓπερ,
2370 690 2484 748 ἐπεὶ
2554 693 2648 747 οὒκ
2721 691 2908 770 εὒαγὲς
2965 693 3080 748 ἐστι
3157 691 3450 768 λαμϐάνειν
3519 695 3610 750 ἐπὶ
3671 701 3824 770 Θεοῦ,

2167 781 2426 860 ἄναρχος,
2463 781 2562 858 γὰρ
2613 783 2700 837 καὶ
2749 781 3118 862 ὅπερᾶναρχος
3179 785 3208 839 6
3257 783 3438 852 936;.)
3465 781 3696 840 ἐκόλασε
3747 783 3830 841 διὰ

2165 879 2278 944 τοῦ,
2315 868 2430 927 ⁹¹Ιν³
2479 869 2622 926 εἴπω
2655 869 2843 932 Καλως
2875 894 3000 948 γουν
3041 873 3130 928 καὶ
3159 874 3245 929 καὶ
3291 875 3320 929 6
3347 875 3516 950 μέγας
3549 874 3828 939 Βασίλὲιος

2164 963 2393 1032 τίθησιν,
2429 959 2510 1016 δτι
2543 959 2641 1016 εἰσί
2671 981 2812 1031 τινα,
2836 959 3044 1039 ἅνεὲρχα
3075 961 3195 1037 μὲν,
3227 961 3480 1031 τελευτὴν
3509 963 3566 1020 δὲ
3597 963 3826 1044 ἔχοντα,

2165 1051 2340 1130 λέγων
2371 1050 2465 1112 τὰς
2519 1049 2660 1112 θείας
2691 1055 2790 1115 τῆς
2842 1047 3190 1128 δημιουργίας
3223 1055 3466 1122 νοήσεις
3511 1050 3610 1110 ἀπ’
3643 1054 3828 1132 ἀρχῆς

2160 1145 2284 1222 γὰρ,
2339 1139 2408 1197 ἵν’
2445 1139 2609 1203 οὕτως
2669 1138 2836 1213 εἴπω,
2869 1141 3010 1214 παρὰ
3066 1147 3142 1216 τῷ
3199 1140 3508 1222 δημιουργῷ
3561 1147 3610 1199 οἱ
3673 1142 3828 1220 λόγοι

2160 1239 2260 1301 τῆς
2309 1231 2556 1292 κτίσεως.
2593 1231 2690 1285 Διὰ
2736 1237 2890 1287 τοῦτο
2919 1232 3018 1309 γὰρ
3048 1229 3262 1310 λέγεται
3307 1235 3395 1290 καὶ
3439 1235 3525 1292 τό.
3562 1232 3626 1292 Ὀ
3661 1233 3820 1297 εἰδὼς

2161 1323 2334 1382 πάντα
2387 1321 2506 1396 πρὶν
2536 1319 2794 1399 γενέσεως
2851 1321 3048 1378 αἶτὼν·
3095 1324 3170 1378 ὧν
3229 1329 3330 1389 τὴν
3361 1323 3590 1402 γένεσιν,
3623 1326 3728 1380 οὐκ
3769 1327 3830 1380 ἒκ

2159 1419 2254 1469 τοῦ
2315 1410 2734 1483 καταμανθάνειν
2791 1410 2923 1466 αὒτὰ
2955 1413 3122 1470 ὁποῖᾶ
3169 1413 3286 1469 τινά
3313 1415 3442 1468 εἰσιν
3485 1415 3634 1493 ἔχει’
3667 1421 3830 1472 τοῦτο

2159 1503 2258 1579 γὰρ
2289 1499 2578 1570 ἐδήλωσεν,
2613 1501 2800 1580 εἰπών,
2832 1500 2926 1556 οὔκ
2967 1503 3030 1556 ἒκ
3058 1506 3164 1556 τῶν
3211 1501 3378 1558 ὄντων
3409 1503 3474 1560 τὰ
3501 1501 3630 1560 ὄντα
3681 1527 3828 1579 μαν-

2157 1591 2350 1663 θάνων,
2415 1590 2501 1644 καὶ
2561 1590 2644 1669 τὸ,
2706 1588 2765 1643 υῦ
2825 1590 2942 1647 κατ’
2975 1587 3123 1646 ὶδέαν
3175 1593 3420 1658 ὶκάστοις
3482 1590 3824 1668 ἐπιϐάλλων,

2159 1678 2278 1735 ἀλλ’
2302 1682 2375 1742 ὡς
2407 1678 2638 1746 ποιητὴς
2670 1679 2872 1734 τούτων
2902 1679 3000 1746 τὴν
3033 1678 3240 1748 εἴδησιν
3274 1683 3380 1737 τῶν
3409 1684 3616 1740 οἰκείων
3649 1681 3828 1764 ἔργων

427 1781 591 1840 nem;
615 1773 674 1824 et
696 1763 770 1826 ab
797 1764 923 1845 ipso
947 1764 1116 1825 initio
1137 1779 1544 1836 noscens,non
1567 1761 1640 1822 ab
1665 1762 1839 1823 initio
1871 1779 2063 1823 rerum

2157 1766 2584 1852 προέχεί,-εἰδὼς
2630 1765 2776 1831 ὅπως
2829 1769 2961 1824 αὒτὰ
3009 1769 3105 1826 καΐ
3138 1769 3223 1850 ἐφ’
3273 1775 3356 1836 εἷς
3411 1773 3636 1851 παρᾶξει
3685 1761 3824 1852 πρὸς

425 1853 876 1933 productarum,
910 1853 1012 1914 sed
1060 1853 1130 1914 ab
1165 1851 1485 1912 universali
1528 1851 1700 1912 initio
1730 1853 1876 1925 Deo;
1907 1849 2064 1931 quod

427 1959 562 2002 cum
588 1959 704 2003 non
729 1941 869 2002 satis
891 1941 1205 2002 commode
1231 1939 1288 2000 in
1309 1942 1430 2002 Deo
1453 1938 1640 2020 accipi
1677 1939 1862 2020 possit
1891 1939 2068 2016 (quo—

426 2031 583 2094 niam
609 2031 766 2095 Deus
783 2033 913 2094 sine
939 2032 1102 2094 initio
1128 2041 1238 2110 est,
1269 2041 1327 2094 et
1359 2033 1669 2112 plusquam
1703 2031 1834 2092 sine
1873 2031 2064 2096 initio)

425 2121 686 2184 correxit
716 2123 856 2185 illud
877 2122 1150 2184 addendo
1181 2141 1194 2185 :
1231 2121 1302 2183 Ut
1323 2122 1405 2183 ita
1427 2121 1642 2182 dicam.
1678 2123 1864 2183 Recte
1895 2120 2070 2199 igitur

425 2209 598 2272 etiam
637 2229 881 2288 magnus
927 2211 1178 2274 Basilius
1209 2211 1586 2291 ait,qu:edam
1621 2228 1755 2271 esse
1783 2228 1918 2287 qua)
1945 2215 2072 2288 qui-

421 2299 556 2362 dem
581 2301 872 2382 principio
901 2301 1240 2382 carent,sed
1272 2301 1452 2361 ﬁnem
1484 2299 1733 2374 habent,
1764 2307 1826 2359 ut
1855 2299 2070 2360 divina:

420 2389 537 2452 illa:
556 2392 870 2454 creationis
901 2391 1322 2472 cogitationes;
1357 2390 1428 2452 ab
1475 2390 1644 2452 initio
1685 2389 1870 2462 enim,
1898 2397 1960 2450 ut
1989 2389 2070 2451 ita

417 2478 795 2562 dicam,apud
821 2482 1161 2545 Creatorem
1201 2481 1369 2543 fuere
1418 2485 1680 2542 rationes
1713 2477 2062 2541 creationis.

413 2565 557 2632 Nam
592 2570 818 2632 idcirco
846 2571 1065 2632 dicitur
1097 2591 1110 2631 :
1143 2569 1256 2644 Qui
1279 2570 1438 2632 nosti
1461 2570 1668 2632 omnia
1701 2570 2064 2649 priusquam

413 2657 946 2742 ﬁantV'-;quorum
973 2660 1262 2739 originem
1288 2659 1597 2734 novit,nou
1624 2657 1780 2738 quod
1801 2677 1868 2720 ex
1891 2658 1962 2718 iis
1977 2657 2066 2718 di-

415 2757 541 2809 scat
563 2749 758 2830 qualia
779 2750 1010 2824 sint,uli
1038 2747 1588 2822 declaravitdicens
1623 2767 1636 2807 :
1668 2747 1800 2810 Non
1853 2767 1922 2808 ex
1963 2765 2062 2809 re-

413 2837 525 2900 bus
547 2837 691 2919 ipsis
710 2856 806 2900 res
830 2839 1059 2914 dicens,
1089 2857 1283 2920 neque
1303 2836 1552 2917 singulis
1585 2836 1912 2898 secundum
1951 2856 2061 2897 cu-

407 2927 628 3008 jusque
655 2928 916 3010 speciem
951 2928 1290 3008 intendens,
1324 2926 1430 2988 sed
1489 2934 1584 2986 tan
1602 2945 1778 3004 quum
1829 2931 2067 2988 creator

409 3033 655 3077 suorum
715 3034 962 3096 operum
1015 3016 1317 3096 priehabet
1378 3015 1806 3092 cognitionem,
1868 3015 2064 3075 sciens

421 3105 658 3185 quando
681 3112 740 3166 et
769 3104 985 3206 quibus
1001 3105 1206 3210 modis
1239 3103 1888 3210 illasit‘producturus:
1909 3101 2066 3175 Quo-
2083 3159 2122 3210 c

416 3212 546 3256 rum
581 3194 882 3276 perversio
903 3193 1264 3274 etdefectio,
1297 3193 1426 3256 sive
1447 3191 1749 3254 irustratio
1783 3203 1844 3254 et
1875 3193 2063 3273 impo-

418 3283 858 3360 tentia,malum
894 3283 1242 3360 introducit,
1279 3283 1602 3366 privatione
1633 3285 1762 3364 ejus
1791 3282 1945 3363 quod
1971 3301 2064 3344 se-

415 3374 673 3437 cundum
703 3382 971 3436 naturam
1006 3381 1117 3451 est,
1151 3373 1210 3434 id
1246 3373 1406 3455 quod
1440 3381 1643 3434 contra
1671 3381 1941 3434 naturam
1977 3381 2066 3434 est

415 3464 827 3526 introducens.
861 3463 952 3527 Ad
969 3465 1084 3526 hoc
1107 3464 1265 3526 enim
1295 3463 1443 3525 lucis
1475 3461 1816 3542 exemplum
1843 3461 2062 3538 attulit;

412 3571 547 3614 nam
580 3553 761 3635 hujus
779 3553 1389 3634 privationetenebraa
1421 3553 1799 3632 exsistunt,et
1822 3569 2060 3614 causam

410 3641 636 3705 habent
665 3643 997 3706 absentiam
1024 3651 1247 3706 natura:
1269 3641 1603 3720 lucis,sicut
1621 3641 1800 3704 etiam
1825 3640 2062 3704 habitus

412 3730 875 3813 principaliores
925 3739 1064 3794 sunt
1107 3730 1559 3814 privationibus,
1594 3737 1673 3812 et,
1711 3739 1773 3791 ut
1819 3728 1900 3791 ita
1926 3731 2061 3809 quis

413 3821 596 3904 dicat,
634 3839 846 3885 causae.
879 3819 1066 3884 Nemo
1094 3822 1288 3903 itaque
1309 3839 1380 3883 ex
1403 3821 1496 3882 his
1518 3820 1596 3882 ad
1623 3829 1739 3882 tam
1772 3817 2060 3884 absurdae

411 3912 738 3974 sententias
787 3911 1134 3985 abducetur,
1175 3919 1236 3971 ut
1261 3909 1438 3986 dicat,
1465 3910 1643 3970 etiam
1678 3909 1966 3969 malorum
1999 3910 2058 3971 in

412 4003 612 4082 seipso
632 4017 868 4062 causam
900 3999 1124 4062 habere
1155 3998 1496 4079 Deum,sive
1533 3999 1731 4080 ipsum
1755 4015 1888 4059 esse
1913 4017 2054 4060 cau-

412 4107 536 4151 sam
575 4107 680 4150 cur
699 4089 822 4152 haec
847 4089 1269 4170 producantur;
1284 4089 1406 4166 jam
1427 4086 1656 4169 pridem
1680 4088 1838 4150 enim
1864 4097 2060 4150 osten-

409 4177 520 4251 dit,
557 4197 752 4259 neque
785 4197 917 4259 ens,
946 4195 1139 4258 neque
1188 4180 1247 4238 in
1273 4175 1454 4239 rebus
1487 4192 1618 4239 esse
1650 4178 1891 4240 malum.
1931 4180 2058 4241 Hoc

409 4283 548 4330 vero
573 4267 752 4329 etiam
785 4265 1048 4328 declarat
1078 4267 1438 4347 exemplum.
1471 4264 1634 4328 Sicut
1667 4267 1823 4327 enim
1857 4265 2056 4348 siquis

404 4355 600 4418 lucem
625 4359 782 4419 banc
803 4356 1098 4419 visibilem
1133 4355 1349 4417 mentis
1371 4375 1438 4418 ac
1455 4355 1702 4418 rationis
1719 4367 2052 4436 compotem

407 4455 722 4525 supponat;
749 4447 966 4508 deiude
989 4463 1270 4526 rogemus
1294 4445 1508 4526 ipsam,
1544 4463 1618 4506 an
1653 4443 1928 4507 tenebras
1959 4465 2053 4508 co-

407 4521 817 4617 gnoscatﬁpsa
835 4544 1033 4598 autem
1060 4521 1124 4598 se
1142 4521 1708 4616 nosse—dicat,etiam
1728 4545 2050 4614 antequam
2081 4521 2122 4570 υ

407 4623 672 4689 tenebras
691 4625 832 4686 470
857 4635 1081 4707 essent;
1107 4644 1308 4702 nosse,
1358 4627 1622 4707 inquam,
1661 4643 1778 4688 non
1815 4643 1920 4706 per
1948 4625 2053 4687 ali-

407 4732 582 4796 quam
618 4716 1055 4798 experientiam
1086 4715 1408 4797 (quomodo
1459 4714 1616 4776 enim
1643 4714 1740 4777 lux
1773 4714 2052 4778 tenebras

403 4803 617 4866 sciret?
641 4824 776 4867 nam
801 4805 850 4868 si
867 4807 957 4866 lux
984 4805 1210 4882 sit,non
1231 4812 1408 4867 erunt
1427 4803 1857 4885 tenebrae),sed
1876 4823 2050 4866 nosse

406 4893 568 4955 dicat
599 4894 874 4958 tenebras
897 4895 955 4956 in
987 4904 1271 4976 quantum
1307 4894 1402 4956 lux
1426 4909 1542 4969 eSI;
1576 4894 1828 4974 ideoque
1863 4895 2046 4967 novit,

404 4983 562 5063 quod
594 4989 644 5044 si
677 4984 984 5066 proprium
1019 4984 1222 5046 lumen
1251 4983 1634 5058 contraxerit,
1670 5003 1846 5044 nemo
1877 4984 2048 5045 vide-

405 5071 514 5136 bit.
548 5071 632 5136 Ita
665 5079 840 5136 etiam
874 5073 1032 5137 Deus
1063 5093 1168 5155 per
1189 5093 1424 5136 causam
1457 5073 1723 5135 omnium
1756 5073 1812 5136 in
1847 5092 1910 5135 se
1941 5093 2046 5136 co-

404 5161 732 5244 gnitionem
765 5161 966 5240 habet,
994 5183 1110 5226 non
1143 5164 1298 5245 quod
1325 5163 1689 5245 experientia
1719 5181 1847 5224 eam
1876 5182 2044 5224 com-

403 5251 696 5332 paraverit
729 5251 875 5333 (tum
905 5255 1062 5316 enim
1092 5252 1249 5316 Deus
1280 5253 1618 5334 cognitione
1649 5253 1938 5333 posterior
1961 5253 2046 5316 in-

405 5341 753 5417 veniretur),
779 5342 961 5404 autin
990 5341 1190 5424 aliquo
1227 5352 1496 5422 tempore
1527 5361 1646 5404 non
1678 5345 2041 5420 cognoverit.

402 5427 552 5493 Nota
577 5431 1091 5513 autem,tenebras
1122 5449 1253 5495 esse
1275 5433 1554 5496 effectum
1577 5437 1675 5516 qui
1710 5451 1778 5494 ex
1812 5431 2044 5495 defectu

485 5619 570 5688 v'I
599 5620 812 5686 Joann.
847 5635 910 5699 ιι,
941 5621 1042 5686 20.
1101 5619 1171 5662 "°
1204 5619 1436 5688 Daniel.
1470 5637 1595 5701 xui,
1629 5619 1728 5685 42.

2153 1845 2382 1936 γένεέίν,
2415 1845 2510 1912 Ὠν
2557 1857 2590 1926 ἡ
2642 1858 2961 1936 παρατροπή
3020 1861 3107 1916 καὶ
3255 1845 3521 1942 ἔλλειψις,
3557 1845 3740 1939 ἤγουν
3783 1867 3822 1932 ἦ

2150 1947 2418 2027 ἂποτυχία
2469 1947 2618 2013 καὶὴ
2669 1945 2946 2026 ἀδυναμία,
2981 1948 3044 2004 τὸ
3094 1951 3260 2005 κακὸν
3301 1952 3524 2028 εἰσάγει,
3553 1959 3624 2030 τῇ
3685 1975 3822 2010 στε-

2151 2037 2301 2114 ρήσει
2353 2038 2442 2093 τοῦ
2489 2037 2624 2092 κατὰ
2661 2037 2814 2116 φύσιν
2865 2038 2926 2092 τὸ
2974 2038 3112 2115 παρᾶ
3175 2040 3328 2098 φύσιν
3357 2047 3612 2104 ποιοῦσα.
3675 2046 3820 2120 Πρὸς

2152 2134 2308 2184 τοῦτο
2368 2125 2468 2205 γὰρ
2527 2126 2588 2181 τὸ
2647 2127 2739 2182 τοῦ
2795 2128 2972 2191 φωτὸς
3025 2129 3336 2206 παρήγαγεν
3377 2129 3704 2210 ὁπόδειγμα’
3749 2141 3824 2209 τῇ

2151 2215 2252 2292 γὰρ
2325 2215 2512 2273 τούτου
2571 2215 2814 2294 στερήσει
2885 2217 2947 2272 τὸ
3005 2217 3194 2281 σκότος
3253 2219 3668 2302 παρυφῖσταιαι,
3733 2227 3828 2282 καὶ

2150 2303 2320 2360 αἰτίαν
2373 2302 2489 2383 ἔχει
2520 2303 2617 2372 τὴν
2645 2304 2910 2361 ἆπουσίασ
2939 2311 3038 2372 τῆς
3078 2316 3172 2366 τοῦ
3217 2309 3396 2373 φωτὸς
3429 2310 3664 2388 φῦσεως,
3699 2315 3824 2369 ὥσ-

2149 2414 2248 2471 περ
2299 2393 2388 2449 καὶ
2438 2395 2542 2447 τῶν
2603 2395 2908 2471 στερήσεων
2971 2397 3021 2450 αἱ
3081 2394 3218 2460 ἕξεις
3263 2397 3624 2478 ἇρχικώτεραι
3681 2425 3826 2479 τυγο

2149 2481 2402 2561 χοίνουσι,
2447 2482 2540 2537 καῖ
2577 2485 2650 2547 ὼς
2707 2481 2768 2538 ἄν
2799 2505 2880 2540 τις
2919 2483 3088 2557 εἴποι,
3121 2485 3304 2550 αἰτίαι,
3353 2487 3552 2555 Μηδεὶς
3581 2498 3714 2568 γοῦν
3757 2491 3826 2549 ἐκ

2149 2571 2352 2627 τούτων
2393 2573 2524 2649 πρὸς
2567 2572 2797 2637 ἀτόπους
2842 2572 3118 2651 ἐπαγέσθω
3171 2575 3392 2650 ἑννοίας,
3445 2577 3584 2634 ὥστε
3635 2580 3822 2660 λέγειν

2147 2661 2234 2716 καὶ
2295 2659 2398 2716 τῶν
2461 2668 2640 2716 κακῶν
2697 2661 2751 2718 ἐν
2809 2663 2982 2738 ἑαυτῷ
3019 2663 3140 2721 κατ’
3199 2667 3367 2722 αἰτίαν
3417 2669 3680 2748 προέχειν
3718 2659 3820 2727 τὸν

2149 2751 2302 2828 Θεὸν,
2349 2749 2510 2826 ἤγουν
2547 2749 2725 2806 αἴτιον
2775 2754 2945 2809 αὒτῶν
2975 2755 3036 2808 ἰεκ
3085 2756 3273 2810 τούτου
3311 2757 3626 2836 σωθέγεσθαί
3659 2763 3820 2818 αὐτὸν

2147 2839 2311 2894 εἶναι·
2365 2838 2468 2906 ἤδη
2497 2841 2597 2918 γὰρ
2647 2839 2803 2904 ἔδειξε
2830 2843 2969 2916 μήτε
3021 2843 3102 2916 ὃν,
3143 2843 3278 2919 μήτε
3325 2845 3378 2900 ἐν
3425 2861 3548 2910 τοῖς
3583 2850 3702 2905 οὖσι
3753 2855 3820 2906 τὸ

2147 2927 2334 2988 κακόν.
2397 2936 2558 2986 Τοῦτο
2588 2927 2642 2984 δὲ
2701 2927 2864 2997 δηλοῖ
2919 2933 3006 2988 καὶ
3065 2933 3125 2988 τὸ
3159 2931 3516 3012 παράδειγμα.
3583 2930 3824 3016 "Lac-ite;

2147 3019 2246 3094 γὰρ
2307 3018 2441 3082 εἴτις
2491 3019 2741 3076 ὑπόθοιτο
2803 3021 2863 3076 τὸ
2923 3027 3036 3100 φῶς
3093 3026 3250 3078 τοῦτο
3280 3029 3342 3080 τὸ
3386 3028 3577 3104 ὁρατὸν
3633 3027 3822 3086 ἔννουν

2149 3107 2292 3162 εἴναι
2347 3110 2436 3164 καὶ
2466 3107 2702 3185 λογικὸν,
2739 3113 2859 3166 εἶτα
2911 3111 3198 3184 πυθοίμεθα
3251 3115 3430 3188 αὖτοῦ,
3465 3118 3508 3171 εἰ
3556 3119 3822 3194 γινώσκει

2145 3197 2206 3252 τὸ
2257 3199 2468 3270 σκότος,
2503 3199 2562 3254 τὰ
2612 3197 2668 3254 δὲ
2700 3199 2846 3256 εἶ’ποι
2904 3203 3185 3278 γινώσκειν
3214 3206 3302 3259 καὶ
3331 3206 3450 3284 πρὶν
3479 3207 3706 3282 γὲνηται
3755 3212 3824 3265 τὸ

2147 3287 2358 3350 σκότος’
2395 3293 2672 3365 γινὸσκειν
2703 3286 2758 3344 δέ
2803 3291 2862 3345 οὒ
2922 3291 3058 3347 κατὰ
3086 3311 3204 3348 τινα
3262 3307 3476 3371 πεῖραν,
3511 3295 3662 3373 (πῶς
3713 3299 3822 3376 γὰρ

2149 3374 2252 3432 ἴδοι
2299 3376 2486 3440 σκότος
2539 3379 2600 3434 τὸ
2630 3384 2743 3457 φῶς
2773 3397 2796 3450 ,‘
2822 3380 2866 3434 εἰ
2909 3380 3010 3457 γὰρ
3048 3387 3184 3462 φῶς,
3217 3386 3312 3440 οὐκ
3363 3383 3508 3440 ἔσται
3567 3374 3766 3451 σκότος
3781 3374 3820 3458 ί)

2147 3464 2286 3522 ἆλλᾶ
2341 3466 2616 3544 γινώσκειν
2649 3467 2798 3524 εἴποι
2853 3469 2916 3524 τὸ
2973 3470 3168 3532 σκότος
3223 3475 3354 3528 καθὸ
3409 3479 3546 3549 φῶς⁹
3583 3473 3668 3531 διὸ
3723 3479 3818 3534 καὶ

2145 3552 2316 3630 οἶδεν,
2350 3553 2454 3636 ὅτι,
2487 3555 2578 3612 ἐὰν
2607 3559 2856 3634 συστείὶῃ
2889 3561 2949 3615 τὸ
2980 3559 3180 3616 οἰκεῖον
3212 3565 3348 3632 φῶς,
3381 3561 3550 3626 οὖδεῖς
3582 3563 3813 3642 ὄψεται.

2145 3643 2297 3702 Οὕτω
2324 3647 2412 3701 καὶ
2461 3648 2488 3702 6
2521 3647 2648 3711 Θεὸς
2697 3647 2815 3702 κατ’
2861 3649 3031 3704 αἰτίαν
3085 3647 3140 3704 ἐν
3190 3650 3359 3726 ἑαυτῷ
3401 3653 3500 3720 τὴν
3554 3653 3818 3712 ἁπάντων

2145 3731 2354 3801 εἴδησιν
2413 3733 2555 3817 ἔχει,
2614 3737 2676 3792 οὗ
2743 3737 2811 3806 τῆ
2872 3739 3026 3814 πείρᾳ
3097 3739 3296 3807 ταύτην
3346 3741 3816 3828 ἐπικτησάμενος,

2146 3823 2571 3914 (επεὶ-εὑρεθείη
2629 3825 2693 3882 ἇίν
2749 3827 3192 3906 μεταγενέστερος
3249 3832 3278 3887 6
3329 3835 3458 3896 Θεὸς
3507 3837 3610 3900 τῆς
3658 3823 3814 3914 γνώλ

2141 3912 2329 3994 σεως,)
2399 3913 2600 3982 ἦκατᾶ
2655 3938 2769 3972 τινα
2822 3918 3018 3996 χρόνον
3062 3919 3140 3993 μὴ
3199 3922 3497 3996 γινώσκων.
3564 3912 3818 3998 Σημειοεῦ

2141 4001 2194 4057 δὲ
2241 4004 2300 4059 τὸ
2332 4004 2569 4060 αἰτιατὸν
2629 4005 2772 4061 εἶναι
2810 4007 2871 4062 τὸ
2902 4007 3092 4069 σκότος
3127 4006 3178 4073 ἐξ
3209 4007 3500 4084 ἐλλείψεως
3531 4019 3626 4068 τοῦ
3685 4038 3814 4093 φω-

2141 4093 2252 4166 τὸς,
2313 4091 2443 4170 ὅπερ
2518 4092 2629 4150 ἐστί
2680 4095 2818 4152 κατὰ
2868 4098 3207 4176 Μανιχαίων’
3295 4099 3567 4157 Ἐντεῦθεν
3623 4091 3809 4158 κατα..

2143 4182 2404 4261 σκευάζει,
2441 4183 2520 4238 ὃτι
2582 4183 2718 4239 κατὰ
2751 4184 2873 4258 μίαν
2904 4187 2990 4240 καὶ
3022 4186 3119 4252 τήν
3153 4187 3318 4255 αὐτὴν
3349 4191 3544 4254 γνῶσιν
3602 4193 3632 4247 6
3669 4193 3804 4257 Θεὸς

2141 4268 2256 4326 οἶδε
2287 4293 2376 4327 και
2420 4271 2606 4328 ἑαυτὸν
2637 4274 2726 4328 καὶ
2754 4274 2816 4328 τὰ
2873 4273 2938 4330 τὰ
2971 4275 3166 4355 πάντα,
3201 4275 3285 4333 διὰ
3309 4259 3462 4337 τοῦτο
3501 4281 3591 4336 καὶ
3621 4279 3804 4346 ἆῦλως

2138 4361 2202 4416 τὰ
2240 4359 2416 4440 ὑλικὰ,
2452 4361 2539 4418 καὶ
2601 4363 2668 4418 τὰ
2725 4363 2949 4440 μεριστὰ
2994 4363 3315 4447 ἀμερίστως,
3353 4369 3440 4425 καὶ
3491 4370 3560 4426 τὰ
3618 4369 3806 4428 πολλὰ

2141 4449 2370 4538 ἐνιαίως⁹
2433 4449 2589 4513 ἇϋλος
2662 4451 2762 4530 γὰρ
2816 4473 2904 4508 κσι
2963 4453 3250 4532 ἀμέριστος
3311 4458 3397 4513 καὶ
3466 4457 3668 4538 ἑνιαία,
3709 4455 3804 4516 καὶ

2139 4536 2310 4618 ἁπλῆ,
2427 4546 2622 4617 γνῶσιν
2678 4542 2713 4607 ἡ
2761 4544 2894 4604 θεια,
2961 4541 3130 4621 Εἴπερ
3183 4542 3438 4624 ἐλέγομεν
3495 4545 3580 4604 ὅτι
3631 4536 3694 4603 ἓν
3725 4555 3802 4622 τῷ

2137 4627 2233 4702 ἐνὶ,
2267 4626 2512 4695 δηλονότι
2557 4629 2607 4685 ἐν
2642 4629 2708 4705 τῇ
2762 4635 2858 4704 μιᾷ
2887 4632 2972 4687 καὶ
3031 4631 3180 4709 ἁπλῇ
3209 4632 3575 4714 δημιουργικῇ
3635 4636 3800 4695 δυνᾶ-

2137 4736 2224 4789 μει
2281 4715 2543 4783 ὑπέστησε
2572 4717 2638 4773 τὰ
2695 4716 2936 4797 διάφορα,
2972 4718 3110 4776 otism
3161 4722 3248 4778 καί
3279 4722 3331 4778 ἐν
3383 4722 3480 4804 ἐνὶ,
3513 4721 3684 4803 ἤγουν
3743 4728 3800 4784 ἐν

2137 4805 2302 4878 ὲνιαίᾳ
2343 4807 2432 4862 καὶ
2474 4805 2622 4883 ἁπλῇ
2675 4805 2892 4886 γνώσει,
2929 4808 2994 4864 τὰ
3052 4807 3278 4890 διάφορα
3329 4814 3608 4890 γινώσκει·
3657 4815 3800 4873 ἀλλὰ

2133 4894 2220 4950 καὶ
2249 4895 2490 4975 χορηγός
2534 4897 2645 4951 ἔστι
2705 4897 2882 4964 πάσης
2942 4905 3210 4976 γνώσεως,
3245 4899 3363 4958 καθ’
3411 4902 3476 4970 ἣν
3529 4905 3800 4981 γνώσεταί

2133 5007 2211 5048 τις
2243 4987 2335 5040 καί
2369 4985 2576 5066 ἐαότὶν,
2607 4989 2694 5043 καὶ
2729 4988 2794 5043 τὰ
2825 4985 2981 5060 ἄλλα·
3017 4993 3122 5049 Οὔκ
3186 4989 3284 5070 ἄρα
3315 4995 3344 5048 6
3371 4994 3502 5057 Θεὸς
3535 4993 3664 5052 κατ’
3691 4995 3796 5053 ἆλ-

2131 5074 2232 5140 λην
2287 5077 2384 5150 μὶν
2440 5081 2602 5154 γνῶσι
2658 5077 2926 5156 γνώσεταν
2981 5079 3190 5155 ἑαυτὸν,
3224 5081 3344 5138 κατ’
3403 5081 3576 5150 ἄλλην
3605 5081 3664 5140 δὲ
3725 5087 3798 5142 τὰ

2130 5161 2599 5244 δημιουργήματα,
2635 5167 2692 5222 Εἰ
2737 5169 2863 5243 γοῦν
2895 5166 3028 5234 αὐτὴ
3078 5171 3111 5237 ἡ
3145 5170 3282 5226 αἰτία
3309 5171 3550 5244 πάντων,
3585 5175 3792 5242 ἑαυτήν

2131 5256 2216 5310 καὶ
2249 5253 2336 5334 ἀφ’
2370 5255 2560 5323 ὲαυτῆς
2620 5254 2893 5336 γινώσκει,
2929 5258 3076 5332 πόσῳ
3105 5280 3166 5337 γε
3212 5259 3414 5336 μᾶλλον
3444 5262 3510 5320 τὰ
3541 5262 3643 5318 ἄπ’
3687 5265 3792 5320 αὖ·

2131 5349 2227 5411 τῆς
2275 5341 2539 5412 εἰδήσεται
2573 5365 2590 5420 ;
2624 5343 2761 5401 ἀλλὰ
2789 5349 2858 5412 τῆ
2887 5349 3095 5422 ἑαυτοῦ,
3129 5351 3217 5405 καὶ
3260 5351 3320 5407 οὗ
3363 5359 3432 5428 τῇ
3461 5358 3572 5408 τῶν
3617 5351 3792 5409 ὄντων

2128 5435 2426 5512 επιστήμῃ.
2483 5431 2792 5516 Ἐπιχειρεϊ
2821 5437 2946 5512 γοῧν
2991 5435 3054 5492 ἐκ
3081 5443 3174 5493 τοῦ
3223 5437 3526 5518 ἒλάττονσς,
3563 5441 3648 5498 ὅτι
3701 5443 3794 5498 καὶ
