4052 6196
483 292 598 358 887
1650 284 1713 348 S.
1759 283 2105 348 DlONYSlI
2155 281 2672 345 AREOPAGITIE
3747 279 3845 344 888

487 437 672 508 motu,
707 423 1072 504 omninoque
1094 419 1418 482 immobilis
1461 428 1575 495 est,
1607 419 1753 481 nihil
1794 417 2023 480 habens
2045 437 2087 477 SI

2244 414 2468 482 ἷηλονότι
2498 417 2560 472 τὸ
2606 421 2704 483 τῆς
2750 417 3044 490 ποιήσεως,
3104 416 3176 478 ὡς
3221 412 3492 493 ἐλέγομεν,
3541 415 3603 470 ἐκ
3659 415 3844 471 πάντων

488 502 1023 600 proprinm,neqne
1039 511 1131 572 sui
1163 526 1414 600 compos
1442 507 1866 582 exsistens,sed
1903 507 2088 600 penitt

2244 505 2576 584 mdiorum,
2632 505 2709 579 μὴ
2759 503 2923 579 μόνον
3001 505 3075 566 ὡς
3135 502 3308 568 αἴτιος
3364 507 3460 570 τῆς
3521 511 3844 581 παραγωγῆς,

489 592 575 668 cst
599 592 813 666 divini
839 592 998 663 illius
1028 597 1418 676 arcani,quod
1460 599 1634 660 etiam
1667 597 1810 660 alibi
1837 595 2089 658 interiori

2247 592 2358 649 ιλλὰ
2390 595 2478 650 καὶ
2529 598 2626 661 τῆς
2686 594 2966 672 συναφείας
3023 593 3217 668 «ore»,
3249 595 3338 649 καὶ
3379 594 3456 650 ἀεὶ
3488 597 3568 667 τῷ
3600 592 3736 649 τέλει
3763 600 3847 648 τῶν

493 698 670 750 tatem
727 682 1062 763 appellavit.
1112 679 1543 744 Nilhilominus
1591 681 1772 742 etiam
1809 677 2093 739 secundm

2250 682 2500 760 προτέρων
2542 683 2636 747 τὰς
2681 689 2787 739 τῶν
2844 681 3097 759 δευτέρων
3155 683 3431 739 συνάπτων
3475 685 3652 762 ἀρχὰς
3685 697 3698 711 ⁸
3733 681 3850 738 οὒίέν

489 777 663 839 aliam
699 779 1011 844 rationem,
1048 770 1319 831 videlicet
1351 769 1635 842 ﬁctionis,
1672 778 1736 828 ut
1757 766 2089 828 dicebamus

2248 773 2324 850 γὰρ
2382 771 2548 846 μέσον
2605 778 2712 828 τῶν
2769 773 3083 846 κτισμάτων
3142 773 3319 846 κενὸν,
3352 772 3405 828 ἐν
3461 780 3510 845 ᾦ
3556 774 3651 828 οὔκ
3678 771 3776 826 ἔστι
3811 794 3848 826 τι

491 885 562 929 ex
608 862 885 925 omnibus
916 860 1292 939 cognoscitur
1323 879 1439 922 non
1466 859 1653 920 solum
1693 864 1756 919 ut
1778 876 1952 920 causa
1989 873 2091 936 pro

2247 861 2592 938 ημιούργημα
2627 880 2640 894 ·
2705 860 2904 940 πλῆρες
2968 862 3069 938 γάρ
3117 860 3258 918 ’ἐστιν
3320 862 3486 936 ἅπαν,
3549 865 3648 916 τῶν
3689 861 3847 920 ὄντων,

493 954 1023 1026 ductionis,verum
1049 951 1224 1011 etiam
1257 947 1696 1028 conjunctionis
1718 954 2093 1026 eorum,atqu

2247 951 2333 1008 ἱέίν
2365 951 2456 1006 τον
2512 949 2640 1028 ἀέρα
2684 950 2889 1030 εἴποις,
2949 952 3041 1006 καί
3105 949 3260 1014 αύτὸς
3305 949 3687 1029 δημιούργημᾶ
3714 951 3847 1006 ἔστι·

493 1062 734 1123 semper
749 1041 851 1104 lini
883 1041 1143 1122 priorum
1177 1039 1554 1119 sequentium
1582 1036 1876 1117 principia
1906 1053 2093 1096 conne

2259 1041 2358 1095 ατὰ
2413 1040 2566 1096 τούτο
2625 1042 2712 1095 καὶ
2777 1041 3042 1114 σύμπνοια
3087 1039 3171 1096 ἐπὶ
3233 1041 3328 1096 τοῦ
3385 1043 3596 1103 παντὸς
3650 1039 3853 1116 λέγεται,

494 1143 665 1197 ctens
693 1155 708 1206 ;
737 1131 964 1193 nullum
997 1130 1153 1191 enim
1182 1128 1443 1190 medium
1466 1145 1665 1188 rerum
1685 1134 2012 1188 creatarum
2052 1143 2094 1184 v:

2255 1129 2383 1183 ιὶονεὶ
2413 1129 2735 1203 συμπάθεια.
2783 1127 2879 1190 Ὠς
2936 1135 3062 1207 γοῦν
3121 1129 3206 1186 ἐπὶ
3249 1137 3341 1187 τοῦ
3388 1131 3528 1201 ζώου
3564 1132 3597 1198 ἦ
3627 1129 3855 1204 σύμπνοιά

497 1242 700 1296 cuum,
730 1222 789 1282 in
817 1240 931 1302 quo
958 1239 1076 1280 non
1110 1218 1183 1280 sit
1217 1218 1413 1298 aliqua
1437 1227 1714 1278 creatura
1747 1233 1763 1290 ;
1798 1218 2097 1276 universm

2259 1239 2395 1291 στιν,
2449 1219 2581 1290 ὃμοῦ
2637 1217 2905 1275 πνεόντων
2965 1224 3070 1274 τῶν
3142 1219 3339 1290 ζόντων
3388 1220 3646 1277 ἁπάντων
3689 1219 3855 1292 μελῶν,

499 1314 657 1375 enim
684 1312 864 1374 rebus
897 1310 1138 1390 plenum
1168 1307 1534 1369 est.Etiamsi
1557 1324 1755 1368 aerem
1785 1304 2029 1385 dixeris,
2055 1311 2099 1364 ta

1489 1308 1534 1367 Si
1557 1324 1755 1368 aerem
1785 1304 2029 1385 dixeris,
2055 1311 2146 1364 ta—
2231 1307 2394 1372 οὕτως
2423 1306 2507 1363 ἐπὶ
2535 1309 2732 1372 παντὸς
2763 1309 3083 1383 συμπάθεια.

503 1420 638 1463 men
673 1409 729 1461 et
753 1400 878 1479 ipse
909 1408 1179 1460 creatura
1203 1396 1396 1458 existit
1428 1396 1796 1471 ;secundum
1825 1395 1935 1456 hoc
1971 1394 2146 1454 etiam

501 1490 860 1570 conspiratio
903 1490 962 1550 in
995 1488 1274 1549 universo
1308 1487 1528 1548 dicitur
1577 1485 1742 1564 quasi
1776 1483 2119 1545 consensio.
2155 1481 2319 1544 Sicut
2353 1484 2557 1566 itaque
2602 1485 2661 1546 in
2693 1486 2934 1548 animali
2986 1487 3348 1569 conspiratio
3381 1496 3496 1564 est,
3528 1507 3660 1549 cum
3715 1487 3863 1550 simul

501 1582 623 1648 viva
656 1579 854 1641 omnia
889 1575 1154 1639 membra
1183 1575 1433 1656 spirant,
1465 1576 1552 1636 sic
1583 1576 1720 1634 472
1753 1583 1806 1635 et
1838 1573 1898 1635 in
1933 1573 2212 1634 universo
2245 1574 2570 1636 consensio
2601 1576 2856 1640 exsistit.

583 1667 730 1749 §IV.
758 1668 928 1730 Modo
959 1667 1102 1729 dicit
1132 1667 1336 1740 etiam,
1361 1665 1656 1744 quomodo
1692 1667 1848 1728 Deus
1887 1663 2148 1724 Verbum

2314 1663 2470 1744 διν.
2507 1665 2668 1733 ’¹Ηδη
2715 1665 2858 1744 λέγει
2925 1671 3011 1724 καὶ
3067 1673 3182 1730 πῶς
3241 1667 3401 1746 λόγος
3459 1669 3708 1744 ὓμνεϊνδ
3761 1671 3865 1731 Θεὸς

508 1777 612 1821 seu
644 1761 788 1818 ratio
823 1756 1175 1826 celebretur,
1205 1774 1320 1816 non
1355 1754 1547 1816 solum
1571 1754 1955 1834 utiquejuxta
1989 1769 2108 1835 prce

2267 1759 2296 1814 ὗ
2346 1758 2507 1830 μόνον
2567 1758 2744 1812 τοίνυν
2802 1759 2936 1814 κατὰ
2985 1759 3051 1814 τὰ
3109 1758 3492 1835 προειρημένα,
3558 1758 3638 1814 δτι
3701 1763 3758 1814 tu
3784 1763 3867 1814 tu'n

509 1847 976 1924 dicta,quoniam
1003 1864 1072 1907 ex
1103 1844 1331 1906 effectis
1354 1853 1628 1924 tanquam
1653 1861 1829 1904 causa
1849 1861 2104 1921 cognosc

2264 1847 2486 1901 ιίτιατῶν
2533 1848 2604 1908 ὡς
2657 1843 2832 1910 αἴτιος
2891 1848 3236 1927 γινώσκεται,
3292 1849 3449 1912 αὒτὸς
3526 1849 3628 1925 γὰρ
3685 1848 3864 1904 ἐστινὸ

511 1949 606 1999 tur
640 1937 790 2018 (ipse
813 1936 969 1998 enim
1003 1933 1197 1995 omnis
1220 1934 1464 1994 rationis
1491 1941 1550 1992 et
1573 1932 1880 2014 sapientia:
1909 1931 2111 2011 largita

2260 1937 2481 2014 [ορηγὸς
2510 1937 2708 1998 παντὸς
2741 1934 2906 2014 λόγου
2938 1937 3027 1992 καὶ
3056 1937 3231 2002 πάσης
3264 1937 3504 2018 σοορέασ)
3542 1935 3661 1993 ἀλλ’
3692 1937 3771 1993 ὅτι
3796 1941 3860 1992 7.1‘:

511 2033 648 2102 est);
706 2026 811 2088 sed
864 2024 1001 2104 quia
1031 2042 1236 2085 causas
1267 2042 1468 2084 rerum
1513 2025 1778 2084 omnium
1824 2025 1878 2083 in
1913 2041 1978 2083 se
2021 2022 2111 2100 ips

2267 2025 2326 2086 ὰς
2357 2031 2464 2080 τῶν
2493 2025 2663 2082 ’ὀντων
2695 2025 2944 2082 ἁπάντων
2991 2026 3158 2087 αἶτίας
3189 2026 3243 2081 ἐν
3299 2027 3471 2099 ἐαυτῷ
3521 2026 3666 2106 ἔχει·
3723 2031 3764 2083 οἳ
3792 2029 3867 2104 γὰρ

511 2117 689 2178 habet
728 2115 1024 2177 :rationes
1053 2113 1210 2174 enim
1237 2113 1432 2173 omnis
1484 2121 1708 2173 natura;
1757 2112 1817 2172 in
1855 2112 1982 2190 ipso
2013 2129 2111 2170 Stll'

2272 2114 2436 2177 ύσεως
2469 2114 2680 2182 ἀπάσης
2711 2113 2862 2190 λόγοι
2921 2115 2975 2169 ὲν
3020 2115 3161 2187 αὒτῷ
3221 2117 3346 2170 εἶσιν
3382 2116 3454 2180 ὡς
3527 2116 3676 2186 dicit?
3723 2117 3869 2180 πάσης

514 2216 788 2286 tanquam
824 2205 882 2264 in
914 2221 1088 2264 causa
1119 2202 1312 2263 omnis
1333 2202 1650 2263 creationis
1674 2224 1688 2283 ;
1716 2202 1869 2263 ideae
1899 2219 2113 2280 namqu

2269 2205 2583 2280 ημιουργέας
2620 2218 2634 2233 ⁸
2670 2201 2731 2262 αἵ
2762 2225 2819 2259 τε
2865 2203 2964 2282 γὰρ
3019 2202 3150 2260 tam
3201 2207 3288 2260 καὶ
3344 2205 3409 2260 τὰ
3474 2203 3869 2283 παραδείγματι,

516 2305 574 2356 et
591 2293 954 2372 exemplaria
987 2311 1103 2354 non
1129 2293 1243 2353 alia
1265 2293 1321 2352 in
1355 2291 1497 2371 alio,
1521 2292 1624 2353 sed
1647 2310 1780 2352 cum
1797 2299 2034 2353 zeternai
2052 2309 2116 2351 ra

2273 2293 2345 2372 ὒχ
2389 2292 2540 2370 ἕτερα
2584 2293 2707 2349 ὄντα
2762 2297 2816 2349 ὲν
2862 2293 3045 2370 ἑτέρῳ,
3093 2293 3231 2350 ἀλλὰ
3276 2296 3496 2365 νοήσεις
3531 2292 3700 2349 ἀίδιαι
3728 2297 3871 2372 οὖπίι

518 2385 711 2446 tiones
743 2385 879 2454 sint,
926 2383 985 2445 in
1019 2382 1149 2464 ipso
1181 2381 1495 2442 exsistunt.
1554 2381 1706 2442 Dicit
1735 2390 1934 2442 autem
1967 2383 2117 2461 ipsui

2389 2381 2403 2401 9
2458 2387 2483 2397 ~
2571 2385 2584 2403 ν
2791 2383 2800 2401 ι
2951 2384 2967 2402 κ
3059 2385 3074 2406 ν
3119 2386 3131 2402 \
3254 2384 3265 2403 ι
3507 2387 3522 2406 \
3569 2388 3582 2406 ι
3664 2383 3687 2400 κ
3714 2386 3724 2400 ι
3808 2385 3816 2400 ι

2273 2408 2296 2436 ν
2351 2404 2494 2454 αυτῳ
2543 2405 2664 2439 εισι.
2733 2390 2887 2461 Λεγει
2919 2381 2974 2439 δε
3019 2406 3175 2440 αυτον
3204 2383 3388 2462 λογον,
3431 2407 3523 2440 και
3556 2408 3631 2448 ως
3661 2403 3736 2439 ei:
3760 2407 3869 2438 παν-

517 2474 806 2552 Verbum,
841 2473 997 2554 quod
1023 2473 1199 2533 etiam
1235 2490 1339 2552 per
1359 2471 1560 2533 omnia
1581 2471 1711 2532 sine
1734 2471 2117 2550 impediment

2269 2493 2350 2526 :niv
2407 2478 2680 2551 χωρούντα
2737 2472 3047 2546 ἀκωλύτως,
3101 2475 3189 2529 καὶ
3231 2474 3404 2530 πάντα
3436 2475 3712 2552 περιιόντα
3740 2476 3869 2553 μέχρι

521 2571 807 2646 permeat,
837 2553 1156 2643 omniaque
1180 2561 1356 2622 etiam
1380 2580 1567 2640 usque
1593 2563 1665 2624 ad
1691 2567 1953 2622 extrema
1967 2579 2121 2640 perv:

2269 2563 2336 2617 ιαὶ
2385 2568 2492 2617 τῶν
2524 2560 2792 2641 ἐσχάτων,
2827 2564 2899 2626 ὡς
2923 2565 3010 2618 καὶ
3044 2563 3098 2618 ἐν
3130 2568 3197 2638 τῇ
3218 2565 3350 2641 πρὸς
3417 2553 3689 2640 Ἐϐραιους
3742 2569 3869 2643 φησὶν

521 2641 647 2728 dat,
703 2653 786 2714 uti
839 2653 1011 2713 etiam
1043 2641 1116 2713 ad
1147 2649 1430 2714 Hmbrees
1479 2652 1560 2712 ait
1587 2651 1907 2732 Apostolus
1946 2671 1961 2718 ς
1996 2649 2121 2712 Vim.

2269 2653 2280 2705 i
2335 2641 2683 2714 ’Λπόστολος
2733 2654 2842 2708 Ζῶν
2914 2653 3014 2729 γὰρ
3063 2654 3090 2707 ὁ
3147 2650 3308 2728 λόγος
3381 2656 3477 2708 καὶ
3525 2641 3762 2730 ἓνεργὴς,
3803 2656 3869 2707 καὶ

524 2748 687 2808 enim
714 2761 911 2807 sermo
929 2743 1220 2822 etefﬁcuw
1251 2751 1364 2816 !,et
1386 2760 1521 2819 quae
1551 2741 2002 2818 sequuntur.Ac
2025 2758 2124 2821 pra

2271 2740 2318 2795 τὰ
2347 2737 2492 2805 ἑξῆς.
2515 2741 2612 2798 Καὶ
2644 2742 2744 2818 πρὸ
2789 2741 3014 2819 τούτων,
3059 2741 3140 2797 ὅτι
3171 2741 3348 2807 πάσης
3401 2741 3714 2808 ἁπλότητος
3744 2746 3871 2816 ὅπερ·

527 2836 754 2908 serlim,
787 2831 924 2913 quia
953 2850 1132 2912 supra
1164 2850 1399 2892 omnem
1451 2830 1886 2911 simplicitatem
1920 2829 2127 2908 simple

2275 2827 2523 2902 ςπλωται,
2606 2832 2698 2886 καὶ
2749 2842 2931 2897 πάσης
2986 2829 3116 2898 ὕλης
3170 2829 3521 2906 ἆπολὲλύται,
3572 2831 3632 2888 ἐκ
3673 2831 3875 2908 τοῦτταρ’

529 2936 642 2998 est,
676 2923 826 2985 etab
849 2920 1012 2983 omni
1038 2920 1582 2995 materialiberum,
1619 2930 1853 2999 sumpta
1886 2920 2129 2980 similitn

2275 2919 2394 2993 ῑμῖν
2435 2918 2596 2997 λόγου
2642 2919 3065 2995 λιμϐονομάνων
3109 2929 3212 2977 τῶν
3254 2919 3490 2977 ἐννοιώνο
3543 2921 3665 2977 ἀλλ’
3706 2923 3776 2977 ὃτὶ
3803 2923 3875 2994 μὲν

531 3012 673 3074 dine
689 3031 759 3074 ex
794 3011 973 3072 verbo
1004 3019 1340 3071 nostrarum
1389 3009 1806 3088 cogitationum
1847 3030 1861 3085 ;
1894 3008 2131 3089 quoniai

2277 3005 2439 3086 ιπαρ’
2503 3010 2638 3084 ἡμῖν
2687 3009 2864 3088 λόγος,
2922 3011 3010 3066 ὃτέ
3065 3011 3142 3086 μὴ
3201 3009 3484 3090 γράφεται,
3549 3013 3722 3079 πάσης
3773 3011 3877 3076 ὕλης

533 3101 776 3164 verbum
802 3118 1036 3181 quoque
1061 3110 1330 3161 nostrum
1359 3101 1592 3180 quando
1622 3118 1740 3160 non
1769 3100 2068 3171 scribitur,
2103 3118 2133 3160 a

2279 3097 2650 3174 ιπο)ελυμένο;
2708 3099 2840 3177 ἐστὶ,
2895 3097 3074 3166 δηλον,
3111 3100 3232 3162 Πῶς
3261 3097 3316 3154 δὲ
3361 3099 3456 3155 καί
3490 3100 3711 3170 ἁπλοῦς,
3740 3101 3879 3156 uitat

535 3192 695 3255 omni
721 3191 964 3251 materia
987 3189 1239 3251 liberum
1265 3208 1397 3250 esse
1417 3197 1666 3252 constat.
1702 3189 2012 3261 Quomodo
2041 3208 2135 3250 ver

2279 3211 2320 3266 γε
2353 3202 2498 3245 εἴποι
2543 3211 2645 3266 τις,
2677 3191 2758 3246 ’ὁτι
2815 3189 2876 3247 ἐκ
2905 3193 3189 3270 στοιχείων
3242 3194 3326 3246 καί
3361 3189 3641 3248 συλλαϐῶν
3704 3193 3879 3268 σύγκει-

537 3283 711 3345 etiam
729 3281 1218 3361 simplex,utique
1241 3281 1398 3341 dicet
1423 3279 1804 3360 aliquis,cum
1839 3297 1905 3340 ex
1923 3278 2137 3340 elemet

2280 3302 2348 3335 ςαι
2383 3298 2398 3358 ;
2434 3277 2581 3335 Ἀλλ’
2619 3281 2677 3336 03
2731 3279 2956 3356 λέγομεν
3016 3284 3106 3337 τὸν
3137 3283 3480 3359 προφορικὸν,
3544 3281 3680 3339 ἁλλὰ
3720 3284 3800 3337 τὸν
3826 3281 3880 3334 ἐν·

538 3375 611 3434 tis
635 3381 692 3434 et
723 3370 967 3452 syllabis
998 3368 1490 3432 constet?Verum
1519 3387 1636 3430 non
1658 3369 1912 3430 dicimus
1934 3369 2138 3431 verbm

2279 3368 2524 3444 Ξιάθετον,
2579 3367 2692 3424 καθ’
2765 3369 2820 3424 ὄν
2885 3371 2972 3426 καὶ
3039 3369 3246 3446 λογικοὶ
3303 3369 3593 3447 λεγόμεοι.
3668 3371 3814 3431 Οὗτος
3862 3369 3879 3421 ὃ

534 3462 690 3547 quod
739 3459 1169 3542 profertur,sed
1214 3457 1459 3520 verbum
1492 3458 1817 3537 internum,
1853 3458 2134 3519 secundm

2279 3458 2399 3519 Θεὸς
2431 3456 2614 3532 λόγος,
2637 3455 2682 3511 ὤ
2708 3456 2836 3522 αὕτη
2881 3460 2968 3512 καὶ
2998 3462 3074 3530 τῷ
3103 3458 3214 3513 ὄντι
3247 3465 3377 3513 οὖσα
3423 3457 3672 3530 ἀλήθειά,
3703 3456 3879 3513 εἰκότως

537 3544 692 3633 quod
728 3550 902 3633 etiam
937 3547 1256 3612 rationales
1277 3547 1557 3610 dicimur.
1594 3545 1702 3633 Hic
1738 3547 1893 3633 Deus
1921 3546 2137 3633 Verbm

2279 3545 2380 3601 ἐστὶ
2423 3544 2518 3601 καΐ
2549 3545 2789 3613 ἀπλανὴς
2821 3568 2926 3602 των
2960 3545 3098 3602 ὅλων
3158 3550 3373 3625 γνῶσις.
3435 3549 3498 3605 Τί
3539 3545 3594 3603 δέ
3629 3547 3732 3603 ἐστι
3767 3544 3879 3624 γὀὧ-

539 3628 673 3696 cuni
696 3632 773 3693 sit
804 3632 932 3712 ipsa
963 3648 1199 3710 quoque
1235 3637 1476 3709 veritas,
1511 3631 1720 3690 merito
1753 3629 1928 3689 etiam
1965 3637 2057 3688 est
2087 3628 2139 3688 in

2441 3634 2452 3652 ς
2498 3635 2510 3650 ι
2611 3633 2624 3650 .
3363 3628 3377 3644 .

2280 3654 2373 3712 αις,
2410 3636 2555 3696 εδθυς
2613 3635 2977 3692 επισυνάπτει.
3031 3633 3314 3710 διδάσκων,
3385 3642 3424 3692 Η
3465 3637 3579 3691 θεία
3643 3634 3880 3703 πῖστις,ἦ

541 3722 803 3785 fallibilis
833 3722 1099 3781 omnium
1150 3717 1435 3794 cognitio.
1467 3716 1617 3790 Quid
1655 3718 1727 3777 sit
1755 3727 1952 3778 autem
1989 3736 2136 3795 cogn

2279 3723 2496 3798 μόνιμος
2526 3725 2631 3778 τιῦν
2676 3724 3046 3799 πεπεισμένων
3090 3723 3316 3802 ἵδρυσις,
3350 3727 3384 3792 ἡ
3445 3723 3740 3802 ἑνιδρύουσα
3791 3723 3879 3782 τοὺς

545 3814 647 3886 tio,
683 3810 878 3872 statim
905 3809 1212 3888 subjungit
1236 3808 1479 3870 dicens:
1517 3806 1727 3870 Divina
1759 3807 2069 3887 ﬁdes,quae
2101 3825 2145 3868 e:

2279 3814 2614 3876 πιστεύοντας
2647 3819 2712 3890 τῇ
2759 3813 2981 3887 ἀληθείᾳ
3033 3813 3127 3870 καί
3181 3815 3277 3880 τὴν
3312 3814 3565 3884 ἀλήθειαν
3624 3816 3738 3878 τοῖς
3809 3834 3879 3865 πι-

543 3908 824 3965 constans
855 3898 1121 3959 ﬁdelium
1154 3898 1618 3972 ﬁrmamentum,
1672 3895 1928 3957 fundans
1959 3897 2096 3957 illos
2129 3897 2143 3956 i

2281 3902 2565 3979 στεύουσιν,
2619 3905 2692 3964 ὡς
2725 3904 2956 3981 γίνεσθαι
2986 3904 3206 3967 ταὺτούς
3266 3905 3364 3970 τὴν
3421 3927 3479 3960 τε
3528 3910 3631 3970 τῆς
3678 3903 3881 3969 άληθεὶις

544 3990 815 4063 veritate,
850 3995 1026 4066 atque
1058 3991 1117 4046 in
1141 3985 1284 4066 ipsis
1312 3985 1729 4066 veritatem,ita
1759 3993 1824 4046 ut
1857 3985 2002 4048 fides
2029 3987 2144 4047 veri

2281 3992 2449 4047 πίστιν
2481 3995 2565 4047 καὶ
2608 3994 2727 4054 τοὺς
2759 3994 3100 4058 πιστεύοντας
3135 4013 3151 4029 ·
3197 3993 3378 4072 ὥσπερ
3409 3995 3509 4072 γὰρ
3556 3996 3583 4049 ὃ
3628 3995 3679 4049 ἐν
3702 3999 3768 4065 τῷ
3793 3990 3881 4063 τωρὶ

549 4078 683 4140 tutis
705 4076 851 4157 quid
875 4093 1057 4135 unum
1092 4074 1191 4136 ﬁat
1218 4092 1354 4134 cum
1389 4073 1774 4135 credentibus
1804 4093 1820 4149 ;
1856 4093 1972 4134 non
2019 4092 2149 4136 secu

2279 4076 2482 4157 σίδηρος
2540 4083 2728 4146 τιύτὸς
2784 4087 2862 4154 τῷ
2919 4084 3038 4161 πυρὶ
3087 4105 3314 4160 γινεται,
3365 4084 3453 4138 καὶ
3506 4084 3707 4161 ἐνεργεῖ
3736 4080 3816 4134 ὅσα
3839 4080 3879 4131 τὸ

548 4185 617 4229 ac
649 4167 708 4226 in
737 4171 874 4244 igne
897 4163 1122 4224 ferrum
1141 4163 1284 4242 quid
1311 4181 1492 4224 unum
1513 4165 1577 4224 lit
1596 4182 1731 4225 cum
1757 4164 2148 4245 eo,eademqu

2277 4175 2399 4246 πῦρ,
2437 4171 2536 4225 Διὰ
2593 4170 2745 4226 τούτο
2807 4169 3018 4249 λέγεται
3089 4175 3177 4228 καὶ
3207 4173 3307 4239 τὴν
3352 4173 3526 4227 πίστιν
3570 4171 3789 4248 ἐνεργεῖν
3815 4168 3877 4220 καὶ

551 4263 826 4337 operatur
843 4271 976 4334 quae
997 4251 1406 4332 ignis.ldcirco
1441 4261 1554 4313 tam
1581 4252 1729 4314 ﬁdes
1748 4271 1924 4330 quam
1947 4255 2151 4316 credet

2277 4259 2394 4322 τοὺς
2440 4262 2781 4322 πιστεύοντας
2829 4275 2842 4290 ·
2904 4262 2949 4316 οἱ
2990 4262 3089 4338 γὰρ
3160 4260 3508 4335 πεπεισμένοι
3566 4259 3737 4325 ἁπλῆν
3785 4277 3872 4311 τινι

552 4357 640 4408 tes
657 4348 890 4426 operari
925 4343 1141 4404 dicitur
1168 4365 1183 4413 ;
1209 4341 1500 4423 siquidem
1519 4342 1832 4404 credentes
1856 4343 1967 4404 sim
1979 4344 2152 4424 plicei

2276 4350 2470 4423 γνῶσιν
2500 4348 2714 4427 ἓχουσι,
2743 4351 2830 4406 καὶ
2866 4351 2924 4408 οὗ
2955 4347 3282 4428 διῃρημένην
3344 4371 3402 4406 τε
3464 4352 3552 4406 καὶ
3612 4345 3876 4427 ἀμιρῖδολον,

553 4433 868 4517 quamdam
941 4432 1346 4510 cognitionem
1392 4431 1610 4494 habent
1645 4432 1886 4496 minime
1919 4435 2153 4495 divisam

2277 4435 2358 4492 ὅτι
2406 4439 2440 4506 ἦ
2499 4439 2719 4516 γνῶσις,
2755 4440 2820 4495 τὰ
2869 4461 2925 4495 τε
2984 4440 3320 4517 γινώσκοντα
3380 4441 3470 4495 καὶ
3514 4439 3581 4496 τὰ
3627 4434 3877 4512 ἐγνωσμένι

555 4525 923 4602 minimeque
945 4520 1499 4601 dubiam;quoniam
1529 4520 1785 4600 cognitio
1805 4540 1900 4583 res
1930 4524 2155 4601 cognita

2277 4525 2413 4598 ἑνοῖ,
2448 4529 2481 4594 ἡ
2504 4525 2557 4582 δὲ
2587 4529 2774 4606 ἁγνοια
2817 4527 3118 4606 διαιρέσεως
3177 4529 3315 4585 αἰτία
3365 4534 3434 4599 τῷ
3475 4529 3739 4605 ἀγνοοῦντι
3768 4525 3875 4599 γίνε-

555 4632 692 4678 cum
724 4610 1222 4690 cognoscentibus
1254 4611 1700 4692 unit,ignoratio
1728 4630 1866 4672 vero
1897 4611 2146 4690 ignoran

2444 4618 2456 4633 .
2566 4618 2578 4633 ι
2689 4616 2711 4635 ν
2829 4621 2850 4629 ..
2947 4617 2968 4636 ,.
3281 4618 3305 4628 -
3675 4616 3686 4629 .
3729 4611 3762 4632 ,.

2278 4631 2386 4670 ται·
2438 4636 2466 4671 o
2523 4639 2624 4694 γαρ
2681 4640 2886 4694 αγνοων
2947 4640 3063 4698 εχει
3122 4619 3184 4674 τὸ
3243 4639 3342 4685 της
3397 4618 3621 4693 γνώμης
3665 4631 3878 4687 ανιιρντον

554 4703 782 4766 exsistit
813 4719 990 4764 causa
1019 4699 1331 4761 divisionis
1359 4720 1375 4775 ;
1406 4699 1700 4780 siquidem
1725 4700 2009 4779 ignorans
2033 4720 2154 4762 mer

2281 4706 2370 4759 καὶ
2402 4703 2472 4768 εἷς
2518 4704 2690 4762 πολλὰ
2736 4708 3101 4784 μεριζόμενον.
3150 4708 3250 4764 Τὸν
3301 4714 3422 4784 γοῦν
3478 4707 3531 4762 ἓν
3585 4705 3782 4774 ἆληθείξ
3808 4723 3875 4754 πί·

555 4803 679 4855 tem
703 4790 879 4852 habet
904 4790 1434 4862 inconstantem,et
1465 4789 1527 4850 in
1561 4789 1744 4850 multa
1773 4789 2155 4852 divisam.Eut

2284 4795 2534 4850 στεύοντα
2557 4793 2703 4851 οὒδὲν
2753 4797 3068 4865 ἀποκινήσει
3121 4799 3221 4864 τῆς
3251 4799 3387 4851 κατά
3412 4797 3512 4861 τὴν
3554 4797 3722 4850 πίστιν
3747 4789 3878 4846 iniit

558 4888 753 4961 itaque
783 4879 883 4960 qui
911 4878 1102 4941 credit
1128 4879 1188 4938 in
1224 4877 1648 4952 veritate,nihil
1669 4897 1698 4939 a
1733 4879 1871 4940 ﬁdei
1902 4879 2158 4942 domicili

2283 4904 2340 4938 τε
2371 4884 2458 4939 καὶ
2499 4881 2765 4962 ἱδρύσεως.
2803 4885 2863 4943 ’0
2897 4887 2995 4961 μὲν
3021 4892 3114 4940 οὖν
3159 4886 3296 4940 κατὰ
3353 4886 3444 4940 τὸν
3502 4881 3810 4940 ’Λπόστολον
3842 4875 3877 4929 ἑιι

557 4989 624 5032 ac
642 4969 1030 5033 fundamento
1063 4967 1410 5030 dimovebit.
1435 4968 1548 5041 Qui
1581 4968 1800 5048 itaque,
1844 4973 2007 5048 juxta
2039 4971 2157 5050 Apo

2285 4978 2364 5045 τῷ
2393 4972 2569 5046 σκότῳ
2623 4979 2720 5040 τῆς
2780 4974 2995 5052 ἀγνοίας
3055 4973 3152 5053 ὢν,
3211 4975 3442 5041 ὑπὸτῆς
3475 4973 3680 5038 πλάνης
3733 4968 3881 5028 ττᾶτῆς

559 5060 777 5123 stutum
798 5070 842 5131 ν,
872 5058 930 5118 in
959 5055 1222 5118 tenebris
1247 5058 1596 5136 ignorantia:
1608 5057 1834 5120 exsistit
1855 5077 2062 5120 errore
2079 5060 2159 5140 ips

2289 5059 2665 5142 σαλευόμενος,
2738 5063 3070 5141 περιφέρεται
3130 5064 3287 5118 παντὶ
3335 5063 3518 5137 ἀνέμῳ
3560 5065 3654 5129 τῆς
3693 5059 3783 5116 τῶν
3809 5056 3879 5108 ἂν·

561 5147 1298 5216 iluctuans,circunil‘ertur
1321 5148 1483 5208 omni
1521 5157 1688 5210 vento
1713 5148 1997 5229 nequitiae
2019 5150 2158 5211 hom

2289 5151 2511 5226 θρώπων
2570 5149 2805 5227 κυϐείας,
2867 5151 3048 5230 ὥσπερ
3078 5154 3126 5210 οἱ
3156 5152 3212 5208 ἐν
3264 5151 3487 5229 πελάγει
3539 5146 3879 5216 κλυδωνιζόμε-

561 5237 890 5313 num,sicut
911 5235 994 5297 illi
1027 5235 1130 5316 qui
1162 5237 1224 5298 in
1249 5239 1396 5299 mari
1427 5244 1779 5318 tempestate
1808 5239 2124 5318 agitantur,
2153 5260 2161 5300 ι

2295 5261 2421 5319 νοι,ι
2468 5242 2552 5296 καὶ
2611 5243 2809 5312 νομίζει
2864 5240 3072 5317 μᾶλλον
3113 5241 3234 5306 τούς
3266 5240 3591 5305 Γνωστικοὺς
3633 5237 3873 5313 μαίνεσθαι,

563 5325 1237 5392 existimanthosticos
1265 5325 1531 5388 insanire
1567 5345 1583 5402 ;
1618 5327 1774 5388 sicut
1798 5328 1974 5389 etiam
2004 5330 2163 5390 Festi

2295 5331 2366 5393 ὡς
2399 5331 2485 5386 καὶ
2515 5333 2543 5386 ὃ
2570 5331 2781 5399 Φῆοτός
2812 5353 2941 5410 φησι
2987 5338 3064 5406 τῷ
3096 5331 3288 5405 Παύλῳ
3316 5331 3623 5409 κηρύττοντι
3663 5338 3753 5402 τιξν
3776 5321 3877 5386 ἀλή-

561 5418 744 5482 Paulo
766 5416 1074 5479 veritatem
1090 5414 1435 5498 praedicanti
1449 5415 1642 5479 aiebat
1669 5416 1958 5494 :Insam’s,
1972 5417 2161 5481 Paule

2295 5423 2460 5476 θειαν⁶
2520 5421 2718 5497 Μαῖνῃ,
2781 5419 2973 5482 uasis.
3033 5419 3095 5478 Ὀ
3147 5417 3200 5476 δὲ
3259 5421 3549 5499 γνωστικὸς
3605 5411 3878 5486 xui-nimim

645 5617 671 5650 ι
701 5603 887 5668 Hebr.
918 5623 1002 5682 ιγ.
1038 5603 1138 5669 t2.
1222 5616 1249 5656 ι
1289 5603 1514 5687 Ephes.
1545 5620 1626 5681 iv,
1662 5606 1762 5672 14.
1847 5615 1869 5648 ⁸
1906 5606 2042 5673 Act.
2075 5623 2240 5687 τινι,
2271 5604 2374 5671 24.
