4052 6196
257 262 377 331 893

1268 260 1369 325 DE
1411 256 1708 325 DIVINIS
1747 257 2198 338 NOMINIBUS,
2244 257 2410 322 CAP.
2459 257 2626 325 VIII.

3513 257 3626 326 894

257 399 550 482 ἀδιαίρετον
606 398 893 471 ἀποσώζει,
952 398 1040 456 καὶ
1096 397 1195 465 τὴν
1265 401 1453 478 ψυχῆς
1515 397 1602 453 καὶ
1659 395 1896 470 σώματος

1988 392 2148 455 inter
2202 409 2268 454 se
2314 391 2764 470 congruentiam
2795 399 2972 476 atque
3025 389 3379 476 temperiem
3414 390 3626 458 incon-

252 493 493 552 σύνδεσιν
523 493 761 574 συνέχει,
800 492 888 550 καὶ
945 491 1040 554 τὰς
1099 496 1208 548 τῶν
1261 490 1437 569 φυτῶν
1493 487 1775 567 θρεπτιιάς
1818 489 1904 544 καὶ

248 583 536 652 αὑξητικάς
580 581 825 658 δυνάμεις
887 580 1129 637 ἀνακινεῖ
1165 597 1181 614 °
1213 580 1300 636 καὶ
1357 578 1634 656 διακρατεῖ
1679 577 1777 632 τάσ
1808 577 1901 632 οὑ-

244 672 457 736 σιώδεις
485 678 592 729 τῶν
647 669 785 727 ὅλων
815 669 1086 748 δυνάμεις,
1131 670 1218 725 καὶ
1247 669 1348 736 τὴν
1377 675 1470 726 τοῦ
1499 667 1699 729 παντὸς
1746 662 1900 720 ἀδιά-

243 761 404 822 λυτον
432 763 604 839 μονὴν
661 759 720 810 49
788 758 1151 839 ἀσφαλίζεται,
1202 759 1290 815 καὶ
1346 759 1443 826 τὴν
1497 756 1685 813 θέωσιν
1737 755 1898 823 αὑτήν

244 850 522 931 δωρεῖται,
582 849 798 925 δύναμιν
869 850 940 913 είς
997 851 1154 906 τοῦτο
1211 847 1572 922 ἐκθεουμένοις
1626 845 1688 894 45
1758 866 1902 922 παρ·-

246 944 452 1022 έγοσσα
514 959 527 974 ·
584 941 674 997 καὶ
718 938 855 1002 ὅλως
919 936 1063 995 οὐδὲν
1124 937 1234 994 ἐστι
1285 937 1518 994 καθόλου
1576 942 1680 991 τῶν
1710 937 1896 1010 ὄντων,

245 1011 347 1098 τίῆν
413 1029 836 1107 παγκρατορικὴν
887 1027 952 1077 44
1009 1025 1302 1106 ἀσφάλειαν
1356 1027 1442 1082 καὶ
1497 1027 1760 1104 περιοχήν
1803 1023 1900 1089 τῆς

247 1123 391 1185 θείας
447 1117 717 1194 δύνὰμεως
778 1117 1143 1196 ἀφῃρημένον,
1199 1119 1269 1175 Τὸ
1316 1117 1413 1194 γὰρ
1473 1113 1698 1171 καθόλου
1730 1111 1899 1178 μηδε-

249 1211 375 1283 μίαν
407 1207 624 1283 δύναμιν
653 1206 784 1287 ἕλον
812 1207 926 1264 οὒτε
954 1205 1114 1279 ἐστίν,
1155 1205 1272 1263 οὔτε
1325 1206 1375 1260 τί
1427 1205 1590 1274 ἐστι),
1640 1200 1755 1259 οὔτε
1792 1201 1901 1258 ἐστί

246 1319 327 1364 τις
358 1299 512 1358 αὑτοῦ
539 1298 813 1360 παντελῶς
839 1295 999 1360 θέσις.

1988 483 2178 545 fusam
2204 493 2261 544 et
2280 483 2592 545 indivisam
2618 495 3023 566 servat,atque
3036 487 3252 548 animae
3274 493 3334 550 et
3359 485 3630 566 corporis

1988 591 2207 634 nexum
2241 573 2930 657 continet,stirpiumque
2952 577 3190 640 altrices
3212 577 3624 657 auctricesque

1986 665 2144 723 vires
2165 664 2455 739 suscitat;
2484 684 2590 727 nec
2615 686 2732 728 non
2758 667 3106 730 essentiales
3128 685 3331 729 rerum
3357 669 3622 728 omnium

1983 751 2290 814 facultates
2328 763 2388 816 et
2412 754 2885 818 indissolubilem
2917 757 3094 818 totius
3140 757 3400 818 universi
3432 764 3629 817 tuetur

1989 843 2378 915 mansionem,
2411 844 2553 920 quin
2608 853 2665 906 et
2690 847 2878 926 ipsam
2924 865 3161 927 quoque
3184 845 3626 907 deiﬁcationem

1988 938 2312 1008 praastat,et
2334 933 2580 994 virtutes
2604 935 2679 995 ad
2709 953 2836 996 eam
2872 937 3190 1017 requisitas
3219 935 3293 997 iis
3321 935 3424 1016 qui
3450 934 3620 996 deiﬁ-

1985 1020 2157 1081 candi
2181 1029 2314 1081 sunt
2336 1022 2852 1105 przebet;denique
2876 1025 3020 1088 nihil
3055 1034 3144 1088 est
3167 1033 3223 1086 in
3251 1025 3620 1097 universum,

1985 1109 2145 1184 quod
2171 1110 2596 1191 omnipotentis
2623 1114 2801 1175 tutela
2826 1123 2885 1176 et
2932 1115 3384 1177 conversatione
3407 1113 3624 1175 divina:

1986 1198 2261 1276 potentiae
2295 1201 2580 1279 privatum
2605 1203 2886 1276 sit.Quod
2913 1204 3073 1266 enim
3101 1204 3374 1266 universe
3398 1203 3620 1264 nullam

1983 1286 2161 1348 habet
2190 1297 2563 1370 potestatem,
2598 1311 2707 1354 nec
2741 1301 2849 1367 est,
2887 1313 2995 1356 nec
3026 1295 3352 1376 quidquam
3388 1303 3620 1376 est,nec

1983 1387 2074 1438 est
2117 1378 2384 1441 funditus
2416 1381 2574 1444 ullus
2605 1383 2736 1463 ejus
2772 1383 2940 1446 situs.

1835 1540 1866 1620 §
1918 1539 2020 1602 v1.

327 1713 511 1770 Καίτοι
554 1709 715 1789 φησὶδ
772 1705 1004 1782 Ἐλύμας
1049 1709 1077 1762 6
1135 1707 1328 1784 μάγος·
1392 1710 1448 1766 Εἰ
1505 1703 1896 1781 παντδδύναμός

2065 1701 2267 1786 Atqui,
2300 1703 2492 1785 inquit
2522 1703 2753 1787 Elymas
2783 1724 2993 1787 magns
3049 1726 3064 1768 :

242 1799 390 1857 ἔστιν
419 1801 448 1856 6
479 1800 634 1878 Θεὸς,
680 1804 794 1861 πῶς
839 1795 1053 1874 λέγεται
1111 1820 1160 1852 τι
1207 1799 1284 1872 μὴ
1344 1794 1586 1854 δύνασθαι
1645 1797 1777 1875 πρὸς
1809 1801 1901 1850 τοῦ

239 1879 365 1946 καθ’
393 1890 527 1963 ὑμᾶς
570 1885 820 1965 θεολόγου
855 1903 870 1960 ;
907 1883 1236 1962 Λοιδορεῖται
1294 1883 1347 1941 δὲ
1404 1893 1480 1958 τῷ
1529 1886 1652 1959 θείῳ
1712 1882 1902 1956 Παύλῳ

242 1979 496 2059 φήσαντι,
557 1980 635 2054 μὴ
692 1974 931 2034 δύνασθαι
996 1977 1086 2032 τὸν
1130 1978 1260 2032 Θεὸν
1320 1977 1505 2032 ἑαυτὸν
1550 1974 1894 2053 ἀρνήσασθαι,

243 2070 463 2147 Προθεὶς
491 2068 554 2119 45
594 2065 649 2124 δὲ
679 2069 856 2146 τοῦτο,
889 2064 1006 2123 λίαν
1065 2065 1277 2144 όρῤωδῶ
1346 2065 1425 2140 μὴ
1470 2067 1556 2122 καὶ
1588 2066 1763 2125 ἀνοίας
1799 2064 1898 2140 ὀφ-

243 2157 400 2228 λήσω
455 2156 688 2235 γέλωτα,
734 2153 930 2212 παίδων
998 2155 1290 2234 ἀθυρόντων
1355 2153 1757 2230 οἱκοδομήματα
1812 2154 1898 2208 καὶ

244 2248 333 2304 ἐπὶ
367 2247 589 2324 ψάμμου
619 2247 706 2302 καὶ
737 2245 931 2312 ἀσθενῆ
978 2243 1256 2302 καταλύειν
1315 2243 1376 2294 46
1444 2245 1758 2324 ἐπιχειρῶν,
1814 2243 1900 2300 καὶ

241 2338 424 2416 ὥσπερ
493 2343 634 2400 τινος
744 2336 1024 2414 ἀνεφίκτοῦ
1110 2342 1310 2392 σκοποῦ
1401 2335 1900 2412 κάταστοχάζεσθαι

240 2425 480 2485 σπεύδων
529 2431 624 2502 τῇς
674 2424 790 2503 περὶ
843 2424 1029 2480 τούτου
1057 2423 1395 2502 ’θεολογικῆς
1439 2423 1692 2488 διανοίαςο
1731 2425 1762 2491 ἦ
1795 2425 1893 2502 γὰρ

243 2517 434 2576 ἑαυτοῦ
483 2515 701 2596 ἄρνησις
759 2515 1024 2578 ἔκπτωσις
1078 2513 1326 2580 ἀληθείας
1371 2515 1512 2570 ἐστίν
1551 2531 1562 2543 ·
1606 2516 1640 2581 ἡ
1666 2513 1720 2569 δὲ
1751 2512 1892 2583 ἀλή-

237 2612 354 2665 θεια
384 2608 442 2662 ὃν
475 2605 604 2676 ἐστι,
667 2605 753 2661 καὶ
785 2604 820 2671 ἡ
879 2609 978 2670 τῆς
1011 2602 1258 2670 ἀληθείας
1303 2602 1574 2668 ἔκπτωσις
1621 2609 1712 2660 τοῦ
1741 2603 1891 2666 ὄντος

237 2697 528 2759 ἔκπτωσις.
567 2696 623 2754 Εἰ
671 2695 840 2751 τοίνυν
871 2695 904 2760 ἡ
937 2692 1155 2760 ἀλήθεια
1207 2693 1265 2748 ὅν
1294 2693 1458 2774 ἐστιν,
1489 2695 1524 2761 ἡ
1566 2691 1619 2749 δὲ
1675 2693 1892 2773 ἂρνήσις

235 2787 336 2855 τῆς
364 2786 609 2856 ἀληθείας
655 2792 745 2841 τοῦ
787 2784 937 2846 ὄντος
991 2782 1278 2856 ἔκπτωσις,
1339 2783 1399 2839 ἐκ
1441 2790 1534 2840 τοῦ
1588 2785 1736 2846 ὄντος
1797 2783 1890 2840 ἐκ-

238 2892 426 2934 πεσεῖν
465 2879 492 2932 6
524 2877 651 2938 Θεὸς
685 2875 743 2930 οὑ
791 2871 1025 2952 δύναται,
1062 2875 1149 2929 καὶ
1180 2874 1239 2928 τὸ
1271 2873 1348 2947 μὴ
1407 2887 1547 2929 εἶναι
1602 2871 1696 2928 οὑκ
1726 2872 1890 2951 ἔστιν,

235 2968 312 3030 ὡς
365 2965 426 3021 ἄν
483 2987 562 3027 τις
621 2965 774 3044 φαίη,
829 2963 888 3018 τὸ
950 2960 1295 3036 μὴδύνασθαι
1349 2964 1408 3020 οὗ
1435 2960 1672 3035 δύναται,
1712 2965 1890 3019 καὶτὸ

3124 1707 3187 1770 Si
3244 1710 3623 1789 omnipotens

1985 1799 2074 1853 est
2101 1792 2284 1867 Deus,
2317 1794 2616 1873 quomodo
2643 1814 2677 1857 a
2708 1796 2978 1877 theologo
3031 1804 3223 1860 vestro
3248 1798 3471 1880 aliquid
3504 1819 3622 1862 non

1986 1899 2158 1962 posse
2191 1882 2410 1946 dicitur
2439 1883 2464 1947 ἲ
2496 1885 2805 1948 lnsimulat
2828 1896 3026 1949 autem
3059 1888 3322 1950 divinum
3349 1890 3618 1968 Paulum,

1983 1970 2302 2044 dicentem,
2327 1991 2444 2033 non
2479 1992 2653 2054 posse
2683 1977 2870 2038 Deum
2906 1979 3292 2058 semetipsum
3322 1991 3565 2057 negarec
3603 2030 3616 2045 .

1983 2061 2105 2121 Hoc
2125 2069 2320 2124 autem
2345 2061 2486 2124 dum
2515 2067 3199 2144 propono,vehementer
3223 2076 3528 2149 metuo,ne
3559 2079 3625 2132 ut

1982 2169 2190 2212 amens
2212 2150 2437 2222 videar,
2463 2154 2563 2232 qui
2588 2153 2920 2216 ludentium
2946 2175 3267 2236 puerorum
3291 2166 3622 2221 structuras

1983 2257 2301 2302 arenaceas
2333 2249 2393 2302 et
2450 2244 2714 2305 inﬁrmas
2766 2254 3036 2307 evertere
3069 2245 3300 2326 moliar,
3335 2258 3516 2328 atque
3545 2249 3619 2310 ad

1983 2328 2161 2408 hujus
2187 2330 2302 2391 loci
2324 2349 2590 2411 scopum,
2618 2341 2898 2412 tanquam
2945 2335 3050 2417 qui
3100 2335 3307 2414 attingi
3337 2348 3617 2417 nequeat,

1979 2419 2148 2500 quasi
2160 2419 2516 2482 collimando
2535 2422 2808 2484 connitar
2821 2442 3063 2487 sensum
3079 2425 3132 2505 ej
3142 2443 3208 2488 us
3221 2426 3621 2505 theologicum

1977 2508 2267 2588 attingere
2286 2509 2582 2590 siquidem
2605 2512 2700 2574 sui
2724 2513 2910 2594 ipsius
2934 2514 3293 2594 negatio,est
3309 2534 3342 2577 a
3370 2517 3620 2579 veritate

1979 2599 2278 2680 prolapsio
2304 2619 2319 2676 ;
2343 2599 2561 2662 veritas
2583 2610 2783 2663 autem
2807 2611 2898 2667 est
2917 2605 2975 2666 id
3005 2604 3163 2685 quod
3188 2613 3276 2666 est
3306 2625 3320 2681 ;
3373 2614 3432 2667 et
3450 2625 3485 2668 a
3516 2625 3619 2670 ve-

1977 2688 2154 2752 ritate
2177 2689 2455 2766 defectio,
2493 2699 2583 2754 est
2603 2690 2676 2754 ab
2698 2692 2939 2755 essendi
2963 2701 3118 2756 statu
3142 2693 3481 2758 dimotio.Si
3511 2698 3617 2760 ita-

1976 2796 2092 2858 que
2116 2779 2334 2842 veritas
2355 2788 2443 2842 est
2465 2780 2527 2840 id
2547 2781 2703 2862 quod
2724 2783 3076 2863 est,negatio
3094 2791 3291 2846 autem
3318 2785 3614 2865 veritatis,

1978 2877 2070 2930 est
2093 2868 2166 2930 ab
2190 2869 2427 2931 essendi
2452 2879 2602 2933 statu
2627 2870 2949 2953 prolapsio.
2981 2875 3186 2954 utique
3208 2875 3444 2939 essendi
3467 2885 3619 2941 statu

1976 2959 2248 3022 frustrari
2270 2960 2428 3022 Deus
2454 2962 2888 3044 nequit,neque
2921 2975 3116 3044 potest
3141 2981 3254 3026 non
3277 2983 3444 3040 esse;
3472 2987 3539 3028 ac
3567 2971 3617 3030 si

235 3058 318 3131 μὴ
363 3054 548 3111 εἰδέναι
597 3054 731 3110 κατὰ
776 3052 1021 3129 στέρησιν
1082 3053 1174 3108 οὑκ
1234 3049 1402 3115 οἶδεν,
1431 3049 1609 3109 "Once
1670 3054 1698 3108 6
1728 3055 1888 3132 σοφὸς

1981 3049 2108 3130 quis
2131 3049 2306 3123 dicat,
2333 3069 2451 3112 non
2481 3060 2677 3132 potest
2700 3071 2816 3114 non
2846 3071 3045 3132 posse,
3084 3063 3140 3116 et
3165 3055 3398 3119 nescire
3432 3059 3620 3120 nescit

237 3148 336 3203 οὑκ
386 3145 662 3220 ἐννοήσας,
723 3154 970 3216 μιμεῖται
1025 3144 1140 3205 τοῦς
1198 3147 1300 3197 τῶν
1330 3141 1573 3207 ἀθλητῶν
1620 3141 1895 3218 ἀπειρονὶ-

235 3258 360 3299 κας,
397 3233 478 3307 οῗ,
524 3231 786 3292 πολλάκις
834 3229 1072 3293 ἀσθενεῖς
1132 3242 1270 3286 εἶναι
1329 3231 1449 3293 τοὺς
1502 3230 1895 3307 ἀνταγωνιστὰς

236 3323 574 3396 ὑποθέμενοι,
609 3321 745 3376 κατά
809 3321 870 3374 τὸ
926 3317 1110 3376 δοκοῦν
1142 3318 1375 3397 ἑαυτοῖς,
1438 3319 1524 3375 καὶ
1559 3320 1688 3393 πρὸς
1721 3319 1895 3376 ἀπὸν-

237 3435 335 3476 τχς
365 3408 495 3454 ηιθ
529 3410 712 3471 αὐτοὺς
745 3407 991 3486 ἀνδρείως
1041 3411 1493 3489 σκιαμαχοῖητες,

238 3501 502 3564 διακένοις
563 3499 808 3576 πληγαῖς
877 3497 1138 3576 εὑθαρσῶς
1216 3497 1626 3569 καταπαίοντες,
1691 3498 1894 3556 οἴονται

237 3597 348 3648 τῶν
395 3588 697 3649 ἀντιπάλων
742 3587 913 3644 αὑτῶν
957 3609 1365 3666 κεκρατηκεναι,
1429 3587 1516 3642 καὶ
1588 3588 1894 3667 ἀνακηρύτ-

237 3703 418 3737 τουσιν
474 3679 714 3753 ἑαυτοὺς,
775 3676 892 3734 οὔτε
969 3675 1162 3741 εἰδότες
1235 3677 1332 3743 τὴν
1390 3675 1602 3733 ἐκείνων
1653 3677 1891 3754 δύναμιν,

1526 3409 1612 3464 καὶ
1645 3410 1734 3465 τὸν
1769 3409 1894 3488 ἀέρα

1983 3158 2089 3221 per
2121 3140 2540 3219 privationem.
2573 3144 2696 3203 Hoc
2725 3143 2963 3224 sapiens
2992 3143 3094 3208 ille
3125 3163 3244 3205 non
3275 3145 3620 3226 intelligens

1980 3229 2232 3292 athletas
2254 3229 2564 3311 imperitos
2588 3231 2984 3313 imitatur,qui
3006 3251 3419 3314 saepenumero
3437 3237 3626 3300 imbe-

1979 3319 2147 3381 cilles
2167 3319 2278 3380 sibi
2299 3319 2674 3382 adversarios
2705 3328 3136 3403 proponunt,et
3169 3323 3308 3386 dum
3344 3326 3619 3390 videntur

1979 3409 2094 3472 sibi
2109 3428 2244 3470 cum
2260 3409 2608 3472 absentibus
2625 3410 2738 3472 illis
2752 3411 2985 3473 fortiter
3001 3413 3057 3472 in
3079 3413 3289 3476 umbra
3306 3415 3616 3498 dimicare,

1977 3517 2302 3578 acremque
2332 3501 2516 3561 cassis
2538 3499 2754 3565 ictibus
2777 3510 3114 3564 constanter
3137 3503 3382 3585 feriunt,
3406 3505 3618 3567 existi-

1981 3600 2142 3651 mant
2163 3609 2226 3650 se
2250 3589 2413 3670 ipsos
2432 3590 2803 3652 adversarios
2829 3610 2967 3652 suos
2990 3610 3330 3673 superasse,
3365 3613 3617 3676 seseque

1972 3679 2097 3758 jam
2131 3679 2375 3741 victores
2401 3681 2686 3758 jactitant,
2722 3699 2855 3742 cum
2896 3680 3081 3744 robur
3112 3701 3317 3744 eorum
3351 3684 3614 3746 nondum

238 3769 436 3846 Ἠμεῖς
469 3767 523 3826 δὲ
555 3768 666 3825 τοῦ·
701 3765 952 3844 θεολόγου
982 3767 1118 3823 κατά
1149 3769 1209 3822 τὸ
1243 3765 1455 3844 ἐφικτὸν
1478 3767 1894 3848 στοχαζόμενοι,

1981 3768 2234 3831 habeant
2262 3767 2783 3849 exploratum.Nos
2804 3781 3005 3832 autem
3046 3772 3121 3834 ad
3154 3772 3517 3852 theologum,
3552 3774 3614 3836 in

235 3862 328 3917 τὸν
374 3856 730 3936 ὑπερδύναμον
791 3854 857 3904 49
902 3857 1030 3912 Θεὸν
1087 3856 1375 3930 ὑμνοῦμεν,
1439 3856 1513 3918 ὡς
1563 3855 1892 3914 παντοδύνα-

1981 3867 2262 3935 quantum
2279 3857 2408 3919 fieri
2422 3858 3004 3939 potest,collimando
3017 3861 3612 3924 collaudamusDeum

237 3973 366 4029 μον,
403 3951 475 4012 ὡς
501 3947 757 4024 μακάριον
797 3946 884 4001 καὶ
943 3945 1100 4020 μόνον
1135 3943 1414 4018 δυνάστην,
1451 3947 1521 4010 ὡς
1577 3946 1894 4017 δεσπόζοντα

1981 3957 2402 4029 praepotentem
2431 3955 2491 4008 ut
2520 3948 3085 4030 omnipotentem,ut
3106 3952 3612 4026 beatum,solum-

232 4040 292 4094 ἐν
323 4045 391 4116 τῇ
422 4036 693 4108 δυναστείᾳ
725 4034 880 4091 αὑτοῦ
911 4042 1002 4092 τοῦ
1033 4035 1244 4110 αἰῶνος,
1277 4034 1351 4096 ὡς
1409 4033 1531 4090 κατ’
1591 4033 1738 4090 οὐδὲν
1787 4043 1892 4092 τῶν

1981 4056 2092 4114 que
2152 4045 2476 4118 potentem,
2524 4047 2726 4118 utpote
2786 4039 2889 4120 qui
2950 4041 3255 4120 potestatis
3308 4042 3448 4104 476
3492 4061 3614 4106 sua)

233 4125 404 4183 ὅντων
436 4123 821 4182 ἐκπεπτωκότα
858 4139 871 4152 ⁶
909 4122 1110 4198 μᾶλλον
1143 4121 1195 4178 δὲ
1241 4124 1327 4177 καὶ
1384 4122 1741 4203 ὑπερέχοντα,
1805 4127 1891 4181 καὶ

1981 4127 2308 4209 principatu
2330 4127 2572 4204 ipsimet
2601 4128 2916 4190 aeternitati
2945 4130 3306 4212 dominetur,
3335 4133 3613 4215 nullaque

231 4219 540 4299 προέχοντα
582 4217 752 4278 πάντα
809 4217 876 4275 τὰ
919 4214 1046 4272 ὅντα
1101 4216 1231 4272 καθά
1275 4214 1493 4291 δύναμιν
1554 4217 1888 4296 ὑπερούσιον,

1981 4236 2232 4297 unquam
2264 4235 2329 4278 re
2362 4217 2674 4278 frustratus
2726 4236 2741 4294 ;
2801 4218 3090 4300 quinimo,
3129 4228 3192 4281 ut
3222 4222 3322 4302 qui
3354 4214 3614 4304 desuper

232 4313 333 4364 καὶ
365 4315 493 4364 πᾶσι
523 4306 642 4371 τοῖς
672 4305 786 4362 οὖσι
816 4306 876 4362 τὸ
935 4302 1142 4361 δύναθαι
1203 4305 1371 4380 εἶναι,
1433 4306 1518 4361 καὶ
1570 4304 1689 4362 τόδε
1747 4307 1889 4363 εἶναι

1981 4307 2188 4368 habeat
2215 4315 2272 4368 et
2296 4305 2640 4386 praehabeat
2665 4309 2864 4408 omnia
2892 4329 3021 4408 quae
3044 4302 3610 4408 secundum__poten-

235 4400 370 4455 κατά
401 4397 702 4476 περιουσίαν
729 4392 1160 4473 ὑπερϐαλλούσης
1185 4392 1453 4470 δυνάμεως
1480 4395 1689 4474 ἀφθόνῳ
1734 4397 1886 4476 χύσει

1981 4395 2114 4458 tiam
2130 4415 2294 4456 suam
2313 4414 2420 4475 sup
2433 4397 2882 4458 raessentialem
2899 4399 3613 4484 exsistunt,omnibusque

231 4486 297 4539 50
318 4486 704 4565 aaawpnptvov.

1981 4487 2306 4565 rebus,tam
2332 4494 2395 4546 ut
2425 4504 2558 4547 esse
2581 4488 3001 4569 possintquam
3027 4490 3246 4565 utsint,
3281 4492 3610 4554 secundum

1967 4576 2329 4638 afﬂuentiam
2367 4574 2910 4655 superabundantis
2931 4578 3237 4660 potestatis
3260 4581 3494 4660 copiosa
3512 4581 3608 4642 fu-

1966 4665 2134 4729 sione
2169 4663 2476 4744 largiatur.
3400 4702 3433 4724 -.

1834 4824 1862 4905 §
1907 4825 2033 4892 VII.

320 4996 640 5062 Δικαιοσύνη
684 4992 738 5048 δὲ
768 4993 911 5057 αὖθις
943 4994 970 5049 6
1003 4993 1157 5070 Θεὸς,
1194 4993 1268 5056 ὡς
1326 4997 1454 5048 πᾶσι
1487 4992 1551 5048 τὰ
1595 4989 1712 5048 κατ’
1743 4991 1888 5058 ἀξίαν

2051 4988 2098 5050 Α
2122 4986 2350 5066 justitia
2389 4993 2584 5046 autem
2637 5001 2843 5048 rursus
2903 4988 3182 5050 laudatur
3213 4990 3398 5063 Deus,
3447 4990 3604 5070 quod

232 5088 516 5163 ἀπονέμων
564 5087 834 5162 ὑμνεῖται,
909 5083 1315 5159 γαὶεῦμετρίαν,
1375 5084 1461 5137 καὶ
1506 5079 1723 5162 κάλλὸς,
1800 5075 1884 5178 καξ

1981 5077 2276 5146 amnibus,
2305 5083 2367 5137 ut
2398 5074 2798 5178 dignumﬂest,
2831 5078 3050 5139 tribuat
3083 5088 3142 5142 et
3176 5087 3604 5178 congruentem

231 5177 492 5253 εὑταξίαν,
525 5178 609 5232 καὶ
672 5172 1051 5252 διακόσμησιν,
1115 5174 1201 5230 καὶ
1258 5172 1431 5234 πάσας
1491 5169 1741 5246 διανομὰς
1799 5157 1886 5229 καἶ

1981 5167 2301 5242 modum,et
2323 5160 2912 5244 pulchritudinem,et
2929 5157 3422 5255 compositionem
3438 5166 3606 5227 ordi-

313 5353 338 5382 c
369 5337 418 5400 II
447 5334 604 5400 Tim.
641 5350 708 5411 η,
749 5337 844 5399 13.
1556 5409 1816 5477 νΑΒΙΕ
1855 5403 2297 5478 LECTIONES.

309 5550 368 5601 49
397 5549 708 5613 ιῦδιάλοπον
761 5552 958 5628 μονήν,
991 5550 1060 5614 Ρ.
1144 5547 1199 5592 ‘3
1244 5551 1360 5612 τοῖς
1403 5548 1728 5628 θεωμένοις.
1792 5547 1857 5612 8.
1943 5546 2000 5592 ⁴⁶
2047 5545 2559 5624 παντοκρατορικήν.
2645 5544 2709 5598 ιδ
2745 5549 3008 5626 προσθείς.
3091 5542 3146 5588 ⁸⁸
3171 5541 3478 5606 κατάλυσιν.
3527 5537 3590 5604 S'

225 5630 356 5680 61'“
384 5631 644 5699 ἅπαντας,
728 5626 782 5677 ‘9
811 5626 1208 5714 ὑπὲρνδὸναμιν,
1243 5629 1304 5693 So
1391 5626 1455 5680 ³ο
1482 5630 1700 5710 χρήσει.
2825 5629 2844 5707 Ι
