4050 6212
449 298 567 366 895

1620 299 1683 364 S.
1723 300 2063 365 DIONYSII
2101 300 2632 365 AREOPAGITE.

3708 301 3825 368 896

449 435 543 497 nis
567 442 624 496 et
641 433 1181 515 dispositionem;et
1207 431 1482 494 omnibus
1504 431 1834 514 dispertiat,
1872 444 1933 496 et
1953 436 2081 497 sin-

2187 435 2337 502 εάξεις
2368 437 2625 516 ἀφορίζων
2668 437 2875 513 ἑκάστῳ
2921 438 3057 495 κατὰ
3097 439 3188 495 τὸν
3231 437 3395 502 ὄντως
3451 438 3578 496 ὄντα
3610 438 3823 498 δικαιό-

449 524 605 604 gulis
626 525 866 586 ordines
889 523 1574 604 praistituat,sccundum
1597 541 1791 586 veram
1814 532 1869 585 et.
1882 525 2092 605 justis-

2187 548 2331 582 ιατον
2371 528 2512 604 ὅρον,
2567 527 2653 583 καὶ
2707 535 2835 584 πᾶσι
2893 529 2991 594 τῆς
3053 530 3222 585 αὐτῶν
3282 527 3517 585 ἑκαστων
3550 530 3824 609 16:01:91-

455 615 666 674 simam
701 614 1206 694 praescriptionem
1239 634 1254 689 ;
1281 622 1337 674 et
1359 613 1635 675 omnibus
1658 631 1780 674 sure
1802 615 2093 696 cujusque

455 702 703 764 actionis
724 711 930 764 auctor
945 700 1259 765 sit.0mnia
1277 702 1436 763 enim
1461 701 1657 763 divina
1679 703 1903 781 justitia
1931 704 2092 766 ordi-

456 800 577 866 nat,
597 800 656 853 et
676 792 1051 866 determinat,
1089 792 1410 872 omniaque
1430 791 1502 853 ab
1521 793 1786 854 omnium
1822 792 2097 855 mistione

458 893 516 946 et
546 884 894 946 confusione
928 884 1114 947 libera
1145 903 1412 966 servans,
1446 887 1659 966 cuique
1685 885 2097 948 convenientia

457 971 641 1034 rebus
671 973 949 1034 omnibus
990 974 1214 1047 tribuit,
1275 982 1453 1055 prout
1483 975 1773 1054 cujusque
1823 976 2098 1052 congruit

462 1061 754 1142 dignitati.
779 1062 1009 1124 Etenim
1035 1064 1084 1125 si
1107 1065 1229 1125 haec
1247 1074 1408 1125 recte
1437 1063 1713 1140 dicimus,
1744 1063 1784 1124 ii
1814 1070 1912 1145 qui
1943 1064 2094 1126 divi-

459 1155 899 1234 namjustitiam
922 1155 1290 1231 cavillantur,
1309 1155 1447 1216 dum
1475 1154 1721 1216 minime
1754 1155 2094 1226 advertunt,

459 1262 625 1304 suam
660 1245 772 1325 ipsi
821 1244 1172 1323 injustitiam
1218 1245 1529 1306 manifesto
1563 1245 1887 1318 damnant;
1931 1247 2100 1308 aiunt

455 1332 1000 1406 enim,murtalibus
1031 1334 1252 1396 debere
1275 1334 1472 1395 inesse
1496 1333 2098 1415 immortalitatem,et

451 1421 632 1484 rebus
650 1423 1015 1503 imperfectis
1037 1425 1491 1504 perfectionem,
1528 1425 1715 1503 iisque
1731 1444 1860 1506 quae
1883 1425 2097 1505 seipsis

459 1513 1022 1574 moventuraliunde
1049 1523 1266 1575 motam
1293 1519 1804 1592 necessitatem,ac
1837 1513 2098 1574 mutabi-

460 1602 618 1664 libus
649 1602 1115 1678 identitatem,et
1135 1603 1538 1664 imbecillibus
1563 1603 1912 1684 perticiendi
1939 1615 2101 1684 pote-

457 1698 694 1766 statem,
723 1691 866 1754 item
897 1710 964 1755 ea
996 1711 1131 1773 quae
1155 1700 1536 1773 temporanea
1563 1701 1702 1754 sunt
1721 1711 1854 1755 esse
1877 1712 2094 1775 perpe-

2175 617 2290 694 γίας
2323 615 2494 680 αἴτιος
2527 617 2624 678 ὥν,
2661 617 2838 673 Πάντα
2890 618 2988 695 γὰρ
3017 619 3053 684 ἦ
3111 617 3220 674 θεία
3273 615 3575 686 δικαιοσύνη
3621 621 3822 696 τάττει,

2177 707 2264 761 καὶ
2291 708 2550 786 ὁροθετεῖ,
2585 708 2673 763 καὶ
2703 708 2872 763 πάντα
2902 707 3008 764 ἀπὸ
3058 708 3268 766 πάντων
3333 708 3500 786 ἀμιγῆ
3533 713 3621 766 καὶ
3651 711 3826 784 ἀσύμ-

2179 795 2344 873 φυρτά
2394 793 2743 869 διασῶζουσα,
2789 798 2854 853 τὰ
2886 798 3093 870 ἑκάστῳ
3123 799 3466 876 προσήκοντα
3516 805 3646 855 πᾶσι
3703 802 3825 864 τοῖς

2181 891 2292 941 οὖσι
2323 881 2575 963 δωρεῖται
2620 888 2756 942 κατὰ
2799 888 2896 953 τὴν
2957 886 3162 962 ἑκάστῳ
3216 893 3323 944 τῶν
3380 889 3546 944 ὄντων
3605 888 3829 946 ἐπιϐάλ-

2180 973 2372 1031 λουσαν
2429 975 2596 1040 ἄξίαν,
2660 977 2756 1033 Καὶ
2816 979 2859 1032 εἰ
2915 979 3078 1033 ταῦτα
3136 979 3300 1054 ὀρθῶς
3357 982 3552 1055 φαμεν,
3603 979 3719 1035 ὅσοι
3765 986 3829 1056 τῇ

2179 1065 2289 1136 θεία
2330 1061 2769 1142 διαλοιδοροῦνται
2825 1063 3152 1144 δικαιοσύνῃ,
3213 1065 3556 1124 λανθάνουσιν
3632 1074 3828 1126 tmte?”

2181 1153 2381 1210 ἀδικίαν
2436 1155 2632 1234 ἐναργη
2693 1159 3208 1237 καταψηφιζόμενον
3263 1161 3387 1238 φασὶ
3438 1159 3537 1237 γὰρ
3599 1160 3829 1240 ὀρείλειν

2181 1244 2385 1300 ἐκεῖναι
2415 1245 2467 1296 51
2502 1247 2622 1310 τοῖς
2669 1251 2888 1313 θνητοῖς
2921 1249 3019 1314 τὴν
3063 1248 3368 1323 ἀθανασίαν,
3415 1253 3653 1314 καὶτοῖς
3702 1254 3828 1306 ἀτε-

2180 1332 2292 1390 λέσι
2318 1336 2378 1391 τὸ
2409 1335 2633 1410 τέλειον,
2660 1340 2746 1394 καὶ
2777 1338 2897 1399 τοῖς
2939 1339 3305 1407 αὖτοκινήτοις
3359 1338 3458 1405 τὴν
3516 1341 3828 1412 ἑτεροκίνη-

2179 1445 2269 1480 τον
2293 1423 2350 1474 59
2382 1426 2644 1502 ἀνάγκην,
2701 1428 2788 1482 καὶ
2835 1441 2952 1492 τοῖς
3010 1425 3330 1492 ἀλλοιωτοῖς
3373 1428 3470 1496 τὴν
3500 1429 3827 1505 ταῦτότητα,

2182 1515 2268 1568 καὶ
2311 1514 2377 1570 τὰ
2417 1513 2790 1591 τελειοδύναμα
2847 1518 2968 1578 τοῖς
3012 1517 3272 1592 ἀσθενέσι,
3335 1520 3418 1574 καὶ
3477 1518 3630 1574 ἀίδια
3690 1521 3831 1576 εἶναι

2179 1604 2243 1658 τὰ
2290 1602 2545 1683 ἕγχρονα,
2594 1606 2679 1660 καὶ
2739 1604 3044 1681 ἀμετάϐολα
3101 1607 3166 1661 τὰ
3223 1608 3373 1686 φύσει
3430 1608 3494 1659 53
3522 1610 3830 1680 κὶνούμενα,

2179 1695 2266 1749 καὶ
2321 1695 2415 1758 τὰς
2471 1693 2768 1772 ἐπικαίρους
2830 1693 3019 1763 ἡδονὰς
3075 1696 3287 1759 αἰωνίας
3342 1698 3430 1779 δι,
3474 1702 3563 1755 καί
3594 1698 3740 1762 ὅλως
3771 1703 3837 1755 τὰ

461 1793 585 1858 tua,
631 1791 689 1844 et
718 1781 1110 1846 immutabilia
1168 1803 1298 1865 quae
1352 1803 1380 1846 a
1417 1792 1624 1848 natura
1657 1795 2001 1857 moventur,
2037 1794 2099 1847 et.

2187 1782 2359 1840 ἄλλων
2419 1782 2601 1849 ἄλλοις
2651 1782 2982 1849 ἀποδιδόασι,
3020 1786 3146 1844 Δέον
3192 1785 3404 1862 εἰδέναι,
3435 1789 3532 1856 τῆν
3575 1789 3724 1846 θείαν
3753 1787 3833 1846 δι·-

459 1881 875 1952 temporaneas
894 1875 1216 1954 voluptates
1245 1883 1530 1938 aeternum
1567 1876 2099 1957 perdurare,atque

457 1961 736 2023 universe
786 1963 886 2023 illa
937 1983 1070 2045 quae
1122 1964 1374 2026 aliorum
1431 1964 1565 2027 aliis
1595 1966 1947 2029 attribuunt.
1981 1964 2098 2027 Sed

460 2052 772 2114 sciendum
807 2061 918 2134 est,
956 2054 1214 2116 divinam
1245 2057 1530 2136 justitiam
1570 2056 1681 2117 hoc
1727 2056 1858 2136 ipso
1891 2073 2098 2118 revera

460 2160 660 2204 veram
690 2161 823 2205 esse
845 2145 1341 2227 justitiam,quod
1366 2145 1646 2208 omnibus
1678 2165 1808 2228 qua:
1823 2165 1930 2208 sua
1961 2153 2100 2208 sunt

465 2232 684 2295 tribuat
709 2251 818 2312 pro
842 2233 1055 2296 merito
1078 2235 1476 2314 singulorum,
1494 2243 1667 2318 atque
1686 2244 1958 2299 naturam
1991 2254 2105 2299 cu-

456 2323 678 2404 jusque
699 2323 759 2387 in
794 2324 1006 2387 ordine
1039 2326 1279 2407 proprio
1306 2325 1686 2407 potentiaque
1710 2326 2020 2389 custodiat.

2181 1874 2468 1941 καιοσὺνην
2498 1874 2550 1929 ἐν
2583 1875 2751 1948 τούτῳ
2809 1877 2976 1937 ὁντως
3024 1877 3181 1933 οὖσαν
3247 1876 3420 1946 ἀληθῆ
3465 1876 3834 1960 δικαιοσύνην,

2181 1962 2259 2018 ὅτι
2290 1969 2450 2020 πᾶσιν
2495 1964 2751 2038 ἀπονεμει
2794 1966 2862 2022 τὰ
2916 1967 3095 2023 οίκεϊα
3144 1968 3282 2024 κατά
3311 1969 3410 2035 τὴν
3443 1968 3673 2026 ἑκάστου
3729 1970 3835 2026 τῶν

2178 2053 2345 2110 ’ὄντων
2389 2053 2556 2129 ἀξίαν,
2616 2056 2704 2112 καὶ
2746 2057 2842 2124 τὴν
2887 2055 3111 2114 ἑκάστου
3155 2059 3306 2138 φύσιν
3363 2058 3447 2116 ἐπὶ
3491 2063 3593 2127 τῆς
3637 2062 3834 2123 οἰκείας

2182 2142 2423 2215 διασώζει
2452 2141 2651 2209 τάξεως
2696 2146 2782 2202 καὶ
2813 2143 3108 2222 δυνάμεως.

2023 2489 2052 2568 §
2097 2483 2254 2549 vm.

541 2647 616 2710 At
644 2647 865 2711 dixeris
895 2650 1145 2732 aliquis:
1211 2652 1341 2714 Non
1393 2659 1482 2712 est
1534 2650 1798 2732 iustitiae,
1858 2649 2099 2732 permit-

467 2746 622 2801 tere'
644 2739 803 2801 viros
861 2750 1097 2803 sanctos
1155 2741 1380 2803 auxilio
1413 2741 1730 2803 destitutos
1761 2761 1794 2802 a
1826 2739 2104 2822 pessimis

465 2827 800 2910 quibusque
818 2831 1178 2893 conculcari.
1194 2832 1302 2892 Cui
1327 2831 1843 2911 respondendum,
1870 2831 2028 2911 quod
2050 2830 2101 2893 si

466 2917 708 3000 quidem
732 2919 996 3000 illi,quos
1023 2921 1288 3002 appellas
1311 2930 1571 2990 sanctos,
1588 2931 1826 2982 terrena
1849 2921 2104 2999 diligunt

468 3026 601 3090 quae
615 3009 689 3070 ab
713 3010 1077 3072 amatoribus
1103 3029 1300 3072 rerum
1319 3011 1718 3072 materialium
1735 3009 2100 3092 ambiuntur,

465 3096 554 3158 vel
579 3099 691 3158 hoc
707 3098 836 3179 ipso
847 3099 970 3178 jam
993 3119 1025 3161 a
1043 3099 1242 3160 divino
1257 3117 1462 3161 amore
1477 3099 1713 3179 penitus
1729 3099 2101 3164 exciderunt.

2265 2644 2412 2703 Ἀλλ’
2445 2644 2592 2702 εἴποι
2636 2644 2699 2702 ἅν
2732 2667 2833 2711 τις.
2891 2648 2998 2706 Οὔκ
3054 2647 3164 2705 ἔστι
3223 2647 3584 2722 δικαιοσύνης,
3643 2649 3840 2729 ἄνδρας

2185 2736 2357 2798 ὁσίους
2387 2735 2475 2808 ἐᾷν
2507 2733 2961 2816 ἀϐοήθτίτους,ὓπὸ
2990 2743 3095 2793 τῶν
3139 2739 3350 2818 φαύλῶν
3381 2739 3833 2821 ὲκτρυχομένους.

2188 2826 2320 2902 Πρὸς
2353 2823 2410 2879 ὅν
2439 2825 2649 2902 ῥητεον,
2684 2828 2759 2890 ὡς
2803 2828 2847 2883 εἶ
2895 2827 2994 2903 μὲν
3034 2827 3313 2906 ἀγαπῶσιν
3368 2829 3457 2894 οὖς
3500 2832 3606 2912 φὴς
3634 2834 3835 2905 ὁσίους,

2185 2917 2249 2970 τὰ
2277 2913 2362 2970 ἐπὶ
2392 2919 2492 2993 γῆς
2541 2916 2642 2972 ὑπὸ
2702 2916 2808 2973 τῶν
2839 2917 3115 2995 προσύλων
3167 2919 3491 3000 ζηλούμενα,
3554 2924 3650 2977 τοῦ
3699 2924 3842 2980 θείου

2187 3006 2394 3070 πάντως
2449 3005 2855 3062 ἐκπεπτώκασιν
2926 3007 3145 3085 ἔρωτος.
3195 3011 3292 3068 Καὶ
3352 3012 3445 3067 οὒκ
3499 3009 3608 3067 οἷδ’
3693 3012 3846 3074 ὅπως

2191 3093 2328 3150 ὅσιοι
2380 3092 2629 3162 κληθεῖεν
2685 3095 2770 3174 ἅν,
2829 3094 3126 3162 ἀδικοῦντες
3178 3099 3243 3154 τὰ
3299 3097 3466 3164 ὅντως
3501 3100 3700 3178 ἐραστά
3761 3105 3848 3158 καὶ

466 3185 671 3267 Neque
693 3206 837 3250 sane
879 3189 1170 3268 intelligo,
1220 3207 1475 3270 quanam
1507 3188 1742 3250 ratione
1773 3189 1958 3250 sancti
1989 3189 2099 3251 dici

2189 3183 2333 3256 θεῖα,
2393 3196 2510 3245 τοῖς
2567 3183 2861 3255 ἀζηλώτοις
2919 3187 3004 3241 καὶ
3073 3186 3380 3264 ἀνεράστοις
3415 3189 3506 3244 ὑπ’
3541 3190 3719 3246 αὒτῶν
3750 3194 3848 3248 οὐκ

470 3278 724 3356 possint,
743 3277 840 3358 qui
865 3296 964 3340 res
983 3297 1122 3340 vere
1152 3278 1436 3340 amandas
1462 3287 1517 3338 et
1539 3277 1769 3339 divinas
1791 3287 2107 3341 contume-

467 3363 568 3425 liis
587 3365 1022 3448 afficiunt,dum
1051 3386 1150 3429 eas
1167 3369 1348 3429 rebus
1369 3368 1667 3447 fugiendis
1686 3373 1747 3430 et
1762 3367 2109 3429 abominan-

476 3453 591 3529 dis,
622 3475 768 3536 quas
796 3457 1023 3519 nefarie
1055 3459 1440 3532 insectantur,
1479 3455 1723 3520 minime
1754 3458 2104 3535 praeferunt.

473 3541 576 3606 Sin
608 3555 802 3608 autem
857 3566 927 3608 ea
955 3567 1086 3627 qua:
1117 3566 1254 3609 vere
1286 3555 1422 3608 sunt
1451 3559 1744 3620 amarent,
1779 3547 2110 3624 gauderent

469 3633 702 3711 utique,
728 3635 883 3715 quod
911 3636 1030 3697 voti
1056 3645 1361 3716 compotes
1392 3635 1524 3696 fieri
1555 3635 1797 3716 possint.
1834 3634 2108 3715 Nunquid

475 3737 615 3786 tunc
647 3724 832 3803 magis
865 3725 938 3786 ad
997 3726 1297 3805 angelicas
1325 3725 1570 3787 virtutes
1622 3725 1936 3801 accedunt,
1970 3743 2107 3787 cum

472 3831 673 3876 rerum
707 3814 1040 3877 divinarum
1065 3816 1289 3889 studio,
1325 3824 1609 3897 quantum
1647 3820 1958 3895 possunt,a
1989 3833 2110 3876 ma-

472 3904 767 3966 terialium
792 3905 926 3965 477
955 3906 1268 3967 affectione
1299 3905 1612 3979 recedunt,
1650 3913 1708 3964 et
1737 3904 1807 3965 ad
1836 3905 1948 3966 hoc
1964 3904 2108 3965 viri-

476 3993 612 4055 liter
648 4002 1005 4056 exercentur
1026 3995 1311 4076 periculis
1339 4013 1472 4076 quae
1504 3993 1738 4055 honesti
1768 4013 1943 4056 causa
1973 3993 2111 4055 sub-

473 4091 615 4144 eunt
644 4083 674 4142 εν
707 4087 908 4165 Itaque
931 4085 1044 4145 hoc
1081 4102 1213 4145 vere
1235 4084 1354 4146 dici
1382 4093 1604 4165 potest,
1641 4083 2112 4164 divinaejustitiaa

476 4172 661 4250 magis
683 4191 1036 4254 congruere,
1069 4179 1135 4237 ut
1167 4192 1471 4250 nunquam
1505 4172 1756 4254 patiatur
1785 4173 2108 4254 proborum

2193 3273 2392 3350 εὖαγῶς
2452 3273 2995 3351 παρευδοκιμούμενα.
3057 3278 3116 3335 Εἰ
3167 3275 3222 3334 δὲ
3283 3285 3390 3334 τῶν
3446 3278 3616 3344 ὅντώς
3671 3281 3846 3337 ’ὄντων

2192 3364 2372 3442 ἐρῶσι,
2405 3365 2762 3444 εὐφραίνεσθαι
2807 3368 2918 3445 χρὴ
2961 3368 3085 3430 τοὺς
3115 3369 3272 3424 τινῶν
3302 3368 3633 3449 ἐφιεμένοῦς,
3691 3371 3848 3437 ἡνίκα

2191 3459 2296 3510 τῶν
2347 3452 2544 3533 ἐφετῶν
2601 3455 2960 3535 τυγχάνωσιν,
3025 3455 3114 3513 ”Η
3145 3457 3267 3538 οὖχί
3296 3459 3414 3516 τότέ
3446 3457 3652 3534 μᾶλλον
3686 3459 3844 3526 πλη-

2193 3543 2426 3614 σιάζουσι
2476 3556 2597 3609 ταῖς
2656 3544 2975 3622 ἀγγελικαῑς
3006 3545 3248 3622 ἀρεταῖς,
3278 3547 3427 3628 ὃταν,
3461 3551 3533 3612 ὡς
3591 3547 3842 3622 δυνατὸν,

2193 3633 2366 3712 ἐφέσει
2423 3639 2527 3690 τῶν
2586 3633 2738 3691 θείων
2793 3634 3114 3715 ἂναχωρῶσι
3143 3637 3241 3705 τῆς
3291 3642 3397 3693 τῶν
3440 3637 3633 3694 ὖλικῶν
3663 3661 3846 3716 προσ-

2191 3725 2428 3798 παθείας,
2476 3724 2919 3802 ὲγγυμναζόμενοι
2977 3727 3107 3803 πρὸς
3164 3729 3320 3784 τοῦτο
3375 3725 3494 3786 λίαν
3550 3728 3842 3807 ἀνδρικῶς,

2193 3814 2245 3868 ἐν
2275 3813 2400 3877 ταῖς
2447 3813 2577 3892 ὑπὲρ
2611 3823 2703 3872 τοῦ
2760 3813 2926 3871 καλοῦ
2969 3815 3334 3894 περιστάσεσιν
3408 3807 3584 3874 ’Ὥστε
3639 3818 3848 3886 ἀληθὲς

2194 3905 2384 3974 εἰπεῖν,
2421 3903 2501 3959 ὅτι
2561 3910 2716 3960 τοῦτο
2792 3902 2996 3978 μᾶλλον
3049 3904 3158 3962 ἐστι
3189 3910 3288 3972 τῆς
3317 3907 3456 3972 θείας
3498 3904 3847 3975 δικαιοσύνης

2195 3994 2350 4074 ἴδιον,
2385 3997 2444 4052 τὸ
2477 3996 2554 4070 μὴ
2599 3994 2806 4074 θέλγειν
2855 3997 2943 4052 καὶ
2993 3995 3280 4056 ἀπολλύειν
3326 4004 3430 4054 τῶν
3481 3999 3716 4076 ἀρίστων
3745 4004 3850 4069 τὴν

2194 4085 2516 4164 ἇρρενὸτητα
2541 4097 2663 4148 ταῖς
2707 4079 2813 4142 τῶν
2841 4085 3038 4143 ὑλικῶν
3067 4085 3330 4144 διαδόσεσι
3359 4089 3444 4159 55,
3489 4086 3653 4164 μηδὲ,
3707 4091 3850 4155 εἴτις

2195 4175 2495 4254 ἐπιχειροίη
2541 4175 2694 4230 τοῦτο
2737 4187 2936 4255 ποιεῖν,
2997 4177 3086 4247 ιᾷν
3144 4173 3492 4249 ἀϐοηθήτους,
3563 4177 3692 4235 ἀλλ’
3739 4180 3855 4236 ἐνιο

475 4260 734 4323 virorum
756 4261 926 4324 virile
948 4261 1136 4324 robur
1153 4280 1352 4323 rerum
1379 4261 1776 4324 materialium
1792 4262 2099 4341 largitioni-

2192 4261 2356 4339 δρύειν
2387 4267 2571 4326 αὐτοῦς
2602 4265 2658 4319 ἒν
2694 4269 2762 4340 τῇ
2817 4264 2956 4342 καλῇ
3015 4266 3101 4322 καὶ
3152 4265 3445 4341 ἀμειλίκτῳ
3500 4268 3717 4344 στάσει,
3767 4269 3857 4325 καὶ

475 4349 587 4412 bus
608 4352 877 4413 enervari
895 4360 1071 4432 atque
1093 4351 1519 4432 emolliri;quin
1547 4351 1761 4431 potius,
1798 4352 1844 4413 si
1879 4351 2018 4430 quis
2050 4351 2099 4413 id

2194 4352 2476 4427 ἀπονέμειν
2510 4352 2696 4416 αὐτοῖς
2725 4354 2982 4418 τοιούτοις
3007 4356 3121 4411 οὖσι
3153 4355 3217 4411 τὰ
3245 4353 3368 4412 κατ’
3389 4355 3564 4422 ἀξίαν,

477 4443 810 4518 tentaverit,
837 4440 1055 4504 divinis
1075 4441 1310 4503 auxiliis
1339 4440 1610 4503 sulfultos
1637 4440 1696 4501 in
1721 4440 2003 4522 pmclaro
2025 4441 2128 4504 illo
2161 4449 2218 4504 et
2241 4440 2594 4504 inconcusso
2618 4449 2775 4504 statu
2805 4440 3084 4520 solidare,
3112 4461 3223 4506 nec
3253 4462 3372 4507 non
3398 4453 3861 4526 perseverantes

475 4548 582 4608 pro
617 4531 845 4596 meritis
883 4530 1280 4595 remunerari.

2063 4693 2094 4773 §
2138 4689 2237 4754 ix.

557 4861 693 4924 Haec
719 4863 896 4926 etiam
919 4861 1120 4924 divina
1145 4859 1377 4942 justitia
1401 4868 1673 4942 tanquam
1707 4861 1978 4923 omnium
2011 4879 2099 4923 sa-

2278 4861 2420 4928 Αὕτη
2451 4868 2574 4940 γοῦν
2604 4865 2639 4932 ἡ
2668 4864 2779 4920 θεία
2820 4862 3126 4930 δικαιοσύνη
3179 4863 3266 4920 καὶ
3303 4867 3537 4943 σωτηρία
3569 4867 3679 4922 τῶν
3711 4867 3857 4924 ὅλων

478 4948 571 5010 lus
601 4952 958 5033 celebratur,
994 4951 1154 5033 quod
1200 4949 1500 5033 propriam
1533 4951 1825 5030 cujusque
1873 4952 1964 5013 rei
1997 4972 2099 5032 pu-

2193 4951 2462 5031 ὁμνεῖται,
2521 4953 2621 5020 τὴν
2671 4951 2803 5009 ἰδίαν
2853 4953 3077 5010 ἑκάστου
3139 4954 3225 5009 καὶ
3287 4955 3518 5027 καθαρὰν
3579 4955 3690 5013 ἀπὸ
3747 4958 3858 5014 τῶν

477 5048 603 5091 ram
628 5033 700 5092 ab
744 5033 879 5094 aliis
909 5030 1230 5094 essentiam
1266 5031 1662 5111 ordinemque
1706 5030 2014 5094 conservet
2042 5052 2099 5094 ac

2195 5038 2370 5097 ἄλλων
2425 5030 2491 5092 ³ο
2517 5041 2697 5100 οὖσίαν
2750 5044 2836 5100 καὶ
2892 5041 3039 5109 τάξιν
3097 5042 3443 5114 ἀποσώζουσα
3502 5047 3594 5102 καὶ
3646 5045 3862 5124 φυλάτ-

482 5128 854 5196 tueatur,nec
887 5141 1004 5182 non
1035 5139 1171 5182 vera
1203 5138 1378 5182 causa
1397 5127 1495 5202 sit,
1528 5128 1593 5181 ut
1622 5120 1914 5182 actionem
1947 5141 2099 5199 quae-

2198 5149 2378 5203 τουσα,
2414 5131 2498 5187 καὶ
2547 5133 2684 5188 αἰτία
2740 5135 2977 5210 καθαρῶς
3034 5139 3164 5189 οὖσα
3218 5136 3316 5198 τῆς
3387 5131 3443 5187 ἰν
3520 5120 3672 5197 τοῖς*
3706 5133 3860 5198 ὅλοις

480 5228 596 5290 que
618 5229 780 5273 suam
809 5211 1086 5273 universa
1110 5218 1565 5292 prosequantur.
1601 5209 1665 5273 Si
1694 5211 1827 5290 quis
1859 5229 1996 5273 vero
2019 5230 2099 5274 sa-

2201 5214 2549 5298 ιδιοπραγίας.
2608 5223 2666 5278 Ei
2719 5218 2775 5280 δέ
2813 5209 2894 5288 τις
2949 5222 3046 5291 τὴν
3074 5221 3337 5299 σωτηρίαν
3396 5222 3618 5297 ὑμνοίη,
3655 5227 3752 5280 καί
3783 5224 3862 5287 ὡς

476 5300 662 5364 lutem
684 5301 1205 5384 laudet,quatenus
1225 5317 1259 5362 a
1278 5299 1459 5363 rebus
1475 5299 1876 5363 deterioribus
1901 5311 2099 5367 cuncta

2198 5303 2256 5361 ἐκ
2315 5314 2418 5364 τῶν
2476 5309 2736 5390 χειρόνων
2786 5312 2852 5368 τὰ
2924 5309 3026 5368 ὁλα
3083 5316 3357 5375 σωστικῶς
3439 5309 3864 5388 ἀναρπάζουσιν

1791 5436 2056 5502 VARllE
2097 5439 2537 5510 LECTIONES.

559 5576 620 5666 51-
675 5579 802 5666 φησὶ
833 5579 932 5666 γὲρ
993 5575 1226 5666 affixa»
1255 5575 1436 5666 εἶξαι,
1547 5569 1696 5666 εἰ)...
1729 5571 1793 5623 8⁸1
1826 5575 1911 5666 γῇ
1972 5581 2359 5666 inpage-[Mente
2387 5586 2485 5653 τὴν
2534 5583 2902 5666 αὖτοιιίνήτον,
2934 5578 3008 5646 ι).
3090 5580 3147 5626 ⁵³
3187 5585 3326 5643 εἶναι
3373 5542 3650 5664 τὰοφῦσιι,
3684 5581 3754 5648 S.
3787 5583 3869 5649 Ρ,

480 5651 537 5698 δι
575 5649 933 5734 αῑωᾷίους,
1019 5649 1083 5710 55
1122 5668 1245 5720 ταῖς
1274 5655 1378 5715 τῶν
1408 5649 1611 5712 Ἑλικὼν
1641 5649 1841 5734 δόσεσι,
1873 5651 1936 5717 S.
1969 5649 2070 5726 D,'
2125 5661 2190 5716 56
2231 5649 2393 5728 ὅλων.
