4052 6196
472 359 590 430 899
1640 362 1701 433 s.
1746 367 2090 433 DIONYSII
2131 359 2660 436 AREOPAGITE.
3701 363 3799 440 900

468 521 594 578 cap.
630 506 725 577 Vi)
751 514 921 577 patet,
952 498 1375 579 quodpotentia
1409 500 1509 562 Dei
1539 506 1800 576 potentiae
1827 505 2126 579 _eﬁectrix,
2157 523 2286 579 quae
2307 521 2546 565 omnem
2575 503 3234 579 exsuperatpoteptiam.
3284 519 3412 578 quae
3443 513 3526 564 est
3552 522 3714 566 unum
3753 523 3796 568 et

466 573 1174 650 supraquam_substantia,
1201 592 1323 648 quae
1351 573 1582 650 omnem
1623 577 1934 650 potentiam
1969 580 2029 650 in
2060 573 2121 636 se
2163 573 2466 650 prashabet,
2519 585 2576 632 et
2620 573 2971 650 suprahabet
3024 573 3151 650 haec
3188 573 3418 635 omnem
3474 585 3792 648 potestatem,

467 647 581 705 tam
612 647 936 719 generalem
968 663 1139 723 quam
1171 647 1680 723 partic_ul_arem,_et
1711 649 1894 723 ipsam
1924 649 2078 723 illam
2107 647 2297 723 peresa
2331 651 2635 723 potentiam
2667 648 3023 723 cogitatiena
3049 648 3415 723 abstractam,
3458 647 3528 723 ex
3576 651 3643 706 iis
3686 647 3792 723 quae

466 733 581 777 non
615 717 768 779 sunt.
803 717 1119 777 secundum
1151 717 1312 776 suam
1343 718 1714 776 inﬂexibilem
1736 717 1801 776 et
1831 717 2384 792 incircumscriptam
2423 717 2761 792 potentiam.
2790 717 3073 792 nroducit,
3103 729 3157 776 et
3189 719 3319 778 facit
3355 720 3622 778 exsistere
3641 717 3795 791 ;e'tex

463 792 976 916 ipsaﬂemanatione
1032 806 1153 862 quae
1215 793 1274 848 in
1336 794 1604 848 universo
1659 791 1937 857 cernitur,
1997 789 2249 864 suppetit
2304 789 2471 851 nobis
2503 789 2738 849 facultas
2795 789 2970 847 Deum
3028 792 3217 862 ipsum
3280 791 3582 862 potentiam
3641 789 3796 851 nomi-

463 875 577 916 nan
651 904 662 916 .

463 875 662 919 Dan").

529 932 680 1009 §_IIl_.
721 931 846 1009 Haec
873 934 1038 1003 igitur
1059 934 1300 1009 potentia
1332 934 1428 1009 Dei
1455 933 1887 1009 inﬁnitiopntcns,
1922 935 2194 1009 ineomnia
2220 951 2336 1009 qua
2359 942 2518 1009 sunt,
2541 938 2705 996 meat,
2735 940 2872 1009 etc._
2893 931 3008 1009 Ex_
3032 933 3123 990 his
3149 1005 3158 1009 Α
3181 934 3392 1004 (inquit
3449 932 3657 990 ibidem
3706 936 3792 1008 Cy.

460 1002 820 1078 parissiotus)
852 1002 1031 1078 pOtest
1060 1002 1196 1076 quis
1228 1002 1521 1076 percipere
1551 1002 1922 1078 proprietates
1951 1007 2093 1077 ejus.
2125 1002 2382 1065 Cernitur
2429 1007 2583 1063 enim
2628 1002 3114 1078 quemadmodum
3147 1002 3204 1061 in
3235 1002 3592 1078 quaecunque
3624 1002 3792 1077 perva-

461 1075 558 1140 dit,
593 1085 646 1134 et
666 1077 720 1150 _si
748 1077 828 1134 ias
855 1074 941 1132 est
970 1074 1182 1144 dicere,
1216 1074 1403 1150 ipsum
1436 1074 1579 1141 esse,
1613 1074 1674 1150 et
1696 1076 1850 1148 quod
1880 1074 2330 1136 est'universum
2361 1092 2503 1142 esse,
2533 1074 2690 1148 quod
2728 1084 2787 1132 ut
2837 1074 2938 1150 _sit,
2993 1074 3302 1150 potentiam
3362 1074 3533 1133 habet
3583 1074 3649 1133 ab
3692 1081 3790 1150 ipsa

463 1145 714 1218 potentia
744 1162 875 1219 quae
905 1162 1075 1221 supra
1110 1145 1486 1221 subatantiam
1518 1158 1621 1205 est.
1653 1145 1833 1221 Igitur
1863 1158 1915 1205 et
1943 1165 2067 1206 esse
2097 1165 2242 1221 opus
2271 1159 2355 1208 est
2385 1145 2653 1220 potentiae
2681 1161 2700 1218 ;
2755 1146 2852 1203 scd
2895 1160 3012 1203 non
3073 1147 3259 1217 ipsum
3300 1145 3794 1221 _essepotentia'est

456 1231 664 1276 verum
705 1218 973 1289 tanquam
1007 1220 1076 1291 iu
1091 1219 1348 1291 subjecto
1378 1228 1462 1278 est
1491 1222 1760 1289 p0tentia.
1794 1219 2064 1277 Praeterea
2097 1218 2242 1278 inest
2277 1218 2591 1291 proprietas
2620 1230 2972 1291 supraquam
3005 1232 3169 1288 posse
3201 1237 3216 1284 ;
3265 1218 3546 1291 siquidem
3579 1222 3790 1288 potentia

461 1303 805 1362 supraquam
836 1300 1031 1361 potens
1065 1290 1177 1354 Dei,
1202 1289 1333 1361 'qui,
1363 1299 1447 1348 est
1477 1305 1820 1361 supraquam
1853 1292 2192 1358 substantia,
2227 1289 2429 1348 indidit
2454 1291 2636 1362 nobis
2676 1289 3026 1362 intellectum
3061 1290 3412 1358 possibilem,
3457 1299 3521 1348 ut
3548 1291 3640 1361 qui
3688 1306 3797 1348 eum

463 1359 732 1433 produxit
761 1369 816 1418 et
848 1359 1080 1425 ereavit,
1115 1363 1185 1418 sit
1215 1359 1563 1433 supraquam
1595 1359 1795 1433 potens
1825 1363 1892 1417 ad
1926 1362 2359 1433 producendum
2391 1361 2532 1420 aliis
2558 1362 2852 1432 potentias.
2875 1359 3128 1417 diversas
3154 1362 3227 1433 ab
3257 1362 3329 1433 iis
3356 1377 3480 1432 quae
3510 1359 3656 1424 sunt,
3683 1362 3790 1433 inﬁ-

459 1433 572 1488 nite
605 1432 875 1497 inﬁnitas,
911 1441 967 1489 et
1001 1436 1151 1504 quod
1175 1432 1409 1490 inﬁntiae
1431 1432 1696 1504 potentiae
1718 1433 1772 1488 in
1797 1432 2084 1504 inﬁnitum
2109 1437 2425 1504 productae
2450 1433 2792 1491 creationem
2815 1446 3164 1504 supraquam
3189 1432 3470 1489 inﬁnitam
3494 1432 3796 1503 potentiﬁca

460 1508 718 1576 potentia:
749 1506 872 1574 ejus
904 1501 1207 1564 retundere
1229 1501 1543 1574 numquam
1575 1515 1834 1576 possunt.
1868 1503 1921 1559 Si
1957 1501 2128 1576 igitur
2160 1507 2412 1574 potentia
2445 1515 2673 1562 ostensa
2705 1515 2820 1560 non
2852 1501 3093 1576 haberet
3119 1505 3428 1573 potentiam
3480 1501 3585 1560 bas
3620 1514 3800 1576 poten-

461 1575 566 1631 tias
596 1576 906 1645 recipiendi
941 1589 1237 1646 nunquam
1261 1574 1611 1645 promitteret
1641 1574 2259 1646 Dionysius,'inﬁnitas
2289 1577 2411 1634 Ilias
2437 1579 2742 1646 p0tentias,
2781 1589 2811 1630 a
2845 1574 3172 1646 poteniiﬁca
3205 1576 3455 1645 potentia
3493 1575 3795 1646 productas.

455 1657 569 1701 non
606 1661 772 1715 posse
803 1645 1093 1720 actionem
1118 1646 1162 1717 rj
1176 1662 1238 1702 us
1269 1646 1529 1704 obtusam
1559 1645 1814 1720 reddere.
1839 1647 2028 1714 Quare
2059 1651 2249 1706 eVenit
2278 1657 2338 1706 ut
2369 1647 2622 1720 potentia
2663 1647 2814 1703 bono
2841 1645 3300 1717 appropinquat;
3331 1647 3469 1720 quia
3497 1645 3648 1704 sicut
3674 1647 3798 1704 nihil

457 1730 552 1791 est
579 1732 783 1791 expers
814 1718 1212 1791 bonitatis,_iia
1249 1733 1433 1791 neque
1465 1717 1776 1791 potestatis.

529 1787 671 1857 §1VI
699 1790 868 1860 Atqui
898 1789 1066 1861 inquit
1097 1787 1481 1859 Elymas,etc.
1521 1789 1770 1846 Pulchre
1796 1790 2046 1847 ostendit
2093 1799 2288 1848 contra
2343 1788 2618 1861 Elymam,
2669 1789 2852 1846 Deum
2889 1787 3142 1858 seipsum
3196 1802 3312 1861 non
3372 1804 3540 1860 posse
3595 1802 3796 1859 negare.

459 1873 575 1932 non
609 1859 1030 1932 posse’meniiifl
1061 1869 1113 1916 et
1143 1863 1372 1925 Similia,
1405 1876 1518 1918 non
1553 1876 1677 1916 esse
1710 1861 2072 1930 impotentiae,
2102 1861 2202 1919 sed
2233 1859 2467 1919 inﬁnitae
2497 1863 2758 1931 potentiae
2788 1868 3208 1929 argumentum.
3247 1859 3337 1932 Uti
3361 1875 3592 1932 quoque
3625 1863 3799 1931 probat

460 1930 870 1996 Theodoretus,
903 1930 1122 2001 dialogo
1154 1933 1315 2003 tertio
1346 1937 1538 1988 contra
1569 1933 1840 1989 ereses:
1882 1954 1906 1983 α
1943 1933 2130 1998 Multa,
2175 1934 2378 2003 inquit,
2427 1930 2559 1989 talia
2608 1934 2974 2002 reperiuntur
3026 1930 3404 2001 impossibilia
3460 1947 3586 1990 esse
3630 1930 3798 1989 omni-

457 2011 671 2074 potenti
706 2004 820 2061 Deo
853 2024 866 2068 ;
921 2019 1116 2059 verum
1168 2002 1370 2060 borum
1402 2004 1694 2074 quidpiam
1745 2018 1861 2060 non
1902 2019 2088 2074 posse,
2138 2002 2379 2061 inﬁnitae
2410 2006 2674 2072 potentiae
2704 2005 2931 2074 signum
2952 2011 3056 2066 est,
3088 2016 3206 2059 non
3240 2003 3644 2062 imbecillitatis
3671 2003 3798 2060 indi-

458 2073 611 2130 cium
637 2090 653 2144 ;
683 2089 852 2146 posse
885 2091 933 2127 ν(
948 2089 1029 2144 ro,
1063 2077 1256 2146 utique
1293 2073 1660 2146 imputeniiae,
1693 2089 1804 2131 non
1838 2073 2102 2144 potentiae
2158 2074 2456 2144 Quomodo
2505 2075 2609 2133 hoc
2653 2073 2822 2146 dico?
2862 2077 3133 2146 quoniam
3157 2077 3322 2132 420
3373 2074 3797 2146 unumquodque

457 2159 655 2217 eorum
685 2144 785 2217 Dei
820 2145 1144 2203 ﬁrmitatem
1166 2144 1805 2217 'inimutabilitatomque
1839 2146 2202 2215 deprthicat,
2242 2147 2482 2212 Bonum,
2515 2146 2668 2202 enim
2706 2145 2919 2203 malum
2961 2144 3082 2201 ﬁeri
3125 2159 3240 2201 non
3280 2159 3465 2214 posse,
3518 2144 3800 2217 superemi-

461 2216 712 2289 nentiam
743 2215 972 2289 denotat
1023 2217 1336 2289 bonitatis;
1383 2226 1437 2274 et
1479 2215 2045 2288 justum‘nunquam
2102 2233 2264 2286 posse
2294 2217 2418 2274 ﬁeri
2450 2220 2745 2289 injustum,
2774 2231 2884 2289 nec
2931 2230 3190 2272 veracem
3241 2215 3797 2285 mendacem,hocin

460 2287 693 2345 veritate
722 2299 889 2359 atque
915 2287 1130 2360 justitia
1163 2287 1519 2360 stabilitatem
1580 2287 2040 2360 soliditateuique
2064 2289 2428 2346 demonstrat.
2466 2287 2739 2346 Similiter
2771 2288 2871 2360 lux
2896 2299 3024 2345 vera
3057 2301 3171 2360 non
3195 2295 3380 2360 potest
3407 2290 3798 2351 tenebrescere.

457 2372 578 2432 nec
600 2360 647 2414 is
676 2360 774 2430 qui
809 2370 895 2432 est
910 2359 1038 2432 Anon
1071 2374 1195 2417 esse
1227 2379 1240 2425 ;
1292 2359 1581 2417 sufﬁciens
1612 2359 1763 2416 enim
1798 2359 1965 2416 habet
1996 2376 2142 2430 esse,
2189 2370 2356 2432 atque
2397 2360 2764 2432 immutabilis
2813 2359 2912 2416 lux
2960 2359 3324 2432 exsistit._Sic
3373 2370 3432 2432 et
3457 2361 3572 2417 alia
3620 2365 3798 2416 cuncta

458 2428 826 2502 perlustrans,
862 2430 1002 2487 illud
1033 2447 1137 2487 non
1165 2446 1318 2502 posse
1346 2432 1665 2502 comperies
1699 2445 1983 2488 summam
2015 2428 2322 2502 potentiam
2356 2431 2697 2502 signiﬁcare.
2732 2430 2805 2486 lia
2845 2445 3074 2502 quoque
3115 2430 3174 2486 in
3209 2429 3321 2488 Deo
3362 2430 3498 2488 talia
3527 2446 3637 2486 non
3671 2445 3798 2502 pom

459 2500 700 2574 divinus,
718 2502 1028 2572 Apostolus
1061 2512 1116 2559 et
1148 2500 1423 2559 intellexit
1471 2500 1524 2560 et
1558 2505 1766 2573 posuit,
1829 2500 2201 2573 nonunquam
2243 2500 2469 2572 quidem
2519 2502 2750 2558 dicens:
2801 2500 3133 2574 Inipossibile
3178 2512 3254 2558 est
3293 2503 3515 2559 mentiri
3567 2500 3796 2570 Deu'md;

458 2586 573 2629 non
608 2573 900 2630 inﬁrmum
947 2574 1090 2630 illud
1125 2575 1493 2644 impossibile,
1527 2574 1626 2629 sed
1657 2575 1814 2630 valde
1845 2584 2044 2644 potens
2073 2574 2375 2632 ostendens
2404 2574 2537 2630 alibi
2571 2589 2704 2631 vero
2735 2573 3030 2633 scribens:
3072 2573 3278 2643 Negare
3305 2575 3541 2644 scipsum
3585 2589 3683 2628 ium
3719 2589 3798 2645 po-

455 2648 551 2718 test
573 2654 612 2718 ο,
649 2645 864 2702 Rursus
895 2659 1034 2717 ergo
1061 2645 1203 2701 illud
1232 2661 1337 2718 non
1360 2653 1532 2718 potest
1564 2646 1794 2703 inﬁnitae
1823 2655 1907 2702 est
1938 2645 2444 2718 demonstrativum
2487 2647 2766 2715 potentiae.
2819 2645 3067 2718 Tametsi
3120 2645 3316 2718 enim._
3356 2645 3563 2718 inquit,
3621 2657 3794 2701 omnes

460 2713 733 2799 homines
755 2719 945 2799 ipsum
966 2713 1264 2799 negarent,
1285 2713 1379 2798 ips
1393 2737 1403 2765 ε
1425 2717 1573 2775 Deus
1599 2727 1708 2799 est,
1733 2726 1787 2799 et
1809 2717 2096 2799 anpropria
2122 2730 2234 2799 non
2263 2717 2468 2799 excidit
2488 2713 2691 2799 natura
2715 2732 2733 2799 ;
2759 2731 2893 2799 nam
2923 2713 3553 2799 iiicorrtiptibilehsibet
3573 2731 3708 2774 esse.
3730 2718 3796 2772 uti

456 2786 740 2860 signiﬁcat
774 2786 953 2845 illud:
984 2786 1193 2860 Negare
1220 2788 1458 2858 seipsum
1489 2804 1594 2844 non
1618 2795 1807 2860 petat.
1840 2786 2290 2860 Rednndantiam
2318 2789 2493 2860 igitur
2523 2789 2735 2860 indicat
2762 2786 3031 2859 potentia:
3063 2786 3157 2844 illa
3189 2787 3249 2843 in
3281 2787 3536 2845 deterius
3568 2801 3797 2844 commu~

452 2859 683 2983 Sationis
718 2860 1069 2983 impotentiae
1104 2859 1221 2940 Hoc
1250 2857 1420 2916 modo
1453 2857 1637 2917 multa
1662 2857 1772 2915 Deo
1803 2868 1934 2916 sunt
1971 2857 2371 2931 impossibilia}
2400 2867 2454 2916 et
2483 2859 2710 2932 quidem
2745 2857 2823 2918 tet
2851 2866 3138 2930 tantaque.
3163 2867 3302 2929 quot
3332 2867 3660 2930 quantaque
3686 2867 3797 2916 sunt

495 2942 655 2983 mnae
685 2944 754 2983 na
789 2945 906 2983 UT!!!
936 2945 1039 2983 COD
1075 2943 1238 2983 raria.

495 2937 655 2984 ivtnae
685 2939 906 2987 natura:
936 2937 1238 2986 contraria.

527 2999 554 3069 §
586 3000 640 3056 ν.
654 3002 697 3054 Α
714 3001 938 3072 justitia
959 3009 1132 3057 autem
1152 3000 1620 3073 rursuslaudatur
1641 3001 1933 3073 Deusetc.
1957 3001 2072 3058 Non
2097 3002 2247 3073 quod
2275 3003 2396 3072 ipse
2416 3001 2764 3073 sitcognitus
2780 2999 2993 3072 justitia
3018 3001 3150 3069 (hoc
3166 3003 3340 3064 enim,
3369 3001 3558 3073 inquit
3583 2999 3801 3070 Cyparis-

456 3070 834 3144 siotussupra
857 3075 1080 3137 citatus,
1096 3086 1282 3143 neque
1300 3070 1457 3129 eﬂari
1481 3088 1666 3144 neque
1689 3072 2010 3142 intelligere
2029 3070 2349 3144 possumus,
2368 3075 2516 3132 sicut
2535 3070 2946 3144 magnitudinis
2967 3073 3090 3143 ejus
3114 3087 3231 3144 non
3253 3077 3339 3144 est
3359 3070 3515 3138 ﬁnis,
3538 3081 3594 3128 et
3613 3073 3800 3144 intelle-

457 3149 582 3217 ctus
609 3139 879 3217 ejuslnon
909 3153 992 3200 est
1021 3139 1344 3217 numerus),
1377 3143 1474 3200 sed
1505 3139 2112 3217 cognoscitur'justiftia
2145 3159 2211 3217 ex
2229 3143 2447 3216 justitia
2476 3139 2658 3217 quam
2672 3145 2938 3217 produxit
2961 3139 3022 3217 in
3045 3143 3231 3217 nobis,
3256 3143 3561 3217 imponens
3577 3143 3798 3217 singulis

456 3211 925 3287 rebusnidinem
957 3224 1008 3272 et
1026 3214 1490 3287 descriptionem,
1515 3211 1792 3272 et'caetera
1817 3211 2003 3272 omnis
2021 3211 2256 3287 iustitiae
2279 3211 2548 3287 pondera.
2575 3211 2797 3274 Justitia
2824 3216 2966 3287 enim
2993 3213 3113 3281 Dei,
3137 3229 3263 3286 quae
3285 3211 3437 3287 justa
3462 3225 3567 3281 est,
3592 3221 3646 3271 et
3657 3211 3800 3285 j'usti-

458 3285 566 3340 tias
587 3282 1252 3358 diligit,tiniuscujusque
1273 3300 1468 3358 eoium
1493 3303 1614 3358 quae
1632 3295 1762 3344 sunt
1782 3282 2044 3343 ordinem
2061 3282 2341 3358 deﬁnit,et
2357 3288 2700 3356 producit,et
2719 3286 2880 3358 ponit
2900 3282 3211 3343 secundum
3238 3282 3526 3357 propritim
3540 3282 3795 3358 actionem

455 3363 510 3412 et
538 3355 858 3431 secundum
887 3355 1235 3431 supraquam
1271 3355 1554 3431 inﬁnitain
1580 3359 2077 3431 justitiamsuam,
2108 3355 2426 3431 unicuique
2451 3355 2688 3431 justitiae
2718 3355 2789 3414 ab
2818 3359 2942 3428 ipso
2968 3355 3268 3431 productae
3290 3355 3560 3431 virtutem
3593 3355 3796 3431 indidit,

452 3426 788 3501 reddentem
819 3426 1099 3486 omnibus
1119 3442 1222 3500 pro
1253 3428 1528 3499 dignitate
1557 3426 1643 3487 v'el
1693 3430 1978 3501 propriam
2010 3430 2292 3487 actionem
2323 3426 2569 3501 partium
2618 3426 2857 3495 animae,
2883 3426 2999 3501 vel'
3032 3427 3483 3501 medmcritatem
3515 3430 3661 3485 inter
3687 3426 3799 3498 plus

456 3507 510 3553 et
529 3498 756 3571 _minus,
785 3501 872 3556 vel
905 3498 1215 3571 appetitum
1254 3498 1598 3557 tribuentem
1625 3498 2020 3571 aequalitatem,
2052 3501 2139 3556 vel
2173 3498 2372 3558 rursus
2401 3503 2657 3558 habitum
2701 3500 3142 3571 prospicientem
3174 3500 3332 3557 utilia
3361 3501 3442 3571 _in
3493 3512 3798 3571 commune,

457 3568 544 3625 vel
575 3568 878 3628 scientiam
908 3568 1260 3642 eorumquae
1283 3585 1416 3628 sunt
1449 3568 1768 3637 tribuenda,
1803 3583 1854 3630 et
1887 3568 2012 3642 quae
2036 3585 2150 3628 non
2185 3573 2504 3637 tribuenda,
2533 3572 2618 3628 vel
2664 3568 2928 3628 neutrum
2965 3589 2978 3633 ;
3014 3583 3065 3627 et
3095 3581 3156 3628 ut
3201 3569 3376 3628 semel
3411 3571 3618 3637 dicam,
3668 3569 3796 3626 nihil

452 3641 683 3712 reliquit
713 3645 835 3700 sine
867 3643 1084 3700 honore
1108 3641 1336 3713 justitiae
1362 3659 1390 3700 a
1423 3658 1484 3700 se
1515 3644 1818 3714 productae,
1867 3641 2006 3714 quin
2039 3644 2225 3712 potius
2255 3658 2455 3701 omnes
2485 3643 2721 3714 capillos
2752 3644 2952 3714 capitis
2981 3645 3160 3700 nostri
3217 3651 3501 3700 numerat.
3534 3653 3588 3698 et
3623 3655 3796 3711 passe-

451 3724 573 3768 rem
604 3714 848 3771 duorum
878 3715 1095 3772 assium
1133 3728 1244 3771 non
1282 3717 1416 3770 sinit
1447 3715 1702 3774 incidere
1736 3717 1792 3771 in
1827 3714 2094 3785 laqueum
2135 3715 2258 3786 sine
2290 3715 2576 3786 jutlssima
2609 3715 2890 3772 voluntate
2921 3714 3062 3771 suaf
3091 3732 3104 3779 ;
3155 3723 3209 3771 et
3262 3714 3571 3786 injustitias
3596 3723 3796 3786 nostras

450 3786 891 3857 quedicuntur.
923 3786 1211 3843 convincit
1244 3799 1368 3842 esse
1399 3789 1787 3845 aberrationes
1816 3782 2148 3843 nostrorum
2179 3782 2616 3844 desideriorum.
2671 3786 2912 3843 Cunctos
2971 3800 3103 3842 vero
3145 3782 3497 3857 justitiasua
3522 3782 3727 3857 implet,
3753 3788 3798 3839 et

447 3855 828 3929 nihileorum
861 3871 987 3929 quae
1015 3865 1170 3922 sunt,
1203 3858 1261 3929 in
1293 3871 1354 3929 re
1385 3857 1499 3914 ulla
1532 3858 1686 3929 justa
1719 3858 1844 3929 ejus
1874 3857 2057 3914 salute
2082 3866 2137 3914 et
2175 3859 2609 3916 conservatione
2639 3857 3038 3929 privatumeest
3070 3855 3264 3929 ;t_inde
3300 3856 3522 3914 videtur
3552 3855 3685 3912 mihi
3713 3869 3797 3909 va-

451 3924 569 4001 lere
601 3926 745 3984 illud
769 3924 1164 4001 pervulgatum
1192 3945 1210 3984 :
1242 3924 1779 4001 Injuriam'qutdem
1811 3930 1995 4001 facere
2025 3942 2264 4001 omnes,
2285 3929 2430 4001 nulli
2460 3944 2595 3987 vero
2624 3924 2892 4000 injuriam
2925 3926 3070 4001 ﬁeri.
3104 3927 3353 4001 Qualem,
3391 3934 3581 4001 autem
3626 3939 3796 4001 teque-

453 3997 681 4073 litatem
699 4007 752 4057 et
770 3993 1030 4073 dabitita)
1057 3999 1230 4073 iustia
1261 3993 1634 4070 réspicistfet
1662 4000 1948 4073 quomodo
1980 3999 2101 4056 haec
2129 4001 2186 4056 in
2228 3993 2358 4059 ’Deo
2389 4000 2577 4059 locum
2608 3993 2873 4069 habeant,
2905 3998 3030 4057 vide
3087 3993 3145 4056 in
3203 3999 3398 4058 Lessio
3452 3996 3554 4054 lib.
3611 3993 3706 4055 xiii
3733 3993 3796 4053 Dii

448 4069 877 4142 perfectionibus
906 4069 1132 4136 divinis,
1165 4084 1290 4141 cap.
1329 4069 1436 4127 iit
1471 4087 1628 4144 seqq.

1514 4242 2039 4307 PABAPHBASIS
2081 4239 2566 4310 PACHYMEB/E
2610 4242 2758 4322 (44).

535 4349 626 4429 δι.
646 4355 934 4417 Caeterum
954 4368 1088 4412 cum
1111 4349 1364 4429 theologi
1398 4352 1584 4412 Deum
1610 4369 1971 4432 supraquam
1996 4371 2085 4416 sa-

2247 4352 2276 4432 §
2336 4353 2380 4414 I.
2415 4350 2565 4408 Ἀλλ’
2623 4348 2812 4418 ἕπειδὴ
2869 4350 2965 4418 τὴν
3020 4347 3314 4428 ὑπέρσόφον
3354 4347 3668 4415 ἀληθότητὰ
3721 4346 3796 4400 τὸν

454 4443 716 4524 pientem
743 4439 1258 4514 veritatem,etiam
1291 4441 1568 4503 virtutem
1604 4458 1709 4502 seu
1745 4442 2092 4521 potentiam,

2181 4445 2309 4499 Θεὸν
2365 4443 2452 4497 καὶ
2511 4439 2750 4518 δύναμιν,
2814 4441 2903 4494 καὶ
2965 4436 3327 4513 δικαιιοσύντμο⁹
3386 4439 3476 4494 καὶ
3534 4436 3794 4511 enimp-fait,

455 4522 513 4595 et
535 4530 825 4612 justitiam
858 4539 917 4592 et
945 4529 1193 4592 salutem
1229 4537 1285 4592 et
1329 4529 1806 4610 redemptionem
1863 4540 2092 4610 vocent,

2182 4534 2266 4588 καὶ
2322 4530 2688 4608 ἀπολύτρωσιν
2730 4526 2981 4584 καλοῦσιν
3003 4531 3051 4583 οἱ
3108 4525 3371 4604 θεολόγοι,
3401 4527 3528 4606 φέρε
3557 4527 3644 4583 καὶ
3687 4522 3796 4580 ταΰ-

454 4641 560 4703 age
581 4622 756 4685 etiam
788 4621 913 4684 haec
928 4621 1127 4683 divina
1157 4620 1402 4682 nomina
1424 4621 1820 4701 explicemus,
1839 4641 2097 4704 praesup-

454 4713 661 4794 posito,
689 4714 877 4774 Deum
907 4711 1036 4772 sine
1066 4712 1509 4790 comparatione
1543 4709 1834 4773 excedere
1856 4730 2097 4773 omnem

453 4801 803 4883 potentiam,
838 4817 969 4880 quin
999 4799 1088 4860 vel
1121 4807 1211 4863 est
1245 4800 1331 4861 vel
1366 4799 1687 4880 excogitari
1722 4807 1936 4881 potest.
1969 4803 2099 4864 Non

454 4890 622 4972 dixit,
650 4889 1085 4972 intellectilem,
1115 4907 1250 4951 nam
1269 4899 1329 4954 et
1347 4889 1633 4970 angelica:
1653 4889 1898 4954 virtutes
1929 4889 2099 4951 intel-

454 4979 687 5044 lectiles
714 4980 1029 5054 exsistunt,
1067 4978 1285 5060 quibus
1310 4978 1497 5042 Deum
1539 4997 1673 5042 esse
1702 4979 2098 5062 superiorem,

457 5069 835 5133 manifestum
861 5077 986 5151 est;
1015 5068 1118 5132 sed
1146 5068 1520 5149 simpliciter,
1541 5068 2016 5150 excogitabilem,
2032 5088 2100 5132 ac

452 5161 504 5224 si
523 5161 680 5224 dicat
704 5181 717 5224 :
740 5159 1225 5240 Qualemcunque
1245 5159 1380 5241 quis
1399 5159 1722 5242 potentiam
1769 5158 2102 5238 echgitare

455 5250 660 5332 possit,
686 5253 844 5312 Deus
867 5259 1064 5312 tamen
1094 5248 1282 5330 ipsam
1308 5249 1440 5312 sine
1463 5255 1906 5330 comparatione
1932 5265 2104 5310 exce-

455 5341 585 5421 dit;
620 5341 913 5422 siquidem
940 5338 1263 5420 Scripturaa
1291 5357 1530 5422 quoque
1559 5342 1748 5404 Deum
1783 5337 2098 5400 Dominum

453 5431 737 5495 virtutum
773 5448 880 5493 seu
911 5437 1264 5512 potestatum
1295 5435 1526 5510 vocant,
1553 5428 1720 5510 juxta
1747 5425 1932 5490 illud:
1971 5427 2098 5489 Do-

533 5610 562 5656 ἀ
584 5607 774 5674 Hebr.
804 5618 886 5687 Vl,
922 5607 1023 5674 18.
1108 5615 1132 5643 ⁸
1157 5603 1211 5671 ιι
1235 5604 1394 5670 Tim.
1425 5623 1490 5682 tt,
1526 5603 1624 5672 i3.

2180 4643 2272 4686 τας
2336 4621 2429 4684 τὰς
2500 4620 2790 4694 θεωνυμίας
2871 4615 3273 4692 ἆναπτύξωμεν,
3347 4612 3798 4695 προϋποκειμένω,

2181 4711 2261 4769 ὅτι
2305 4708 2629 4789 ἆσυγκρίτως
2679 4705 2929 4787 ὑπερέχει
2981 4707 3044 4763 τὸ
3104 4714 3262 4763 Θετον
3292 4705 3467 4778 πάσης
3526 4706 3614 4760 καὶ
3665 4701 3802 4764 οὔσης

2184 4802 2272 4858 καὶ
2330 4797 2705 4874 ἒπινοουμένὴς
2737 4793 3031 4871 δυναμεως.
3077 4797 3186 4854 Οὐκ
3242 4795 3368 4852 εἷπε
3398 4792 3451 4850 δὲ
3515 4789 3799 4865 νοοομένης,

2184 4891 2254 4966 (αἱ
2311 4891 2411 4968 γὰρ
2441 4886 2728 4967 ἀγγελικαὶ
2767 4885 3051 4958 δυνάμεναι
3105 4883 3383 4960 vomitus-aui
3439 4883 3593 4957 εἰσιν,
3621 4884 3690 4938 ὧν
3737 4878 3804 4933 ὅτι

2182 4980 2433 5059 ὑπερέχει
2464 4979 2525 5034 τὸ
2557 4983 2740 5050 Θεϊον,
2773 4974 2984 5048 δῆλον’)
3014 4971 3137 5031 ἀλλ’
3167 4971 3353 5037 ἁπλῶς
3383 4969 3800 5048 Ἐπινοωμέτης,

2183 5071 2254 5130 ὡς
2287 5067 2349 5123 ἂν
2380 5067 2423 5122 εἰ
2449 5064 2650 5143 ἔΑεγεν⁹
2679 5062 2718 5092 ’¹
2726 5074 2819 5122 Οτι
2866 5063 2963 5121 κᾶν
2995 5063 3119 5120 o'i'av
3146 5085 3227 5126 τις
3271 5059 3515 5129 δυνηθείη
3547 5061 3800 5123 ἐπινοῆσαι

2183 5156 2424 5232 δύναμιν,
2486 5157 2574 5211 καὶ
2631 5153 2798 5222 αὑτῆς
2856 5152 3184 5232 ἁσυγκρίτως
3242 5150 3492 5228 ὑπερέχει
3533 5150 3594 5206 τὸ
3642 5146 3804 5204 Θεῖον’

2183 5249 2236 5304 αἱ
2297 5245 2398 5324 γάρ
2456 5245 2655 5325 Γραφαιί
2725 5238 2810 5300 καὶ
2869 5244 3063 5320 Κύριον
3118 5246 3224 5298 τῶν
3295 5237 3564 5315 δυνάμεων
3618 5234 3805 5325 λέγρυςι

2183 5338 2274 5393 τὸν
2313 5321 2505 5408 -Θεὸνέ
2566 5321 2654 5389 ita}
2739 5333 2824 5408 τὸ,
2887 5332 3080 5408 Κύριος
3149 5335 3255 5386 τῶν
3321 5326 3612 5406 δυνάμεων,
3674 5321 3805 5381 αὐτός

2183 5426 2324 5483 ἐστιν
2385 5425 2414 5480 ὁ
2469 5420 2715 5501 βασιλεὺς
2771 5425 2870 5488 τῆς
2928 5415 3109 5499 δόξης,
3152 5421 3262 5495 καὶ,
3327 5418 3518 5497 Κύριος
3577 5421 3681 5472 τῶν
3729 5408 3805 5471 δυ·

1712 5605 1736 5654 τ
1765 5603 1978 5669 Matth.
2011 5617 2070 5680 ι,
2104 5599 2210 5667 29.

544 5730 669 5828 tu)
705 5730 855 5792 Vide
886 5695 1123 5793 Scholia
1155 5729 1216 5793 S.
1251 5727 1507 5795 Maximi.
1544 5738 1686 5795 tom.
1723 5729 1798 5816 ll,
1825 5747 1958 5814 cap.
1991 5727 2028 5792 8
2060 5727 2150 5790 De
2191 5721 2420 5790 divinis
2446 5715 2822 5786 nominibus.
