4052 6204
296 334 413 413 901

746 342 845 412 DE
887 338 1182 412 DIVINIS
1225 335 1675 429 NOMINIBUS,
1721 336 1887 412 CAP.
1934 334 2102 413 VIII.
2155 383 2226 395 —
2271 338 2658 415 PARAPHR.
2704 343 3217 420 PACHYMERE.

3543 330 3661 423 ἑοῖ

290 482 508 558 νάμεων
586 478 702 557 μεθ’
782 483 937 557 ἡμῶν
970 528 987 559 ,
1061 479 1401 561 ἆντιλήπτωρ
1470 484 1626 556 ἡμῶν
1696 484 1724 539 ὁ
1804 485 1932 547 Θεὸς

2026 485 2219 546 minus
2248 486 2547 548 virtutum
2570 485 2695 561 ipse
2718 486 2939 549 estRea:
2959 487 3226 568 glorias;
3265 496 3345 554 et:
3367 489 3664 555 Dominus

289 568 511 632 Ἰακώϐ.

372 673 401 747 §
455 670 531 733 Π.
578 675 695 733 Πῶς
759 670 848 727 οὖν
898 671 998 737 τὴν
1058 670 1234 737 πάσης
1284 668 1619 749 ἐξῃρημένην
1674 668 1942 746 δυνᾶμεως

286 758 509 835 δύναμιν
566 759 958 834 ὀνομάσομενς
1017 759 1278 838 Λέγομεν,
1334 759 1415 816 ὃτι
1475 756 1689 835 δύναμις
1736 759 1941 837 λέγεται

287 851 318 905 ὃ
368 851 525 929 Θεὸς,
574 853 662 905 καὶ
714 850 786 913 ὡς
840 849 1087 929 προέχων
1145 850 1239 905 καί
1294 847 1565 929 περιέχων
1612 848 1820 906 ἅπασαν
1850 846 1942 905 δύ·-

286 960 472 1013 ναμιν,
505 938 593 993 καὶ
620 939 694 1000 ὡς
741 935 914 1002 αἴτιος
945 938 1122 1005 πάσης
1176 935 1470 1012 δυνάμεως.
1517 936 1603 993 καὶ
1634 940 1707 999 ὡς
1766 937 1940 1014 παρά-

285 1051 402 1108 γων
463 1030 635 1086 πάντα
665 1029 775 1085 ἐστὶ
830 1028 968 1085 κατὰ
1020 1026 1238 1104 δύναμιν
1270 1027 1507 1085 ἅκλιτον·
1570 1030 1630 1086 οὔ
1658 1030 1757 1106 γὰρ
1816 1027 1934 1085 κλι⁶

285 1119 513 1193 νόμενος
572 1119 646 1182 εἷς
705 1115 924 1193 δύναμιν
979 1115 1318 1198 δημιουργεῖ,
1379 1116 1501 1174 ἀλλ’
1561 1118 1806 1185 ἀκίνητος
1852 1118 1939 1175 καὶ

285 1206 571 1283 ἄκαμπτος
622 1207 879 1287 ὑπάρχων
909 1208 993 1263 ἐπὶ
1050 1212 1146 1274 τῆς
1179 1204 1308 1270 ἰδίας
1352 1207 1537 1284 ἰσχύος
1582 1207 1831 1287 παράγει·
1880 1210 1938 1266 οὐ

284 1297 393 1376 γὰρ
448 1296 681 1354 κλίνεται
714 1298 786 1361 ὡς
847 1294 1074 1371 δυναμοῖ
1132 1294 1186 1351 ἕν
1227 1318 1350 1356 τινι.
1417 1288 1500 1352 ’Ἡ
1534 1293 1749 1352 ἅκλιτον
1808 1295 1933 1376 ἔφη,

287 1386 533 1445 τουτέστι
563 1391 663 1454 τῆς
710 1387 907 1450 οἰκείας
951 1385 1242 1463 ἂκρότητος
1274 1385 1352 1460 μὴ
1399 1388 1808 1465 ὑποκατιοῦσαν,
1856 1387 1939 1442 καὶ

284 1477 363 1538 ὡς
395 1475 555 1533 αὒτοῦ
584 1484 677 1534 τοῦ
707 1478 845 1533 εἶναι
905 1473 1122 1550 δύναμιν
1154 1475 1327 1540 αἴτιός
1369 1476 1506 1554 ἐστι,
1539 1475 1624 1531 καὶ
1651 1473 1731 1529 ὅτι
1788 1474 1934 1531 ἆπεμ

284 1563 598 1645 ροδύναμος,
647 1563 725 1640 μὴ
768 1565 929 1640 μόνον
972 1566 1029 1619 ἓν
1071 1570 1146 1638 τῷ
1174 1564 1432 1642 παράγειν
1477 1570 1647 1621 πᾶσαν
1691 1561 1936 1643 δύναμιν,

283 1654 429 1711 ἆλλᾶ
486 1656 576 1711 καὶ
602 1660 679 1728 τῷ
716 1655 844 1733 ὑπὲρ
896 1660 1067 1710 πᾶσαν
1113 1653 1256 1711 εἶναι
1315 1655 1400 1709 καὶ
1431 1653 1597 1719 αὒτὴν
1625 1653 1725 1721 τὴν
1786 1653 1940 1710 αὐτοι

284 1743 533 1825 δύναμιν,
593 1746 685 1802 τὸν
742 1741 1226 1823 παραδειγματικόν
1312 1766 1451 1822 φημι
1514 1743 1611 1810 τῆς
1669 1740 1938 1819 δυνάμεως

2025 573 2322 636 uirtutum
2342 574 2997 657 nobiscum,susceptor
3025 586 3231 641 noster
3253 578 3416 642 Deus
3430 582 3661 646 Jacobs.

2105 661 2134 740 §
2166 661 2237 725 ΙΙ.
2275 663 2783 744 Quomodoigitur
2802 666 3128 748 potentiam
3159 667 3232 729 ab
3260 671 3420 731 omni
3454 678 3668 751 poten-

2026 749 2103 812 tia
2151 760 2417 832 exempta
2453 753 2893 817 nominabimus
2922 755 2954 816 ?
3006 754 3294 838 Dicimus,
3330 749 3518 822 Deum
3550 759 3669 822 dici
3760 824 3763 833 ,

2027 839 2304 903 virtutem
2332 859 2437 904 seu
2469 851 2844 923 potestatem,
2889 853 3167 927 tanquam
3221 846 3666 928 prwhabentem

2022 929 2163 989 480
2196 937 2255 992 et
2285 936 2691 995 continentem
2748 953 2988 997 omnem
3046 936 3401 1014 potentiam,
3436 943 3497 1001 et
3529 946 3668 1000 tan»

2023 1037 2197 1100 quam
2240 1036 2474 1081 causam
2531 1021 2729 1085 omnis
2789 1023 3089 1102 potentiae,
3141 1032 3201 1086 et
3232 1026 3664 1105 producentem

2024 1108 2222 1169 omnia
2251 1109 2583 1172 secundum
2645 1111 3126 1175 indeclinabilem
3161 1114 3434 1177 virtutem
3484 1136 3499 1191 ;
3543 1132 3665 1179 non

2019 1196 2179 1258 enim
2210 1198 2281 1258 ad
2314 1197 2586 1259 virtutem
2621 1200 2940 1263 inclinatus
2981 1210 3163 1283 creat,
3202 1204 3306 1265 sed
3340 1204 3665 1268 immobilis

2021 1295 2079 1347 et
2109 1285 2450 1364 inﬂexibilis
2472 1288 2763 1352 exsistens
2786 1291 2841 1352 iu
2869 1291 3109 1373 propria
3125 1291 3342 1374 virtute
3365 1293 3664 1374 producit;

2023 1394 2140 1437 non
2171 1377 2332 1438 enim
2366 1376 2688 1439 inclinatur
2740 1368 2905 1461 quasi
2964 1368 3173 1461 potens
3197 1368 3294 1443 'sit
3324 1368 3385 1444 in
3441 1368 3662 1466 aliquo.

2023 1463 2129 1529 Vel
2166 1464 2380 1524 ἅκλιτον
2411 1466 2579 1543 dixit;
2612 1468 2668 1530 id
2703 1481 2791 1531 est
2823 1488 2855 1531 a
2878 1471 3120 1552 proprio
3149 1471 3383 1551 fastigio
3417 1463 3666 1539 minime

2024 1554 2518 1639 descendentem,
2563 1567 2623 1620 et
2682 1561 2847 1639 quasi
2885 1561 3193 1641 ipsiusmet
3251 1580 3381 1625 esse
3432 1564 3666 1628 virtutis

2024 1662 2284 1723 causam;
2305 1645 2586 1729 quodque
2617 1650 2694 1708 sit
2726 1649 2972 1712 inﬁnitae
2996 1652 3296 1733 potentize,
3330 1671 3449 1715 non
3472 1653 3665 1718 solum

2023 1733 2086 1824 in
2117 1733 2333 1798 virtute
2362 1737 2524 1797 omni
2576 1739 2987 1818 producenda,
3024 1758 3223 1803 verum
3287 1741 3463 1804 etiam
3506 1743 3667 1824 quod

282 1832 471 1913 λόγον’
517 1823 616 1892 -καὶ
674 1833 728 1891 ἓν
786 1840 863 1908 τῷ
927 1830 1305 1911 ὑπερδύνασθαι
1359 1833 1634 1911 ἀπειράκις
1696 1833 1937 1913 ἀπείρους

2026 1823 2296 1904 sitsupra
2316 1843 2552 1887 omnem
2578 1827 2758 1889 etiam
2793 1828 3113 1909 ipsammet
3137 1849 3245 1911 per
3266 1849 3331 1893 se
3364 1823 3662 1915 virtutem,

288 1920 542 1999 δυνάμεις
588 1924 866 2002 παράγειν·
913 1922 1003 1979 καί
1053 1942 1181 1979 ποτε
1213 1922 1291 1998 μὴ
1338 1919 1774 1997 ἆπαμϐλονθῆναι
1807 1925 1936 2002 πρὸς

285 2012 387 2080 τὴν
444 2013 551 2070 τῶν
581 2012 809 2091 ἀπείρων
853 2010 1124 2087 δυνάμεων
1182 2013 1422 2091 ποίησιν,
1457 2012 1540 2067 καὶ
1571 2010 1651 2068 ὅτι
1713 2009 1939 2092 ἄφθεγκ-

284 2124 377 2159 τον
425 2103 515 2159 καὶ
557 2102 912 2169 ἆνεπινόητον
944 2102 1003 2156 τὸ
1030 2100 1294 2181 ὑπερέχον
1323 2102 1423 2167 τῆς
1454 2099 1613 2156 αὖτοῦ
1642 2097 1934 2177 δυνάμεως.

285 2182 477 2271 ’Ὅπερ
530 2199 645 2258 πῶς
677 2190 738 2249 ἂν
771 2192 833 2260 ἦν
878 2191 1191 2271 ἄφθεγκτον,
1228 2189 1383 2266 εἴπερ
1431 2190 1509 2265 μὴ
1568 2191 1726 2271 εἶχεν
1783 2192 1939 2271 ἰσχὺν

286 2284 363 2346 εἰς
422 2284 483 2339 τὸ
518 2284 594 2358 μὴ
644 2283 1015 2338 κατανοεῖσθαι
1047 2281 1189 2359 παρά
1243 2302 1405 2355 τινος,
1440 2280 1474 2347 ἢ
1507 2277 1589 2335 διὰ
1641 2284 1940 2359 περιουσίαν

281 2379 379 2429 τοῦ
424 2370 643 2429 δυνατοῦ
700 2374 798 2427 καὶ
832 2371 929 2439 τὴν
990 2368 1261 2427 ἀσθένειαν
1304 2366 1530 2445 δυναμοῐ
1565 2391 1581 2445 ς
1643 2367 1941 2425 ’Λσθένειαν

283 2458 340 2518 δέ
399 2458 560 2517 καλεῖ
588 2461 657 2517 τὰ
694 2458 847 2516 ὕλικὰ
882 2465 1042 2515 ταῦτα
1098 2460 1183 2515 καὶ
1216 2458 1451 2537 περίγεια
1496 2457 1726 2535 σύματα,
1786 2457 1941 2515 ἅτινα

280 2551 371 2608 καὶ
443 2550 649 2629 ἔσχατα
702 2547 1046 2628 ἇπηχήματπί
1104 2570 1235 2626 φησι
1294 2544 1379 2602 διὰ
1432 2548 1491 2629 τὸ
1549 2545 1791 2625 ἀμυδρῖσς
1850 2548 1936 2603 καὶ

281 2639 423 2696 κατᾶ
465 2639 563 2707 τὴν
615 2638 810 2696 οἰκείαν
858 2634 1269 2704 ἐπιτηδειότητα
1329 2616 1581 2715 μετέχειν
1624 2640 1724 2703 τῆς
1775 2635 1934 2692 δυνά-

284 2750 434 2803 μεως
475 2735 567 2785 τοῦ
613 2733 768 2806 Θεοῦ,
824 2728 897 2791 ὡς
958 2724 1075 2806 ἔχει
1134 2725 1219 2781 ἐπὶ
1269 2731 1373 2781 τῶν
1433 2723 1690 2800 ἐμπίδων,
1737 2732 1932 2805 μυιῶν,

280 2818 375 2876 καὶ
431 2825 537 2875 τῶν
568 2815 742 2875 ἄλλων
774 2813 873 2872 ὅσα
917 2818 970 2872 ἓν
1001 2827 1118 2878 τοῖς
1162 2814 1375 2878 οἰκείοις
1422 2813 1655 2890 κέντροις
1708 2814 1929 2895 ἰσχύου-

284 2930 395 2971 σιν,
429 2897 597 2965 ’Ὀθεν
643 2906 728 2964 καὶ
770 2912 847 2981 τῷ
878 2905 1037 2976 Ἰωήλ
1069 2926 1232 2985 φησιν
1282 2905 1310 2961 ὃ
1343 2904 1471 2968 Θεὸς
1515 2904 1633 2985 περὶ
1664 2908 1763 2971 τῆς
1792 2903 1935 2981 ἂκρί.

282 2994 397 3071 δος,
430 2998 523 3054 καὶ
574 3004 665 3054 τοῦ
722 2995 979 3075 βρούχου,
1013 2984 1099 3051 καί
1156 2999 1256 3060 τῆς
1315 2994 1563 3069 κτλὶμπης³
1600 2984 1661 3050 Ἡ
1717 2991 1934 3070 δύναμίς

285 3109 392 3163 μου
425 3087 454 3142 λ
486 3087 721 3165 μεγάλη,
784 3084 820 3113 ”
830 3094 923 3143 Οτι
955 3082 1009 3142 δὲ
1039 3085 1127 3140 καὶ
1156 3082 1238 3145 ἐπὶ
1294 3083 1499 3148 τούτοις
1539 3082 1655 3147 τοῖς
1713 3083 1933 3141 ἀσθενέ-

282 3198 368 3232 σιν
424 3178 459 3244 ἡ
494 3174 710 3252 δύναμις
752 3182 845 3232 τοῦ
876 3181 1005 3233 Θεοῦ
1033 3174 1235 3254 φθάνει,
1283 3171 1366 3229 ἴδε
1417 3172 1482 3229 τὰ
1512 3170 1633 3230 κατ’
1684 3172 1936 3242 αἴσθησιν

283 3263 481 3324 δυνατὰ
523 3266 583 3322 τό
644 3287 701 3321 τε
759 3264 945 3345 ὁρατὸν
1000 3269 1135 3343 φῶς,
1190 3264 1278 3319 καὶ
1332 3262 1452 3328 τοὺς
1495 3260 1781 3326 ἂκουστοὺς
1840 3263 1941 3339 ψό-

282 3370 439 3435 φους⁶
501 3356 565 3411 νὰ
614 3358 712 3433 γὰρ
780 3353 1001 3433 λαμπρὰ
1064 3360 1170 3410 τῶν
1233 3352 1421 3434 φώτων
1480 3351 1641 3430 μέχρι
1688 3354 1776 3410 καὶ
1834 3354 1938 3411 τῶν

281 3445 516 3503 ἀσθενῶν
585 3443 868 3524 ὅφθαλμῶν
949 3442 1153 3524 φθίνει,
1217 3442 1307 3499 καί
1364 3444 1410 3498 οἱ
1490 3440 1717 3519 μεγάλοι
1772 3446 1936 3523 ψόφοι

282 3533 451 3613 μέχρι
499 3537 599 3589 καὺ
644 3539 747 3589 τῶν
792 3532 1024 3589 ἀσθενῶν
1084 3531 1259 3589 ἀκοῶν
1309 3527 1617 3593 εἶσδύονται,
1653 3529 1784 3589 Οῧτε
1838 3532 1936 3612 γὰρ

278 3624 343 3678 τὸ
405 3622 515 3703 φῶς
565 3625 621 3678 ἓν
669 3629 746 3697 τῷ
789 3620 916 3695 λίθῳ
971 3619 1186 3699 λέγεται
1244 3620 1478 3699 φθάνειν,
1513 3616 1628 3675 οὔτε
1673 3622 1701 3675 ὁ
1761 3622 1932 3701 ψόφος

281 3710 597 3769 εἰσδύεσθαι’
656 3708 781 3767 ἀλλ’
838 3710 894 3767 ἕν
949 3723 1067 3776 τοῖς
1105 3715 1397 3792 πεφυκόσιν
1451 3710 1574 3787 ὁρᾷν
1606 3707 1642 3778 ἢ
1697 3708 1931 3785 ἀκούειν,

281 3802 388 3858 κᾶν
417 3800 649 3865 ἀσθενῶς
681 3800 875 3884 ἔχωσι.

361 4067 395 4148 §
448 4065 549 4131 IlI.
586 4068 730 4128 Κατᾶ
788 4076 970 4128 τοῦτον
1000 4068 1092 4124 τὸν
1149 4067 1308 4145 λόγον
1357 4068 1430 4133 εἷς
1490 4067 1660 4123 πάντα
1689 4065 1754 4121 τὰ
1809 4062 1937 4123 ὄντα

278 4159 526 4240 χωρήσει
582 4159 616 4226 ἡ
649 4154 866 4234 δόναμις
915 4157 1008 4214 xta
1057 4162 1211 4236 Θεοῦ,
1246 4153 1327 4214 ὅτι
1376 4158 1548 4214 πάντα
1600 4154 1813 4212 δεκτικὰ
1840 4151 1932 4214 δυ-

278 4247 495 4323 νάμεώς
556 4248 707 4322 εἰσιν,
742 4247 777 4316 ἢ
809 4253 990 4326 νοερᾶς
1052 4248 1139 4303 καὶ
1168 4244 1489 4326 ἅγγελικῆς,
1522 4244 1555 4315 ἢ
1586 4244 1809 4324 λογικῆς
1853 4250 1940 4305 καὶ

280 4334 644 4413 ἀνθρωπίνης,
704 4334 741 4403 ἢ
800 4335 1112 4404 αἷσθητικῆς
1156 4339 1262 4391 τῶν
1333 4333 1569 4412 ἀλόγων,
1618 4334 1653 4402 ἢ
1708 4332 1936 4405 ζωτικῆς

277 4432 390 4482 τῶν
448 4432 647 4506 φυτῶν,
694 4426 731 4494 ἢ
790 4423 1079 4489 οὖσιώδαυς
1137 4423 1316 4504 ἐτέρας
1360 4430 1465 4483 τῶν
1525 4423 1703 4481 ἄλλων
1760 4423 1937 4481 ἅπανι

2023 1913 2452 2005 exemplarem,
2481 1915 2752 1999 inquam,
2786 1918 3018 1980 virtutis
3046 1920 3382 1997 rationem;
3423 1931 3483 1983 et
3510 1913 3668 2005 quod

2023 2010 2233 2082 potens
2264 2002 2343 2066 sit
2404 2005 2716 2086 plusquam
2778 2006 3066 2070 inﬁnities
3125 2009 3390 2072 inﬁnitas
3419 2002 3668 2075 virtutes

2023 2090 2379 2172 producere,
2416 2102 2474 2155 et
2504 2112 2808 2175 nunquam
2836 2098 2923 2158 vis
2950 2098 3080 2177 ejus
3110 2099 3169 2160 in
3211 2098 3461 2161 inﬁnitis
3487 2100 3666 2163 etiam

2023 2180 2338 2270 virtutibus
2353 2184 2633 2245 creandis
2653 2185 3217 2268 valeathebetari,et
3237 2188 3390 2269 quod
3408 2189 3665 2270 inexpli-

2022 2269 2232 2332 cabilis
2259 2272 2803 2353 etinexcogitabilis
2835 2274 2914 2337 sit
2942 2277 3165 2339 virtutis
3203 2278 3331 2356 ejus
3362 2269 3665 2340 excellen-

2027 2359 2211 2448 tia.At
2254 2364 2553 2441 quomodo
2607 2363 2686 2425 sit
2717 2364 3179 2445 inexplicabilis,
3213 2367 3509 2448 siquidem
3546 2386 3667 2430 non

2024 2447 2229 2511 habuit
2256 2449 2535 2512 virtutem
2554 2458 2619 2514 ut
2644 2471 2761 2515 non
2789 2454 3207 2534 conciperetur
3226 2447 3301 2516 ab
3323 2454 3669 2537 aliquo,nist

2024 2555 2132 2618 per
2157 2539 2440 2618 potentiae
2455 2539 2880 2604 abundantiam
2901 2550 2959 2604 et
2983 2542 3407 2607 imbecillitatis
3425 2541 3667 2608 robora-

2019 2627 2241 2690 tionem
2273 2634 2301 2690 ?
2348 2627 2824 2694 Imbecillitatem
2883 2641 3078 2694 autem
3113 2643 3282 2695 vocat
3334 2632 3665 2697 niaterialia

2018 2715 2143 2779 haec
2174 2724 2231 2778 et
2258 2726 2492 2780 terrena
2508 2736 2785 2802 corpora,
2821 2740 2955 2799 quae
2981 2725 3160 2784 etiam
3194 2729 3466 2787 extrema
3492 2724 3666 2787 vesti-

2016 2809 2111 2886 gia
2142 2807 2305 2882 dicit,
2353 2808 2508 2889 quod
2536 2809 2789 2873 remisse
2820 2821 2882 2875 et
2917 2828 3023 2892 pro
3054 2818 3227 2892 captu
3258 2831 3372 2875 suo
3400 2813 3663 2877 divinam

2016 2896 2297 2960 virtutem
2331 2900 2727 2979 participem;
2758 2909 2822 2962 ut
2844 2919 2910 2962 se
2939 2919 3037 2963 res
3061 2900 3246 2966 habet
3275 2902 3336 2965 in
3370 2903 3664 2969 culicibus

2018 2996 2077 3076 et
2102 2988 2416 3063 muscis,et
2438 2988 2758 3067 similibus,
2791 3009 2924 3071 qua:
2954 2991 3214 3057 stimulis
3243 2994 3365 3056 suis
3407 2993 3657 3076 pollent.

2018 3075 2187 3141 Unde
2208 3078 2384 3140 etiam
2411 3077 2568 3140 Deus
2616 3078 2674 3140 in
2700 3081 2867 3143 .loele
2896 3080 2974 3144 de
2993 3080 3227 3145 locusta
3252 3091 3310 3146 et
3345 3075 3574 3147 brucho
3607 3094 3668 3147 et

2023 3184 2204 3230 eruca
2226 3168 2391 3248 dicit,
2429 3166 2756 3232 Fortitudo
2802 3188 2939 3233 mea
2981 3188 3208 3254 magna
3233 3186 3269 3238 t.
3331 3173 3497 3246 Quod
3523 3191 3661 3236 vero

2022 3255 2200 3318 etiam
2232 3264 2304 3318 ad
2332 3257 2457 3319 haec
2489 3258 2727 3320 inﬂrma
2750 3277 2942 3339 usque
2972 3257 3079 3323 Dei
3109 3261 3295 3323 virtus
3343 3262 3664 3342 pertingat,

2021 3344 2156 3408 vide
2182 3363 2314 3427 quae
2337 3346 2665 3424 secundum
2701 3364 2944 3410 sensum
2999 3350 3262 3431 potentia
3282 3361 3442 3427 sunt,
3478 3351 3663 3414 utlu-

2023 3452 2159 3497 men
2186 3435 2551 3514 aspectabile
2592 3443 2649 3499 et
2678 3435 2951 3518 ingentes
3002 3439 3283 3520 strepitus
3322 3439 3662 3521 :siquidem

2017 3524 2751 3606 Splendidissimalumina
2773 3546 2962 3609 usque
3003 3528 3077 3589 ad
3118 3528 3387 3590 inﬁrmos
3426 3546 3663 3609 quoque

2019 3614 2224 3677 oculos
2247 3614 2613 3697 pertingunt,
2642 3623 2703 3678 et
2727 3616 3002 3694 ingentes
3027 3616 3293 3696 fragores
3333 3614 3666 3679 imbecilles

2019 3721 2259 3785 quoque
2283 3703 2567 3766 audiendi
2615 3704 2925 3767 facultates
2960 3712 3302 3784 penetrant.
3338 3706 3467 3768 Non
3499 3704 3662 3768 enim

2018 3793 2113 3855 lux
2137 3792 2208 3854 ad
2235 3791 2494 3876 lapidem
2543 3793 2885 3874 pertingere
2943 3794 3197 3871 dicitur,
3255 3811 3454 3875 neque
3492 3793 3660 3857 illum

2019 3881 2305 3963 strepitus
2329 3880 2623 3958 subit,sed
2645 3882 2748 3945 illa
2765 3900 2897 3964 quae
2917 3881 3076 3946 visus
3106 3882 3467 3966 auditusque
3488 3901 3660 3967 capa-

2018 3974 2111 4035 cia
2132 3977 2276 4035 sunt
2301 3971 2784 4050 licetjmbecilla.

2098 4062 2127 4141 δ
2160 4059 2262 4124 Ill.
2306 4062 2651 4125 Secundum
2700 4062 2857 4126 hanc
2883 4064 3173 4127 rationem
3206 4064 3276 4127 ad
3328 4081 3426 4127 res
3456 4083 3662 4128 omnes

2019 4150 2127 4213 Dei
2153 4150 2334 4215 virtus
2360 4161 2535 4228 meat,
2571 4153 2853 4233 quoniam
2900 4155 3101 4217 omnia
3127 4153 3357 4219 virtutis
3381 4163 3518 4217 sunt
3563 4174 3665 4219 ca-

2025 4241 2215 4323 pacia,
2250 4241 2373 4305 sive
2395 4240 2678 4323 spiritalis
2700 4250 2756 4305 et
2772 4243 3079 4323 angelicae,
3115 4243 3239 4307 sive
3266 4244 3578 4307 rationalis
3610 4253 3667 4307 et

2021 4330 2320 4413 humanae,
2355 4331 2477 4393 sive
2537 4331 2772 4394 sensilia
2830 4332 3164 4405 brutorum,
3234 4333 3358 4397 sive
3414 4333 3667 4397 viventis

2019 4419 2377 4502 plantarum,
2411 4419 2537 4483 sive
2583 4420 2836 4485 alterius
2868 4419 3275 4487 substantialis
3307 4431 3659 4487 cmterarum

277 4537 413 4589 των,
478 4517 605 4573 καθὸ
662 4515 753 4572 τὸν
806 4514 906 4590 μὲν
965 4512 1239 4588 ἀδάμαντα
1293 4512 1510 4588 δύναμιν
1565 4511 1716 4594 ἔχειν
1761 4511 1935 4593 φαμὲν

2026 4527 2219 4571 rerum
2253 4513 2519 4573 omnium
2556 4531 2572 4592 ;
2616 4515 2789 4590 juxta
2819 4511 2981 4590 quod
3010 4512 3252 4594 quidem
3274 4512 3663 4576 adamantem

398 4577 413 4589 ,
806 4577 820 4590 .
1065 4577 1076 4588 .
1420 4577 1431 4588 .
1596 4577 1636 4594 μ,
1775 4577 1786 4593 .
1836 4577 1847 4589 .

278 4611 378 4661 τοῦ
432 4604 511 4679 μὴ
543 4603 846 4680 τέμνεσθαι,
896 4605 986 4661 τὸν
1038 4600 1084 4659 δ’
1129 4601 1256 4681 ἀέρα
1313 4602 1599 4676 ἀδυναμίαν
1630 4609 1722 4659 τοῦ
1779 4605 1935 4660 αὐτοῦ

2026 4598 2269 4661 dicimus
2291 4598 2516 4662 habere
2542 4577 2695 4662 lianc
2728 4577 3046 4680 virtutem,-
3063 4609 3128 4663 ut
3159 4602 3352 4664 secari
3383 4613 3662 4682 nequeat,

276 4691 487 4753 τουτου.
550 4694 649 4751 Καί
682 4694 808 4750 αὐτὸ
865 4691 1070 4750 δὲκαθ’
1130 4693 1257 4752 αὐτὸ
1311 4693 1369 4749 τὸ
1401 4689 1619 4767 δύναμιν
1650 4694 1790 4748 εἶναι
1848 4692 1935 4750 καὶ

278 4788 437 4839 τοῦτο
468 4783 609 4861 παρὰ
638 4782 734 4850 τῆς
754 4783 893 4847 θείας
923 4783 1035 4838 ἐστὶ
1079 4778 1372 4858 δυνάμεως.

363 4959 396 5040 §
453 4958 550 5023 IV.
614 4959 712 5018 Ἐκ
739 4965 839 5028 τῆς
901 4958 1148 5028 τοιαύτης
1193 4955 1611 5037 ἂπειροδυνάμου
1666 4957 1937 5035 δυνάμεως

280 5053 333 5106 αἱ
388 5048 676 5126 ἆγγελικαί
708 5047 955 5123 δυνάμεις
1009 5049 1128 5123 εἶσὶ,
1175 5049 1262 5104 καὶ
1319 5047 1379 5104 τὸ
1409 5050 1548 5103 εἶναι
1608 5045 1935 5125 ἆμετακινή-

279 5159 389 5202 τως
442 5134 656 5217 ἔχουσι,
718 5137 805 5193 καὶ
864 5134 1033 5192 τᾶλλα
1094 5134 1284 5192 πάντω
1358 5136 1488 5202 αὖτή
1547 5134 1648 5214 γὰρ
1719 5134 1858 5192 ἔστιν
1908 5140 1936 5206 ἧ

282 5225 499 5307 ἔφιεϊσα
555 5225 741 5289 αὐτοῖς
784 5226 847 5281 τὸ
905 5221 1174 5303 δύνασθαι,
1230 5224 1319 5282 καὶ
1375 5227 1539 5304 εἷναι,
1573 5226 1665 5297 καὶ,
1709 5223 1939 5305 ἐφίεσθαὶ

282 5315 451 5373 εἰσαεὶ
522 5314 616 5371 τοῦ
676 5317 840 5371 εἶναι·
917 5313 1051 5382 αὒτῆ
1118 5310 1261 5370 ἐστιν
1328 5315 1363 5382 ἦ
1434 5310 1790 5389 ἰνδυναμοῦσα
1853 5319 1940 5375 καὶ

283 5403 413 5462 αὐτὸ
447 5405 562 5462 καθ’
623 5405 747 5461 αὑτο
806 5406 865 5461 τὸ
909 5401 1177 5485 δύνασθαι,
1209 5403 1281 5469 εἰς
1311 5403 1373 5460 τὸ
1430 5399 1666 5482 ἐφίεσθαι
1709 5413 1802 5465 τοῦ
1858 5405 1939 5462 ἂει

280 5491 552 5558 δύνασθαι,

363 5675 393 5723 ι
419 5661 577 5735 Psal.
609 5678 782 5751 xxnl,
816 5665 911 5730 10.
996 5663 1027 5709 ιι
1053 5661 1213 5727 Psal.
1250 5675 1365 5725 τιν
1395 5659 1455 5723 8.
1542 5661 1743 5751 ίιοοι,
1776 5681 1845 5746 ιι,
1878 5662 1981 5729 25.

2018 4705 2218 4752 aerem
2244 4707 2381 4750 vero
2414 4689 2591 4769 hujus
2628 4689 2814 4768 ipsius
2839 4692 3276 4772 impotentiam.
3319 4692 3475 4764 Quin
3506 4697 3566 4755 et
3600 4690 3660 4752 id

2020 4780 2209 4858 ipsum
2234 4779 2564 4841 secundum
2591 4797 2656 4841 se
2678 4780 2949 4842 virtutem
2974 4798 3127 4858 esse,
3166 4779 3344 4844 etiam
3371 4799 3407 4843 a
3447 4779 3664 4843 virtute

2019 4867 2223 4930 divina
2250 4867 2503 4932 exsistit.

2099 4956 2257 5038 §lV.
2318 4956 2400 5019 Ex
2453 4957 2555 5019 tali
2607 4958 2826 5022 inﬁniti
2858 4966 3100 5043 potente
3129 4960 3347 5025 virtute
3377 4960 3665 5042 angelicae

2019 5048 2266 5109 virtutes
2290 5046 2605 5126 exsistunt,
2629 5056 2687 5111 et
2716 5057 2931 5112 statum
2954 5050 3385 5115 immutabilem
3413 5061 3661 5115 caetera-

2021 5155 2137 5218 que
2160 5135 2364 5198 omnia
2386 5134 2632 5216 habent;
2658 5138 2785 5200 huic
2799 5138 2961 5201 enim
2979 5138 3052 5200 iis
3077 5138 3280 5201 tribuit
3304 5149 3361 5204 et
3381 5158 3579 5222 posse,
3605 5147 3665 5201 et

2023 5244 2178 5306 esse,
2204 5233 2264 5287 et
2284 5233 2563 5306 appetere
2580 5244 2820 5310 semper
2847 5228 3137 5305 esse;baac
3160 5228 3288 5291 48!
3323 5238 3412 5292 est
3431 5246 3563 5311 quae
3591 5228 3664 5291 iis

2023 5315 2182 5377 vires
2227 5312 2592 5397 suppeditat,
2651 5325 2714 5379 ut
2770 5315 3031 5400 idipsum
3081 5336 3260 5401 posse
3315 5317 3663 5384 desiderare

2022 5421 2263 5488 semper
2293 5402 2543 5484 possint.
