  <div class='ocr_page' id='page_1' title='image "/cluster/home/n/w/nwhite01/storage/ocr_20150623/3/hvd.32044029831450/473.png"; bbox 0 0 4052 6196; ppageno 0'>
   <div class='ocr_carea' id='block_1_1' title="bbox 405 293 522 365">
    <p class='ocr_par' dir='ltr' id='par_1_1' title="bbox 405 293 522 365">
     <span class='ocr_line' id='line_1_1' title="bbox 405 293 522 365; baseline 0 0"><span class='ocrx_word' id='word_1_1' title='bbox 405 293 522 365; x_wconf 84' lang='grc'><strong>903</strong></span> 
     </span>
    </p>
   </div>
   <div class='ocr_carea' id='block_1_2' title="bbox 407 523 2046 605">
    <p class='ocr_par' dir='ltr' id='par_1_2' title="bbox 407 523 2046 605">
     <span class='ocr_line' id='line_1_2' title="bbox 407 523 2046 605; baseline 0.001 -20"><span class='ocrx_word' id='word_1_2' title='bbox 407 531 468 588; x_wconf 88' lang='lat' dir='ltr'><strong>in</strong></span> <span class='ocrx_word' id='word_1_3' title='bbox 499 527 774 588; x_wconf 86' lang='lat' dir='ltr'><strong>homines</strong></span> <span class='ocrx_word' id='word_1_4' title='bbox 791 541 1030 605; x_wconf 81' lang='lat' dir='ltr'><strong>quoque</strong></span> <span class='ocrx_word' id='word_1_5' title='bbox 1057 523 1384 598; x_wconf 86' lang='lat' dir='ltr'><strong>dimanant,</strong></span> <span class='ocrx_word' id='word_1_6' title='bbox 1414 533 1471 586; x_wconf 94' lang='lat' dir='ltr'><strong>et</strong></span> <span class='ocrx_word' id='word_1_7' title='bbox 1494 526 1874 602; x_wconf 83' lang='lat' dir='ltr'><strong>inanimalia,</strong></span> <span class='ocrx_word' id='word_1_8' title='bbox 1911 528 2046 588; x_wconf 92' lang='lat' dir='ltr'><strong>etin</strong></span> 
     </span>
    </p>
   </div>
   <div class='ocr_carea' id='block_1_3' title="bbox 410 614 2050 697">
    <p class='ocr_par' dir='ltr' id='par_1_3' title="bbox 410 614 2050 697">
     <span class='ocr_line' id='line_1_3' title="bbox 410 614 2050 697; baseline 0.001 -21"><span class='ocrx_word' id='word_1_9' title='bbox 410 617 663 697; x_wconf 75' lang='lat' dir='ltr'><strong>plantas,</strong></span> <span class='ocrx_word' id='word_1_10' title='bbox 693 624 991 696; x_wconf 83' lang='lat' dir='ltr'><strong>totamque</strong></span> <span class='ocrx_word' id='word_1_11' title='bbox 1039 622 1304 676; x_wconf 89' lang='lat' dir='ltr'><strong>naturam</strong></span> <span class='ocrx_word' id='word_1_12' title='bbox 1349 614 1634 678; x_wconf 85' lang='lat' dir='ltr'><strong>universi.</strong></span> <span class='ocrx_word' id='word_1_13' title='bbox 1695 618 2050 680; x_wconf 86' lang='lat' dir='ltr'><strong>Corroborat</strong></span> 
     </span>
    </p>
   </div>
   <div class='ocr_carea' id='block_1_4' title="bbox 407 705 2047 785">
    <p class='ocr_par' dir='ltr' id='par_1_4' title="bbox 407 705 2047 785">
     <span class='ocr_line' id='line_1_4' title="bbox 407 705 2047 785; baseline 0.001 -19"><span class='ocrx_word' id='word_1_14' title='bbox 407 707 564 766; x_wconf 90' lang='lat' dir='ltr'><strong>enim</strong></span> <span class='ocrx_word' id='word_1_15' title='bbox 599 705 700 766; x_wconf 89' lang='lat' dir='ltr'><strong>illa</strong></span> <span class='ocrx_word' id='word_1_16' title='bbox 723 723 857 784; x_wconf 63' lang='lat' dir='ltr'><strong>qua;</strong></span> <span class='ocrx_word' id='word_1_17' title='bbox 879 705 1042 765; x_wconf 86' lang='lat' dir='ltr'><strong>unita</strong></span> <span class='ocrx_word' id='word_1_18' title='bbox 1066 713 1226 778; x_wconf 76' lang='lat' dir='ltr'><strong>sunt,</strong></span> <span class='ocrx_word' id='word_1_19' title='bbox 1281 710 1477 785; x_wconf 89' lang='lat' dir='ltr'><strong>partes</strong></span> <span class='ocrx_word' id='word_1_20' title='bbox 1519 723 1576 768; x_wconf 91' lang='lat' dir='ltr'><strong>v.</strong></span> <span class='ocrx_word' id='word_1_21' title='bbox 1611 724 1672 785; x_wconf 70' lang='grc' dir='ltr'><strong>ς.</strong></span> <span class='ocrx_word' id='word_1_22' title='bbox 1702 707 1879 768; x_wconf 91' lang='lat' dir='ltr'><strong>totius</strong></span> <span class='ocrx_word' id='word_1_23' title='bbox 1909 725 2047 768; x_wconf 85' lang='lat' dir='ltr'><strong>cor-</strong></span> 
     </span>
    </p>
   </div>
   <div class='ocr_carea' id='block_1_5' title="bbox 409 794 2047 876">
    <p class='ocr_par' dir='ltr' id='par_1_5' title="bbox 409 794 2047 876">
     <span class='ocr_line' id='line_1_5' title="bbox 409 794 2047 876; baseline 0 -20"><span class='ocrx_word' id='word_1_24' title='bbox 409 801 590 874; x_wconf 85' lang='lat' dir='ltr'><strong>poris,</strong></span> <span class='ocrx_word' id='word_1_25' title='bbox 625 794 717 855; x_wconf 87' lang='lat' dir='ltr'><strong>vel</strong></span> <span class='ocrx_word' id='word_1_26' title='bbox 742 799 916 856; x_wconf 87' lang='lat' dir='ltr'><strong>etiam</strong></span> <span class='ocrx_word' id='word_1_27' title='bbox 947 795 1263 874; x_wconf 87' lang='lat' dir='ltr'><strong>elementa,</strong></span> <span class='ocrx_word' id='word_1_28' title='bbox 1300 815 1432 874; x_wconf 65' lang='lat' dir='ltr'><strong>quae</strong></span> <span class='ocrx_word' id='word_1_29' title='bbox 1455 795 1694 876; x_wconf 90' lang='lat' dir='ltr'><strong>quidem</strong></span> <span class='ocrx_word' id='word_1_30' title='bbox 1719 797 2047 858; x_wconf 84' lang='lat' dir='ltr'><strong>secundum</strong></span> 
     </span>
    </p>
   </div>
   <div class='ocr_carea' id='block_1_6' title="bbox 409 883 2056 966">
    <p class='ocr_par' dir='ltr' id='par_1_6' title="bbox 409 883 2056 966">
     <span class='ocr_line' id='line_1_6' title="bbox 409 883 2056 966; baseline 0.002 -23"><span class='ocrx_word' id='word_1_31' title='bbox 409 883 608 961; x_wconf 89' lang='lat' dir='ltr'><strong>aliqua</strong></span> <span class='ocrx_word' id='word_1_32' title='bbox 627 884 742 947; x_wconf 87' lang='lat' dir='ltr'><strong>sibi</strong></span> <span class='ocrx_word' id='word_1_33' title='bbox 769 891 966 944; x_wconf 85' lang='lat' dir='ltr'><strong>mutuo</strong></span> <span class='ocrx_word' id='word_1_34' title='bbox 1000 883 1462 958; x_wconf 87' lang='lat' dir='ltr'><strong>communicant,</strong></span> <span class='ocrx_word' id='word_1_35' title='bbox 1493 886 1820 948; x_wconf 86' lang='lat' dir='ltr'><strong>secundum</strong></span> <span class='ocrx_word' id='word_1_36' title='bbox 1859 886 2056 966; x_wconf 89' lang='lat' dir='ltr'><strong>aliqua</strong></span> 
     </span>
    </p>
   </div>
   <div class='ocr_carea' id='block_1_7' title="bbox 407 973 2052 1053">
    <p class='ocr_par' dir='ltr' id='par_1_7' title="bbox 407 973 2052 1053">
     <span class='ocr_line' id='line_1_7' title="bbox 407 973 2052 1053; baseline 0.004 -23"><span class='ocrx_word' id='word_1_37' title='bbox 407 989 545 1034; x_wconf 87' lang='lat' dir='ltr'><strong>vero</strong></span> <span class='ocrx_word' id='word_1_38' title='bbox 571 973 910 1052; x_wconf 84' lang='lat' dir='ltr'><strong>discrepant</strong></span> <span class='ocrx_word' id='word_1_39' title='bbox 940 973 1132 1053; x_wconf 88' lang='lat' dir='ltr'><strong>quoad</strong></span> <span class='ocrx_word' id='word_1_40' title='bbox 1166 975 1342 1035; x_wconf 86' lang='lat' dir='ltr'><strong>talem</strong></span> <span class='ocrx_word' id='word_1_41' title='bbox 1376 975 2052 1038; x_wconf 86' lang='lat' dir='ltr'><strong>communionem.Cor-—</strong></span> 
     </span>
    </p>
   </div>
   <div class='ocr_carea' id='block_1_8' title="bbox 411 1060 2053 1142">
    <p class='ocr_par' dir='ltr' id='par_1_8' title="bbox 411 1060 2053 1142">
     <span class='ocr_line' id='line_1_8' title="bbox 411 1060 2053 1142; baseline 0.001 -19"><span class='ocrx_word' id='word_1_42' title='bbox 411 1060 655 1125; x_wconf 80' lang='lat' dir='ltr'><strong>roborat</strong></span> <span class='ocrx_word' id='word_1_43' title='bbox 697 1064 876 1124; x_wconf 90' lang='lat' dir='ltr'><strong>etiam</strong></span> <span class='ocrx_word' id='word_1_44' title='bbox 933 1082 1064 1142; x_wconf 67' lang='lat' dir='ltr'><strong>quae</strong></span> <span class='ocrx_word' id='word_1_45' title='bbox 1099 1062 1383 1126; x_wconf 88' lang='lat' dir='ltr'><strong>distincta</strong></span> <span class='ocrx_word' id='word_1_46' title='bbox 1439 1072 1596 1126; x_wconf 89' lang='lat' dir='ltr'><strong>sunt.</strong></span> <span class='ocrx_word' id='word_1_47' title='bbox 1631 1074 1693 1125; x_wconf 90' lang='lat' dir='ltr'><strong>ut</strong></span> <span class='ocrx_word' id='word_1_48' title='bbox 1725 1065 2053 1126; x_wconf 89' lang='lat' dir='ltr'><strong>secundum</strong></span> 
     </span>
    </p>
   </div>
   <div class='ocr_carea' id='block_1_9' title="bbox 410 1151 2042 1234">
    <p class='ocr_par' dir='ltr' id='par_1_9' title="bbox 410 1151 2042 1234">
     <span class='ocr_line' id='line_1_9' title="bbox 410 1151 2042 1234; baseline 0.002 -20"><span class='ocrx_word' id='word_1_49' title='bbox 410 1169 580 1214; x_wconf 85' lang='lat' dir='ltr'><strong>suam</strong></span> <span class='ocrx_word' id='word_1_50' title='bbox 604 1152 885 1234; x_wconf 90' lang='lat' dir='ltr'><strong>quodque</strong></span> <span class='ocrx_word' id='word_1_51' title='bbox 915 1151 1205 1214; x_wconf 87' lang='lat' dir='ltr'><strong>rationem</strong></span> <span class='ocrx_word' id='word_1_52' title='bbox 1243 1155 1680 1233; x_wconf 86' lang='lat' dir='ltr'><strong>impermistum</strong></span> <span class='ocrx_word' id='word_1_53' title='bbox 1735 1154 2042 1218; x_wconf 80' lang='lat' dir='ltr'><strong>consistat.</strong></span> 
     </span>
    </p>
   </div>
   <div class='ocr_carea' id='block_1_10' title="bbox 414 1240 2043 1326">
    <p class='ocr_par' dir='ltr' id='par_1_10' title="bbox 414 1240 2043 1326">
     <span class='ocr_line' id='line_1_10' title="bbox 414 1240 2043 1326; baseline 0 -22"><span class='ocrx_word' id='word_1_54' title='bbox 414 1241 556 1304; x_wconf 92' lang='lat' dir='ltr'><strong>Cum</strong></span> <span class='ocrx_word' id='word_1_55' title='bbox 574 1251 768 1304; x_wconf 91' lang='lat' dir='ltr'><strong>autem</strong></span> <span class='ocrx_word' id='word_1_56' title='bbox 783 1240 1318 1324; x_wconf 86' lang='lat' dir='ltr'><strong>quodlibethabeat</strong></span> <span class='ocrx_word' id='word_1_57' title='bbox 1349 1243 1621 1306; x_wconf 87' lang='lat' dir='ltr'><strong>ordinem</strong></span> <span class='ocrx_word' id='word_1_58' title='bbox 1656 1253 1713 1306; x_wconf 93' lang='lat' dir='ltr'><strong>et</strong></span> <span class='ocrx_word' id='word_1_59' title='bbox 1746 1243 2043 1326; x_wconf 73' lang='lat' dir='ltr'><strong>propriam</strong></span> 
     </span>
    </p>
   </div>
   <div class='ocr_carea' id='block_1_11' title="bbox 413 1317 2046 1414">
    <p class='ocr_par' dir='ltr' id='par_1_11' title="bbox 413 1317 2046 1414">
     <span class='ocr_line' id='line_1_11' title="bbox 413 1317 2046 1414; baseline 0.003 -23"><span class='ocrx_word' id='word_1_60' title='bbox 413 1317 968 1409; x_wconf 45' lang='lat' dir='ltr'><strong>directionem-,haec</strong></span> <span class='ocrx_word' id='word_1_61' title='bbox 992 1331 1168 1392; x_wconf 86' lang='lat' dir='ltr'><strong>etiam</strong></span> <span class='ocrx_word' id='word_1_62' title='bbox 1193 1332 1602 1408; x_wconf 88' lang='lat' dir='ltr'><strong>roborat,utin</strong></span> <span class='ocrx_word' id='word_1_63' title='bbox 1627 1317 1874 1414; x_wconf 73' lang='lat' dir='ltr'><strong>proprio</strong></span> <span class='ocrx_word' id='word_1_64' title='bbox 1889 1317 2046 1413; x_wconf 67' lang='lat' dir='ltr'><strong>quae-</strong></span> 
     </span>
    </p>
   </div>
   <div class='ocr_carea' id='block_1_12' title="bbox 411 1421 2046 1501">
    <p class='ocr_par' dir='ltr' id='par_1_12' title="bbox 411 1421 2046 1501">
     <span class='ocr_line' id='line_1_12' title="bbox 411 1421 2046 1501; baseline -0.002 -14"><span class='ocrx_word' id='word_1_65' title='bbox 411 1440 526 1501; x_wconf 90' lang='lat' dir='ltr'><strong>que</strong></span> <span class='ocrx_word' id='word_1_66' title='bbox 552 1422 763 1484; x_wconf 86' lang='lat' dir='ltr'><strong>ordine</strong></span> <span class='ocrx_word' id='word_1_67' title='bbox 807 1429 1253 1484; x_wconf 81' lang='lat' dir='ltr'><strong>conserventur.</strong></span> <span class='ocrx_word' id='word_1_68' title='bbox 1289 1421 1646 1484; x_wconf 86' lang='lat' dir='ltr'><strong>Corroborat</strong></span> <span class='ocrx_word' id='word_1_69' title='bbox 1677 1423 1852 1484; x_wconf 87' lang='lat' dir='ltr'><strong>etiam</strong></span> <span class='ocrx_word' id='word_1_70' title='bbox 1900 1421 2046 1484; x_wconf 83' lang='lat' dir='ltr'><strong>vitas</strong></span> 
     </span>
    </p>
   </div>
   <div class='ocr_carea' id='block_1_13' title="bbox 408 1511 2046 1593">
    <p class='ocr_par' dir='ltr' id='par_1_13' title="bbox 408 1511 2046 1593">
     <span class='ocr_line' id='line_1_13' title="bbox 408 1511 2046 1593; baseline -0.004 -15"><span class='ocrx_word' id='word_1_71' title='bbox 408 1512 776 1578; x_wconf 83' lang='lat' dir='ltr'><strong>immortales</strong></span> <span class='ocrx_word' id='word_1_72' title='bbox 800 1511 1199 1591; x_wconf 86' lang='lat' dir='ltr'><strong>angelicarum</strong></span> <span class='ocrx_word' id='word_1_73' title='bbox 1227 1513 1782 1586; x_wconf 87' lang='lat' dir='ltr'><strong>unitatum,scilicet</strong></span> <span class='ocrx_word' id='word_1_74' title='bbox 1811 1512 2046 1593; x_wconf 90' lang='lat' dir='ltr'><strong>simpli-</strong></span> 
     </span>
    </p>
   </div>
   <div class='ocr_carea' id='block_1_14' title="bbox 409 1601 2048 1680">
    <p class='ocr_par' dir='ltr' id='par_1_14' title="bbox 409 1601 2048 1680">
     <span class='ocr_line' id='line_1_14' title="bbox 409 1601 2048 1680; baseline -0.002 -13"><span class='ocrx_word' id='word_1_75' title='bbox 409 1607 564 1668; x_wconf 88' lang='lat' dir='ltr'><strong>cium</strong></span> <span class='ocrx_word' id='word_1_76' title='bbox 583 1609 1018 1680; x_wconf 87' lang='lat' dir='ltr'><strong>naturarum,ut</strong></span> <span class='ocrx_word' id='word_1_77' title='bbox 1043 1601 1412 1662; x_wconf 85' lang='lat' dir='ltr'><strong>inviolabiles</strong></span> <span class='ocrx_word' id='word_1_78' title='bbox 1439 1601 2048 1665; x_wconf 86' lang='lat' dir='ltr'><strong>conserventur.Con-</strong></span> 
     </span>
    </p>
   </div>
   <div class='ocr_carea' id='block_1_15' title="bbox 407 1691 2046 1757">
    <p class='ocr_par' dir='ltr' id='par_1_15' title="bbox 407 1691 2046 1757">
     <span class='ocr_line' id='line_1_15' title="bbox 407 1691 2046 1757; baseline -0.002 0"><span class='ocrx_word' id='word_1_79' title='bbox 407 1703 606 1757; x_wconf 87' lang='lat' dir='ltr'><strong>servat</strong></span> <span class='ocrx_word' id='word_1_80' title='bbox 635 1692 812 1754; x_wconf 88' lang='lat' dir='ltr'><strong>etiam</strong></span> <span class='ocrx_word' id='word_1_81' title='bbox 846 1693 1090 1752; x_wconf 86' lang='lat' dir='ltr'><strong>ordines</strong></span> <span class='ocrx_word' id='word_1_82' title='bbox 1121 1691 1394 1754; x_wconf 63' lang='lat' dir='ltr'><strong>caelestes</strong></span> <span class='ocrx_word' id='word_1_83' title='bbox 1451 1691 1874 1755; x_wconf 88' lang='lat' dir='ltr'><strong>immutabiles.</strong></span> <span class='ocrx_word' id='word_1_84' title='bbox 1924 1691 2046 1754; x_wconf 78' lang='lat' dir='ltr'><strong>Ve-</strong></span> 
     </span>
    </p>
   </div>
   <div class='ocr_carea' id='block_1_16' title="bbox 1570 297 2616 374">
    <p class='ocr_par' dir='ltr' id='par_1_16' title="bbox 1570 297 2616 374">
     <span class='ocr_line' id='line_1_16' title="bbox 1570 297 2616 374; baseline 0.007 -8"><span class='ocrx_word' id='word_1_85' title='bbox 1570 299 1631 366; x_wconf 78' lang='grc' dir='ltr'><strong>Β.</strong></span> <span class='ocrx_word' id='word_1_86' title='bbox 1678 297 2022 370; x_wconf 85' lang='lat' dir='ltr'><strong>DIONYSII</strong></span> <span class='ocrx_word' id='word_1_87' title='bbox 2079 301 2616 374; x_wconf 69' lang='lat' dir='ltr'><strong>AREOPAGITE.</strong></span> 
     </span>
    </p>
   </div>
   <div class='ocr_carea' id='block_1_17' title="bbox 484 427 2092 516">
    <p class='ocr_par' dir='ltr' id='par_1_17' title="bbox 484 427 2092 516">
     <span class='ocr_line' id='line_1_17' title="bbox 484 427 2092 516; baseline 0 -18"><span class='ocrx_word' id='word_1_88' title='bbox 484 437 512 516; x_wconf 84' lang='lat'>§</span> <span class='ocrx_word' id='word_1_89' title='bbox 543 434 611 500; x_wconf 86' lang='lat' dir='ltr'><strong>V.</strong></span> <span class='ocrx_word' id='word_1_90' title='bbox 639 431 822 500; x_wconf 86' lang='lat' dir='ltr'><strong>Porro</strong></span> <span class='ocrx_word' id='word_1_91' title='bbox 843 427 1244 497; x_wconf 79' lang='lat' dir='ltr'><strong>indeﬁcientis</strong></span> <span class='ocrx_word' id='word_1_92' title='bbox 1267 431 1434 496; x_wconf 88' lang='lat' dir='ltr'><strong>istius</strong></span> <span class='ocrx_word' id='word_1_93' title='bbox 1457 439 1768 516; x_wconf 81' lang='lat' dir='ltr'><strong>potestatis</strong></span> <span class='ocrx_word' id='word_1_94' title='bbox 1786 456 2033 499; x_wconf 85' lang='lat' dir='ltr'><strong>munera</strong></span> <span class='ocrx_word' id='word_1_95' title='bbox 2056 445 2092 492; x_wconf 83' lang='lat' dir='ltr'><strong>A</strong></span> 
     </span>
    </p>
   </div>
   <div class='ocr_carea' id='block_1_18' title="bbox 3667 315 3786 383">
    <p class='ocr_par' dir='ltr' id='par_1_18' title="bbox 3667 315 3786 383">
     <span class='ocr_line' id='line_1_18' title="bbox 3667 315 3786 383; baseline -0.008 0"><span class='ocrx_word' id='word_1_96' title='bbox 3667 315 3786 383; x_wconf 71' lang='grc'><strong>904</strong></span> 
     </span>
    </p>
   </div>
   <div class='ocr_carea' id='block_1_19' title="bbox 2197 435 3786 516">
    <p class='ocr_par' dir='ltr' id='par_1_19' title="bbox 2197 438 3786 516">
     <span class='ocr_line' id='line_1_19' title="bbox 2197 438 3786 516; baseline 0.008 -22"><span class='ocrx_word' id='word_1_97' title='bbox 2197 442 2224 513; x_wconf 82' lang='lat'>§</span> <span class='ocrx_word' id='word_1_98' title='bbox 2292 438 2361 502; x_wconf 72' lang='grc' dir='ltr'><strong>ν,</strong></span> <span class='ocrx_word' id='word_1_99' title='bbox 2441 443 2647 516; x_wconf 76' lang='grc' dir='ltr'>Πρόεισι</span> <span class='ocrx_word' id='word_1_100' title='bbox 2703 441 2756 498; x_wconf 75' lang='grc' dir='ltr'><em>δὲ</em></span> <span class='ocrx_word' id='word_1_101' title='bbox 2823 444 2885 498; x_wconf 72' lang='grc' dir='ltr'>τὸ</span> <span class='ocrx_word' id='word_1_102' title='bbox 2947 444 3291 502; x_wconf 72' lang='grc' dir='ltr'><strong>ἀνέκλειπτον</strong></span> <span class='ocrx_word' id='word_1_103' title='bbox 3365 451 3464 516; x_wconf 68' lang='grc' dir='ltr'>τῆς</span> <span class='ocrx_word' id='word_1_104' title='bbox 3527 453 3786 516; x_wconf 67' lang='grc' dir='ltr'>τοιαύτης</span> 
     </span>
    </p>
   </div>
   <div class='ocr_carea' id='block_1_20' title="bbox 2130 527 3782 618">
    <p class='ocr_par' dir='ltr' id='par_1_20' title="bbox 2130 527 3782 618">
     <span class='ocr_line' id='line_1_20' title="bbox 2130 527 3782 618; baseline 0.008 -36"><span class='ocrx_word' id='word_1_105' title='bbox 2130 527 2400 602; x_wconf 68' lang='grc' dir='ltr'>δυνάμεως</span> <span class='ocrx_word' id='word_1_106' title='bbox 2459 535 2548 588; x_wconf 85' lang='grc' dir='ltr'><strong>καὶ</strong></span> <span class='ocrx_word' id='word_1_107' title='bbox 2605 534 2677 595; x_wconf 80' lang='grc' dir='ltr'>εἷς</span> <span class='ocrx_word' id='word_1_108' title='bbox 2737 532 3062 610; x_wconf 78' lang='grc' dir='ltr'>ἀνθρώποος,</span> <span class='ocrx_word' id='word_1_109' title='bbox 3123 537 3210 591; x_wconf 85' lang='grc' dir='ltr'><strong>καὶ</strong></span> <span class='ocrx_word' id='word_1_110' title='bbox 3281 542 3414 610; x_wconf 77' lang='grc' dir='ltr'>ζῶα,</span> <span class='ocrx_word' id='word_1_111' title='bbox 3475 541 3564 594; x_wconf 83' lang='grc' dir='ltr'><strong>καὶ</strong></span> <span class='ocrx_word' id='word_1_112' title='bbox 3621 543 3782 618; x_wconf 75' lang='grc' dir='ltr'>φυτὰ,</span> 
     </span>
    </p>
   </div>
   <div class='ocr_carea' id='block_1_21' title="bbox 2130 620 3784 702">
    <p class='ocr_par' dir='ltr' id='par_1_21' title="bbox 2130 620 3784 702">
     <span class='ocr_line' id='line_1_21' title="bbox 2130 620 3784 702; baseline 0.008 -29"><span class='ocrx_word' id='word_1_113' title='bbox 2130 620 2218 676; x_wconf 85' lang='grc' dir='ltr'><strong>καὶ</strong></span> <span class='ocrx_word' id='word_1_114' title='bbox 2276 620 2374 687; x_wconf 82' lang='grc' dir='ltr'>τὴν</span> <span class='ocrx_word' id='word_1_115' title='bbox 2430 627 2538 677; x_wconf 86' lang='grc' dir='ltr'>τῶν</span> <span class='ocrx_word' id='word_1_116' title='bbox 2595 621 2734 678; x_wconf 73' lang='grc' dir='ltr'>ὅλων</span> <span class='ocrx_word' id='word_1_117' title='bbox 2791 623 2963 702; x_wconf 77' lang='grc' dir='ltr'>φύσιν,</span> <span class='ocrx_word' id='word_1_118' title='bbox 3051 635 3292 700; x_wconf 81' lang='grc' dir='ltr'>Δυναμοτ</span> <span class='ocrx_word' id='word_1_119' title='bbox 3344 630 3513 682; x_wconf 83' lang='grc' dir='ltr'>τοίνυν</span> <span class='ocrx_word' id='word_1_120' title='bbox 3573 630 3668 684; x_wconf 86' lang='grc' dir='ltr'><strong>καὶ</strong></span> <span class='ocrx_word' id='word_1_121' title='bbox 3721 651 3784 686; x_wconf 80' lang='grc' dir='ltr'><strong>τα</strong></span> 
     </span>
    </p>
   </div>
   <div class='ocr_carea' id='block_1_22' title="bbox 2131 710 3786 792">
    <p class='ocr_par' dir='ltr' id='par_1_22' title="bbox 2131 710 3786 792">
     <span class='ocr_line' id='line_1_22' title="bbox 2131 710 3786 792; baseline 0.006 -28"><span class='ocrx_word' id='word_1_122' title='bbox 2131 710 2403 790; x_wconf 75' lang='grc' dir='ltr'><strong>ἡνωμένα,</strong></span> <span class='ocrx_word' id='word_1_123' title='bbox 2438 711 2501 766; x_wconf 80' lang='grc' dir='ltr'>τὰ</span> <span class='ocrx_word' id='word_1_124' title='bbox 2550 712 2686 790; x_wconf 82' lang='grc' dir='ltr'><strong>μέρη</strong></span> <span class='ocrx_word' id='word_1_125' title='bbox 2717 714 2882 792; x_wconf 80' lang='grc' dir='ltr'>τυχὸν</span> <span class='ocrx_word' id='word_1_126' title='bbox 2933 719 3024 770; x_wconf 83' lang='grc' dir='ltr'><strong>τοῦ</strong></span> <span class='ocrx_word' id='word_1_127' title='bbox 3067 712 3188 772; x_wconf 86' lang='grc' dir='ltr'>ἓλου</span> <span class='ocrx_word' id='word_1_128' title='bbox 3231 719 3478 790; x_wconf 78' lang='grc' dir='ltr'>σώματος</span> <span class='ocrx_word' id='word_1_129' title='bbox 3531 717 3568 786; x_wconf 76' lang='grc' dir='ltr'><strong>ἢ</strong></span> <span class='ocrx_word' id='word_1_130' title='bbox 3599 720 3690 774; x_wconf 79' lang='grc' dir='ltr'><strong>καὶ</strong></span> <span class='ocrx_word' id='word_1_131' title='bbox 3721 721 3786 774; x_wconf 70' lang='grc' dir='ltr'>τὰ</span> 
     </span>
    </p>
   </div>
   <div class='ocr_carea' id='block_1_23' title="bbox 2133 799 3786 880">
    <p class='ocr_par' dir='ltr' id='par_1_23' title="bbox 2133 799 3786 880">
     <span class='ocr_line' id='line_1_23' title="bbox 2133 799 3786 880; baseline 0.005 -27"><span class='ocrx_word' id='word_1_132' title='bbox 2133 800 2412 878; x_wconf 72' lang='grc' dir='ltr'>στοιχεῖα,</span> <span class='ocrx_word' id='word_1_133' title='bbox 2461 799 2494 854; x_wconf 74' lang='grc' dir='ltr'><em>ἃ</em></span> <span class='ocrx_word' id='word_1_134' title='bbox 2526 801 2662 856; x_wconf 70' lang='grc' dir='ltr'>κατοί</span> <span class='ocrx_word' id='word_1_135' title='bbox 2689 823 2806 857; x_wconf 89' lang='grc' dir='ltr'>τινα</span> <span class='ocrx_word' id='word_1_136' title='bbox 2837 802 2934 876; x_wconf 79' lang='grc' dir='ltr'><strong>μὲν</strong></span> <span class='ocrx_word' id='word_1_137' title='bbox 2993 801 3250 872; x_wconf 76' lang='grc' dir='ltr'>ἀλλήλοις</span> <span class='ocrx_word' id='word_1_138' title='bbox 3279 813 3614 880; x_wconf 75' lang='grc' dir='ltr'><strong>κοινωνοῦσι,</strong></span> <span class='ocrx_word' id='word_1_139' title='bbox 3651 807 3786 863; x_wconf 65' lang='grc' dir='ltr'>κατά</span> 
     </span>
    </p>
   </div>
   <div class='ocr_carea' id='block_1_24' title="bbox 2132 887 3784 969">
    <p class='ocr_par' dir='ltr' id='par_1_24' title="bbox 2132 887 3784 969">
     <span class='ocr_line' id='line_1_24' title="bbox 2132 887 3784 969; baseline 0.004 -26"><span class='ocrx_word' id='word_1_140' title='bbox 2132 910 2250 944; x_wconf 85' lang='grc' dir='ltr'>τινα</span> <span class='ocrx_word' id='word_1_141' title='bbox 2331 887 2384 944; x_wconf 82' lang='grc' dir='ltr'><strong>δὲ</strong></span> <span class='ocrx_word' id='word_1_142' title='bbox 2445 887 2742 968; x_wconf 68' lang='grc' dir='ltr'><strong>διαφέρουσι</strong></span> <span class='ocrx_word' id='word_1_143' title='bbox 2800 891 2931 969; x_wconf 80' lang='grc' dir='ltr'>πρὸς</span> <span class='ocrx_word' id='word_1_144' title='bbox 2999 894 3098 959; x_wconf 80' lang='grc' dir='ltr'>τὴν</span> <span class='ocrx_word' id='word_1_145' title='bbox 3157 893 3408 960; x_wconf 83' lang='grc' dir='ltr'>τοιαύτην</span> <span class='ocrx_word' id='word_1_146' title='bbox 3477 897 3784 959; x_wconf 80' lang='grc' dir='ltr'>κοινωνίαν,</span> 
     </span>
    </p>
   </div>
   <div class='ocr_carea' id='block_1_25' title="bbox 2139 977 3788 1055">
    <p class='ocr_par' dir='ltr' id='par_1_25' title="bbox 2139 977 3788 1055">
     <span class='ocr_line' id='line_1_25' title="bbox 2139 977 3788 1055; baseline 0.004 -23"><span class='ocrx_word' id='word_1_147' title='bbox 2139 985 2379 1052; x_wconf 80' lang='grc' dir='ltr'>Δυναμοτ</span> <span class='ocrx_word' id='word_1_148' title='bbox 2425 985 2516 1034; x_wconf 77' lang='grc' dir='ltr'>καὶ</span> <span class='ocrx_word' id='word_1_149' title='bbox 2550 979 2610 1034; x_wconf 73' lang='grc' dir='ltr'>τὰ</span> <span class='ocrx_word' id='word_1_150' title='bbox 2667 977 3040 1055; x_wconf 78' lang='grc' dir='ltr'><strong>διακεκριμένα</strong></span> <span class='ocrx_word' id='word_1_151' title='bbox 3090 983 3164 1046; x_wconf 82' lang='grc' dir='ltr'><strong>εἰς</strong></span> <span class='ocrx_word' id='word_1_152' title='bbox 3201 984 3262 1038; x_wconf 85' lang='grc' dir='ltr'>τὸ</span> <span class='ocrx_word' id='word_1_153' title='bbox 3314 997 3454 1040; x_wconf 75' lang='grc' dir='ltr'>εἶναι</span> <span class='ocrx_word' id='word_1_154' title='bbox 3503 986 3642 1041; x_wconf 80' lang='grc' dir='ltr'>κατᾶ</span> <span class='ocrx_word' id='word_1_155' title='bbox 3695 989 3788 1042; x_wconf 70' lang='grc' dir='ltr'>τὸν</span> 
     </span>
    </p>
   </div>
   <div class='ocr_carea' id='block_1_26' title="bbox 2137 1065 3788 1150">
    <p class='ocr_par' dir='ltr' id='par_1_26' title="bbox 2137 1065 3788 1150">
     <span class='ocr_line' id='line_1_26' title="bbox 2137 1065 3788 1150; baseline 0.004 -26"><span class='ocrx_word' id='word_1_156' title='bbox 2137 1065 2331 1124; x_wconf 78' lang='grc' dir='ltr'>οἷδετον</span> <span class='ocrx_word' id='word_1_157' title='bbox 2402 1067 2562 1146; x_wconf 80' lang='grc' dir='ltr'>λόγον</span> <span class='ocrx_word' id='word_1_158' title='bbox 2594 1068 2815 1126; x_wconf 80' lang='grc' dir='ltr'>ἕκαστον</span> <span class='ocrx_word' id='word_1_159' title='bbox 2884 1070 3242 1150; x_wconf 73' lang='grc' dir='ltr'>ἀσύμφυρτον.</span> <span class='ocrx_word' id='word_1_160' title='bbox 3321 1073 3467 1131; x_wconf 81' lang='grc' dir='ltr'>Ἐπεὶ</span> <span class='ocrx_word' id='word_1_161' title='bbox 3543 1073 3595 1130; x_wconf 79' lang='grc' dir='ltr'><strong>δὲ</strong></span> <span class='ocrx_word' id='word_1_162' title='bbox 3653 1075 3788 1131; x_wconf 75' lang='grc' dir='ltr'>ἕκα-</span> 
     </span>
    </p>
   </div>
   <div class='ocr_carea' id='block_1_27' title="bbox 2132 1157 3786 1240">
    <p class='ocr_par' dir='ltr' id='par_1_27' title="bbox 2132 1157 3786 1240">
     <span class='ocr_line' id='line_1_27' title="bbox 2132 1157 3786 1240; baseline 0.005 -26"><span class='ocrx_word' id='word_1_163' title='bbox 2132 1181 2253 1214; x_wconf 84' lang='grc' dir='ltr'>στον</span> <span class='ocrx_word' id='word_1_164' title='bbox 2319 1157 2436 1238; x_wconf 79' lang='grc' dir='ltr'>ἔχει</span> <span class='ocrx_word' id='word_1_165' title='bbox 2515 1157 2660 1225; x_wconf 81' lang='grc' dir='ltr'>τάξιν</span> <span class='ocrx_word' id='word_1_166' title='bbox 2737 1169 2820 1216; x_wconf 75' lang='grc' dir='ltr'><strong>καί</strong></span> <span class='ocrx_word' id='word_1_167' title='bbox 2879 1163 3112 1218; x_wconf 63' lang='grc' dir='ltr'>εὒθεσίαν</span> <span class='ocrx_word' id='word_1_168' title='bbox 3183 1162 3336 1238; x_wconf 76' lang='grc' dir='ltr'>ἰδίαν,</span> <span class='ocrx_word' id='word_1_169' title='bbox 3396 1163 3626 1240; x_wconf 78' lang='grc' dir='ltr'>δυναμοῐ</span> <span class='ocrx_word' id='word_1_170' title='bbox 3699 1163 3786 1222; x_wconf 69' lang='grc' dir='ltr'><strong>καὶ</strong></span> 
     </span>
    </p>
   </div>
   <div class='ocr_carea' id='block_1_28' title="bbox 2129 1249 3784 1322">
    <p class='ocr_par' dir='ltr' id='par_1_28' title="bbox 2129 1249 3784 1322">
     <span class='ocr_line' id='line_1_28' title="bbox 2129 1249 3784 1322; baseline 0.004 -19"><span class='ocrx_word' id='word_1_171' title='bbox 2129 1255 2292 1304; x_wconf 81' lang='grc' dir='ltr'>ταῦτα</span> <span class='ocrx_word' id='word_1_172' title='bbox 2351 1250 2423 1313; x_wconf 85' lang='grc' dir='ltr'><strong>εἰς</strong></span> <span class='ocrx_word' id='word_1_173' title='bbox 2481 1251 2542 1304; x_wconf 84' lang='grc' dir='ltr'>τὸ</span> <span class='ocrx_word' id='word_1_174' title='bbox 2599 1249 2944 1322; x_wconf 75' lang='grc' dir='ltr'>διασώζεσθαι</span> <span class='ocrx_word' id='word_1_175' title='bbox 3011 1253 3086 1316; x_wconf 81' lang='grc' dir='ltr'>εἰς</span> <span class='ocrx_word' id='word_1_176' title='bbox 3141 1253 3242 1321; x_wconf 79' lang='grc' dir='ltr'>τὴν</span> <span class='ocrx_word' id='word_1_177' title='bbox 3300 1254 3494 1310; x_wconf 75' lang='grc' dir='ltr'>οἰκείαν</span> <span class='ocrx_word' id='word_1_178' title='bbox 3552 1253 3784 1312; x_wconf 62' lang='grc' dir='ltr'>ἕκαστον</span> 
     </span>
    </p>
   </div>
   <div class='ocr_carea' id='block_1_29' title="bbox 2131 1336 3792 1423">
    <p class='ocr_par' dir='ltr' id='par_1_29' title="bbox 2131 1336 3792 1423">
     <span class='ocr_line' id='line_1_29' title="bbox 2131 1336 3792 1423; baseline 0.005 -30"><span class='ocrx_word' id='word_1_179' title='bbox 2131 1336 2294 1402; x_wconf 78' lang='grc' dir='ltr'>τάξιν.</span> <span class='ocrx_word' id='word_1_180' title='bbox 2360 1338 2600 1414; x_wconf 82' lang='grc' dir='ltr'>Δυναμοῖ</span> <span class='ocrx_word' id='word_1_181' title='bbox 2657 1339 2746 1395; x_wconf 86' lang='grc' dir='ltr'><strong>καὶ</strong></span> <span class='ocrx_word' id='word_1_182' title='bbox 2815 1341 2910 1404; x_wconf 75' lang='grc' dir='ltr'><strong>τὰς</strong></span> <span class='ocrx_word' id='word_1_183' title='bbox 2981 1341 3266 1406; x_wconf 82' lang='grc' dir='ltr'>ἀθανάτους</span> <span class='ocrx_word' id='word_1_184' title='bbox 3316 1347 3454 1414; x_wconf 81' lang='grc' dir='ltr'>ζωὰς</span> <span class='ocrx_word' id='word_1_185' title='bbox 3519 1345 3630 1402; x_wconf 78' lang='grc' dir='ltr'>τῶν</span> <span class='ocrx_word' id='word_1_186' title='bbox 3687 1345 3792 1423; x_wconf 78' lang='grc' dir='ltr'><strong>ἆγ-</strong></span> 
     </span>
    </p>
   </div>
   <div class='ocr_carea' id='block_1_30' title="bbox 2129 1425 3789 1514">
    <p class='ocr_par' dir='ltr' id='par_1_30' title="bbox 2129 1425 3789 1514">
     <span class='ocr_line' id='line_1_30' title="bbox 2129 1425 3789 1514; baseline 0.005 -31"><span class='ocrx_word' id='word_1_187' title='bbox 2129 1425 2358 1506; x_wconf 82' lang='grc' dir='ltr'>γελικῶν</span> <span class='ocrx_word' id='word_1_188' title='bbox 2429 1426 2647 1500; x_wconf 82' lang='grc' dir='ltr'>ἑνάδων,</span> <span class='ocrx_word' id='word_1_189' title='bbox 2709 1426 2950 1497; x_wconf 81' lang='grc' dir='ltr'>δηλονότι</span> <span class='ocrx_word' id='word_1_190' title='bbox 3029 1434 3136 1488; x_wconf 83' lang='grc' dir='ltr'>τῶν</span> <span class='ocrx_word' id='word_1_191' title='bbox 3211 1431 3488 1491; x_wconf 79' lang='grc' dir='ltr'><strong>ἄπλοῖκῶν</strong></span> <span class='ocrx_word' id='word_1_192' title='bbox 3547 1435 3789 1514; x_wconf 80' lang='grc' dir='ltr'>φύσεων,</span> 
     </span>
    </p>
   </div>
   <div class='ocr_carea' id='block_1_31' title="bbox 2131 1515 3788 1597">
    <p class='ocr_par' dir='ltr' id='par_1_31' title="bbox 2131 1515 3788 1597">
     <span class='ocr_line' id='line_1_31' title="bbox 2131 1515 3788 1597; baseline 0.006 -26"><span class='ocrx_word' id='word_1_193' title='bbox 2131 1519 2202 1580; x_wconf 84' lang='grc' dir='ltr'>εἷς</span> <span class='ocrx_word' id='word_1_194' title='bbox 2259 1519 2320 1573; x_wconf 82' lang='grc' dir='ltr'><strong>τὸ</strong></span> <span class='ocrx_word' id='word_1_195' title='bbox 2353 1515 2702 1597; x_wconf 76' lang='grc' dir='ltr'>φυλάττεσθαι</span> <span class='ocrx_word' id='word_1_196' title='bbox 2759 1517 3175 1588; x_wconf 76' lang='grc' dir='ltr'>ἆδιαλωϐήτους.</span> <span class='ocrx_word' id='word_1_197' title='bbox 3241 1520 3498 1582; x_wconf 77' lang='grc' dir='ltr'>Φυλάττει</span> <span class='ocrx_word' id='word_1_198' title='bbox 3559 1527 3788 1586; x_wconf 75' lang='grc' dir='ltr'>καὶτὰς</span> 
     </span>
    </p>
   </div>
   <div class='ocr_carea' id='block_1_32' title="bbox 2132 1605 3790 1686">
    <p class='ocr_par' dir='ltr' id='par_1_32' title="bbox 2132 1605 3790 1686">
     <span class='ocr_line' id='line_1_32' title="bbox 2132 1605 3790 1686; baseline 0.004 -24"><span class='ocrx_word' id='word_1_199' title='bbox 2132 1607 2368 1682; x_wconf 71' lang='grc' dir='ltr'>οὐρανίας</span> <span class='ocrx_word' id='word_1_200' title='bbox 2427 1605 2620 1680; x_wconf 69' lang='grc' dir='ltr'>τάξεις,</span> <span class='ocrx_word' id='word_1_201' title='bbox 2679 1606 3094 1673; x_wconf 80' lang='grc' dir='ltr'>ἀναλλοιώτους,</span> <span class='ocrx_word' id='word_1_202' title='bbox 3171 1609 3317 1679; x_wconf 75' lang='grc' dir='ltr'>Πλὴν</span> <span class='ocrx_word' id='word_1_203' title='bbox 3375 1614 3454 1686; x_wconf 79' lang='grc' dir='ltr'><strong>μὴ</strong></span> <span class='ocrx_word' id='word_1_204' title='bbox 3527 1615 3668 1670; x_wconf 76' lang='grc' dir='ltr'>κατὰ</span> <span class='ocrx_word' id='word_1_205' title='bbox 3723 1617 3790 1669; x_wconf 83' lang='grc' dir='ltr'>τὸ</span> 
     </span>
    </p>
   </div>
   <div class='ocr_carea' id='block_1_33' title="bbox 2131 1693 3792 1773">
    <p class='ocr_par' dir='ltr' id='par_1_33' title="bbox 2131 1693 3792 1773">
     <span class='ocr_line' id='line_1_33' title="bbox 2131 1693 3792 1773; baseline 0.004 -23"><span class='ocrx_word' id='word_1_206' title='bbox 2131 1693 2315 1758; x_wconf 76' lang='grc' dir='ltr'>ἆϊδίως</span> <span class='ocrx_word' id='word_1_207' title='bbox 2374 1696 2516 1752; x_wconf 73' lang='grc' dir='ltr'>εἶναι</span> <span class='ocrx_word' id='word_1_208' title='bbox 2573 1698 2771 1772; x_wconf 78' lang='grc' dir='ltr'><strong>νοήσῃς</strong></span> <span class='ocrx_word' id='word_1_209' title='bbox 2804 1699 2865 1754; x_wconf 83' lang='grc' dir='ltr'><strong>τὸ</strong></span> <span class='ocrx_word' id='word_1_210' title='bbox 2909 1697 3289 1773; x_wconf 72' lang='grc' dir='ltr'><strong>ἀναλλοίωτον,</strong></span> <span class='ocrx_word' id='word_1_211' title='bbox 3325 1699 3458 1758; x_wconf 78' lang='grc' dir='ltr'>ἀλλὰ</span> <span class='ocrx_word' id='word_1_212' title='bbox 3486 1705 3628 1760; x_wconf 76' lang='grc' dir='ltr'>κατὰ</span> <span class='ocrx_word' id='word_1_213' title='bbox 3685 1703 3792 1769; x_wconf 69' lang='grc' dir='ltr'>τὴν</span> 
     </span>
    </p>
   </div>
   <div class='ocr_carea' id='block_1_34' title="bbox 404 1781 2047 1864">
    <p class='ocr_par' dir='ltr' id='par_1_34' title="bbox 404 1781 2043 1856">
     <span class='ocr_line' id='line_1_34' title="bbox 404 1781 2043 1856; baseline -0.001 -10"><span class='ocrx_word' id='word_1_214' title='bbox 404 1804 540 1847; x_wconf 91' lang='lat' dir='ltr'><strong>rum</strong></span> <span class='ocrx_word' id='word_1_215' title='bbox 576 1781 696 1844; x_wconf 92' lang='lat' dir='ltr'><strong>noli</strong></span> <span class='ocrx_word' id='word_1_216' title='bbox 730 1781 1061 1856; x_wconf 83' lang='lat' dir='ltr'><strong>intelligere</strong></span> <span class='ocrx_word' id='word_1_217' title='bbox 1110 1782 1654 1844; x_wconf 83' lang='lat' dir='ltr'><strong>immutabilitatem</strong></span> <span class='ocrx_word' id='word_1_218' title='bbox 1711 1781 2043 1845; x_wconf 88' lang='lat' dir='ltr'><strong>secundum</strong></span> 
     </span>
    </p>
   </div>
   <div class='ocr_carea' id='block_1_35' title="bbox 2134 1781 3788 1864">
    <p class='ocr_par' dir='ltr' id='par_1_35' title="bbox 2134 1783 3788 1864">
     <span class='ocr_line' id='line_1_35' title="bbox 2134 1783 3788 1864; baseline 0.005 -25"><span class='ocrx_word' id='word_1_219' title='bbox 2134 1783 2521 1864; x_wconf 70' lang='grc' dir='ltr'>ἅπαραὶ-λαξίαν</span> <span class='ocrx_word' id='word_1_220' title='bbox 2576 1786 2672 1854; x_wconf 73' lang='grc' dir='ltr'><strong>τῆς</strong></span> <span class='ocrx_word' id='word_1_221' title='bbox 2717 1795 2809 1843; x_wconf 78' lang='grc' dir='ltr'><strong>τοῦ</strong></span> <span class='ocrx_word' id='word_1_222' title='bbox 2839 1789 3033 1848; x_wconf 79' lang='grc' dir='ltr'>παντὸς</span> <span class='ocrx_word' id='word_1_223' title='bbox 3091 1789 3310 1854; x_wconf 69' lang='grc' dir='ltr'>τάξεως.</span> <span class='ocrx_word' id='word_1_224' title='bbox 3365 1792 3520 1848; x_wconf 83' lang='grc' dir='ltr'><strong>[Ιοιεῖ</strong></span> <span class='ocrx_word' id='word_1_225' title='bbox 3577 1791 3634 1848; x_wconf 77' lang='grc' dir='ltr'><em>δὲ</em></span> <span class='ocrx_word' id='word_1_226' title='bbox 3696 1795 3788 1848; x_wconf 85' lang='grc' dir='ltr'><strong>καὶ</strong></span> 
     </span>
    </p>
   </div>
   <div class='ocr_carea' id='block_1_36' title="bbox 409 1869 2048 1951">
    <p class='ocr_par' dir='ltr' id='par_1_36' title="bbox 409 1869 2048 1951">
     <span class='ocr_line' id='line_1_36' title="bbox 409 1869 2048 1951; baseline -0.001 -17"><span class='ocrx_word' id='word_1_227' title='bbox 409 1891 540 1937; x_wconf 86' lang='lat' dir='ltr'><strong>esse</strong></span> <span class='ocrx_word' id='word_1_228' title='bbox 561 1870 1124 1951; x_wconf 88' lang='lat' dir='ltr'><strong>sempiternum,sed</strong></span> <span class='ocrx_word' id='word_1_229' title='bbox 1155 1870 1488 1931; x_wconf 89' lang='lat' dir='ltr'><strong>secundum</strong></span> <span class='ocrx_word' id='word_1_230' title='bbox 1513 1869 2048 1933; x_wconf 85' lang='lat' dir='ltr'><strong>immutabilitatem</strong></span> 
     </span>
    </p>
   </div>
   <div class='ocr_carea' id='block_1_37' title="bbox 407 1959 2043 2039">
    <p class='ocr_par' dir='ltr' id='par_1_37' title="bbox 407 1959 2043 2039">
     <span class='ocr_line' id='line_1_37' title="bbox 407 1959 2043 2039; baseline -0.001 -15"><span class='ocrx_word' id='word_1_231' title='bbox 407 1961 636 2025; x_wconf 88' lang='lat' dir='ltr'><strong>ordinis</strong></span> <span class='ocrx_word' id='word_1_232' title='bbox 666 1959 950 2021; x_wconf 86' lang='lat' dir='ltr'><strong>universi.</strong></span> <span class='ocrx_word' id='word_1_233' title='bbox 988 1959 1142 2030; x_wconf 89' lang='lat' dir='ltr'><strong>Quin</strong></span> <span class='ocrx_word' id='word_1_234' title='bbox 1174 1972 1232 2020; x_wconf 85' lang='lat' dir='ltr'><strong>et</strong></span> <span class='ocrx_word' id='word_1_235' title='bbox 1257 1959 1493 2034; x_wconf 64' lang='lat' dir='ltr'><strong>smeula,</strong></span> <span class='ocrx_word' id='word_1_236' title='bbox 1531 1969 1753 2020; x_wconf 75' lang='lat' dir='ltr'><strong>utesse</strong></span> <span class='ocrx_word' id='word_1_237' title='bbox 1790 1960 2043 2039; x_wconf 87' lang='lat' dir='ltr'><strong>possint,</strong></span> 
     </span>
    </p>
   </div>
   <div class='ocr_carea' id='block_1_38' title="bbox 409 2049 2046 2129">
    <p class='ocr_par' dir='ltr' id='par_1_38' title="bbox 409 2049 2046 2129">
     <span class='ocr_line' id='line_1_38' title="bbox 409 2049 2046 2129; baseline -0.001 -17"><span class='ocrx_word' id='word_1_238' title='bbox 409 2051 680 2128; x_wconf 83' lang='lat' dir='ltr'><strong>indulget</strong></span> <span class='ocrx_word' id='word_1_239' title='bbox 704 2069 720 2124; x_wconf 88' lang='lat'><strong>;</strong></span> <span class='ocrx_word' id='word_1_240' title='bbox 745 2057 938 2129; x_wconf 86' lang='lat' dir='ltr'><strong>potest</strong></span> <span class='ocrx_word' id='word_1_241' title='bbox 965 2050 1125 2109; x_wconf 89' lang='lat' dir='ltr'><strong>enim</strong></span> <span class='ocrx_word' id='word_1_242' title='bbox 1149 2049 1332 2110; x_wconf 91' lang='lat' dir='ltr'><strong>rebus</strong></span> <span class='ocrx_word' id='word_1_243' title='bbox 1346 2049 1726 2128; x_wconf 89' lang='lat' dir='ltr'><strong>sempiternis</strong></span> <span class='ocrx_word' id='word_1_244' title='bbox 1745 2057 2046 2128; x_wconf 89' lang='lat' dir='ltr'><strong>tempora-</strong></span> 
     </span>
    </p>
   </div>
   <div class='ocr_carea' id='block_1_39' title="bbox 406 2138 2043 2221">
    <p class='ocr_par' dir='ltr' id='par_1_39' title="bbox 406 2138 2043 2221">
     <span class='ocr_line' id='line_1_39' title="bbox 406 2138 2043 2221; baseline -0.002 -17"><span class='ocrx_word' id='word_1_245' title='bbox 406 2143 524 2204; x_wconf 89' lang='lat' dir='ltr'><strong>lem</strong></span> <span class='ocrx_word' id='word_1_246' title='bbox 552 2140 720 2221; x_wconf 85' lang='lat' dir='ltr'><strong>quasi</strong></span> <span class='ocrx_word' id='word_1_247' title='bbox 749 2146 972 2198; x_wconf 89' lang='lat' dir='ltr'><strong>motum</strong></span> <span class='ocrx_word' id='word_1_248' title='bbox 1003 2138 1322 2218; x_wconf 87' lang='lat' dir='ltr'><strong>quemdam</strong></span> <span class='ocrx_word' id='word_1_249' title='bbox 1355 2138 1734 2218; x_wconf 86' lang='lat' dir='ltr'><strong>spatiumque</strong></span> <span class='ocrx_word' id='word_1_250' title='bbox 1760 2147 2043 2200; x_wconf 82' lang='lat' dir='ltr'><strong>coexten-</strong></span> 
     </span>
    </p>
   </div>
   <div class='ocr_carea' id='block_1_40' title="bbox 409 2227 2047 2308">
    <p class='ocr_par' dir='ltr' id='par_1_40' title="bbox 409 2227 2047 2308">
     <span class='ocr_line' id='line_1_40' title="bbox 409 2227 2047 2308; baseline -0.002 -17"><span class='ocrx_word' id='word_1_251' title='bbox 409 2227 1088 2292; x_wconf 85' lang='lat' dir='ltr'><strong>dere.Corroboratvero</strong></span> <span class='ocrx_word' id='word_1_252' title='bbox 1117 2227 1296 2289; x_wconf 91' lang='lat' dir='ltr'><strong>etiam</strong></span> <span class='ocrx_word' id='word_1_253' title='bbox 1334 2237 1754 2308; x_wconf 86' lang='lat' dir='ltr'><strong>temporaneos</strong></span> <span class='ocrx_word' id='word_1_254' title='bbox 1767 2245 2047 2307; x_wconf 86' lang='lat' dir='ltr'><strong>progres-</strong></span> 
     </span>
    </p>
   </div>
   <div class='ocr_carea' id='block_1_41' title="bbox 409 2316 2048 2400">
    <p class='ocr_par' dir='ltr' id='par_1_41' title="bbox 409 2316 2048 2400">
     <span class='ocr_line' id='line_1_41' title="bbox 409 2316 2048 2400; baseline -0.002 -19"><span class='ocrx_word' id='word_1_255' title='bbox 409 2338 531 2396; x_wconf 88' lang='lat' dir='ltr'><strong>sus,</strong></span> <span class='ocrx_word' id='word_1_256' title='bbox 557 2328 848 2380; x_wconf 85' lang='lat' dir='ltr'><strong>astrorum</strong></span> <span class='ocrx_word' id='word_1_257' title='bbox 901 2317 1130 2378; x_wconf 89' lang='lat' dir='ltr'><strong>scilicet</strong></span> <span class='ocrx_word' id='word_1_258' title='bbox 1161 2317 1480 2397; x_wconf 88' lang='lat' dir='ltr'><strong>motiones,</strong></span> <span class='ocrx_word' id='word_1_259' title='bbox 1516 2335 1649 2400; x_wconf 63' lang='lat' dir='ltr'><strong>quae</strong></span> <span class='ocrx_word' id='word_1_260' title='bbox 1680 2318 1738 2377; x_wconf 92' lang='lat' dir='ltr'><strong>in</strong></span> <span class='ocrx_word' id='word_1_261' title='bbox 1790 2316 2048 2394; x_wconf 87' lang='lat' dir='ltr'><strong>quodam</strong></span> 
     </span>
    </p>
   </div>
   <div class='ocr_carea' id='block_1_42' title="bbox 405 2406 2046 2490">
    <p class='ocr_par' dir='ltr' id='par_1_42' title="bbox 405 2406 2046 2490">
     <span class='ocr_line' id='line_1_42' title="bbox 405 2406 2046 2490; baseline -0.003 -18"><span class='ocrx_word' id='word_1_262' title='bbox 405 2409 692 2490; x_wconf 85' lang='lat' dir='ltr'><strong>temporis</strong></span> <span class='ocrx_word' id='word_1_263' title='bbox 709 2425 960 2468; x_wconf 92' lang='lat' dir='ltr'><strong>numero</strong></span> <span class='ocrx_word' id='word_1_264' title='bbox 978 2426 1080 2486; x_wconf 89' lang='lat' dir='ltr'><strong>per</strong></span> <span class='ocrx_word' id='word_1_265' title='bbox 1095 2407 1408 2469; x_wconf 90' lang='lat' dir='ltr'><strong>duodecim</strong></span> <span class='ocrx_word' id='word_1_266' title='bbox 1427 2407 1716 2468; x_wconf 80' lang='lat' dir='ltr'><strong>dictarum</strong></span> <span class='ocrx_word' id='word_1_267' title='bbox 1733 2406 2046 2468; x_wconf 90' lang='lat' dir='ltr'><strong>domorum</strong></span> 
     </span>
    </p>
   </div>
   <div class='ocr_carea' id='block_1_43' title="bbox 409 2495 2048 2580">
    <p class='ocr_par' dir='ltr' id='par_1_43' title="bbox 409 2495 2048 2580">
     <span class='ocr_line' id='line_1_43' title="bbox 409 2495 2048 2580; baseline -0.003 -19"><span class='ocrx_word' id='word_1_268' title='bbox 409 2500 595 2580; x_wconf 76' lang='lat' dir='ltr'><strong>spatia</strong></span> <span class='ocrx_word' id='word_1_269' title='bbox 616 2497 840 2558; x_wconf 90' lang='lat' dir='ltr'><strong>sensim</strong></span> <span class='ocrx_word' id='word_1_270' title='bbox 861 2505 1196 2559; x_wconf 87' lang='lat' dir='ltr'><strong>moventur.</strong></span> <span class='ocrx_word' id='word_1_271' title='bbox 1223 2495 1582 2559; x_wconf 87' lang='lat' dir='ltr'><strong>Corroborat</strong></span> <span class='ocrx_word' id='word_1_272' title='bbox 1601 2496 1778 2556; x_wconf 89' lang='lat' dir='ltr'><strong>etiam</strong></span> <span class='ocrx_word' id='word_1_273' title='bbox 1811 2497 2048 2557; x_wconf 87' lang='lat' dir='ltr'><strong>revolu-</strong></span> 
     </span>
    </p>
   </div>
   <div class='ocr_carea' id='block_1_44' title="bbox 412 2585 2048 2668">
    <p class='ocr_par' dir='ltr' id='par_1_44' title="bbox 412 2585 2048 2668">
     <span class='ocr_line' id='line_1_44' title="bbox 412 2585 2048 2668; baseline -0.001 -19"><span class='ocrx_word' id='word_1_274' title='bbox 412 2588 762 2668; x_wconf 73' lang='lat' dir='ltr'><strong>tiones,qum</strong></span> <span class='ocrx_word' id='word_1_275' title='bbox 785 2585 858 2647; x_wconf 90' lang='lat' dir='ltr'><strong>ab</strong></span> <span class='ocrx_word' id='word_1_276' title='bbox 879 2585 1076 2667; x_wconf 89' lang='lat' dir='ltr'><strong>aliquo</strong></span> <span class='ocrx_word' id='word_1_277' title='bbox 1101 2599 1319 2666; x_wconf 90' lang='lat' dir='ltr'><strong>puncto</strong></span> <span class='ocrx_word' id='word_1_278' title='bbox 1344 2589 1416 2647; x_wconf 84' lang='lat' dir='ltr'><strong>ad</strong></span> <span class='ocrx_word' id='word_1_279' title='bbox 1443 2586 1600 2647; x_wconf 90' lang='lat' dir='ltr'><strong>idem</strong></span> <span class='ocrx_word' id='word_1_280' title='bbox 1629 2593 1910 2664; x_wconf 90' lang='lat' dir='ltr'><strong>punctum</strong></span> <span class='ocrx_word' id='word_1_281' title='bbox 1947 2603 2048 2647; x_wconf 85' lang='lat' dir='ltr'><strong>re-</strong></span> 
     </span>
    </p>
   </div>
   <div class='ocr_carea' id='block_1_45' title="bbox 411 2675 2049 2757">
    <p class='ocr_par' dir='ltr' id='par_1_45' title="bbox 411 2675 2049 2757">
     <span class='ocr_line' id='line_1_45' title="bbox 411 2675 2049 2757; baseline -0.002 -17"><span class='ocrx_word' id='word_1_282' title='bbox 411 2676 1306 2757; x_wconf 86' lang='lat' dir='ltr'><strong>currunt.Corroboratquatuor</strong></span> <span class='ocrx_word' id='word_1_283' title='bbox 1327 2675 1720 2748; x_wconf 90' lang='lat' dir='ltr'><strong>elementa,ad</strong></span> <span class='ocrx_word' id='word_1_284' title='bbox 1741 2675 2049 2756; x_wconf 88' lang='lat' dir='ltr'><strong>proprium</strong></span> 
     </span>
    </p>
   </div>
   <div class='ocr_carea' id='block_1_46' title="bbox 2132 1865 3788 1951">
    <p class='ocr_par' dir='ltr' id='par_1_46' title="bbox 2132 1865 3788 1951">
     <span class='ocr_line' id='line_1_46' title="bbox 2132 1865 3788 1951; baseline 0.004 -31"><span class='ocrx_word' id='word_1_285' title='bbox 2132 1868 2225 1921; x_wconf 74' lang='grc' dir='ltr'><strong>τὸν</strong></span> <span class='ocrx_word' id='word_1_286' title='bbox 2277 1867 2442 1922; x_wconf 68' lang='grc' dir='ltr'>αἰῶνα</span> <span class='ocrx_word' id='word_1_287' title='bbox 2499 1865 2764 1922; x_wconf 83' lang='grc' dir='ltr'>δύνασθαι·</span> <span class='ocrx_word' id='word_1_288' title='bbox 2828 1866 3077 1924; x_wconf 79' lang='grc' dir='ltr'>δύνασται</span> <span class='ocrx_word' id='word_1_289' title='bbox 3127 1871 3224 1947; x_wconf 76' lang='grc' dir='ltr'><strong>γὰρ</strong></span> <span class='ocrx_word' id='word_1_290' title='bbox 3267 1871 3329 1926; x_wconf 80' lang='grc' dir='ltr'>τὸ</span> <span class='ocrx_word' id='word_1_291' title='bbox 3388 1874 3788 1951; x_wconf 70' lang='grc' dir='ltr'>συμπαρεκτεί-</span> 
     </span>
    </p>
   </div>
   <div class='ocr_carea' id='block_1_47' title="bbox 2133 1953 3790 2037">
    <p class='ocr_par' dir='ltr' id='par_1_47' title="bbox 2133 1953 3790 2037">
     <span class='ocr_line' id='line_1_47' title="bbox 2133 1953 3790 2037; baseline 0.005 -28"><span class='ocrx_word' id='word_1_292' title='bbox 2133 1958 2304 2010; x_wconf 82' lang='grc' dir='ltr'>νεσθαι</span> <span class='ocrx_word' id='word_1_293' title='bbox 2365 1969 2476 2019; x_wconf 70' lang='grc' dir='ltr'>τοῖς</span> <span class='ocrx_word' id='word_1_294' title='bbox 2523 1953 2713 2018; x_wconf 83' lang='grc' dir='ltr'>ἀϊδίοις</span> <span class='ocrx_word' id='word_1_295' title='bbox 2759 1955 2877 2030; x_wconf 61' lang='grc' dir='ltr'><strong>ολόν</strong></span> <span class='ocrx_word' id='word_1_296' title='bbox 2906 1979 2955 2012; x_wconf 89' lang='grc' dir='ltr'><strong>τι</strong></span> <span class='ocrx_word' id='word_1_297' title='bbox 3021 1959 3272 2037; x_wconf 78' lang='grc' dir='ltr'>χρονικὸν</span> <span class='ocrx_word' id='word_1_298' title='bbox 3313 1965 3512 2033; x_wconf 58' lang='grc' dir='ltr'>κίνημα</span> <span class='ocrx_word' id='word_1_299' title='bbox 3543 1963 3628 2017; x_wconf 69' lang='grc' dir='ltr'><strong>καὶ</strong></span> <span class='ocrx_word' id='word_1_300' title='bbox 3665 1960 3790 2017; x_wconf 70' lang='grc' dir='ltr'><strong>διὰ-</strong></span> 
     </span>
    </p>
   </div>
   <div class='ocr_carea' id='block_1_48' title="bbox 2129 2043 3788 2128">
    <p class='ocr_par' dir='ltr' id='par_1_48' title="bbox 2129 2043 3788 2128">
     <span class='ocr_line' id='line_1_48' title="bbox 2129 2043 3788 2128; baseline 0.004 -28"><span class='ocrx_word' id='word_1_301' title='bbox 2129 2067 2330 2118; x_wconf 56' lang='grc' dir='ltr'>στημα.</span> <span class='ocrx_word' id='word_1_302' title='bbox 2399 2054 2638 2119; x_wconf 77' lang='grc' dir='ltr'>Δυναμοῖ</span> <span class='ocrx_word' id='word_1_303' title='bbox 2693 2043 2746 2099; x_wconf 82' lang='grc' dir='ltr'>δὲ</span> <span class='ocrx_word' id='word_1_304' title='bbox 2804 2048 2891 2102; x_wconf 90' lang='grc' dir='ltr'><strong>καὶ</strong></span> <span class='ocrx_word' id='word_1_305' title='bbox 2947 2047 3041 2110; x_wconf 80' lang='grc' dir='ltr'><strong>τὰς</strong></span> <span class='ocrx_word' id='word_1_306' title='bbox 3072 2049 3327 2126; x_wconf 74' lang='grc' dir='ltr'>χρονικὰς</span> <span class='ocrx_word' id='word_1_307' title='bbox 3377 2048 3788 2128; x_wconf 69' lang='grc' dir='ltr'>προόδους,τᾶς</span> 
     </span>
    </p>
   </div>
   <div class='ocr_carea' id='block_1_49' title="bbox 2129 2132 3790 2220">
    <p class='ocr_par' dir='ltr' id='par_1_49' title="bbox 2129 2132 3790 2220">
     <span class='ocr_line' id='line_1_49' title="bbox 2129 2132 3790 2220; baseline 0.004 -30"><span class='ocrx_word' id='word_1_308' title='bbox 2129 2141 2234 2190; x_wconf 82' lang='grc' dir='ltr'>τῶν</span> <span class='ocrx_word' id='word_1_309' title='bbox 2315 2133 2546 2210; x_wconf 79' lang='grc' dir='ltr'>ἀστέρων</span> <span class='ocrx_word' id='word_1_310' title='bbox 2605 2132 2808 2202; x_wconf 61' lang='grc' dir='ltr'>δηλαδὴ</span> <span class='ocrx_word' id='word_1_311' title='bbox 2880 2137 3140 2210; x_wconf 78' lang='grc' dir='ltr'>κινήσεις,</span> <span class='ocrx_word' id='word_1_312' title='bbox 3201 2137 3288 2194; x_wconf 78' lang='grc' dir='ltr'><strong>ἐπί</strong></span> <span class='ocrx_word' id='word_1_313' title='bbox 3363 2162 3476 2196; x_wconf 81' lang='grc' dir='ltr'>τινα</span> <span class='ocrx_word' id='word_1_314' title='bbox 3563 2142 3790 2220; x_wconf 69' lang='grc' dir='ltr'>ἀριθμὸν</span> 
     </span>
    </p>
   </div>
   <div class='ocr_carea' id='block_1_50' title="bbox 2131 2221 3792 2305">
    <p class='ocr_par' dir='ltr' id='par_1_50' title="bbox 2131 2221 3792 2305">
     <span class='ocr_line' id='line_1_50' title="bbox 2131 2221 3792 2305; baseline 0.004 -27"><span class='ocrx_word' id='word_1_315' title='bbox 2131 2223 2326 2303; x_wconf 73' lang='grc' dir='ltr'>χρόνου</span> <span class='ocrx_word' id='word_1_316' title='bbox 2395 2221 2699 2290; x_wconf 76' lang='grc' dir='ltr'>διερπούσας</span> <span class='ocrx_word' id='word_1_317' title='bbox 2771 2225 2834 2279; x_wconf 77' lang='grc' dir='ltr'>τὰ</span> <span class='ocrx_word' id='word_1_318' title='bbox 2905 2223 2978 2280; x_wconf 69' lang='grc' dir='ltr'>ιϐ’</span> <span class='ocrx_word' id='word_1_319' title='bbox 3069 2227 3174 2282; x_wconf 76' lang='grc' dir='ltr'><strong>τῶν</strong></span> <span class='ocrx_word' id='word_1_320' title='bbox 3245 2227 3546 2305; x_wconf 81' lang='grc' dir='ltr'>λεγομένων</span> <span class='ocrx_word' id='word_1_321' title='bbox 3611 2231 3792 2288; x_wconf 79' lang='grc' dir='ltr'>οἴκων</span> 
     </span>
    </p>
   </div>
   <div class='ocr_carea' id='block_1_51' title="bbox 2132 2307 3790 2401">
    <p class='ocr_par' dir='ltr' id='par_1_51' title="bbox 2132 2307 3790 2401">
     <span class='ocr_line' id='line_1_51' title="bbox 2132 2307 3790 2401; baseline 0.006 -33"><span class='ocrx_word' id='word_1_322' title='bbox 2132 2307 2490 2387; x_wconf 66' lang='grc' dir='ltr'>διαστήματα.</span> <span class='ocrx_word' id='word_1_323' title='bbox 2561 2322 2798 2388; x_wconf 78' lang='grc' dir='ltr'>Δυναμοϊ</span> <span class='ocrx_word' id='word_1_324' title='bbox 2847 2317 2933 2370; x_wconf 84' lang='grc' dir='ltr'><strong>καὶ</strong></span> <span class='ocrx_word' id='word_1_325' title='bbox 2991 2316 3084 2378; x_wconf 81' lang='grc' dir='ltr'>τὰς</span> <span class='ocrx_word' id='word_1_326' title='bbox 3146 2317 3631 2401; x_wconf 65' lang='grc' dir='ltr'>ἀποκαταστάσεις,</span> <span class='ocrx_word' id='word_1_327' title='bbox 3693 2323 3790 2386; x_wconf 73' lang='grc' dir='ltr'><strong>τὰς</strong></span> 
     </span>
    </p>
   </div>
   <div class='ocr_carea' id='block_1_52' title="bbox 2132 2402 3790 2486">
    <p class='ocr_par' dir='ltr' id='par_1_52' title="bbox 2132 2402 3790 2486">
     <span class='ocr_line' id='line_1_52' title="bbox 2132 2402 3790 2486; baseline 0.005 -28"><span class='ocrx_word' id='word_1_328' title='bbox 2132 2403 2238 2459; x_wconf 83' lang='grc' dir='ltr'><strong>ἀπὸ</strong></span> <span class='ocrx_word' id='word_1_329' title='bbox 2285 2402 2510 2477; x_wconf 80' lang='grc' dir='ltr'>σημείου</span> <span class='ocrx_word' id='word_1_330' title='bbox 2564 2405 2706 2466; x_wconf 81' lang='grc' dir='ltr'>τινὸς</span> <span class='ocrx_word' id='word_1_331' title='bbox 2765 2403 2846 2460; x_wconf 78' lang='grc' dir='ltr'><strong>ἐπὶ</strong></span> <span class='ocrx_word' id='word_1_332' title='bbox 2907 2406 2965 2460; x_wconf 82' lang='grc' dir='ltr'>τὸ</span> <span class='ocrx_word' id='word_1_333' title='bbox 3025 2408 3150 2464; x_wconf 51' lang='lat' dir='ltr'><strong>ait?)</strong></span> <span class='ocrx_word' id='word_1_334' title='bbox 3207 2421 3438 2484; x_wconf 71' lang='grc' dir='ltr'>σημεῖον</span> <span class='ocrx_word' id='word_1_335' title='bbox 3496 2409 3790 2486; x_wconf 77' lang='grc' dir='ltr'>ἑπαναδρο-</span> 
     </span>
    </p>
   </div>
   <div class='ocr_carea' id='block_1_53' title="bbox 2134 2491 3788 2574">
    <p class='ocr_par' dir='ltr' id='par_1_53' title="bbox 2134 2491 3788 2574">
     <span class='ocr_line' id='line_1_53' title="bbox 2134 2491 3788 2574; baseline 0.005 -28"><span class='ocrx_word' id='word_1_336' title='bbox 2134 2491 2259 2564; x_wconf 81' lang='grc' dir='ltr'>μάς,</span> <span class='ocrx_word' id='word_1_337' title='bbox 2327 2501 2567 2565; x_wconf 85' lang='grc' dir='ltr'>Δυναμοϊ</span> <span class='ocrx_word' id='word_1_338' title='bbox 2597 2493 2662 2547; x_wconf 83' lang='grc' dir='ltr'>τὰ</span> <span class='ocrx_word' id='word_1_339' title='bbox 2717 2491 2944 2570; x_wconf 81' lang='grc' dir='ltr'>τέσσαρα</span> <span class='ocrx_word' id='word_1_340' title='bbox 3005 2511 3276 2574; x_wconf 74' lang='grc' dir='ltr'>στοιχεῖα,</span> <span class='ocrx_word' id='word_1_341' title='bbox 3315 2500 3386 2562; x_wconf 77' lang='grc' dir='ltr'>εἷς</span> <span class='ocrx_word' id='word_1_342' title='bbox 3434 2499 3534 2566; x_wconf 69' lang='grc' dir='ltr'>τὴν</span> <span class='ocrx_word' id='word_1_343' title='bbox 3583 2501 3788 2556; x_wconf 78' lang='grc' dir='ltr'>οἰκείαν</span> 
     </span>
    </p>
   </div>
   <div class='ocr_carea' id='block_1_54' title="bbox 2134 2579 3782 2667">
    <p class='ocr_par' dir='ltr' id='par_1_54' title="bbox 2134 2579 3782 2667">
     <span class='ocr_line' id='line_1_54' title="bbox 2134 2579 3782 2667; baseline 0.004 -33"><span class='ocrx_word' id='word_1_344' title='bbox 2134 2580 2356 2636; x_wconf 79' lang='grc' dir='ltr'>ἕκαστον</span> <span class='ocrx_word' id='word_1_345' title='bbox 2407 2579 2546 2644; x_wconf 72' lang='grc' dir='ltr'>τάξιν</span> <span class='ocrx_word' id='word_1_346' title='bbox 2593 2585 2689 2647; x_wconf 80' lang='grc' dir='ltr'>τῆς</span> <span class='ocrx_word' id='word_1_347' title='bbox 2747 2581 2953 2660; x_wconf 59' lang='grc' dir='ltr'>φύσεως</span> <span class='ocrx_word' id='word_1_348' title='bbox 3011 2585 3310 2662; x_wconf 75' lang='grc' dir='ltr'>συσφίγγων</span> <span class='ocrx_word' id='word_1_349' title='bbox 3365 2588 3451 2642; x_wconf 85' lang='grc' dir='ltr'><strong>καὶ</strong></span> <span class='ocrx_word' id='word_1_350' title='bbox 3509 2587 3782 2667; x_wconf 52' lang='lat' dir='ltr'><strong>ams-Ima,</strong></span> 
     </span>
    </p>
   </div>
   <div class='ocr_carea' id='block_1_55' title="bbox 2139 2668 3788 2754">
    <p class='ocr_par' dir='ltr' id='par_1_55' title="bbox 2139 2668 3788 2754">
     <span class='ocr_line' id='line_1_55' title="bbox 2139 2668 3788 2754; baseline 0.007 -30"><span class='ocrx_word' id='word_1_351' title='bbox 2139 2679 2377 2744; x_wconf 82' lang='grc' dir='ltr'>Δυναμοῐ</span> <span class='ocrx_word' id='word_1_352' title='bbox 2431 2671 2526 2733; x_wconf 82' lang='grc' dir='ltr'><strong>τὰς</strong></span> <span class='ocrx_word' id='word_1_353' title='bbox 2583 2668 2876 2746; x_wconf 75' lang='grc' dir='ltr'>ζωογόνοος</span> <span class='ocrx_word' id='word_1_354' title='bbox 2954 2670 3146 2738; x_wconf 75' lang='grc' dir='ltr'>ὠδῖνας</span> <span class='ocrx_word' id='word_1_355' title='bbox 3201 2677 3298 2740; x_wconf 71' lang='grc' dir='ltr'>τῆς</span> <span class='ocrx_word' id='word_1_356' title='bbox 3349 2681 3473 2754; x_wconf 79' lang='grc' dir='ltr'>γῆς,</span> <span class='ocrx_word' id='word_1_357' title='bbox 3539 2687 3788 2754; x_wconf 82' lang='grc' dir='ltr'>Δυναμοῖ</span> 
     </span>
    </p>
   </div>
   <div class='ocr_carea' id='block_1_56' title="bbox 412 2758 2047 2849">
    <p class='ocr_par' dir='ltr' id='par_1_56' title="bbox 412 2763 2046 2849">
     <span class='ocr_line' id='line_1_56' title="bbox 412 2763 2046 2849; baseline -0.002 -21"><span class='ocrx_word' id='word_1_358' title='bbox 412 2767 694 2849; x_wconf 90' lang='lat' dir='ltr'><strong>quodque</strong></span> <span class='ocrx_word' id='word_1_359' title='bbox 721 2764 991 2827; x_wconf 90' lang='lat' dir='ltr'><strong>ordinem</strong></span> <span class='ocrx_word' id='word_1_360' title='bbox 1041 2773 1264 2827; x_wconf 69' lang='lat' dir='ltr'><strong>natura:</strong></span> <span class='ocrx_word' id='word_1_361' title='bbox 1309 2763 1725 2841; x_wconf 82' lang='lat' dir='ltr'><strong>constringens</strong></span> <span class='ocrx_word' id='word_1_362' title='bbox 1755 2783 1822 2826; x_wconf 90' lang='lat' dir='ltr'><strong>ac</strong></span> <span class='ocrx_word' id='word_1_363' title='bbox 1853 2765 2046 2826; x_wconf 90' lang='lat' dir='ltr'><strong>conti-</strong></span> 
     </span>
    </p>
   </div>
   <div class='ocr_carea' id='block_1_57' title="bbox 2134 2758 3786 2849">
    <p class='ocr_par' dir='ltr' id='par_1_57' title="bbox 2136 2758 3786 2844">
     <span class='ocr_line' id='line_1_57' title="bbox 2136 2758 3786 2844; baseline 0.006 -30"><span class='ocrx_word' id='word_1_364' title='bbox 2136 2761 2230 2827; x_wconf 74' lang='grc' dir='ltr'><strong>τὴν</strong></span> <span class='ocrx_word' id='word_1_365' title='bbox 2281 2758 2513 2816; x_wconf 76' lang='grc' dir='ltr'>σύνδεσιν</span> <span class='ocrx_word' id='word_1_366' title='bbox 2583 2765 2681 2826; x_wconf 79' lang='grc' dir='ltr'>τῆς</span> <span class='ocrx_word' id='word_1_367' title='bbox 2758 2765 2939 2840; x_wconf 76' lang='grc' dir='ltr'>ψυχῆς</span> <span class='ocrx_word' id='word_1_368' title='bbox 3012 2765 3147 2836; x_wconf 80' lang='grc' dir='ltr'>μετὰ</span> <span class='ocrx_word' id='word_1_369' title='bbox 3201 2765 3472 2844; x_wconf 82' lang='grc' dir='ltr'>σώματος,</span> <span class='ocrx_word' id='word_1_370' title='bbox 3535 2766 3786 2824; x_wconf 73' lang='grc' dir='ltr'>ἀνακινεῖ</span> 
     </span>
    </p>
   </div>
   <div class='ocr_carea' id='block_1_58' title="bbox 411 2846 2047 2934">
    <p class='ocr_par' dir='ltr' id='par_1_58' title="bbox 411 2846 2047 2934">
     <span class='ocr_line' id='line_1_58' title="bbox 411 2846 2047 2934; baseline -0.003 -15"><span class='ocrx_word' id='word_1_371' title='bbox 411 2846 954 2920; x_wconf 78' lang='lat' dir='ltr'><strong>nens.Corroborat</strong></span> <span class='ocrx_word' id='word_1_372' title='bbox 977 2856 1235 2918; x_wconf 82' lang='lat' dir='ltr'><strong>viviﬁcos</strong></span> <span class='ocrx_word' id='word_1_373' title='bbox 1259 2864 1431 2918; x_wconf 67' lang='lat' dir='ltr'><strong>terra:</strong></span> <span class='ocrx_word' id='word_1_374' title='bbox 1457 2863 1682 2934; x_wconf 86' lang='lat' dir='ltr'><strong>partus,</strong></span> <span class='ocrx_word' id='word_1_375' title='bbox 1706 2854 2047 2916; x_wconf 86' lang='lat' dir='ltr'><strong>corroborat</strong></span> 
     </span>
    </p>
   </div>
   <div class='ocr_carea' id='block_1_59' title="bbox 2134 2846 3786 2934">
    <p class='ocr_par' dir='ltr' id='par_1_59' title="bbox 2135 2846 3786 2934">
     <span class='ocr_line' id='line_1_59' title="bbox 2135 2846 3786 2934; baseline 0.005 -30"><span class='ocrx_word' id='word_1_376' title='bbox 2135 2851 2228 2912; x_wconf 78' lang='grc' dir='ltr'><strong>τὰς</strong></span> <span class='ocrx_word' id='word_1_377' title='bbox 2287 2855 2521 2928; x_wconf 68' lang='grc' dir='ltr'>ψυχικας</span> <span class='ocrx_word' id='word_1_378' title='bbox 2583 2846 2828 2923; x_wconf 75' lang='grc' dir='ltr'>δυνάμεις</span> <span class='ocrx_word' id='word_1_379' title='bbox 2883 2852 2951 2915; x_wconf 81' lang='grc' dir='ltr'><strong>εἰς</strong></span> <span class='ocrx_word' id='word_1_380' title='bbox 3003 2855 3062 2906; x_wconf 78' lang='grc' dir='ltr'><strong>τὸ</strong></span> <span class='ocrx_word' id='word_1_381' title='bbox 3115 2853 3374 2915; x_wconf 76' lang='grc' dir='ltr'>πολλάκις</span> <span class='ocrx_word' id='word_1_382' title='bbox 3427 2855 3640 2934; x_wconf 67' lang='grc' dir='ltr'>τρέφειν</span> <span class='ocrx_word' id='word_1_383' title='bbox 3697 2861 3786 2912; x_wconf 79' lang='grc' dir='ltr'>καὶ</span> 
     </span>
    </p>
   </div>
   <div class='ocr_carea' id='block_1_60' title="bbox 412 2939 2047 3025">
    <p class='ocr_par' dir='ltr' id='par_1_60' title="bbox 412 2943 2047 3025">
     <span class='ocr_line' id='line_1_60' title="bbox 412 2943 2047 3025; baseline -0.002 -17"><span class='ocrx_word' id='word_1_384' title='bbox 412 2965 626 3008; x_wconf 88' lang='lat' dir='ltr'><strong>nexum</strong></span> <span class='ocrx_word' id='word_1_385' title='bbox 649 2945 1009 3007; x_wconf 65' lang='lat' dir='ltr'><strong>animaacum</strong></span> <span class='ocrx_word' id='word_1_386' title='bbox 1027 2945 1550 3025; x_wconf 82' lang='lat' dir='ltr'><strong>rorpore,suscitat</strong></span> <span class='ocrx_word' id='word_1_387' title='bbox 1564 2947 1809 3004; x_wconf 74' lang='lat' dir='ltr'><strong>virtutes</strong></span> <span class='ocrx_word' id='word_1_388' title='bbox 1825 2943 2047 3005; x_wconf 86' lang='lat' dir='ltr'><strong>anima-</strong></span> 
     </span>
    </p>
   </div>
   <div class='ocr_carea' id='block_1_61' title="bbox 2134 2939 3784 3025">
    <p class='ocr_par' dir='ltr' id='par_1_61' title="bbox 2137 2939 3784 3018">
     <span class='ocr_line' id='line_1_61' title="bbox 2137 2939 3784 3018; baseline 0.005 -24"><span class='ocrx_word' id='word_1_389' title='bbox 2137 2939 2302 3003; x_wconf 71' lang='grc' dir='ltr'>αὔξειν</span> <span class='ocrx_word' id='word_1_390' title='bbox 2362 2941 2420 2993; x_wconf 79' lang='grc' dir='ltr'>τὸ</span> <span class='ocrx_word' id='word_1_391' title='bbox 2471 2939 2652 3018; x_wconf 72' lang='grc' dir='ltr'>φυτὸν,</span> <span class='ocrx_word' id='word_1_392' title='bbox 2716 2940 2799 2994; x_wconf 73' lang='grc' dir='ltr'><strong>καὶ</strong></span> <span class='ocrx_word' id='word_1_393' title='bbox 2859 2940 2929 3001; x_wconf 75' lang='grc' dir='ltr'>εἷς</span> <span class='ocrx_word' id='word_1_394' title='bbox 2987 2943 3111 2996; x_wconf 65' lang='grc' dir='ltr'>αὒτὸ</span> <span class='ocrx_word' id='word_1_395' title='bbox 3168 2951 3320 2999; x_wconf 74' lang='grc' dir='ltr'>τοῦτο</span> <span class='ocrx_word' id='word_1_396' title='bbox 3377 2945 3784 3004; x_wconf 75' lang='grc' dir='ltr'>ἐπανακυκλεῦ-</span> 
     </span>
    </p>
   </div>
   <div class='ocr_carea' id='block_1_62' title="bbox 413 3026 2047 3116">
    <p class='ocr_par' dir='ltr' id='par_1_62' title="bbox 413 3035 2046 3116">
     <span class='ocr_line' id='line_1_62' title="bbox 413 3035 2046 3116; baseline -0.003 -18"><span class='ocrx_word' id='word_1_397' title='bbox 413 3038 500 3099; x_wconf 88' lang='lat' dir='ltr'><strong>les</strong></span> <span class='ocrx_word' id='word_1_398' title='bbox 532 3036 605 3098; x_wconf 85' lang='lat' dir='ltr'><strong>ad</strong></span> <span class='ocrx_word' id='word_1_399' title='bbox 639 3036 896 3116; x_wconf 84' lang='lat' dir='ltr'><strong>plantam</strong></span> <span class='ocrx_word' id='word_1_400' title='bbox 931 3052 1340 3116; x_wconf 72' lang='lat' dir='ltr'><strong>saepenumero</strong></span> <span class='ocrx_word' id='word_1_401' title='bbox 1371 3035 1686 3096; x_wconf 80' lang='lat' dir='ltr'><strong>fovendam</strong></span> <span class='ocrx_word' id='word_1_402' title='bbox 1711 3041 1770 3094; x_wconf 91' lang='lat' dir='ltr'><strong>et</strong></span> <span class='ocrx_word' id='word_1_403' title='bbox 1823 3051 2046 3112; x_wconf 81' lang='lat' dir='ltr'><strong>augen-</strong></span> 
     </span>
    </p>
   </div>
   <div class='ocr_carea' id='block_1_63' title="bbox 2134 3026 3786 3116">
    <p class='ocr_par' dir='ltr' id='par_1_63' title="bbox 2135 3026 3786 3108">
     <span class='ocr_line' id='line_1_63' title="bbox 2135 3026 3786 3108; baseline 0.005 -24"><span class='ocrx_word' id='word_1_404' title='bbox 2135 3031 2277 3106; x_wconf 86' lang='grc' dir='ltr'>σθαι,</span> <span class='ocrx_word' id='word_1_405' title='bbox 2307 3026 2581 3104; x_wconf 80' lang='grc' dir='ltr'>διακρατεϊ</span> <span class='ocrx_word' id='word_1_406' title='bbox 2629 3029 2720 3094; x_wconf 79' lang='grc' dir='ltr'><strong>τὰς</strong></span> <span class='ocrx_word' id='word_1_407' title='bbox 2781 3028 3046 3090; x_wconf 72' lang='grc' dir='ltr'>οὖσιώὸεις</span> <span class='ocrx_word' id='word_1_408' title='bbox 3097 3029 3367 3108; x_wconf 71' lang='grc' dir='ltr'>δυνάμεις,</span> <span class='ocrx_word' id='word_1_409' title='bbox 3414 3035 3500 3090; x_wconf 85' lang='grc' dir='ltr'><strong>καὶ</strong></span> <span class='ocrx_word' id='word_1_410' title='bbox 3557 3037 3620 3090; x_wconf 77' lang='grc' dir='ltr'>τὸ</span> <span class='ocrx_word' id='word_1_411' title='bbox 3677 3043 3786 3092; x_wconf 78' lang='grc' dir='ltr'>πᾶν</span> 
     </span>
    </p>
   </div>
   <div class='ocr_carea' id='block_1_64' title="bbox 409 3117 2047 3220">
    <p class='ocr_par' dir='ltr' id='par_1_64' title="bbox 409 3123 2047 3207">
     <span class='ocr_line' id='line_1_64' title="bbox 409 3123 2047 3207; baseline -0.003 -18"><span class='ocrx_word' id='word_1_412' title='bbox 409 3128 572 3207; x_wconf 84' lang='lat' dir='ltr'><strong>dam,</strong></span> <span class='ocrx_word' id='word_1_413' title='bbox 607 3126 746 3188; x_wconf 90' lang='lat' dir='ltr'><strong>etin</strong></span> <span class='ocrx_word' id='word_1_414' title='bbox 791 3125 849 3186; x_wconf 91' lang='lat' dir='ltr'><strong>id</strong></span> <span class='ocrx_word' id='word_1_415' title='bbox 887 3125 1080 3205; x_wconf 91' lang='lat' dir='ltr'><strong>ipsum</strong></span> <span class='ocrx_word' id='word_1_416' title='bbox 1139 3125 1494 3186; x_wconf 89' lang='lat' dir='ltr'><strong>revolveudo</strong></span> <span class='ocrx_word' id='word_1_417' title='bbox 1523 3123 1868 3184; x_wconf 86' lang='lat' dir='ltr'><strong>essentiales</strong></span> <span class='ocrx_word' id='word_1_418' title='bbox 1900 3125 2047 3188; x_wconf 73' lang='lat' dir='ltr'><strong>vire</strong></span> 
     </span>
    </p>
   </div>
   <div class='ocr_carea' id='block_1_65' title="bbox 2134 3117 3786 3220">
    <p class='ocr_par' dir='ltr' id='par_1_65' title="bbox 2134 3117 3786 3220">
     <span class='ocr_line' id='line_1_65' title="bbox 2134 3117 3786 3203; baseline 0.005 -31"><span class='ocrx_word' id='word_1_419' title='bbox 2134 3117 2500 3196; x_wconf 74' lang='grc' dir='ltr'>ἀσφαλίζεται,</span> <span class='ocrx_word' id='word_1_420' title='bbox 2562 3119 2650 3172; x_wconf 78' lang='grc' dir='ltr'><strong>καὶ</strong></span> <span class='ocrx_word' id='word_1_421' title='bbox 2720 3119 2883 3186; x_wconf 67' lang='grc' dir='ltr'>αὐτὴν</span> <span class='ocrx_word' id='word_1_422' title='bbox 2943 3119 3042 3184; x_wconf 64' lang='grc' dir='ltr'>τὴν</span> <span class='ocrx_word' id='word_1_423' title='bbox 3111 3125 3212 3176; x_wconf 78' lang='grc' dir='ltr'>τῶν</span> <span class='ocrx_word' id='word_1_424' title='bbox 3273 3119 3486 3179; x_wconf 67' lang='grc' dir='ltr'>δικαίων</span> <span class='ocrx_word' id='word_1_425' title='bbox 3529 3123 3786 3203; x_wconf 74' lang='grc' dir='ltr'>δωρεῖται</span> 
     </span>
     <span class='ocr_line' id='line_1_66' title="bbox 2135 3204 3780 3220; baseline 0 0"><span class='ocrx_word' id='word_1_426' title='bbox 2135 3206 2184 3220; x_wconf 74' lang='lat'><strong>-.</strong></span> <span class='ocrx_word' id='word_1_427' title='bbox 2400 3204 2448 3220; x_wconf 67' lang='grc' dir='ltr'><strong>,η</strong></span> <span class='ocrx_word' id='word_1_428' title='bbox 2745 3207 2756 3220; x_wconf 93' lang='grc'>.</span> <span class='ocrx_word' id='word_1_429' title='bbox 2973 3211 2984 3220; x_wconf 94' lang='grc'>.</span> <span class='ocrx_word' id='word_1_430' title='bbox 3411 3212 3421 3220; x_wconf 95' lang='grc'><em>.</em></span> <span class='ocrx_word' id='word_1_431' title='bbox 3769 3217 3780 3220; x_wconf 86' lang='grc'><strong>-</strong></span> 
     </span>
    </p>
   </div>
   <div class='ocr_carea' id='block_1_66' title="bbox 411 3204 2047 3295">
    <p class='ocr_par' dir='ltr' id='par_1_66' title="bbox 411 3204 2044 3295">
     <span class='ocr_line' id='line_1_67' title="bbox 411 3204 2044 3295; baseline -0.003 -15"><span class='ocrx_word' id='word_1_432' title='bbox 411 3204 744 3289; x_wconf 75' lang='lat' dir='ltr'><strong>conﬁrmat,</strong></span> <span class='ocrx_word' id='word_1_433' title='bbox 794 3222 854 3276; x_wconf 92' lang='lat' dir='ltr'><strong>et</strong></span> <span class='ocrx_word' id='word_1_434' title='bbox 890 3204 1205 3295; x_wconf 90' lang='lat' dir='ltr'><strong>ipsammet</strong></span> <span class='ocrx_word' id='word_1_435' title='bbox 1254 3213 1552 3293; x_wconf 85' lang='lat' dir='ltr'><strong>justorum</strong></span> <span class='ocrx_word' id='word_1_436' title='bbox 1605 3212 2044 3275; x_wconf 82' lang='lat' dir='ltr'><strong>deiﬁcationem</strong></span> 
     </span>
    </p>
   </div>
   <div class='ocr_carea' id='block_1_67' title="bbox 2134 3204 3789 3295">
    <p class='ocr_par' dir='ltr' id='par_1_67' title="bbox 2134 3204 3789 3293">
     <span class='ocr_line' id='line_1_68' title="bbox 2134 3204 3789 3293; baseline 0.004 -30"><span class='ocrx_word' id='word_1_437' title='bbox 2134 3206 2342 3285; x_wconf 77' lang='grc' dir='ltr'>θέωσιν,</span> <span class='ocrx_word' id='word_1_438' title='bbox 2395 3204 2610 3279; x_wconf 69' lang='grc' dir='ltr'>δύναμιν</span> <span class='ocrx_word' id='word_1_439' title='bbox 2670 3207 2872 3270; x_wconf 78' lang='grc' dir='ltr'>τούτοις</span> <span class='ocrx_word' id='word_1_440' title='bbox 2947 3211 3018 3273; x_wconf 83' lang='grc' dir='ltr'><strong>εὶς</strong></span> <span class='ocrx_word' id='word_1_441' title='bbox 3080 3221 3232 3269; x_wconf 82' lang='grc' dir='ltr'>τοῦτο</span> <span class='ocrx_word' id='word_1_442' title='bbox 3293 3212 3628 3293; x_wconf 79' lang='grc' dir='ltr'>παρέχουσα.</span> <span class='ocrx_word' id='word_1_443' title='bbox 3687 3217 3789 3272; x_wconf 77' lang='grc' dir='ltr'><strong>Καὶ</strong></span> 
     </span>
    </p>
   </div>
   <div class='ocr_carea' id='block_1_68' title="bbox 413 3293 2047 3384">
    <p class='ocr_par' dir='ltr' id='par_1_68' title="bbox 413 3293 2047 3384">
     <span class='ocr_line' id='line_1_69' title="bbox 413 3293 2047 3384; baseline -0.002 -16"><span class='ocrx_word' id='word_1_444' title='bbox 413 3304 726 3382; x_wconf 82' lang='lat' dir='ltr'><strong>elargitur,</strong></span> <span class='ocrx_word' id='word_1_445' title='bbox 750 3293 1028 3366; x_wconf 72' lang='lat' dir='ltr'><strong>virtutem</strong></span> <span class='ocrx_word' id='word_1_446' title='bbox 1061 3303 1204 3384; x_wconf 88' lang='lat' dir='ltr'><strong>ipsis</strong></span> <span class='ocrx_word' id='word_1_447' title='bbox 1227 3303 1298 3364; x_wconf 91' lang='lat' dir='ltr'><strong>ad</strong></span> <span class='ocrx_word' id='word_1_448' title='bbox 1331 3303 1443 3364; x_wconf 89' lang='lat' dir='ltr'><strong>hoc</strong></span> <span class='ocrx_word' id='word_1_449' title='bbox 1471 3301 1761 3383; x_wconf 73' lang='lat' dir='ltr'><strong>prznbens.</strong></span> <span class='ocrx_word' id='word_1_450' title='bbox 1809 3301 1878 3362; x_wconf 88' lang='lat' dir='ltr'><strong>Et</strong></span> <span class='ocrx_word' id='word_1_451' title='bbox 1911 3304 2047 3364; x_wconf 90' lang='lat' dir='ltr'><strong>uni-</strong></span> 
     </span>
    </p>
   </div>
   <div class='ocr_carea' id='block_1_69' title="bbox 2134 3293 3788 3384">
    <p class='ocr_par' dir='ltr' id='par_1_69' title="bbox 2134 3293 3788 3382">
     <span class='ocr_line' id='line_1_70' title="bbox 2134 3293 3788 3382; baseline 0.005 -30"><span class='ocrx_word' id='word_1_452' title='bbox 2134 3297 2378 3368; x_wconf 77' lang='grc' dir='ltr'><strong>καθόλου,</strong></span> <span class='ocrx_word' id='word_1_453' title='bbox 2443 3293 2588 3351; x_wconf 74' lang='grc' dir='ltr'>οὐδὲν</span> <span class='ocrx_word' id='word_1_454' title='bbox 2645 3302 2749 3352; x_wconf 84' lang='grc' dir='ltr'><strong>τῶν</strong></span> <span class='ocrx_word' id='word_1_455' title='bbox 2807 3297 2970 3354; x_wconf 69' lang='grc' dir='ltr'>ὄντων</span> <span class='ocrx_word' id='word_1_456' title='bbox 3041 3299 3201 3374; x_wconf 79' lang='grc' dir='ltr'>ἐστὶν,</span> <span class='ocrx_word' id='word_1_457' title='bbox 3250 3301 3378 3378; x_wconf 79' lang='grc' dir='ltr'>ὅπερ</span> <span class='ocrx_word' id='word_1_458' title='bbox 3439 3307 3497 3360; x_wconf 70' lang='grc' dir='ltr'>οὗ</span> <span class='ocrx_word' id='word_1_459' title='bbox 3559 3305 3788 3382; x_wconf 74' lang='grc' dir='ltr'>μετὲγει</span> 
     </span>
    </p>
   </div>
   <div class='ocr_carea' id='block_1_70' title="bbox 413 3389 2050 3474">
    <p class='ocr_par' dir='ltr' id='par_1_70' title="bbox 413 3389 2050 3474">
     <span class='ocr_line' id='line_1_71' title="bbox 413 3389 2050 3474; baseline -0.001 -21"><span class='ocrx_word' id='word_1_460' title='bbox 413 3393 656 3474; x_wconf 86' lang='lat' dir='ltr'><strong>versim,</strong></span> <span class='ocrx_word' id='word_1_461' title='bbox 709 3393 857 3455; x_wconf 87' lang='lat' dir='ltr'><strong>nihil</strong></span> <span class='ocrx_word' id='word_1_462' title='bbox 898 3401 988 3455; x_wconf 90' lang='lat' dir='ltr'><strong>est</strong></span> <span class='ocrx_word' id='word_1_463' title='bbox 1051 3393 1112 3453; x_wconf 88' lang='lat' dir='ltr'><strong>in</strong></span> <span class='ocrx_word' id='word_1_464' title='bbox 1168 3410 1367 3454; x_wconf 90' lang='lat' dir='ltr'><strong>rerum</strong></span> <span class='ocrx_word' id='word_1_465' title='bbox 1431 3400 1665 3464; x_wconf 89' lang='lat' dir='ltr'><strong>natura,</strong></span> <span class='ocrx_word' id='word_1_466' title='bbox 1713 3389 1870 3471; x_wconf 88' lang='lat' dir='ltr'><strong>quod</strong></span> <span class='ocrx_word' id='word_1_467' title='bbox 1932 3409 2050 3453; x_wconf 92' lang='lat' dir='ltr'><strong>non</strong></span> 
     </span>
    </p>
   </div>
   <div class='ocr_carea' id='block_1_71' title="bbox 411 3481 2050 3565">
    <p class='ocr_par' dir='ltr' id='par_1_71' title="bbox 411 3481 2050 3565">
     <span class='ocr_line' id='line_1_72' title="bbox 411 3481 2050 3565; baseline -0.002 -19"><span class='ocrx_word' id='word_1_468' title='bbox 411 3483 836 3565; x_wconf 86' lang='lat' dir='ltr'><strong>omnipotentis</strong></span> <span class='ocrx_word' id='word_1_469' title='bbox 865 3483 1198 3564; x_wconf 61' lang='lat' dir='ltr'><strong>divinaeque</strong></span> <span class='ocrx_word' id='word_1_470' title='bbox 1254 3481 1487 3544; x_wconf 87' lang='lat' dir='ltr'><strong>virtutis</strong></span> <span class='ocrx_word' id='word_1_471' title='bbox 1543 3481 1841 3563; x_wconf 89' lang='lat' dir='ltr'><strong>particeps</strong></span> <span class='ocrx_word' id='word_1_472' title='bbox 1890 3481 2050 3543; x_wconf 79' lang='lat' dir='ltr'><strong>exsi-</strong></span> 
     </span>
    </p>
   </div>
   <div class='ocr_carea' id='block_1_72' title="bbox 405 3581 2044 3735">
    <p class='ocr_par' dir='ltr' id='par_1_72' title="bbox 405 3581 2044 3735">
     <span class='ocr_line' id='line_1_73' title="bbox 405 3581 2044 3735; baseline -0.004 -15"><span class='ocrx_word' id='word_1_473' title='bbox 405 3581 644 3735; x_wconf 54' lang='lat' dir='ltr'><strong>Sta§LVL</strong></span> <span class='ocrx_word' id='word_1_474' title='bbox 677 3654 800 3717; x_wconf 88' lang='lat' dir='ltr'><strong>Etsi</strong></span> <span class='ocrx_word' id='word_1_475' title='bbox 824 3653 1194 3717; x_wconf 87' lang='lat' dir='ltr'><strong>contradicat</strong></span> <span class='ocrx_word' id='word_1_476' title='bbox 1217 3653 1277 3715; x_wconf 92' lang='lat' dir='ltr'><strong>in</strong></span> <span class='ocrx_word' id='word_1_477' title='bbox 1298 3653 1464 3716; x_wconf 83' lang='lat' dir='ltr'><strong>Actis</strong></span> <span class='ocrx_word' id='word_1_478' title='bbox 1509 3653 1748 3734; x_wconf 80' lang='lat' dir='ltr'><strong>Elymas</strong></span> <span class='ocrx_word' id='word_1_479' title='bbox 1821 3669 2044 3732; x_wconf 81' lang='lat' dir='ltr'><strong>magus,</strong></span> 
     </span>
    </p>
   </div>
   <div class='ocr_carea' id='block_1_73' title="bbox 410 3741 2048 3824">
    <p class='ocr_par' dir='ltr' id='par_1_73' title="bbox 410 3741 2048 3824">
     <span class='ocr_line' id='line_1_74' title="bbox 410 3741 2048 3824; baseline -0.002 -17"><span class='ocrx_word' id='word_1_480' title='bbox 410 3745 620 3809; x_wconf 85' lang='lat' dir='ltr'><strong>dicens</strong></span> <span class='ocrx_word' id='word_1_481' title='bbox 651 3765 666 3806; x_wconf 90' lang='lat'><strong>:</strong></span> <span class='ocrx_word' id='word_1_482' title='bbox 725 3745 789 3808; x_wconf 91' lang='lat' dir='ltr'><strong>Si</strong></span> <span class='ocrx_word' id='word_1_483' title='bbox 833 3743 1210 3824; x_wconf 87' lang='lat' dir='ltr'><strong>omnipotens</strong></span> <span class='ocrx_word' id='word_1_484' title='bbox 1235 3741 1417 3823; x_wconf 83' lang='lat' dir='ltr'><strong>Deus,</strong></span> <span class='ocrx_word' id='word_1_485' title='bbox 1463 3741 1761 3824; x_wconf 87' lang='lat' dir='ltr'><strong>quomodo</strong></span> <span class='ocrx_word' id='word_1_486' title='bbox 1791 3760 1825 3803; x_wconf 92' lang='lat' dir='ltr'><strong>a</strong></span> <span class='ocrx_word' id='word_1_487' title='bbox 1855 3750 2048 3804; x_wconf 90' lang='lat' dir='ltr'><strong>vestro</strong></span> 
     </span>
    </p>
   </div>
   <div class='ocr_carea' id='block_1_74' title="bbox 405 3831 2047 3914">
    <p class='ocr_par' dir='ltr' id='par_1_74' title="bbox 405 3831 2047 3914">
     <span class='ocr_line' id='line_1_75' title="bbox 405 3831 2047 3914; baseline -0.004 -16"><span class='ocrx_word' id='word_1_488' title='bbox 405 3835 704 3914; x_wconf 81' lang='lat' dir='ltr'><strong>tbeologo,</strong></span> <span class='ocrx_word' id='word_1_489' title='bbox 773 3834 954 3896; x_wconf 87' lang='lat' dir='ltr'><strong>Paulo</strong></span> <span class='ocrx_word' id='word_1_490' title='bbox 1004 3833 1303 3903; x_wconf 82' lang='lat' dir='ltr'><strong>videlicet,</strong></span> <span class='ocrx_word' id='word_1_491' title='bbox 1361 3832 1580 3894; x_wconf 89' lang='lat' dir='ltr'><strong>dicitur</strong></span> <span class='ocrx_word' id='word_1_492' title='bbox 1647 3831 1874 3912; x_wconf 90' lang='lat' dir='ltr'><strong>aliquid</strong></span> <span class='ocrx_word' id='word_1_493' title='bbox 1931 3849 2047 3894; x_wconf 92' lang='lat' dir='ltr'><strong>non</strong></span> 
     </span>
    </p>
   </div>
   <div class='ocr_carea' id='block_1_75' title="bbox 411 3921 2046 4006">
    <p class='ocr_par' dir='ltr' id='par_1_75' title="bbox 411 3921 2046 4006">
     <span class='ocr_line' id='line_1_76' title="bbox 411 3921 2046 4006; baseline -0.003 -20"><span class='ocrx_word' id='word_1_494' title='bbox 411 3931 678 4006; x_wconf 62' lang='lat' dir='ltr'><strong>posset?</strong></span> <span class='ocrx_word' id='word_1_495' title='bbox 709 3925 1024 3989; x_wconf 87' lang='lat' dir='ltr'><strong>Cavillatur</strong></span> <span class='ocrx_word' id='word_1_496' title='bbox 1074 3937 1272 3984; x_wconf 83' lang='lat' dir='ltr'><strong>autem</strong></span> <span class='ocrx_word' id='word_1_497' title='bbox 1332 3923 1526 4003; x_wconf 89' lang='lat' dir='ltr'><strong>ipsum</strong></span> <span class='ocrx_word' id='word_1_498' title='bbox 1570 3921 1894 3995; x_wconf 86' lang='lat' dir='ltr'><strong>dicentem,</strong></span> <span class='ocrx_word' id='word_1_499' title='bbox 1928 3940 2046 3982; x_wconf 92' lang='lat' dir='ltr'><strong>non</strong></span> 
     </span>
    </p>
   </div>
   <div class='ocr_carea' id='block_1_76' title="bbox 409 4010 2047 4095">
    <p class='ocr_par' dir='ltr' id='par_1_76' title="bbox 409 4010 2047 4095">
     <span class='ocr_line' id='line_1_77' title="bbox 409 4010 2047 4095; baseline -0.001 -23"><span class='ocrx_word' id='word_1_500' title='bbox 409 4032 584 4095; x_wconf 80' lang='lat' dir='ltr'><strong>posse</strong></span> <span class='ocrx_word' id='word_1_501' title='bbox 609 4013 790 4074; x_wconf 87' lang='lat' dir='ltr'><strong>Deum</strong></span> <span class='ocrx_word' id='word_1_502' title='bbox 825 4011 1212 4092; x_wconf 87' lang='lat' dir='ltr'><strong>semetipsum</strong></span> <span class='ocrx_word' id='word_1_503' title='bbox 1245 4029 1484 4088; x_wconf 81' lang='lat' dir='ltr'><strong>negare.</strong></span> <span class='ocrx_word' id='word_1_504' title='bbox 1520 4010 1670 4072; x_wconf 87' lang='lat' dir='ltr'><strong>Dum</strong></span> <span class='ocrx_word' id='word_1_505' title='bbox 1697 4019 1894 4072; x_wconf 87' lang='lat' dir='ltr'><strong>autem</strong></span> <span class='ocrx_word' id='word_1_506' title='bbox 1935 4010 2047 4071; x_wconf 89' lang='lat' dir='ltr'><strong>hoc</strong></span> 
     </span>
    </p>
   </div>
   <div class='ocr_carea' id='block_1_77' title="bbox 410 4101 2044 4184">
    <p class='ocr_par' dir='ltr' id='par_1_77' title="bbox 410 4101 2044 4184">
     <span class='ocr_line' id='line_1_78' title="bbox 410 4101 2044 4184; baseline -0.002 -20"><span class='ocrx_word' id='word_1_507' title='bbox 410 4121 699 4184; x_wconf 84' lang='lat' dir='ltr'><strong>propono,</strong></span> <span class='ocrx_word' id='word_1_508' title='bbox 731 4101 1115 4164; x_wconf 88' lang='lat' dir='ltr'><strong>vehementer</strong></span> <span class='ocrx_word' id='word_1_509' title='bbox 1145 4109 1365 4174; x_wconf 88' lang='lat' dir='ltr'><strong>metuo,</strong></span> <span class='ocrx_word' id='word_1_510' title='bbox 1401 4119 1479 4165; x_wconf 89' lang='lat' dir='ltr'><strong>ne</strong></span> <span class='ocrx_word' id='word_1_511' title='bbox 1498 4101 1698 4164; x_wconf 75' lang='lat' dir='ltr'><strong>videar</strong></span> <span class='ocrx_word' id='word_1_512' title='bbox 1726 4117 2044 4180; x_wconf 88' lang='lat' dir='ltr'><strong>puerorum</strong></span> 
     </span>
    </p>
   </div>
   <div class='ocr_carea' id='block_1_78' title="bbox 407 4191 2049 4271">
    <p class='ocr_par' dir='ltr' id='par_1_78' title="bbox 407 4191 2049 4271">
     <span class='ocr_line' id='line_1_79' title="bbox 407 4191 2049 4271; baseline -0.001 -19"><span class='ocrx_word' id='word_1_513' title='bbox 407 4197 767 4254; x_wconf 85' lang='lat' dir='ltr'><strong>structuram</strong></span> <span class='ocrx_word' id='word_1_514' title='bbox 795 4208 1144 4253; x_wconf 79' lang='lat' dir='ltr'><strong>arenaceam</strong></span> <span class='ocrx_word' id='word_1_515' title='bbox 1179 4199 1231 4252; x_wconf 84' lang='lat' dir='ltr'><strong>et</strong></span> <span class='ocrx_word' id='word_1_516' title='bbox 1261 4191 1554 4252; x_wconf 84' lang='lat' dir='ltr'><strong>inﬁrmam</strong></span> <span class='ocrx_word' id='word_1_517' title='bbox 1593 4207 1963 4271; x_wconf 79' lang='lat' dir='ltr'><strong>oppugnare,</strong></span> <span class='ocrx_word' id='word_1_518' title='bbox 1992 4197 2049 4250; x_wconf 89' lang='lat' dir='ltr'><strong>et</strong></span> 
     </span>
    </p>
   </div>
   <div class='ocr_carea' id='block_1_79' title="bbox 407 4278 2044 4360">
    <p class='ocr_par' dir='ltr' id='par_1_79' title="bbox 407 4278 2044 4360">
     <span class='ocr_line' id='line_1_80' title="bbox 407 4278 2044 4360; baseline -0.002 -18"><span class='ocrx_word' id='word_1_519' title='bbox 407 4281 479 4342; x_wconf 85' lang='lat' dir='ltr'><strong>ad</strong></span> <span class='ocrx_word' id='word_1_520' title='bbox 506 4280 686 4359; x_wconf 86' lang='lat' dir='ltr'><strong>hujus</strong></span> <span class='ocrx_word' id='word_1_521' title='bbox 707 4280 822 4342; x_wconf 91' lang='lat' dir='ltr'><strong>loci</strong></span> <span class='ocrx_word' id='word_1_522' title='bbox 853 4297 1120 4354; x_wconf 84' lang='lat' dir='ltr'><strong>sensum,</strong></span> <span class='ocrx_word' id='word_1_523' title='bbox 1159 4287 1432 4360; x_wconf 87' lang='lat' dir='ltr'><strong>tanquam</strong></span> <span class='ocrx_word' id='word_1_524' title='bbox 1459 4278 1532 4340; x_wconf 85' lang='lat' dir='ltr'><strong>ad</strong></span> <span class='ocrx_word' id='word_1_525' title='bbox 1556 4297 1800 4360; x_wconf 89' lang='lat' dir='ltr'><strong>scopum</strong></span> <span class='ocrx_word' id='word_1_526' title='bbox 1825 4280 1926 4360; x_wconf 91' lang='lat' dir='ltr'><strong>qui</strong></span> <span class='ocrx_word' id='word_1_527' title='bbox 1952 4287 2044 4339; x_wconf 90' lang='lat' dir='ltr'><strong>at-</strong></span> 
     </span>
    </p>
   </div>
   <div class='ocr_carea' id='block_1_80' title="bbox 411 4368 2048 4450">
    <p class='ocr_par' dir='ltr' id='par_1_80' title="bbox 411 4368 2048 4450">
     <span class='ocr_line' id='line_1_81' title="bbox 411 4368 2048 4450; baseline -0.001 -20"><span class='ocrx_word' id='word_1_528' title='bbox 411 4371 555 4450; x_wconf 85' lang='lat' dir='ltr'><strong>tingi</strong></span> <span class='ocrx_word' id='word_1_529' title='bbox 579 4377 857 4450; x_wconf 85' lang='lat' dir='ltr'><strong>nequeat,</strong></span> <span class='ocrx_word' id='word_1_530' title='bbox 888 4368 1217 4432; x_wconf 85' lang='lat' dir='ltr'><strong>collimare.</strong></span> <span class='ocrx_word' id='word_1_531' title='bbox 1283 4368 1427 4432; x_wconf 93' lang='lat' dir='ltr'><strong>Dico</strong></span> <span class='ocrx_word' id='word_1_532' title='bbox 1459 4377 1659 4430; x_wconf 88' lang='lat' dir='ltr'><strong>autem</strong></span> <span class='ocrx_word' id='word_1_533' title='bbox 1697 4370 1880 4431; x_wconf 92' lang='lat' dir='ltr'><strong>Deum</strong></span> <span class='ocrx_word' id='word_1_534' title='bbox 1916 4385 2048 4430; x_wconf 86' lang='lat' dir='ltr'><strong>esse</strong></span> 
     </span>
    </p>
   </div>
   <div class='ocr_carea' id='block_1_81' title="bbox 411 4457 2046 4534">
    <p class='ocr_par' dir='ltr' id='par_1_81' title="bbox 411 4457 2046 4534">
     <span class='ocr_line' id='line_1_82' title="bbox 411 4457 2046 4534; baseline -0.002 -12"><span class='ocrx_word' id='word_1_535' title='bbox 411 4460 714 4522; x_wconf 89' lang='lat' dir='ltr'><strong>veritatem</strong></span> <span class='ocrx_word' id='word_1_536' title='bbox 745 4478 757 4520; x_wconf 91' lang='lat'>:</span> <span class='ocrx_word' id='word_1_537' title='bbox 794 4459 1008 4522; x_wconf 89' lang='lat' dir='ltr'><strong>veritas</strong></span> <span class='ocrx_word' id='word_1_538' title='bbox 1038 4467 1232 4521; x_wconf 85' lang='lat' dir='ltr'><strong>autem</strong></span> <span class='ocrx_word' id='word_1_539' title='bbox 1260 4475 1366 4520; x_wconf 90' lang='lat' dir='ltr'><strong>ens</strong></span> <span class='ocrx_word' id='word_1_540' title='bbox 1387 4457 1882 4534; x_wconf 87' lang='lat' dir='ltr'><strong>est,mendacium</strong></span> <span class='ocrx_word' id='word_1_541' title='bbox 1909 4475 2046 4518; x_wconf 92' lang='lat' dir='ltr'><strong>vero</strong></span> 
     </span>
    </p>
   </div>
   <div class='ocr_carea' id='block_1_82' title="bbox 2134 3387 3368 3467">
    <p class='ocr_par' dir='ltr' id='par_1_82' title="bbox 2134 3387 3368 3467">
     <span class='ocr_line' id='line_1_83' title="bbox 2134 3387 3368 3467; baseline 0.006 -25"><span class='ocrx_word' id='word_1_542' title='bbox 2134 3391 2227 3462; x_wconf 78' lang='grc' dir='ltr'><strong>τῇς</strong></span> <span class='ocrx_word' id='word_1_543' title='bbox 2258 3387 2747 3465; x_wconf 81' lang='grc' dir='ltr'>παντοκρατορικῆς</span> <span class='ocrx_word' id='word_1_544' title='bbox 2779 3387 2866 3442; x_wconf 85' lang='grc' dir='ltr'><strong>καὶ</strong></span> <span class='ocrx_word' id='word_1_545' title='bbox 2907 3389 3047 3450; x_wconf 80' lang='grc' dir='ltr'><strong>θείας</strong></span> <span class='ocrx_word' id='word_1_546' title='bbox 3077 3387 3368 3467; x_wconf 79' lang='grc' dir='ltr'>δυνάμεως.</span> 
     </span>
    </p>
   </div>
   <div class='ocr_carea' id='block_1_83' title="bbox 2213 3651 3785 3734">
    <p class='ocr_par' dir='ltr' id='par_1_83' title="bbox 2213 3651 3785 3734">
     <span class='ocr_line' id='line_1_84' title="bbox 2213 3651 3785 3734; baseline -0.005 -19"><span class='ocrx_word' id='word_1_547' title='bbox 2213 3657 2240 3730; x_wconf 87' lang='lat'>§</span> <span class='ocrx_word' id='word_1_548' title='bbox 2299 3651 2398 3717; x_wconf 81' lang='grc' dir='ltr'><strong>νΙ.</strong></span> <span class='ocrx_word' id='word_1_549' title='bbox 2433 3653 2616 3712; x_wconf 79' lang='grc' dir='ltr'>Καίτοι</span> <span class='ocrx_word' id='word_1_550' title='bbox 2659 3653 2922 3733; x_wconf 60' lang='grc' dir='ltr'>ἐπιφορεῖ</span> <span class='ocrx_word' id='word_1_551' title='bbox 2973 3657 3000 3712; x_wconf 83' lang='grc' dir='ltr'>ὁ</span> <span class='ocrx_word' id='word_1_552' title='bbox 3055 3653 3109 3711; x_wconf 74' lang='grc' dir='ltr'>ἐν</span> <span class='ocrx_word' id='word_1_553' title='bbox 3138 3670 3256 3721; x_wconf 77' lang='grc' dir='ltr'>τοῖς</span> <span class='ocrx_word' id='word_1_554' title='bbox 3307 3657 3558 3734; x_wconf 74' lang='grc' dir='ltr'>Πραξεσιν</span> <span class='ocrx_word' id='word_1_555' title='bbox 3620 3658 3785 3718; x_wconf 70' lang='grc' dir='ltr'><strong>Ἐλύ-</strong></span> 
     </span>
    </p>
   </div>
   <div class='ocr_carea' id='block_1_84' title="bbox 2134 3742 3782 3822">
    <p class='ocr_par' dir='ltr' id='par_1_84' title="bbox 2134 3742 3782 3822">
     <span class='ocr_line' id='line_1_85' title="bbox 2134 3742 3782 3822; baseline 0.002 -21"><span class='ocrx_word' id='word_1_556' title='bbox 2134 3767 2238 3818; x_wconf 82' lang='grc' dir='ltr'>μας</span> <span class='ocrx_word' id='word_1_557' title='bbox 2295 3748 2322 3800; x_wconf 80' lang='grc' dir='ltr'><strong>ὁ</strong></span> <span class='ocrx_word' id='word_1_558' title='bbox 2355 3743 2548 3822; x_wconf 75' lang='grc' dir='ltr'>μάγος,</span> <span class='ocrx_word' id='word_1_559' title='bbox 2585 3742 2778 3820; x_wconf 81' lang='grc' dir='ltr'><strong>λέγων’</strong></span> <span class='ocrx_word' id='word_1_560' title='bbox 2817 3745 2872 3800; x_wconf 75' lang='grc' dir='ltr'><strong>Εἰ</strong></span> <span class='ocrx_word' id='word_1_561' title='bbox 2931 3744 3331 3822; x_wconf 72' lang='grc' dir='ltr'>παντοόὺναμος</span> <span class='ocrx_word' id='word_1_562' title='bbox 3388 3751 3416 3804; x_wconf 80' lang='grc' dir='ltr'>ὁ</span> <span class='ocrx_word' id='word_1_563' title='bbox 3474 3751 3628 3822; x_wconf 73' lang='grc' dir='ltr'>Θεὸς,</span> <span class='ocrx_word' id='word_1_564' title='bbox 3665 3757 3782 3812; x_wconf 78' lang='grc' dir='ltr'><strong>πῶς</strong></span> 
     </span>
    </p>
   </div>
   <div class='ocr_carea' id='block_1_85' title="bbox 2133 3831 3784 3912">
    <p class='ocr_par' dir='ltr' id='par_1_85' title="bbox 2133 3831 3784 3912">
     <span class='ocr_line' id='line_1_86' title="bbox 2133 3831 3784 3912; baseline 0.004 -23"><span class='ocrx_word' id='word_1_565' title='bbox 2133 3835 2273 3911; x_wconf 78' lang='grc' dir='ltr'>παρὰ</span> <span class='ocrx_word' id='word_1_566' title='bbox 2330 3840 2420 3890; x_wconf 84' lang='grc' dir='ltr'>τοῦ</span> <span class='ocrx_word' id='word_1_567' title='bbox 2479 3831 2596 3888; x_wconf 81' lang='grc' dir='ltr'>καθ’</span> <span class='ocrx_word' id='word_1_568' title='bbox 2651 3831 2788 3907; x_wconf 69' lang='grc' dir='ltr'>ὑμᾶς</span> <span class='ocrx_word' id='word_1_569' title='bbox 2845 3832 3119 3912; x_wconf 77' lang='grc' dir='ltr'>θεολόγοι),</span> <span class='ocrx_word' id='word_1_570' title='bbox 3167 3835 3375 3894; x_wconf 81' lang='grc' dir='ltr'>Παύλου</span> <span class='ocrx_word' id='word_1_571' title='bbox 3432 3837 3640 3906; x_wconf 76' lang='grc' dir='ltr'>δηλαδὴ</span> <span class='ocrx_word' id='word_1_572' title='bbox 3683 3838 3784 3895; x_wconf 83' lang='grc' dir='ltr'><strong>λέ-</strong></span> 
     </span>
    </p>
   </div>
   <div class='ocr_carea' id='block_1_86' title="bbox 2130 3921 3786 4004">
    <p class='ocr_par' dir='ltr' id='par_1_86' title="bbox 2130 3921 3786 4004">
     <span class='ocr_line' id='line_1_87' title="bbox 2130 3921 3786 4004; baseline 0.004 -26"><span class='ocrx_word' id='word_1_573' title='bbox 2130 3945 2280 4002; x_wconf 82' lang='grc' dir='ltr'>γεται</span> <span class='ocrx_word' id='word_1_574' title='bbox 2339 3923 2383 3978; x_wconf 83' lang='grc' dir='ltr'>τί</span> <span class='ocrx_word' id='word_1_575' title='bbox 2443 3922 2520 3996; x_wconf 80' lang='grc' dir='ltr'><strong>μὴ</strong></span> <span class='ocrx_word' id='word_1_576' title='bbox 2591 3921 2886 3993; x_wconf 76' lang='grc' dir='ltr'>δύνασθαις</span> <span class='ocrx_word' id='word_1_577' title='bbox 2961 3925 3006 3980; x_wconf 87' lang='grc' dir='ltr'>ὦ</span> <span class='ocrx_word' id='word_1_578' title='bbox 3062 3921 3126 3992; x_wconf 79' lang='grc' dir='ltr'><strong>δὴ</strong></span> <span class='ocrx_word' id='word_1_579' title='bbox 3189 3927 3276 3981; x_wconf 85' lang='grc' dir='ltr'><strong>καὶ</strong></span> <span class='ocrx_word' id='word_1_580' title='bbox 3337 3925 3661 4004; x_wconf 76' lang='grc' dir='ltr'>λοιδορεῖται</span> <span class='ocrx_word' id='word_1_581' title='bbox 3711 3931 3786 3984; x_wconf 80' lang='grc' dir='ltr'>εἰ·</span> 
     </span>
    </p>
   </div>
   <div class='ocr_carea' id='block_1_87' title="bbox 2130 4009 3782 4096">
    <p class='ocr_par' dir='ltr' id='par_1_87' title="bbox 2130 4009 3782 4096">
     <span class='ocr_line' id='line_1_88' title="bbox 2130 4009 3782 4096; baseline 0.005 -26"><span class='ocrx_word' id='word_1_582' title='bbox 2130 4013 2307 4086; x_wconf 87' lang='grc' dir='ltr'>πόντι,</span> <span class='ocrx_word' id='word_1_583' title='bbox 2370 4012 2447 4086; x_wconf 80' lang='grc' dir='ltr'><strong>μὴ</strong></span> <span class='ocrx_word' id='word_1_584' title='bbox 2525 4009 2766 4068; x_wconf 83' lang='grc' dir='ltr'>δύνασθαι</span> <span class='ocrx_word' id='word_1_585' title='bbox 2827 4014 2916 4069; x_wconf 85' lang='grc' dir='ltr'>τὸν</span> <span class='ocrx_word' id='word_1_586' title='bbox 2977 4015 3104 4070; x_wconf 76' lang='grc' dir='ltr'>Θεὸν</span> <span class='ocrx_word' id='word_1_587' title='bbox 3181 4016 3367 4072; x_wconf 61' lang='grc' dir='ltr'>ἑαυτὸν</span> <span class='ocrx_word' id='word_1_588' title='bbox 3425 4016 3782 4096; x_wconf 75' lang='grc' dir='ltr'>ἀρνήσασθαι.</span> 
     </span>
    </p>
   </div>
   <div class='ocr_carea' id='block_1_88' title="bbox 2130 4099 3784 4184">
    <p class='ocr_par' dir='ltr' id='par_1_88' title="bbox 2130 4099 3784 4184">
     <span class='ocr_line' id='line_1_89' title="bbox 2130 4099 3784 4184; baseline 0.002 -25"><span class='ocrx_word' id='word_1_589' title='bbox 2130 4101 2272 4180; x_wconf 86' lang='grc' dir='ltr'><strong>Ἐγὼ</strong></span> <span class='ocrx_word' id='word_1_590' title='bbox 2329 4099 2381 4156; x_wconf 75' lang='grc' dir='ltr'><strong>δὲ</strong></span> <span class='ocrx_word' id='word_1_591' title='bbox 2455 4101 2694 4179; x_wconf 76' lang='grc' dir='ltr'>προσθείς</span> <span class='ocrx_word' id='word_1_592' title='bbox 2768 4111 2944 4176; x_wconf 79' lang='grc' dir='ltr'>τουτο,</span> <span class='ocrx_word' id='word_1_593' title='bbox 3006 4101 3119 4160; x_wconf 83' lang='grc' dir='ltr'>λίαν</span> <span class='ocrx_word' id='word_1_594' title='bbox 3175 4103 3436 4184; x_wconf 64' lang='grc' dir='ltr'>φοϐοῦμαι</span> <span class='ocrx_word' id='word_1_595' title='bbox 3509 4108 3588 4180; x_wconf 78' lang='grc' dir='ltr'><strong>μὴ</strong></span> <span class='ocrx_word' id='word_1_596' title='bbox 3647 4105 3784 4172; x_wconf 64' lang='grc' dir='ltr'><strong>δυὲξω</strong></span> 
     </span>
    </p>
   </div>
   <div class='ocr_carea' id='block_1_89' title="bbox 2130 4190 3784 4272">
    <p class='ocr_par' dir='ltr' id='par_1_89' title="bbox 2130 4190 3784 4272">
     <span class='ocr_line' id='line_1_90' title="bbox 2130 4190 3784 4272; baseline 0.001 -24"><span class='ocrx_word' id='word_1_597' title='bbox 2130 4190 2487 4272; x_wconf 82' lang='grc' dir='ltr'>διαμαχεσθαι</span> <span class='ocrx_word' id='word_1_598' title='bbox 2567 4192 2698 4268; x_wconf 74' lang='grc' dir='ltr'>πρὸς</span> <span class='ocrx_word' id='word_1_599' title='bbox 2789 4190 3132 4267; x_wconf 81' lang='grc' dir='ltr'>μειρακιῶδες</span> <span class='ocrx_word' id='word_1_600' title='bbox 3227 4195 3314 4250; x_wconf 79' lang='grc' dir='ltr'><strong>καὶ</strong></span> <span class='ocrx_word' id='word_1_601' title='bbox 3391 4195 3602 4261; x_wconf 79' lang='grc' dir='ltr'>ἀσθενὲς</span> <span class='ocrx_word' id='word_1_602' title='bbox 3694 4198 3784 4252; x_wconf 69' lang='grc' dir='ltr'><strong>ἐπὶ</strong></span> 
     </span>
    </p>
   </div>
   <div class='ocr_carea' id='block_1_90' title="bbox 2129 4277 3786 4362">
    <p class='ocr_par' dir='ltr' id='par_1_90' title="bbox 2129 4277 3786 4362">
     <span class='ocr_line' id='line_1_91' title="bbox 2129 4277 3786 4362; baseline 0.002 -24"><span class='ocrx_word' id='word_1_603' title='bbox 2129 4283 2354 4358; x_wconf 76' lang='grc' dir='ltr'>ψάμμου</span> <span class='ocrx_word' id='word_1_604' title='bbox 2427 4277 2786 4354; x_wconf 79' lang='grc' dir='ltr'><strong>οἰκοδόμημα,</strong></span> <span class='ocrx_word' id='word_1_605' title='bbox 2851 4283 2936 4337; x_wconf 85' lang='grc' dir='ltr'><strong>καὶ</strong></span> <span class='ocrx_word' id='word_1_606' title='bbox 3011 4285 3502 4362; x_wconf 74' lang='grc' dir='ltr'>καταστοχάζεσθαι</span> <span class='ocrx_word' id='word_1_607' title='bbox 3585 4287 3786 4341; x_wconf 82' lang='grc' dir='ltr'>ὡσανεί</span> 
     </span>
    </p>
   </div>
   <div class='ocr_carea' id='block_1_91' title="bbox 2128 4369 3782 4451">
    <p class='ocr_par' dir='ltr' id='par_1_91' title="bbox 2128 4369 3782 4451">
     <span class='ocr_line' id='line_1_92' title="bbox 2128 4369 3782 4451; baseline 0.002 -23"><span class='ocrx_word' id='word_1_608' title='bbox 2128 4394 2268 4434; x_wconf 89' lang='grc' dir='ltr'>τινος</span> <span class='ocrx_word' id='word_1_609' title='bbox 2344 4369 2620 4450; x_wconf 69' lang='grc' dir='ltr'>ἀνεφίκτου</span> <span class='ocrx_word' id='word_1_610' title='bbox 2683 4377 2884 4428; x_wconf 74' lang='grc' dir='ltr'>σκοποῦ</span> <span class='ocrx_word' id='word_1_611' title='bbox 2939 4376 3036 4439; x_wconf 78' lang='grc' dir='ltr'>τῆς</span> <span class='ocrx_word' id='word_1_612' title='bbox 3097 4376 3220 4451; x_wconf 78' lang='grc' dir='ltr'>περὶ</span> <span class='ocrx_word' id='word_1_613' title='bbox 3276 4375 3462 4431; x_wconf 71' lang='grc' dir='ltr'>τούτου</span> <span class='ocrx_word' id='word_1_614' title='bbox 3517 4372 3782 4439; x_wconf 76' lang='grc' dir='ltr'>διανοίας.</span> 
     </span>
    </p>
   </div>
   <div class='ocr_carea' id='block_1_92' title="bbox 3376 4464 3658 4486">
    <p class='ocr_par' dir='ltr' id='par_1_92' title="bbox 3376 4464 3658 4486">
     <span class='ocr_line' id='line_1_93' title="bbox 3376 4464 3658 4486; baseline 0 0"><span class='ocrx_word' id='word_1_615' title='bbox 3376 4465 3390 4486; x_wconf 70' lang='grc' dir='ltr'><strong>τ</strong></span> <span class='ocrx_word' id='word_1_616' title='bbox 3454 4464 3496 4486; x_wconf 51' lang='grc' dir='ltr'><strong>ος</strong></span> <span class='ocrx_word' id='word_1_617' title='bbox 3561 4464 3611 4486; x_wconf 60' lang='grc' dir='ltr'><strong>’Ἰ</strong></span> <span class='ocrx_word' id='word_1_618' title='bbox 3647 4467 3658 4486; x_wconf 77' lang='grc' dir='ltr'><strong>Ι</strong></span> 
     </span>
    </p>
   </div>
   <div class='ocr_carea' id='block_1_93' title="bbox 406 4537 2047 4628">
    <p class='ocr_par' dir='ltr' id='par_1_93' title="bbox 406 4547 2039 4628">
     <span class='ocr_line' id='line_1_94' title="bbox 406 4547 2039 4628; baseline -0.002 -18"><span class='ocrx_word' id='word_1_619' title='bbox 406 4551 544 4610; x_wconf 72' lang='grc'><strong>482</strong></span> <span class='ocrx_word' id='word_1_620' title='bbox 577 4569 774 4628; x_wconf 90' lang='lat' dir='ltr'><strong>neque</strong></span> <span class='ocrx_word' id='word_1_621' title='bbox 803 4548 1248 4612; x_wconf 89' lang='lat' dir='ltr'><strong>consistentiam</strong></span> <span class='ocrx_word' id='word_1_622' title='bbox 1301 4566 1410 4610; x_wconf 83' lang='lat' dir='ltr'><strong>nec</strong></span> <span class='ocrx_word' id='word_1_623' title='bbox 1476 4553 1779 4610; x_wconf 88' lang='lat' dir='ltr'><strong>eutitatem</strong></span> <span class='ocrx_word' id='word_1_624' title='bbox 1841 4547 2039 4608; x_wconf 89' lang='lat' dir='ltr'><strong>habet.</strong></span> 
     </span>
    </p>
   </div>
   <div class='ocr_carea' id='block_1_94' title="bbox 2134 4537 3784 4628">
    <p class='ocr_par' dir='ltr' id='par_1_94' title="bbox 2134 4546 3784 4628">
     <span class='ocr_line' id='line_1_95' title="bbox 2134 4546 3784 4628; baseline 0.001 -22"><span class='ocrx_word' id='word_1_625' title='bbox 2134 4549 2186 4606; x_wconf 72' lang='grc' dir='ltr'><strong>ὅν</strong></span> <span class='ocrx_word' id='word_1_626' title='bbox 2231 4551 2362 4624; x_wconf 82' lang='grc' dir='ltr'>ἐστι,</span> <span class='ocrx_word' id='word_1_627' title='bbox 2397 4551 2456 4604; x_wconf 73' lang='grc' dir='ltr'>τὸ</span> <span class='ocrx_word' id='word_1_628' title='bbox 2513 4546 2566 4604; x_wconf 79' lang='grc' dir='ltr'>δὲ</span> <span class='ocrx_word' id='word_1_629' title='bbox 2598 4547 2786 4623; x_wconf 77' lang='grc' dir='ltr'>ψεῦδος</span> <span class='ocrx_word' id='word_1_630' title='bbox 2835 4549 3194 4608; x_wconf 78' lang='grc' dir='ltr'>ἀνυπόστατον</span> <span class='ocrx_word' id='word_1_631' title='bbox 3249 4553 3336 4608; x_wconf 63' lang='grc' dir='ltr'><strong>καὶ⁵</strong></span> <span class='ocrx_word' id='word_1_632' title='bbox 3394 4552 3470 4628; x_wconf 76' lang='grc' dir='ltr'><strong>μὴ</strong></span> <span class='ocrx_word' id='word_1_633' title='bbox 3505 4553 3588 4615; x_wconf 74' lang='grc' dir='ltr'><strong>ὅν.</strong></span> <span class='ocrx_word' id='word_1_634' title='bbox 3653 4556 3784 4612; x_wconf 77' lang='grc' dir='ltr'>Ἐἓιν</span> 
     </span>
    </p>
   </div>
   <div class='ocr_carea' id='block_1_95' title="bbox 409 4636 2044 4722">
    <p class='ocr_par' dir='ltr' id='par_1_95' title="bbox 409 4636 2044 4722">
     <span class='ocr_line' id='line_1_96' title="bbox 409 4636 2044 4722; baseline -0.002 -20"><span class='ocrx_word' id='word_1_635' title='bbox 409 4640 468 4702; x_wconf 91' lang='lat' dir='ltr'><strong>Si</strong></span> <span class='ocrx_word' id='word_1_636' title='bbox 497 4640 696 4722; x_wconf 88' lang='lat' dir='ltr'><strong>itaque</strong></span> <span class='ocrx_word' id='word_1_637' title='bbox 745 4639 961 4702; x_wconf 90' lang='lat' dir='ltr'><strong>veritas</strong></span> <span class='ocrx_word' id='word_1_638' title='bbox 1014 4647 1258 4718; x_wconf 83' lang='lat' dir='ltr'><strong>negaret</strong></span> <span class='ocrx_word' id='word_1_639' title='bbox 1307 4636 1718 4719; x_wconf 84' lang='lat' dir='ltr'><strong>semetipsam,</strong></span> <span class='ocrx_word' id='word_1_640' title='bbox 1763 4655 2044 4698; x_wconf 88' lang='lat' dir='ltr'><strong>succum-</strong></span> 
     </span>
    </p>
   </div>
   <div class='ocr_carea' id='block_1_96' title="bbox 411 4726 2044 4810">
    <p class='ocr_par' dir='ltr' id='par_1_96' title="bbox 411 4726 2044 4810">
     <span class='ocr_line' id='line_1_97' title="bbox 411 4726 2044 4810; baseline -0.003 -19"><span class='ocrx_word' id='word_1_641' title='bbox 411 4731 578 4793; x_wconf 90' lang='lat' dir='ltr'><strong>beret</strong></span> <span class='ocrx_word' id='word_1_642' title='bbox 601 4729 936 4810; x_wconf 89' lang='lat' dir='ltr'><strong>mendacio,</strong></span> <span class='ocrx_word' id='word_1_643' title='bbox 969 4737 1027 4792; x_wconf 89' lang='lat' dir='ltr'><strong>et</strong></span> <span class='ocrx_word' id='word_1_644' title='bbox 1048 4729 1104 4790; x_wconf 91' lang='lat' dir='ltr'><strong>id</strong></span> <span class='ocrx_word' id='word_1_645' title='bbox 1137 4728 1294 4809; x_wconf 88' lang='lat' dir='ltr'><strong>quod</strong></span> <span class='ocrx_word' id='word_1_646' title='bbox 1327 4735 1416 4790; x_wconf 89' lang='lat' dir='ltr'><strong>est</strong></span> <span class='ocrx_word' id='word_1_647' title='bbox 1459 4735 1518 4790; x_wconf 89' lang='lat' dir='ltr'><strong>et</strong></span> <span class='ocrx_word' id='word_1_648' title='bbox 1573 4726 1802 4790; x_wconf 81' lang='lat' dir='ltr'><strong>exsistit</strong></span> <span class='ocrx_word' id='word_1_649' title='bbox 1861 4726 2044 4787; x_wconf 90' lang='lat' dir='ltr'><strong>mini-</strong></span> 
     </span>
    </p>
   </div>
   <div class='ocr_carea' id='block_1_97' title="bbox 411 4815 2044 4897">
    <p class='ocr_par' dir='ltr' id='par_1_97' title="bbox 411 4815 2044 4897">
     <span class='ocr_line' id='line_1_98' title="bbox 411 4815 2044 4897; baseline -0.004 -16"><span class='ocrx_word' id='word_1_650' title='bbox 411 4839 508 4882; x_wconf 91' lang='lat' dir='ltr'><strong>me</strong></span> <span class='ocrx_word' id='word_1_651' title='bbox 551 4829 729 4882; x_wconf 88' lang='lat' dir='ltr'><strong>esset.</strong></span> <span class='ocrx_word' id='word_1_652' title='bbox 787 4822 942 4896; x_wconf 78' lang='lat' dir='ltr'><strong>Ergo</strong></span> <span class='ocrx_word' id='word_1_653' title='bbox 979 4817 1124 4878; x_wconf 90' lang='lat' dir='ltr'><strong>illud</strong></span> <span class='ocrx_word' id='word_1_654' title='bbox 1179 4837 1296 4879; x_wconf 93' lang='lat' dir='ltr'><strong>non</strong></span> <span class='ocrx_word' id='word_1_655' title='bbox 1348 4818 1612 4897; x_wconf 88' lang='lat' dir='ltr'><strong>possein</strong></span> <span class='ocrx_word' id='word_1_656' title='bbox 1659 4815 1783 4879; x_wconf 91' lang='lat' dir='ltr'><strong>Deo</strong></span> <span class='ocrx_word' id='word_1_657' title='bbox 1819 4817 2044 4877; x_wconf 83' lang='lat' dir='ltr'><strong>consti-</strong></span> 
     </span>
    </p>
   </div>
   <div class='ocr_carea' id='block_1_98' title="bbox 410 4905 2046 4991">
    <p class='ocr_par' dir='ltr' id='par_1_98' title="bbox 410 4905 2046 4991">
     <span class='ocr_line' id='line_1_99' title="bbox 410 4905 2046 4991; baseline -0.002 -22"><span class='ocrx_word' id='word_1_658' title='bbox 410 4917 626 4991; x_wconf 90' lang='lat' dir='ltr'><strong>tutum,</strong></span> <span class='ocrx_word' id='word_1_659' title='bbox 680 4917 772 4972; x_wconf 91' lang='lat' dir='ltr'><strong>est</strong></span> <span class='ocrx_word' id='word_1_660' title='bbox 829 4910 1064 4986; x_wconf 80' lang='lat' dir='ltr'><strong>signum</strong></span> <span class='ocrx_word' id='word_1_661' title='bbox 1119 4909 1365 4970; x_wconf 71' lang='lat' dir='ltr'><strong>inlinitzn</strong></span> <span class='ocrx_word' id='word_1_662' title='bbox 1433 4907 1668 4970; x_wconf 90' lang='lat' dir='ltr'><strong>virtutis</strong></span> <span class='ocrx_word' id='word_1_663' title='bbox 1725 4925 1740 4982; x_wconf 91' lang='lat'><strong>;</strong></span> <span class='ocrx_word' id='word_1_664' title='bbox 1795 4905 2046 4986; x_wconf 88' lang='lat' dir='ltr'><strong>perinde</strong></span> 
     </span>
    </p>
   </div>
   <div class='ocr_carea' id='block_1_99' title="bbox 408 4995 2046 5079">
    <p class='ocr_par' dir='ltr' id='par_1_99' title="bbox 408 4995 2046 5079">
     <span class='ocr_line' id='line_1_100' title="bbox 408 4995 2046 5079; baseline -0.002 -18"><span class='ocrx_word' id='word_1_665' title='bbox 408 4999 569 5061; x_wconf 91' lang='lat' dir='ltr'><strong>enim</strong></span> <span class='ocrx_word' id='word_1_666' title='bbox 601 5007 690 5061; x_wconf 86' lang='lat' dir='ltr'><strong>est</strong></span> <span class='ocrx_word' id='word_1_667' title='bbox 716 5018 785 5062; x_wconf 89' lang='lat' dir='ltr'><strong>ac</strong></span> <span class='ocrx_word' id='word_1_668' title='bbox 815 4998 866 5060; x_wconf 90' lang='lat' dir='ltr'><strong>si</strong></span> <span class='ocrx_word' id='word_1_669' title='bbox 899 4999 1226 5079; x_wconf 85' lang='lat' dir='ltr'><strong>diceretur,</strong></span> <span class='ocrx_word' id='word_1_670' title='bbox 1258 4997 1445 5059; x_wconf 91' lang='lat' dir='ltr'><strong>Deum</strong></span> <span class='ocrx_word' id='word_1_671' title='bbox 1479 5016 1596 5059; x_wconf 91' lang='lat' dir='ltr'><strong>non</strong></span> <span class='ocrx_word' id='word_1_672' title='bbox 1629 5013 1804 5078; x_wconf 87' lang='lat' dir='ltr'><strong>posse</strong></span> <span class='ocrx_word' id='word_1_673' title='bbox 1851 4995 2046 5058; x_wconf 86' lang='lat' dir='ltr'><strong>facere</strong></span> 
     </span>
    </p>
   </div>
   <div class='ocr_carea' id='block_1_100' title="bbox 405 5085 2044 5170">
    <p class='ocr_par' dir='ltr' id='par_1_100' title="bbox 405 5085 2044 5170">
     <span class='ocr_line' id='line_1_101' title="bbox 405 5085 2044 5170; baseline -0.001 -20"><span class='ocrx_word' id='word_1_674' title='bbox 405 5107 468 5150; x_wconf 92' lang='lat' dir='ltr'><strong>se</strong></span> <span class='ocrx_word' id='word_1_675' title='bbox 489 5089 683 5170; x_wconf 90' lang='lat' dir='ltr'><strong>ipsum</strong></span> <span class='ocrx_word' id='word_1_676' title='bbox 701 5108 818 5151; x_wconf 90' lang='lat' dir='ltr'><strong>non</strong></span> <span class='ocrx_word' id='word_1_677' title='bbox 843 5106 976 5151; x_wconf 90' lang='lat' dir='ltr'><strong>esse</strong></span> <span class='ocrx_word' id='word_1_678' title='bbox 991 5085 1725 5161; x_wconf 86' lang='lat' dir='ltr'><strong>Deum.Quemadmodum</strong></span> <span class='ocrx_word' id='word_1_679' title='bbox 1748 5085 2044 5166; x_wconf 86' lang='lat' dir='ltr'><strong>enimlux,</strong></span> 
     </span>
    </p>
   </div>
   <div class='ocr_carea' id='block_1_101' title="bbox 405 5175 2047 5257">
    <p class='ocr_par' dir='ltr' id='par_1_101' title="bbox 405 5175 2047 5257">
     <span class='ocr_line' id='line_1_102' title="bbox 405 5175 2047 5257; baseline -0.002 -17"><span class='ocrx_word' id='word_1_680' title='bbox 405 5179 464 5240; x_wconf 92' lang='lat' dir='ltr'><strong>in</strong></span> <span class='ocrx_word' id='word_1_681' title='bbox 487 5180 891 5257; x_wconf 78' lang='lat' dir='ltr'><strong>quantumlux</strong></span> <span class='ocrx_word' id='word_1_682' title='bbox 917 5186 1026 5252; x_wconf 90' lang='lat' dir='ltr'><strong>est,</strong></span> <span class='ocrx_word' id='word_1_683' title='bbox 1051 5197 1170 5240; x_wconf 91' lang='lat' dir='ltr'><strong>non</strong></span> <span class='ocrx_word' id='word_1_684' title='bbox 1207 5185 1397 5257; x_wconf 89' lang='lat' dir='ltr'><strong>potest</strong></span> <span class='ocrx_word' id='word_1_685' title='bbox 1429 5195 1559 5239; x_wconf 91' lang='lat' dir='ltr'><strong>esse</strong></span> <span class='ocrx_word' id='word_1_686' title='bbox 1591 5175 1855 5239; x_wconf 70' lang='lat' dir='ltr'><strong>tenebraa</strong></span> <span class='ocrx_word' id='word_1_687' title='bbox 1889 5195 1902 5236; x_wconf 92' lang='lat'>:</span> <span class='ocrx_word' id='word_1_688' title='bbox 1957 5175 2047 5237; x_wconf 92' lang='lat' dir='ltr'><strong>sic</strong></span> 
     </span>
    </p>
   </div>
   <div class='ocr_carea' id='block_1_102' title="bbox 406 5263 2044 5348">
    <p class='ocr_par' dir='ltr' id='par_1_102' title="bbox 406 5263 2044 5348">
     <span class='ocr_line' id='line_1_103' title="bbox 406 5263 2044 5348; baseline -0.003 -17"><span class='ocrx_word' id='word_1_689' title='bbox 406 5278 464 5332; x_wconf 92' lang='lat' dir='ltr'><strong>et</strong></span> <span class='ocrx_word' id='word_1_690' title='bbox 493 5269 604 5330; x_wconf 87' lang='lat' dir='ltr'><strong>hoc</strong></span> <span class='ocrx_word' id='word_1_691' title='bbox 627 5267 994 5348; x_wconf 86' lang='lat' dir='ltr'><strong>impossibile</strong></span> <span class='ocrx_word' id='word_1_692' title='bbox 1015 5275 1102 5329; x_wconf 90' lang='lat' dir='ltr'><strong>est</strong></span> <span class='ocrx_word' id='word_1_693' title='bbox 1127 5271 1522 5347; x_wconf 82' lang='lat' dir='ltr'><strong>Deo,propter</strong></span> <span class='ocrx_word' id='word_1_694' title='bbox 1545 5263 2044 5346; x_wconf 87' lang='lat' dir='ltr'><strong>superabundan-</strong></span> 
     </span>
    </p>
   </div>
   <div class='ocr_carea' id='block_1_103' title="bbox 409 5355 2045 5436">
    <p class='ocr_par' dir='ltr' id='par_1_103' title="bbox 409 5355 2045 5436">
     <span class='ocr_line' id='line_1_104' title="bbox 409 5355 2045 5436; baseline 0.001 -18"><span class='ocrx_word' id='word_1_695' title='bbox 409 5368 524 5420; x_wconf 89' lang='lat' dir='ltr'><strong>tem</strong></span> <span class='ocrx_word' id='word_1_696' title='bbox 550 5359 884 5421; x_wconf 89' lang='lat' dir='ltr'><strong>veritatem.</strong></span> <span class='ocrx_word' id='word_1_697' title='bbox 941 5358 1108 5421; x_wconf 89' lang='lat' dir='ltr'><strong>Sicut</strong></span> <span class='ocrx_word' id='word_1_698' title='bbox 1141 5355 1316 5436; x_wconf 76' lang='lat' dir='ltr'><strong>igitur</strong></span> <span class='ocrx_word' id='word_1_699' title='bbox 1337 5355 1490 5418; x_wconf 87' lang='lat' dir='ltr'><strong>Deus</strong></span> <span class='ocrx_word' id='word_1_700' title='bbox 1539 5373 1838 5436; x_wconf 88' lang='lat' dir='ltr'><strong>nunquam</strong></span> <span class='ocrx_word' id='word_1_701' title='bbox 1869 5355 2045 5419; x_wconf 89' lang='lat' dir='ltr'><strong>scivit</strong></span> 
     </span>
    </p>
   </div>
   <div class='ocr_carea' id='block_1_104' title="bbox 407 5443 2038 5528">
    <p class='ocr_par' dir='ltr' id='par_1_104' title="bbox 407 5443 2038 5528">
     <span class='ocr_line' id='line_1_105' title="bbox 407 5443 2038 5528; baseline -0.002 -20"><span class='ocrx_word' id='word_1_702' title='bbox 407 5447 892 5528; x_wconf 89' lang='lat' dir='ltr'><strong>inscitiam,sicut</strong></span> <span class='ocrx_word' id='word_1_703' title='bbox 916 5465 1026 5508; x_wconf 91' lang='lat' dir='ltr'><strong>nec</strong></span> <span class='ocrx_word' id='word_1_704' title='bbox 1057 5447 1217 5508; x_wconf 88' lang='lat' dir='ltr'><strong>novit</strong></span> <span class='ocrx_word' id='word_1_705' title='bbox 1247 5446 1400 5524; x_wconf 70' lang='lat' dir='ltr'><strong>ignis</strong></span> <span class='ocrx_word' id='word_1_706' title='bbox 1419 5463 1540 5507; x_wconf 91' lang='lat' dir='ltr'><strong>non</strong></span> <span class='ocrx_word' id='word_1_707' title='bbox 1569 5443 2038 5519; x_wconf 76' lang='lat' dir='ltr'><strong>calefactionem,</strong></span> 
     </span>
    </p>
   </div>
   <div class='ocr_carea' id='block_1_105' title="bbox 405 5533 2044 5619">
    <p class='ocr_par' dir='ltr' id='par_1_105' title="bbox 405 5533 2044 5619">
     <span class='ocr_line' id='line_1_106' title="bbox 405 5533 2044 5619; baseline -0.001 -20"><span class='ocrx_word' id='word_1_708' title='bbox 405 5535 494 5600; x_wconf 86' lang='lat' dir='ltr'><strong>sic</strong></span> <span class='ocrx_word' id='word_1_709' title='bbox 525 5554 722 5616; x_wconf 88' lang='lat' dir='ltr'><strong>neque</strong></span> <span class='ocrx_word' id='word_1_710' title='bbox 753 5543 946 5619; x_wconf 84' lang='lat' dir='ltr'><strong>potest</strong></span> <span class='ocrx_word' id='word_1_711' title='bbox 972 5554 1092 5600; x_wconf 89' lang='lat' dir='ltr'><strong>non</strong></span> <span class='ocrx_word' id='word_1_712' title='bbox 1117 5553 1334 5619; x_wconf 80' lang='lat' dir='ltr'><strong>posse;</strong></span> <span class='ocrx_word' id='word_1_713' title='bbox 1361 5534 1518 5619; x_wconf 90' lang='lat' dir='ltr'><strong>quod</strong></span> <span class='ocrx_word' id='word_1_714' title='bbox 1549 5533 1787 5618; x_wconf 88' lang='lat' dir='ltr'><strong>sapiens</strong></span> <span class='ocrx_word' id='word_1_715' title='bbox 1819 5533 1923 5597; x_wconf 89' lang='lat' dir='ltr'><strong>ille</strong></span> <span class='ocrx_word' id='word_1_716' title='bbox 1937 5551 2044 5618; x_wconf 87' lang='lat' dir='ltr'><strong>per</strong></span> 
     </span>
    </p>
   </div>
   <div class='ocr_carea' id='block_1_106' title="bbox 489 5669 1010 5756">
    <p class='ocr_par' dir='ltr' id='par_1_106' title="bbox 489 5669 1010 5756">
     <span class='ocr_line' id='line_1_107' title="bbox 489 5669 1010 5756; baseline 0.004 -24"><span class='ocrx_word' id='word_1_717' title='bbox 489 5671 519 5716; x_wconf 68' lang='grc' dir='ltr'><strong>ι</strong></span> <span class='ocrx_word' id='word_1_718' title='bbox 545 5669 594 5734; x_wconf 90' lang='lat' dir='ltr'><strong>Il</strong></span> <span class='ocrx_word' id='word_1_719' title='bbox 624 5669 780 5736; x_wconf 90' lang='lat' dir='ltr'><strong>Tim.</strong></span> <span class='ocrx_word' id='word_1_720' title='bbox 813 5686 878 5756; x_wconf 83' lang='grc' dir='ltr'><strong>ιι,</strong></span> <span class='ocrx_word' id='word_1_721' title='bbox 911 5671 1010 5736; x_wconf 84' lang='grc'><strong>13.</strong></span> 
     </span>
    </p>
   </div>
   <div class='ocr_carea' id='block_1_107' title="bbox 2130 4639 3782 4722">
    <p class='ocr_par' dir='ltr' id='par_1_107' title="bbox 2130 4639 3782 4722">
     <span class='ocr_line' id='line_1_108' title="bbox 2130 4639 3782 4722; baseline 0.002 -26"><span class='ocrx_word' id='word_1_722' title='bbox 2130 4640 2218 4696; x_wconf 76' lang='grc' dir='ltr'>οὗν</span> <span class='ocrx_word' id='word_1_723' title='bbox 2273 4639 2569 4719; x_wconf 75' lang='grc' dir='ltr'>ἇρνήσηται</span> <span class='ocrx_word' id='word_1_724' title='bbox 2615 4640 2809 4706; x_wconf 81' lang='grc' dir='ltr'>ἑαυτὴν</span> <span class='ocrx_word' id='word_1_725' title='bbox 2860 4641 2893 4706; x_wconf 77' lang='grc' dir='ltr'><strong>ἡ</strong></span> <span class='ocrx_word' id='word_1_726' title='bbox 2949 4639 3192 4715; x_wconf 73' lang='grc' dir='ltr'>ἀλήθεια,</span> <span class='ocrx_word' id='word_1_727' title='bbox 3251 4645 3328 4716; x_wconf 78' lang='grc' dir='ltr'>τῷ</span> <span class='ocrx_word' id='word_1_728' title='bbox 3378 4640 3555 4718; x_wconf 76' lang='grc' dir='ltr'>ψεύδει</span> <span class='ocrx_word' id='word_1_729' title='bbox 3623 4665 3782 4722; x_wconf 68' lang='grc' dir='ltr'>περι-</span> 
     </span>
    </p>
   </div>
   <div class='ocr_carea' id='block_1_108' title="bbox 2131 4727 3786 4808">
    <p class='ocr_par' dir='ltr' id='par_1_108' title="bbox 2131 4727 3786 4808">
     <span class='ocr_line' id='line_1_109' title="bbox 2131 4727 3786 4808; baseline 0.001 -22"><span class='ocrx_word' id='word_1_730' title='bbox 2131 4743 2398 4808; x_wconf 84' lang='grc' dir='ltr'>πεσεῖται,</span> <span class='ocrx_word' id='word_1_731' title='bbox 2428 4729 2518 4785; x_wconf 87' lang='grc' dir='ltr'><strong>καὶ</strong></span> <span class='ocrx_word' id='word_1_732' title='bbox 2559 4729 2620 4785; x_wconf 81' lang='grc' dir='ltr'>τὸ</span> <span class='ocrx_word' id='word_1_733' title='bbox 2667 4728 2726 4782; x_wconf 73' lang='grc' dir='ltr'>ὃν</span> <span class='ocrx_word' id='word_1_734' title='bbox 2777 4730 2862 4786; x_wconf 79' lang='grc' dir='ltr'><strong>καὶ</strong></span> <span class='ocrx_word' id='word_1_735' title='bbox 2901 4727 2959 4784; x_wconf 69' lang='grc' dir='ltr'>ὃν</span> <span class='ocrx_word' id='word_1_736' title='bbox 3011 4729 3088 4806; x_wconf 77' lang='grc' dir='ltr'>μὴ</span> <span class='ocrx_word' id='word_1_737' title='bbox 3142 4731 3201 4786; x_wconf 74' lang='grc' dir='ltr'><strong>ὃν</strong></span> <span class='ocrx_word' id='word_1_738' title='bbox 3247 4729 3414 4792; x_wconf 73' lang='grc' dir='ltr'>ἔσται.</span> <span class='ocrx_word' id='word_1_739' title='bbox 3451 4734 3525 4790; x_wconf 81' lang='grc' dir='ltr'>Τὸ</span> <span class='ocrx_word' id='word_1_740' title='bbox 3551 4733 3642 4788; x_wconf 72' lang='grc' dir='ltr'><strong>οὖν</strong></span> <span class='ocrx_word' id='word_1_741' title='bbox 3701 4749 3786 4808; x_wconf 65' lang='grc' dir='ltr'><strong>μὴ</strong></span> 
     </span>
    </p>
   </div>
   <div class='ocr_carea' id='block_1_109' title="bbox 2128 4818 3788 4901">
    <p class='ocr_par' dir='ltr' id='par_1_109' title="bbox 2128 4818 3788 4901">
     <span class='ocr_line' id='line_1_110' title="bbox 2128 4818 3788 4901; baseline 0.002 -25"><span class='ocrx_word' id='word_1_742' title='bbox 2128 4818 2369 4876; x_wconf 62' lang='grc' dir='ltr'>δύνασθαι</span> <span class='ocrx_word' id='word_1_743' title='bbox 2440 4819 2525 4874; x_wconf 84' lang='grc' dir='ltr'><strong>ἐπὶ</strong></span> <span class='ocrx_word' id='word_1_744' title='bbox 2585 4819 2718 4874; x_wconf 77' lang='grc' dir='ltr'>Θεοῦ</span> <span class='ocrx_word' id='word_1_745' title='bbox 2789 4819 3109 4894; x_wconf 75' lang='grc' dir='ltr'>τὰττόμετον</span> <span class='ocrx_word' id='word_1_746' title='bbox 3135 4867 3152 4896; x_wconf 89' lang='grc'><strong>,</strong></span> <span class='ocrx_word' id='word_1_747' title='bbox 3242 4821 3440 4901; x_wconf 66' lang='grc' dir='ltr'>ἀφέτου</span> <span class='ocrx_word' id='word_1_748' title='bbox 3507 4821 3788 4897; x_wconf 70' lang='grc' dir='ltr'>δυναμεώς</span> 
     </span>
    </p>
   </div>
   <div class='ocr_carea' id='block_1_110' title="bbox 2128 4907 3788 4986">
    <p class='ocr_par' dir='ltr' id='par_1_110' title="bbox 2128 4907 3788 4986">
     <span class='ocr_line' id='line_1_111' title="bbox 2128 4907 3788 4986; baseline 0.002 -21"><span class='ocrx_word' id='word_1_749' title='bbox 2128 4909 2238 4967; x_wconf 80' lang='grc' dir='ltr'>ἐστι</span> <span class='ocrx_word' id='word_1_750' title='bbox 2292 4921 2544 4984; x_wconf 58' lang='grc' dir='ltr'>σημεῖον</span> <span class='ocrx_word' id='word_1_751' title='bbox 2604 4907 2789 4983; x_wconf 80' lang='grc' dir='ltr'>ὅμοιον</span> <span class='ocrx_word' id='word_1_752' title='bbox 2847 4910 2948 4986; x_wconf 77' lang='grc' dir='ltr'><strong>γάρ</strong></span> <span class='ocrx_word' id='word_1_753' title='bbox 3005 4909 3146 4966; x_wconf 75' lang='grc' dir='ltr'>ἐστιν</span> <span class='ocrx_word' id='word_1_754' title='bbox 3203 4911 3396 4983; x_wconf 79' lang='grc' dir='ltr'>εἰπεῖν,</span> <span class='ocrx_word' id='word_1_755' title='bbox 3431 4909 3512 4967; x_wconf 80' lang='grc' dir='ltr'>ὅτι</span> <span class='ocrx_word' id='word_1_756' title='bbox 3569 4913 3634 4968; x_wconf 74' lang='grc' dir='ltr'><strong>οὒ</strong></span> <span class='ocrx_word' id='word_1_757' title='bbox 3687 4911 3788 4969; x_wconf 74' lang='grc' dir='ltr'><strong>δύο</strong></span> 
     </span>
    </p>
   </div>
   <div class='ocr_carea' id='block_1_111' title="bbox 2128 4998 3790 5080">
    <p class='ocr_par' dir='ltr' id='par_1_111' title="bbox 2128 4998 3790 5080">
     <span class='ocr_line' id='line_1_112' title="bbox 2128 4998 3790 5080; baseline 0.002 -25"><span class='ocrx_word' id='word_1_758' title='bbox 2128 5022 2276 5058; x_wconf 87' lang='grc' dir='ltr'>ναται</span> <span class='ocrx_word' id='word_1_759' title='bbox 2330 5001 2356 5054; x_wconf 85' lang='grc' dir='ltr'>ὁ</span> <span class='ocrx_word' id='word_1_760' title='bbox 2391 5000 2522 5062; x_wconf 79' lang='grc' dir='ltr'>Θεὸς</span> <span class='ocrx_word' id='word_1_761' title='bbox 2555 5003 2775 5064; x_wconf 82' lang='grc' dir='ltr'>ποιῆσαι</span> <span class='ocrx_word' id='word_1_762' title='bbox 2807 4998 2994 5055; x_wconf 76' lang='grc' dir='ltr'>ἑαυτὸν</span> <span class='ocrx_word' id='word_1_763' title='bbox 3042 5000 3118 5074; x_wconf 73' lang='grc' dir='ltr'><strong>μὴ</strong></span> <span class='ocrx_word' id='word_1_764' title='bbox 3151 4999 3294 5056; x_wconf 83' lang='grc' dir='ltr'>εἶναι</span> <span class='ocrx_word' id='word_1_765' title='bbox 3327 5000 3479 5063; x_wconf 69' lang='grc' dir='ltr'>Θεό-ι,</span> <span class='ocrx_word' id='word_1_766' title='bbox 3543 4999 3790 5080; x_wconf 58' lang='lat' dir='ltr'><strong>&quot;usus?</strong></span> 
     </span>
    </p>
   </div>
   <div class='ocr_carea' id='block_1_112' title="bbox 2125 5086 3788 5169">
    <p class='ocr_par' dir='ltr' id='par_1_112' title="bbox 2125 5086 3788 5169">
     <span class='ocr_line' id='line_1_113' title="bbox 2125 5086 3788 5169; baseline 0.001 -23"><span class='ocrx_word' id='word_1_767' title='bbox 2125 5091 2224 5168; x_wconf 81' lang='grc' dir='ltr'><strong>γὰρ</strong></span> <span class='ocrx_word' id='word_1_768' title='bbox 2281 5089 2341 5145; x_wconf 77' lang='grc' dir='ltr'>τὸ</span> <span class='ocrx_word' id='word_1_769' title='bbox 2400 5093 2537 5168; x_wconf 80' lang='grc' dir='ltr'>φῶς,</span> <span class='ocrx_word' id='word_1_770' title='bbox 2597 5089 2727 5144; x_wconf 78' lang='grc' dir='ltr'>καθὸ</span> <span class='ocrx_word' id='word_1_771' title='bbox 2779 5093 2912 5168; x_wconf 76' lang='grc' dir='ltr'>φῶς,</span> <span class='ocrx_word' id='word_1_772' title='bbox 2969 5087 3028 5144; x_wconf 74' lang='grc' dir='ltr'>οὗ</span> <span class='ocrx_word' id='word_1_773' title='bbox 3089 5086 3299 5146; x_wconf 79' lang='grc' dir='ltr'>δύναται</span> <span class='ocrx_word' id='word_1_774' title='bbox 3355 5093 3548 5155; x_wconf 82' lang='grc' dir='ltr'>σκότος</span> <span class='ocrx_word' id='word_1_775' title='bbox 3611 5093 3788 5169; x_wconf 80' lang='grc' dir='ltr'>εἶναι,</span> 
     </span>
    </p>
   </div>
   <div class='ocr_carea' id='block_1_113' title="bbox 2128 5175 3792 5262">
    <p class='ocr_par' dir='ltr' id='par_1_113' title="bbox 2128 5175 3792 5262">
     <span class='ocr_line' id='line_1_114' title="bbox 2128 5175 3792 5262; baseline 0.002 -28"><span class='ocrx_word' id='word_1_776' title='bbox 2128 5178 2263 5234; x_wconf 72' lang='grc' dir='ltr'><strong>οὕτω</strong></span> <span class='ocrx_word' id='word_1_777' title='bbox 2317 5180 2405 5235; x_wconf 84' lang='grc' dir='ltr'><strong>καὶ</strong></span> <span class='ocrx_word' id='word_1_778' title='bbox 2448 5184 2602 5234; x_wconf 82' lang='grc' dir='ltr'>τοῦτο</span> <span class='ocrx_word' id='word_1_779' title='bbox 2658 5175 2910 5236; x_wconf 80' lang='grc' dir='ltr'>ἀδύνατον</span> <span class='ocrx_word' id='word_1_780' title='bbox 2959 5178 3195 5254; x_wconf 55' lang='grc' dir='ltr'>τῷνΘεῷ</span> <span class='ocrx_word' id='word_1_781' title='bbox 3253 5177 3338 5236; x_wconf 77' lang='grc' dir='ltr'>διαὶ</span> <span class='ocrx_word' id='word_1_782' title='bbox 3397 5180 3488 5249; x_wconf 70' lang='grc' dir='ltr'>τὴν</span> <span class='ocrx_word' id='word_1_783' title='bbox 3549 5181 3792 5262; x_wconf 61' lang='lat' dir='ltr'><strong>civ-nsip-</strong></span> 
     </span>
    </p>
   </div>
   <div class='ocr_carea' id='block_1_114' title="bbox 2129 5265 3792 5343">
    <p class='ocr_par' dir='ltr' id='par_1_114' title="bbox 2129 5265 3792 5343">
     <span class='ocr_line' id='line_1_115' title="bbox 2129 5265 3792 5343; baseline 0.003 -19"><span class='ocrx_word' id='word_1_784' title='bbox 2129 5267 2327 5335; x_wconf 81' lang='grc' dir='ltr'>ϐλητον</span> <span class='ocrx_word' id='word_1_785' title='bbox 2377 5265 2650 5336; x_wconf 71' lang='grc' dir='ltr'>ἀλήθειαν,</span> <span class='ocrx_word' id='word_1_786' title='bbox 2709 5265 2927 5343; x_wconf 65' lang='grc' dir='ltr'>’Ὥσπερ</span> <span class='ocrx_word' id='word_1_787' title='bbox 2970 5267 3057 5324; x_wconf 82' lang='grc' dir='ltr'>οὖν</span> <span class='ocrx_word' id='word_1_788' title='bbox 3101 5272 3198 5326; x_wconf 73' lang='grc' dir='ltr'>οὒκ</span> <span class='ocrx_word' id='word_1_789' title='bbox 3249 5267 3392 5326; x_wconf 85' lang='grc' dir='ltr'>οἶδεν</span> <span class='ocrx_word' id='word_1_790' title='bbox 3451 5271 3478 5326; x_wconf 76' lang='grc' dir='ltr'>ὁ</span> <span class='ocrx_word' id='word_1_791' title='bbox 3532 5271 3670 5334; x_wconf 83' lang='grc' dir='ltr'>Θεός</span> <span class='ocrx_word' id='word_1_792' title='bbox 3727 5275 3792 5329; x_wconf 73' lang='grc' dir='ltr'>τὸ</span> 
     </span>
    </p>
   </div>
   <div class='ocr_carea' id='block_1_115' title="bbox 2129 5355 3792 5438">
    <p class='ocr_par' dir='ltr' id='par_1_115' title="bbox 2129 5355 3792 5438">
     <span class='ocr_line' id='line_1_116' title="bbox 2129 5355 3792 5438; baseline 0.005 -25"><span class='ocrx_word' id='word_1_793' title='bbox 2129 5359 2206 5433; x_wconf 79' lang='grc' dir='ltr'><strong>μὴ</strong></span> <span class='ocrx_word' id='word_1_794' title='bbox 2281 5355 2467 5414; x_wconf 77' lang='grc' dir='ltr'>εἰδέναι</span> <span class='ocrx_word' id='word_1_795' title='bbox 2527 5356 2770 5432; x_wconf 85' lang='grc' dir='ltr'>πώποτε,</span> <span class='ocrx_word' id='word_1_796' title='bbox 2833 5359 2904 5423; x_wconf 81' lang='grc' dir='ltr'>ὡς</span> <span class='ocrx_word' id='word_1_797' title='bbox 2960 5359 3020 5414; x_wconf 76' lang='grc' dir='ltr'>τὸ</span> <span class='ocrx_word' id='word_1_798' title='bbox 3078 5367 3178 5437; x_wconf 72' lang='grc' dir='ltr'><strong>πῦρ</strong></span> <span class='ocrx_word' id='word_1_799' title='bbox 3246 5361 3341 5417; x_wconf 72' lang='grc' dir='ltr'>οὐκ</span> <span class='ocrx_word' id='word_1_800' title='bbox 3397 5357 3513 5416; x_wconf 81' lang='grc' dir='ltr'>οἶδε</span> <span class='ocrx_word' id='word_1_801' title='bbox 3569 5363 3636 5418; x_wconf 78' lang='grc' dir='ltr'>τὸ</span> <span class='ocrx_word' id='word_1_802' title='bbox 3703 5363 3792 5438; x_wconf 62' lang='grc' dir='ltr'><strong>μὴ</strong></span> 
     </span>
    </p>
   </div>
   <div class='ocr_carea' id='block_1_116' title="bbox 2125 5444 3790 5526">
    <p class='ocr_par' dir='ltr' id='par_1_116' title="bbox 2125 5444 3790 5526">
     <span class='ocr_line' id='line_1_117' title="bbox 2125 5444 3790 5526; baseline 0.002 -22"><span class='ocrx_word' id='word_1_803' title='bbox 2125 5447 2442 5526; x_wconf 83' lang='grc' dir='ltr'>θερμαίνειν,</span> <span class='ocrx_word' id='word_1_804' title='bbox 2510 5445 2677 5506; x_wconf 69' lang='grc' dir='ltr'>οὕτως</span> <span class='ocrx_word' id='word_1_805' title='bbox 2745 5444 2858 5506; x_wconf 70' lang='grc' dir='ltr'>οὔδε</span> <span class='ocrx_word' id='word_1_806' title='bbox 2928 5445 3137 5506; x_wconf 76' lang='grc' dir='ltr'>δύναται</span> <span class='ocrx_word' id='word_1_807' title='bbox 3225 5451 3283 5508; x_wconf 80' lang='grc' dir='ltr'>τὸ</span> <span class='ocrx_word' id='word_1_808' title='bbox 3353 5453 3430 5526; x_wconf 81' lang='grc' dir='ltr'><strong>μὴ</strong></span> <span class='ocrx_word' id='word_1_809' title='bbox 3500 5449 3790 5510; x_wconf 79' lang='grc' dir='ltr'>δύνασθαι·</span> 
     </span>
    </p>
   </div>
   <div class='ocr_carea' id='block_1_117' title="bbox 2125 5535 3792 5622">
    <p class='ocr_par' dir='ltr' id='par_1_117' title="bbox 2125 5535 3792 5622">
     <span class='ocr_line' id='line_1_118' title="bbox 2125 5535 3792 5622; baseline 0.004 -28"><span class='ocrx_word' id='word_1_810' title='bbox 2125 5537 2255 5616; x_wconf 83' lang='grc' dir='ltr'>ὅπερ</span> <span class='ocrx_word' id='word_1_811' title='bbox 2304 5538 2333 5594; x_wconf 70' lang='grc' dir='ltr'><strong>ὁ</strong></span> <span class='ocrx_word' id='word_1_812' title='bbox 2385 5536 2546 5619; x_wconf 75' lang='grc' dir='ltr'>σοφὸς</span> <span class='ocrx_word' id='word_1_813' title='bbox 2595 5535 2715 5594; x_wconf 85' lang='grc' dir='ltr'>κατ’</span> <span class='ocrx_word' id='word_1_814' title='bbox 2773 5537 3038 5618; x_wconf 80' lang='grc' dir='ltr'>εἰρωνείαν</span> <span class='ocrx_word' id='word_1_815' title='bbox 3084 5539 3316 5616; x_wconf 79' lang='grc' dir='ltr'>Ἐλύμας</span> <span class='ocrx_word' id='word_1_816' title='bbox 3347 5541 3442 5598; x_wconf 78' lang='grc' dir='ltr'>οὒκ</span> <span class='ocrx_word' id='word_1_817' title='bbox 3489 5539 3792 5622; x_wconf 69' lang='grc' dir='ltr'>ὶννοτίσας,</span> 
     </span>
    </p>
   </div>
  </div>
