4052 6204
243 377 365 444 905

689 371 787 442 DE
829 377 1125 443 DIVINIS
1165 377 1614 450 NOMINIBUS,
1661 375 1822 440 CAP.
1871 379 2037 442 VIII.
2093 411 2169 424 —
2216 381 2596 443 PARAPHR.
2647 378 3172 443 PACHYMERE.

3499 371 3620 448 906

242 525 494 589 μιμεῖται
546 512 653 568 τῶν
703 511 948 578 ἀθλητῶν
998 523 1117 573 τοὺς
1169 507 1306 584 μηδὲ
1354 509 1454 576 τὴν
1484 511 1634 576 νίκην
1684 507 1883 573 εἰδότας

1974 488 2216 571 ironiam
2250 511 2486 593 Elymas
2508 512 2650 574 dum
2682 529 2789 574 nos
2820 511 3118 592 intelligit,
3160 513 3421 578 imitatur
3450 514 3627 596 pugi-

244 608 362 667 πῶς
416 603 635 680 γίνεται·
692 600 888 664 οἵτινες
939 601 1074 656 κατὰ
1123 601 1182 656 τὸ
1241 597 1422 654 δοκοῦν
1471 599 1680 662 ἓαυτοϊς
1737 620 1896 654 σκια-

245 713 516 772 μαχουσιν
582 690 825 747 ἂποντων
895 695 1000 746 τὼν
1050 689 1477 766 ἀνταγωνιστῶν,
1536 691 1622 744 καὶ
1691 687 1896 745 οἴονται

239 788 350 836 τῶν
393 779 696 836 ἀντιπάλων
751 792 991 858 κρατεῖν,
1027 780 1104 852 μὴ
1156 777 1350 840 εἰδότες
1395 778 1492 844 τὴν
1541 778 1752 833 ἐκείδων
1803 774 1895 832 δύ·-

243 893 427 945 ναμιν,
505 861 697 944 Ἡμεῖς
768 866 846 948 δὲ,
909 868 1435 948 καταστοχαζύμενοι
1497 873 1593 932 τῆς
1667 865 1895 928 διανοίας

239 967 334 1016 τοῦ
377 960 517 1017 θείου
577 957 810 1037 Παύλου,
863 959 1122 1032 ὕμνοῦμεν
1179 959 1266 1012 τὸν
1331 959 1458 1013 Θεὸν
1505 960 1578 1021 ὼς
1635 957 1892 1034 μακάριον

237 1049 328 1104 καὶ
385 1049 551 1123 μόνον
603 1046 882 1117 δυνάστην,
939 1047 1012 1108 ὼς
1069 1046 1391 1117 δεσπόζοντα
1444 1056 1536 1104 τοῦ
1574 1045 1787 1124 αίώνος,
1818 1046 1891 1107 ὡς

239 1137 359 1194 κατ’
419 1136 563 1194 οὐδὲν
595 1133 972 1193 ἐκπεπτωκότα
1035 1143 1140 1192 τῶν
1198 1135 1386 1208 ὄντων,
1422 1138 1465 1191 εἶ
1521 1135 1622 1214 γὰρ
1681 1138 1740 1190 τὸ
1797 1132 1889 1190 δύο

241 1231 429 1282 νασθαι
489 1233 617 1282 πᾶσι
667 1239 787 1288 τοῖς
837 1224 981 1280 οὖσιν
1041 1223 1232 1304 ἔνεστι,
1297 1223 1507 1287 πάντως
1566 1226 1593 1279 ὁ
1649 1223 1784 1279 κατᾶ
1840 1243 1890 1278 τι

240 1317 319 1390 μὴ
362 1314 672 1390 δυνάμενος,
703 1317 746 1370 εἰ
803 1313 880 1382 μὴ
938 1312 1164 1379 εὐσεϐῶς
1195 1317 1256 1370 τὸ
1313 1315 1471 1391 ῥητὸν
1517 1311 1890 1392 ὲκλαϐοίμεθα,

239 1405 552 1462 ἐκπεσεῖται
618 1406 750 1460 κατὰ
807 1425 858 1458 τι
922 1411 1015 1458 τοῦ
1069 1403 1311 1480 δντος,ᾗ
1368 1425 1528 1482 φησιν
1560 1405 1586 1458 ὁ
1645 1402 1889 1466 ἀσύνετος

239 1493 525 1572 Ἐλύμας)
585 1492 790 1569 μᾶλλον
859 1490 914 1548 δὲ
970 1493 1049 1568 μὴ
1115 1495 1276 1568 μόνον
1349 1493 1442 1550 οὒκ
1506 1493 1889 1549 ἐκπεπτωκότα

237 1590 343 1640 τῶν
417 1583 606 1660 ὄντων,
667 1583 802 1641 ἀλλᾶ
875 1583 963 1639 καὶ
1033 1582 1336 1662 προέχοντα
1407 1585 1491 1639 καὶ
1561 1581 1891 1661 ὑπερέχοντα

235 1675 374 1730 κατὰ
443 1672 660 1751 δύναμιν
731 1673 1080 1751 ὑπερούσιον,
1155 1674 1242 1730 καὶ
1322 1671 1687 1751 δεδωρημένον
1759 1677 1888 1728 πᾶσι

234 1777 356 1826 τοῖς
403 1764 517 1820 οὖσι
566 1765 653 1820 καὶ
709 1765 768 1818 τὸ
827 1753 1070 1819 δύνασθαι
1129 1763 1294 1842 εἴναι,
1327 1763 1416 1820 καὶ
1473 1763 1534 1818 τὸ
1565 1759 1682 1818 τόδε
1745 1761 1888 1816 εἶναι

237 1853 374 1910 κατὰ
405 1853 707 1926 περιουσίαν
735 1850 1167 1932 ὑπερϐαλλούσης
1199 1849 1492 1929 δυνάμεως.

317 2122 348 2202 §
406 2119 533 2185 VII.
595 2119 746 2198 Ὀρος
804 2119 1162 2194 δικαιοσύνης,
1215 2119 1378 2199 ἐστὶν,
1408 2119 1571 2200 ἀρετὴ
1645 2117 1897 2197 διανεμη-

234 2217 360 2280 τικη
407 2219 500 2269 τοῦ
555 2209 677 2268 κατ’
724 2209 892 2290 ἀξίαν,
944 2210 980 2278 ἢ
1037 2207 1338 2288 ίδιοπραγία
1393 2211 1499 2266 τῶν
1555 2214 1654 2276 τῆς
1701 2214 1884 2290 ψυχῇς

242 2309 454 2382 νοερῶν,
511 2302 547 2369 ἢ
622 2301 856 2376 μεσότης
927 2298 1226 2364 πλεονεξίας
1297 2301 1382 2355 καὶ
1451 2299 1770 2375 μειονεξίας,
1848 2300 1884 2367 ἢ

235 2393 337 2459 ἕξις
393 2391 767 2467 ἂπονεμητικὴ
826 2388 1091 2455 ἰσότητος.
1157 2389 1292 2465 Πρὸς
1351 2395 1473 2466 γοῦν
1539 2390 1656 2454 τοὺς
1714 2390 1887 2446 τοιού.

230 2505 352 2546 τους
413 2481 564 2559 ὅρους
616 2479 791 2546 καλῶς
849 2480 1167 2536 ἀναπτύσσει
1229 2477 1326 2544 τὴν
1399 2479 1540 2534 θείαν
1606 2478 1878 2536 δικαιοσύ-

233 2592 351 2636 νην.
417 2570 515 2624 Δια
562 2575 716 2624 τοῦτο
771 2568 870 2646 γὰρ
917 2570 944 2624 ὁ
1005 2574 1134 2631 Θεὸς
1189 2563 1494 2632 δικαιοσύνη
1543 2565 1775 2645 λέγεται,
1810 2570 1882 2629 ὡς

229 2666 362 2716 πᾶσι
417 2654 536 2714 κατ’
581 2655 726 2720 ἀξίαν
772 2655 1057 2731 ἀπονέμων
1107 2656 1312 2711 ἅπαντα
1359 2657 1494 2716 κατὰ
1541 2657 1632 2711 τὸν
1684 2658 1880 2712 οἰκεῖον

234 2749 458 2804 ἑκάστου
515 2751 614 2812 τῆς
677 2747 880 2825 φύσεως
952 2747 1096 2823 ὅρον,
1151 2748 1236 2801 καί
1294 2747 1365 2807 ὡς
1427 2744 1600 2808 αἴτιος
1655 2745 1728 2802 ὢν
1785 2751 1881 2812 τῆς

233 2836 590 2915 αὖτοπραγίας
647 2835 888 2892 ἕκαστον
939 2836 1109 2890 πάντα
1168 2835 1266 2912 γὰρ
1323 2836 1357 2902 ἡ
1413 2836 1522 2890 θεία
1577 2833 1880 2901 δικαιοσύνη

231 2927 409 2984 τάττει
481 2925 601 2981 κατ’
657 2925 800 2989 ἀξίαν
859 2925 1104 2982 ἑκάστου.
1172 2922 1402 2980 Ἀδικίαν
1459 2925 1634 2982 τοίνυν
1696 2922 1877 2980 λαλοῦ·

231 3039 337 3095 σιν,
374 3017 421 3070 οἱ
471 3015 566 3082 τῆς
625 3015 764 3076 θείας
814 3012 1152 3080 δικαιοσύνης
1213 3015 1724 3092 καταψηφιζόμενοι,
1788 3013 1880 3069 καῖ

1981 596 2088 671 les,
2125 599 2224 680 qui
2244 619 2438 682 neque
2463 603 2770 664 victoriam
2798 611 3020 664 norunt
3043 602 3346 680 quomodo
3375 623 3625 686 compa-

1978 695 2172 750 retur:
2193 690 2294 768 qui
2315 692 2589 753 videntur
2618 691 2731 753 sibi
2777 692 2841 754 in
2871 691 3081 754 umbra
3102 710 3236 754 cum
3269 691 3618 757 absentibus

1980 777 2338 840 adversariis
2358 788 2723 856 concertare,
2773 781 3230 863 existimantque
3261 800 3326 844 se
3357 782 3492 844 illos
3522 801 3628 845 su-

1982 882 2213 944 perare,
2249 887 2385 930 cum
2415 870 2692 932 virtutem
2723 889 2930 932 eorum
2965 889 3083 932 non
3135 870 3393 934 habeant
3423 873 3628 953 explo-

1978 965 2187 1018 ratam.
2219 956 2336 1019 Nos
2358 967 2577 1033 autem,
2601 959 2674 1020 ad
2705 959 2826 1021 divi
2856 959 3019 1022 Pauli
3051 979 3293 1024 sensum
3317 961 3626 1024 colliman-

1978 1051 2084 1118 tes,
2107 1045 2514 1109 collaudamus
2538 1048 2724 1110 Deum
2752 1057 3027 1131 tanquam
3053 1048 3287 1110 beatum
3305 1049 3626 1132 solumque

1975 1143 2297 1214 potentem,
2334 1146 2538 1217 utpote
2561 1137 2964 1201 dominantem
2997 1137 3333 1220 aeternitati,
3369 1139 3630 1203 etnulIa

1974 1243 2230 1305 unquam
2276 1227 2520 1290 entitate
2551 1227 2892 1290 frustratum
2942 1228 3021 1309 (si
3053 1226 3211 1290 enim
3246 1229 3508 1307 potentia
3532 1245 3625 1290 re-

1973 1313 2084 1374 bus
2115 1314 2272 1376 inest
2295 1315 2602 1398 omnibus,
2631 1317 2880 1380 omnino
2911 1317 2961 1378 is
2984 1317 3084 1399 qui
3114 1315 3446 1379 secundum
3477 1317 3626 1400 quid

1971 1401 2268 1483 impotens
2301 1413 2411 1480 est,
2439 1405 2556 1467 nisi
2586 1406 2682 1488 pie
2715 1405 2940 1468 dictum
2987 1406 3100 1468 hoc
3131 1407 3620 1488 interpretemur,

1971 1494 2301 1556 secundum
2329 1496 2474 1577 quid
2502 1495 2576 1558 ab
2601 1497 2844 1558 entitate
2881 1494 3152 1572 descivit,
3178 1499 3242 1558 'ut
3271 1496 3622 1578 imprudens

1972 1582 2208 1663 Elymas
2242 1584 2594 1666 tradit)quin
2625 1586 2825 1666 potius
2849 1604 2968 1647 non
2999 1584 3195 1647 solum
3228 1593 3506 1668 tanquam
3533 1603 3626 1664 se-

1973 1672 2230 1733 cundum
2256 1691 2383 1734 rem
2407 1675 2634 1737 nullam
2672 1674 3186 1756 deﬁcientem,sed
3211 1675 3388 1737 etiam
3404 1683 3465 1736 ut
3479 1693 3628 1757 prm-

1975 1761 2294 1824 habentem
2322 1781 2393 1825 ac
2417 1763 2680 1845 desuper
2711 1763 3030 1826 habentem
3065 1765 3265 1828 omnia
3288 1764 3622 1828 secundum

1911 1863 1951 1914 Β
1974 1851 2242 1914 virtutem
2267 1854 2855 1934 superessentialem,
2891 1863 2951 1918 et
2984 1853 3166 1917 rebus
3195 1855 3474 1919 omnibus
3501 1856 3621 1920 lar-

1975 1939 2234 2018 gientem
2269 1951 2382 2002 tam
2415 1951 2478 2004 ut
2505 1961 2638 2007 esse
2663 1944 2919 2025 possint,
2953 1963 3131 2026 quam
3168 1952 3233 2006 ut
3256 1944 3375 2008 sint
3399 1964 3620 2009 secun-

1975 2029 2116 2090 dum
2149 2030 2509 2093 afﬂuentiam
2554 2033 2786 2094 virtutis
2815 2032 3376 2114 superabuddantis.

2055 2119 2085 2198 ἕ
2119 2119 2244 2182 VlI.
2281 2119 2554 2183 Deﬁnitio
2607 2121 2856 2202 justitiaa
2888 2130 3000 2197 est,
3031 2122 3219 2184 virtus
3249 2125 3462 2204 cuique
3505 2129 3620 2187 trt-

1978 2208 2168 2270 buens
2208 2228 2314 2289 pro
2347 2210 2655 2291 dignitate,
2688 2211 2778 2274 vel
2823 2211 3062 2292 propria
3095 2211 3248 2274 actio
3276 2211 3619 2277 facultatum

1966 2299 2180 2360 animae
2208 2299 2292 2375 ϐο,
2329 2299 2416 2361 \el
2446 2300 2706 2363 medium
2759 2301 2914 2362 inter
2945 2299 3368 2363 abundantiam
3393 2308 3455 2366 et
3477 2301 3621 2366 ino-

1971 2389 2149 2469 piam,
2185 2390 2272 2450 vel
2305 2388 2542 2450 habitus
2573 2388 2987 2454 distributivus
3017 2391 3615 2470 aaqualitatisttius-

1972 2478 2129 2538 modi
2150 2478 2348 2558 itaque
2379 2470 2829 2542 deﬁnitionibus
2860 2477 2974 2540 rite
3005 2479 3414 2541 accommodat
3439 2479 3616 2560 justi-

1969 2567 2104 2627 tiam
2133 2567 2416 2629 divinam.
2451 2566 2680 2631 Idcirco
2715 2567 2873 2630 enim
2929 2571 3092 2630 Deus
3113 2567 3346 2649 justitia
3377 2569 3612 2648 dicitur,

1965 2656 2120 2737 quod
2149 2657 2428 2720 omnibus
2455 2676 2556 2738 pro
2591 2657 2881 2738 dignitate
2917 2657 3138 2720 tribuat
3167 2657 3365 2719 omnia
3393 2677 3615 2722 secun-

1967 2747 2106 2806 dum
2154 2746 2453 2827 pr0priam
2491 2747 2785 2829 cujusque
2835 2753 3062 2808 natura:
3091 2745 3522 2825 deﬁnitionem,
3557 2757 3616 2812 et

1965 2835 2119 2915 quod
2171 2855 2347 2897 causa
2407 2837 2620 2898 existat
2677 2836 2930 2917 proprize
2983 2835 3305 2916 cujuslibet
3335 2837 3610 2920 actionis,

1963 2925 2194 3004 singula
2225 2932 2382 2987 enim
2429 2926 2692 3006 disponit
2712 2925 2914 2988 divina
2936 2925 3166 3005 justitia
3197 2945 3302 3006 pro
3323 2929 3616 3008 cujusque

1963 3015 2266 3093 dignitate.
2288 3014 2665 3096 Iniquitatem
2702 3015 2898 3096 itaque
2922 3015 3374 3097 loqunntur,qui
3395 3015 3615 3080 divinae

231 3105 504 3182 λέγοντες,
535 3103 759 3183 ὀορεῖλειν
794 3103 936 3160 εἶθαι
997 3117 1114 3164 τοϊς
1164 3107 1381 3168 θνητοῖς
1415 3104 1512 3170 τὴν
1571 3103 1875 3177 ἀθανασίαν,

1974 3105 2200 3179 iustitiae
2250 3105 2688 3185 contradicunt,
2732 3113 2791 3167 et
2833 3105 2937 3184 qui
2981 3104 3209 3180 dicunt,
3261 3106 3614 3170 mortalibus
3663 3163 3672 3172 .

235 3198 321 3250 καὶ
365 3207 484 3255 τοϊς
540 3192 749 3248 ἀτελέσι
802 3193 866 3265 τὸ,
889 3191 1116 3270 τέλειον,
1147 3193 1233 3247 καὶ
1281 3191 1470 3264 τᾶλλα,
1505 3191 1595 3247 ἵνα
1643 3193 1720 3267 μὴ
1763 3191 1878 3248 καθ’

1974 3195 2166 3256 inesse
2186 3194 2407 3256 debere
2425 3193 3026 3269 immortalitatem,et
3045 3191 3227 3256 rebus
3248 3194 3614 3276 imperfectis

232 3284 457 3340 ἕκαστον
507 3279 879 3356 διατρίϐωμεν,
947 3282 1222 3337 Αἰτιῶνται
1281 3282 1401 3358 γὰρ,
1439 3287 1551 3346 πῶς
1603 3283 1629 3336 ὁ
1679 3281 1882 3356 ἄνθρω-

233 3396 358 3444 πος,
423 3369 624 3428 τοιονδε
690 3371 826 3442 ζῶον
881 3369 982 3444 ὢν,
1043 3370 1326 3450 φθείρεται,
1375 3377 1489 3433 πῶς
1535 3373 1562 3426 ὁ
1646 3368 1883 3434 ἀσπάλαξ

231 3461 461 3540 τυφλὸς,
494 3462 610 3524 πῶς
663 3463 691 3516 ὁ
739 3459 879 3524 λίθος
942 3461 1036 3516 οὐκ
1094 3454 1489 3532 αύτοκίντιτος,”
1509 3466 1620 3524 πῶς
1673 3462 1730 3514 τὸ
1781 3465 1882 3514 πᾶν

232 3550 536 3607 ἀλλοιοῦται
588 3551 721 3606 κατᾶ
771 3551 865 3614 τὰς
917 3550 1082 3626 ὥρας,
1143 3555 1257 3611 πῶς
1315 3551 1366 3604 αἱ
1426 3550 1702 3628 ἑπικαιροι,
1757 3546 1882 3615 ἡδο-

236 3644 318 3698 ναὶ
375 3641 472 3698 οὒκ
525 3639 751 3696 αἱώνιοιο
825 3638 942 3696 δέον
998 3639 1209 3712 εἰδέναι,
1264 3637 1343 3696 ὅτι
1407 3645 1560 3696 πᾶσιν
1630 3638 1882 3712 ἀπονέμει

236 3732 301 3787 τὰ
352 3733 529 3787 οἰκεῖοι
559 3732 594 3798 ἡ
628 3730 738 3786 θεία
767 3727 1100 3808 δικαιοσύνη,
1132 3730 1242 3808 καὶ,
1269 3730 1358 3784 καὶ
1415 3727 1636 3785 ἕκαστον
1667 3729 1752 3785 ἐπὶ
1782 3731 1880 3794 τῆς

243 3821 437 3885 οἰκείας
471 3818 714 3890 διασώζει
745 3818 940 3885 τάξεως
974 3820 1060 3876 καὶ
1091 3819 1385 3894 δυνάμεως,

312 4085 342 4166 §
384 4085 534 4152 VIII.
570 4085 720 4146 Ἀλλ’
771 4088 918 4147 εἴποι
949 4108 1052 4152 τις³
1091 4093 1210 4152 Πῶς
1254 4090 1313 4145 ού
1341 4087 1531 4163 βοηθεῖ
1560 4087 1680 4152 τοῖς
1717 4088 1878 4150 ὁσίοις

233 4175 651 4255 ἀδικουμένοις;
724 4169 936 4245 Ῥητέον
1010 4177 1071 4232 ἐκ
1153 4177 1479 4252 διαιρέσεως·

235 4271 281 4323 οἱ
339 4267 476 4324 ὅσιοι
509 4268 573 4323 τὰ
630 4267 886 4348 παρόντα,
921 4267 956 4336 ἢ
1012 4271 1107 4326 οὐκ
1143 4265 1444 4343 ἀγαπῶσιν,
1493 4266 1550 4322 Εἰ
1595 4266 1692 4340 μὲν
1743 4267 1880 4345 ἀγα-

234 4363 434 4436 πῶσιν,
497 4356 602 4436 οὐχ
668 4356 828 4429 ὅσιοι,
897 4359 968 4418 ὡς
1046 4362 1138 4412 τοῦ
1221 4355 1356 4410 θείου
1433 4354 1880 4421 ἀποπεπτωκότες

1573 4175 1880 4253 Ἀγαπῶσιν

1966 3285 2422 3364 perfectionem,
2453 3293 2513 3344 et
2543 3293 2776 3359 caetera,
2814 3301 2888 3343 ne
2914 3281 3164 3361 singulis
3191 3283 3610 3352 immoremur.

1966 3375 2298 3435 Causantur
2327 3374 2624 3446 euim,cur
2649 3373 2850 3448 homo,
2869 3391 3002 3433 cum
3032 3371 3370 3436 istiusmodi
3389 3374 3612 3438 animal

1963 3463 2059 3535 sit,
2085 3472 2518 3542 corrumpatur,
2541 3480 2648 3522 cur
2674 3461 2828 3541 talpa
2859 3459 3048 3522 oculis
3077 3470 3294 3538 careat,
3323 3480 3430 3525 cur
3460 3461 3610 3544 lapis

1967 3571 2085 3612 non
2115 3553 2213 3626 sit,
2241 3571 2346 3630 per
2375 3569 2441 3613 se
2487 3551 2863 3630 mobilis,cur
2892 3550 3232 3612 universum
3275 3553 3606 3615 secundum

1968 3648 2348 3721 tempestates
2375 3641 3006 3717 485immutetur,cur
3029 3648 3432 3721 temporaneae
3445 3641 3612 3704 volu-

1967 3738 2154 3810 ptates
2169 3749 2288 3791 non
2303 3730 2420 3791 sint
2437 3729 3026 3793 teternmSciendu'm
3055 3729 3617 3811 est,divinamjusti-

1967 3820 2106 3880 tiam
2131 3819 2406 3882 omnibus
2431 3838 2561 3901 quae
2581 3820 2799 3901 cuique
2820 3819 3058 3900 propria
3070 3829 3210 3882 sunt
3227 3818 3612 3898 distribuere,

1965 3917 2024 3970 et
2061 3909 2530 3992 uniuscujusque
2582 3909 2856 3972 ordinem
2909 3909 3309 3994 virtutemque
3359 3927 3614 3974 conser-

1967 4017 2132 4064 vare.

2043 4088 2244 4168 §Vlll.
2297 4089 2415 4154 Sed
2460 4089 2620 4152 dicet
2667 4089 2924 4171 aliquis:
2959 4089 3078 4154 Cur
3133 4106 3253 4150 non
3315 4089 3619 4164 succurrit

1964 4183 2182 4241 sanctis
2200 4180 2419 4260 injuria
2431 4178 3024 4242 aifectis?Dicendum
3040 4196 3174 4240 cum
3196 4177 3609 4242 distinctione:

1967 4269 2066 4331 Vel
2097 4269 2357 4347 diligunt,
2397 4275 2582 4332 sancti
2640 4267 2980 4349 prasentia,
3034 4270 3120 4331 vel
3171 4288 3291 4332 non
3334 4267 3608 4347 diligunt.

1963 4356 2022 4421 Si
2054 4359 2294 4439 quidem
2335 4359 2610 4438 diligunt,
2645 4374 2764 4420 non
2797 4366 2932 4420 sunt
2975 4357 3190 4436 sancti,
3243 4365 3307 4420 ut
3355 4358 3459 4436 qui
3483 4359 3612 4439 jam

235 4444 455 4523 ἔρωτος’
521 4446 752 4502 ἀδικοὺσι
803 4447 905 4526 γὰρ
959 4445 1024 4501 τὰ
1081 4445 1245 4506 ὅντως
1307 4443 1498 4522 ἐραστὰ
1556 4442 1878 4522 παρευδοκι-

1974 4466 1996 4510 ι
2036 4448 2231 4510 divino
2263 4468 2464 4510 amore
2495 4448 2824 4510 exciderint
2859 4467 2876 4523 ;
2907 4449 3189 4528 quoniam
3234 4448 3436 4528 injurii
3466 4459 3609 4512 sunt

233 4537 476 4610 μούμενα
547 4533 632 4590 ὑπ’
702 4535 894 4615 αὐτῶν,
955 4533 1085 4590 διότι
1165 4539 1270 4589 τῶν
1342 4532 1629 4602 ἀζηλώτων
1693 4534 1878 4610 ἐρῶσιν

1974 4539 2142 4600 rebus
2187 4557 2325 4600 vere
2371 4537 2664 4618 amandis,
2731 4555 2863 4627 quas
2912 4538 2986 4598 ab
3048 4536 3192 4617 ipsis
3223 4539 3611 4619 praeferenda:

234 4625 364 4681 αὗτὰ
424 4622 870 4704 περατρὲχοντες.
933 4626 990 4681 Εἰ
1033 4623 1079 4679 δ’
1126 4625 1219 4680 οὐκ
1258 4621 1557 4700 ἀγαπῶσιν,
1592 4621 1726 4678 ἄλλα
1775 4629 1880 4680 τῶν

1974 4636 2124 4710 sunt,
2175 4628 2356 4709 quod,
2417 4627 2488 4689 iis
2560 4626 2871 4705 neglectis,
2933 4634 3136 4687 ament
3192 4645 3262 4690 ea
3306 4647 3438 4709 quae
3486 4645 3610 4690 non

229 4711 402 4778 ὅντως
462 4713 628 4770 ὄντων
686 4714 898 4786 ἐρῶσιν,
933 4713 1289 4795 εὖφραίνεσθαι
1349 4710 1550 4787 μᾶλλον
1581 4714 1693 4790 χρὴ
1750 4715 1878 4770 τού-

1974 4727 2098 4780 sunt
2142 4717 2422 4780 amanda.
2486 4715 2654 4790 Quod
2715 4715 2764 4777 si
2821 4733 2958 4778 vero
3019 4733 3137 4777 non
3195 4715 3462 4797 diligant,
3497 4717 3607 4780 sed

231 4824 380 4882 νους,
441 4802 528 4858 ὅτε
601 4803 964 4881 περιπίπτοιεν
1047 4814 1388 4882 πειρασμοῖς,
1453 4802 1626 4864 καθὼς
1693 4803 1779 4858 καὶ
1851 4804 1878 4858 ὁ

1974 4817 2164 4872 ament
2221 4827 2289 4868 ea
2366 4825 2502 4888 qua:
2553 4824 2692 4868 vere
2751 4814 2913 4886 sunt,
2987 4813 3224 4886 oportet
3285 4807 3445 4888 ipsos
3499 4806 3607 4870 lae-

227 4891 402 4970 μὲγας
480 4889 731 4956 ’ἰάκῶϐος
808 4908 1083 4974 παραινεν,
1153 4891 1238 4948 διὰ
1317 4892 1416 4968 γὰρ
1475 4893 1695 4947 ’τούτων
1770 4897 1876 4948 τῶν

1974 4898 2095 4972 Lari,
2128 4897 2285 4978 quod
2317 4897 2378 4958 in
2415 4895 2774 4959 tentationes
2823 4894 3169 4970 inciderint,
3211 4896 3294 4958 uti
3359 4915 3610 4978 magnus

228 4982 437 5060 ἐφετῶν
521 4979 961 5062 ἐπιτυγχάνουσι,
1023 4983 1111 5040 καὶ
1180 4981 1300 5038 τότε
1369 4992 1492 5045 ταῖς
1563 4979 1876 5059 ἂγγελικαῖς

1974 4988 2213 5050 Iacobus
2235 4986 2746 5068 monet;quoniam
2773 5003 2880 5067 per
2908 4985 3016 5048 has
3046 5003 3117 5048 ea
3145 5003 3276 5066 quae
3305 4986 3612 5050 desidera-

222 5071 453 5148 ἀρεταῖς
528 5068 930 5153 πλησιάζουσιν,
1002 5073 1406 5150 ἀναχωροῦντες
1496 5074 1592 5135 τῆς
1693 5070 1878 5138 ὑλικῆς

1974 5077 2102 5140 Jilia
2134 5084 2960 5158 suntassequuntur,tumque
2983 5075 3265 5155 angelicis
3291 5077 3612 5140 virtutibus

223 5158 590 5236 προσπαθείας
649 5158 704 5214 ἐν
767 5174 888 5224 ταῖς
933 5161 1060 5240 ὑπὲρ
1115 5169 1208 5218 τοῦ
1267 5157 1430 5216 καλοῦ
1485 5161 1872 5236 περιστάσεσιν·

1974 5171 2453 5250 ipprOpinquant,
2489 5168 2627 5229 dum
2660 5169 2722 5229 in
2751 5167 3046 5230 instantiis
3077 5187 3184 5250 pro
3221 5169 3402 5246 bono,
3424 5169 3497 5232 ab
3527 5168 3614 5231 af-

221 5249 369 5306 ὥστε
432 5247 627 5314 ἀληθὲς
673 5251 867 5324 εζπεϊν,
901 5251 980 5307 ὃτι
1012 5258 1167 5308 τοῦτο
1210 5248 1413 5322 μᾶλλον
1444 5249 1551 5304 ἐστι
1599 5255 1692 5326 τῇς
1737 5250 1877 5314 θείας

1974 5247 2471 5322 iectu—materia“
2521 5256 2864 5320 recedunt:
2922 5257 3003 5319 ita
3069 5247 3130 5320 ut
3203 5277 3342 5322 vere
3398 5259 3612 5342 possit,

223 5337 570 5404 δικαιοσύνης
635 5337 794 5415 ἴδιον,
858 5342 919 5395 τὸ
985 5341 1069 5396 ἐπί
1124 5357 1268 5401 τινας
1323 5338 1538 5414 βλέπειν
1594 5342 1878 5402 ποθοῦντας

1974 5349 2110 5410 illud
2146 5349 2330 5428 magis
2361 5354 2491 5410 esise
2522 5347 2827 5428 proprium
2851 5347 3065 5410 divinae
3087 5348 3351 5428 justitiaa,
3391 5337 3452 5410 ut
3477 5337 3606 5424 eos,

220 5434 293 5487 τὰ
353 5429 569 5504 αἰώνια,
637 5433 714 5506 μὴ
769 5433 974 5510 θέλγειν
1035 5433 1268 5494 τούτους·
1343 5430 1506 5508 ἤγουν
1560 5429 1626 5486 δι’
1687 5431 1880 5500 ἡδονῆς

1974 5439 2069 5520 [ιιιὶ
2107 5439 2179 5501 ad
2222 5449 2438 5500 aeterna
2471 5446 2743 5519 spectare
2793 5436 3156 5513 desiderant,
3203 5456 3321 5500 non
3353 5445 3610 5519 patiatur

220 5520 442 5592 ἀπατᾷν
501 5525 570 5596 τῇ
621 5521 793 5595 ἆνὲτῳ
844 5519 1107 5602 διαγωγῇ,
1143 5519 1278 5578 ἀλλὰ
1339 5520 1540 5594 μᾶλλον
1572 5523 1668 5585 τὰς
1729 5543 1880 5602 περι·-

1974 5519 2074 5610 per
2105 5529 2450 5593 dissolutam
2481 5528 2654 5592 vitam
2687 5527 3081 5608 voluptatibus
3112 5529 3333 5610 decipi,
3367 5531 3474 5595 sed
3503 5549 3607 5616 po-

311 5678 402 5733 60‘
434 5679 610 5742 Macr.
637 5679 729 5743 vel
763 5683 1003 5764 prepria
1033 5681 1268 5746 actione
1301 5679 1554 5762 partium
1585 5679 1821 5746 animae.

529 5774 795 5840 ΡΑΤιιοι..
836 5774 948 5843 Gn.
979 5774 1076 5840 Ill.

3213 5789 3290 5856 29
