4052 6196
232 299 349 367 921
709 297 807 365 DE
853 300 1149 367 DIVINIS
1188 303 1641 385 NOMINIBUS,
1686 304 1849 367 CAP.

2000 347 2013 365 .
2065 336 2130 348 κη
2181 300 2571 365 eaeaeae.
2616 294 3126 366 racemum.
3485 246 3603 361 922

229 452 368 497 rum
398 437 688 495 communi
720 437 909 503 modo.
942 438 1086 496 sicut
1117 437 1381 510 quaelibet
1429 453 1522 495 res
1551 438 1968 510 quodammodo
1997 446 2084 495 est
2110 438 2168 496 in
2202 438 2410 509 seipse,
2442 438 2500 495 in
2536 446 2813 510 quantum
2849 438 3174 497 continetur
3202 436 3350 510 infra
3376 509 3382 510 ί
3404 439 3611 497 termi-

232 524 348 569 nos
378 520 591 567 naturae
619 522 731 565 suae
765 510 904 573 :sed
936 509 1306 581 singulariter
1335 518 1418 566 est
1448 509 1690 579 simplex
1724 512 1781 566 in
1814 511 2018 579 seipso.
2052 510 2145 567 Sic
2180 510 2333 566 enim
2365 510 2472 567 sibi
2506 509 2611 580 ipsi
2657 511 2938 576 innititur,
2970 519 3033 569 ut
3060 528 3089 568 δ
3122 509 3281 568 nullo
3338 509 3451 581 alio
3507 510 3604 565 de-

233 583 505 654 pendeat.
538 591 589 637 et
614 583 694 654 sit
724 581 893 649 ﬁxus,
922 593 972 640 et
1001 580 1270 638 omnibus
1303 582 1715 654 superlocatus.
1752 582 2256 654 Secundo,_qumd
2285 582 2698 651 operationem.
2729 595 2782 638 et
2814 581 2921 638 hoc
2950 594 3034 640 est
3064 582 3213 654 quod
3261 581 3397 639 dicit
3429 580 3607 654 Deum

232 651 523 712 secundum
552 652 742 715 eadem.
779 656 836 709 id
866 664 951 711 est
979 656 1299 711 secundum
1326 651 1581 709 eamdem
1615 654 1974 724 sapientiam,
2012 651 2277 710 virtutem
2335 662 2390 710 et
2439 654 2750 711 bonitatem
2809 662 2864 713 et
2921 651 3247 726 huiusmodi
3278 672 3292 710 :
3353 660 3402 708 et
3459 653 3606 711 circa

234 726 377 783 idem
405 726 605 797 ipsum,
634 735 908 795 quantum
940 726 1011 782 ad
1041 726 1326 795 obiectum
1360 741 1476 782 suae
1526 726 1891 794 opera1ionis,
1952 726 2083 794 quia
2139 738 2365 797 semper
2414 726 2545 797 ejus
2592 726 2841 793 operatio
2890 736 2971 784 est
3028 728 3178 783 circa
3228 726 3504 796 siipsum,
3548 727 3607 782 in

233 807 514 869 quantum
547 796 777 869 intellig
804 798 917 853 udo
946 796 1266 869 clamando
1298 812 1358 869 se
1396 797 1588 853 omnia
1621 807 1887 869 operatur
1919 811 1937 865 ;
1989 801 2038 852 et
2066 796 2312 869 similiter,
2338 796 2656 853 secundum
2713 797 2942 853 modum
3005 798 3425 869 operatiouum,
3488 811 3606 854 non

237 866 396 926 enim
428 866 756 925 debilitatur
786 876 883 927 aut
910 868 1313 925 corroboratur
1343 866 1401 923 iu
1433 869 1677 939 agendo.
1718 867 1925 931 Tertio,
1976 883 2073 934 per
2118 868 2484 923 remotioncm
2534 870 2718 924 omnis
2776 866 3061 939 passionis
3116 869 3201 925 vel
3262 877 3611 925 transmuta-

238 942 419 998 tionis
447 940 520 996 ab
549 941 692 1009 ipso,
728 955 859 997 eum
892 940 1008 997 ait:
1038 940 1265 995 Omnino
1292 955 1399 996 esse
1428 957 1458 993 a
1478 938 1646 1009 seipso
1692 938 2082 994 immutabilem
2126 944 2175 994 et
2204 955 2315 994 non
2344 953 2492 1009 posse
2520 938 2874 995 transmoveri
2926 949 2973 995 et
3029 956 3138 997 esse
3171 955 3236 996 ex
3279 946 3386 996 toto
3415 940 3615 995 immo-

237 1011 422 1076 bilem,
452 1010 506 1066 id
540 1021 641 1075 est,
676 1011 830 1083 quod
858 1026 973 1068 non
1006 1013 1209 1068 habeat
1240 1025 1310 1067 ex
1341 1014 1528 1079 seipso
1561 1010 1809 1083 aliquam
1843 1025 2071 1083 causam
2106 1025 2224 1067 suae
2262 1012 2766 1083 transmutat‘ouis.
2828 1023 2882 1069 et
2920 1012 3071 1083 quod
3130 1024 3245 1068 non
3306 1013 3485 1081 possit
3537 1013 3608 1067 ab

237 1084 434 1156 aliquo
464 1081 974 1156 exte:iori_moveri
1037 1085 1092 1138 in
1144 1083 1520 1147 contrarium,
1574 1081 1674 1139 sed
1723 1082 1796 1156 sit
1846 1082 2091 1156 letaliter
2136 1082 2466 1156 immobilis.
2516 1085 2691 1155 Atque
2744 1084 2854 1156 haec
2908 1081 3136 1156 quidem,
3194 1083 3391 1156 inquit,
3446 1098 3612 1154 supra

234 1152 625 1221 substantiam;
656 1154 786 1224 quia
810 1156 1081 1210 nimirum
1114 1164 1197 1209 est
1229 1168 1396 1210 causa
1424 1167 1610 1209 omnis
1666 1152 1924 1209 stationis
1956 1161 2009 1211 et
2064 1154 2338 1210 svssionis
2385 1169 2507 1226 quae
2568 1152 2624 1209 iu
2686 1155 2858 1211 rebus
2916 1152 3125 1211 creatis
3181 1152 3519 1226 iurenitur,‘
3552 1156 3607 1211 iu

236 1236 517 1296 quantum
550 1235 633 1282 est
663 1241 832 1295 super
863 1241 1092 1283 omnem
1143 1227 1457 1281 sessionem
1489 1232 1545 1281 et
1573 1226 1871 1298 stationem
1919 1234 1978 1298 _et
2037 1226 2227 1281 omnia
2286 1224 2651 1282 stabiliuntur
2703 1229 2760 1281 in
2813 1227 2958 1298 ipso,
3008 1230 3106 1298 qui
3162 1224 3407 1283 custodit
3436 1240 3497 1281 ea
3536 1239 3611 1282 ne

237 1308 712 1355 commoveantur
743 1313 771 1353 a
797 1305 1061 1364 statione,
1096 1307 1148 1352 et
1181 1304 1552 1367 permaneant
1581 1296 1638 1352 in
1672 1298 1888 1366 propiis
1918 1296 2109 1354 bonis.

308 1370 338 1440 §
367 1369 454 1425 IX.
490 1370 587 1426 Pis
614 1368 875 1441 siquidem
898 1369 1196 1441 putandum
1220 1376 1293 1423 est
1329 1368 1501 1423 Deum
1529 1369 1749 1431 moveri,
1782 1378 1886 1423 etc.
1918 1367 2081 1424 Hunc
2112 1368 2653 1441 locumrediSseretts
2679 1368 2735 1425 S.
2773 1370 3084 1428 Maximus:
3138 1390 3159 1420 ι
3191 1369 3365 1433 Deus.
3401 1368 3600 1441 inquit.

238 1439 357 1497 non
391 1451 646 1496 movetur
672 1439 864 1509 aliquo
896 1439 958 1495 ex
989 1442 1111 1496 istis
1142 1441 1448 1509 generibus
1480 1448 1685 1504 motus,
1718 1440 1857 1511 quin
1884 1442 2069 1509 ponus
2101 1450 2286 1497 motus
2313 1439 2644 1501 immobilis.
2678 1449 2729 1495 et
2754 1443 2950 1498 eodem
3016 1441 3183 1498 modo
3236 1456 3297 1497 se
3345 1440 3607 1497 habentis

236 1513 503 1569 voluntas
538 1512 661 1583 ejus
691 1512 920 1583 dicitur.
943 1524 1050 1583 qua
1087 1513 1204 1567 vult
1234 1525 1358 1567 esse
1387 1514 1558 1567 492
1590 1528 1650 1565 ea
1678 1510 1807 1583 quae
1837 1519 1990 1583 sunt,
2026 1519 2077 1565 et
2106 1512 2387 1567 emanatio
2418 1510 2779 1580 previdvnliaa
2805 1514 2869 1567 ad
2902 1515 3113 1570 omnia.
3180 1512 3256 1567 Ex
3289 1511 3376 1568 his
3436 1515 3606 1581 patet.

235 1583 424 1641 Deum
454 1582 615 1640 nulla
650 1597 719 1639 ex
751 1582 818 1640 iis
848 1584 1219 1646 mulionibus,
1251 1597 1394 1654 quas
1421 1583 1731 1655 Dionysius
1764 1582 2060 1652 ingeniose
2102 1593 2476 1655 enumeravit,
2530 1584 2767 1655 moveri,
2800 1584 2891 1640 illa
2926 1595 3144 1642 tantum
3175 1594 3433 1654 excepta,
3483 1598 3612 1655 quae

236 1665 478 1711 externa
533 1664 638 1720 est,
696 1665 750 1711 et
807 1670 917 1724 qua
978 1652 1287 1711 creaturas'
1323 1669 1422 1723 per
1451 1652 1590 1710 suas
1620 1654 1840 1710 div:nas
1874 1656 2261 1710 emanationes
2291 1654 2579 1724 produxit.
2620 1652 3054 1725 mul'iplicatus.
3096 1665 3150 1712 et
3179 1652 3518 1724 dispertitus
3545 1670 3612 1709 ac

239 1727 604 1795 distributus,
627 1742 738 1783 non
769 1738 1050 1798 quatenus
1078 1727 1198 1795 ipse
1226 1734 1329 1790 est,
1363 1726 1461 1781 sed
1492 1734 1774 1797 quatenus
1823 1740 2060 1798 metiens
2114 1725 2418 1798 immobilis
2460 1737 2514 1783 et
2572 1725 2956 1794 impartibilis,
3008 1736 3064 1785 et
3119 1726 3613 1798 multiplicationis

238 1812 466 1868 expers.
500 1808 554 1855 et
584 1796 974 1867 eodem’prius
1006 1802 1063 1854 et
1091 1808 1284 1868 postea
1320 1796 1529 1855 tenore
1552 1798 1669 1853 sola
1705 1796 1991 1854 voluntale
2020 1797 2209 1853 omnia
2244 1799 2532 1866 produxit,
2573 1811 2758 1867 neque
2813 1800 2895 1854 sic
2930 1816 2959 1855 a
3020 1800 3208 1867 seipso
3266 1797 3386 1856 ullo
3448 1798 3616 1854 modo

238 1870 538 1927 recedens.
601 1870 725 1938 Quo
784 1871 938 1941 enim
996 1879 1342 1941 movereiur,
1371 1870 1467 1938 qui
1501 1870 1701 1941 omnia
1726 1870 2045 1941 substantia
2089 1884 2187 1925 sua
2248 1868 2475 1937 replet?
2532 1868 2674 1930 Imo,
2728 1871 2910 1939 inquit
2956 1870 3389 1941 Cyparissiotus,
3424 1869 3611 1941 siuna

241 1942 415 1997 facies
446 1940 882 2011 maneat,cujus
914 1942 1089 1999 forma
1123 1939 1281 1996 nulla
1317 1951 1469 2008 parte
1501 1953 1555 1996 et
1584 1940 1745 1997 nullo
1808 1940 1976 1996 modo
2024 1943 2293 2003 varirtur,
2356 1951 2410 1996 et
2472 1954 2754 2009 ponamus
2812 1939 3021 1999 multas
3080 1943 3289 1998 circuu
3347 1939 3517 1997 iacies
3549 1956 3614 2011 ex

240 2011 467 2081 fulgore
498 2013 648 2069 illius
676 2010 943 2080 emicare,
980 2012 1349 2068 videor-mitti
1383 2026 1452 2068 ex
1483 2013 1590 2066 hac
1620 2011 1774 2069 tenui
1806 2012 2053 2082 imagine
2085 2027 2149 2066 ac
2182 2011 2549 2082 similitudine
2580 2010 2967 2081 conjecturam
3027 2015 3095 2068 de
3150 2013 3239 2068 his
3297 2012 3500 2068 facere.
3536 2010 3614 2067 Ad

242 2084 402 2140 hunc
432 2083 847 2156 modumrecte
875 2086 1005 2156 quis
1070 2083 1239 2149 dicat,
1272 2096 1387 2139 non
1440 2082 1730 2156 distribui,
1774 2091 1871 2156 aut
1928 2081 2175 2156 partitim
2220 2081 2591 2153 multiplicari
2649 2083 2851 2148 Deum.
2892 2085 2990 2141 sed
3022 2099 3129 2142 nos
3162 2085 3351 2154 potius
3400 2083 3472 2139 ab
3525 2097 3616 2152 eo,

242 2165 514 2225 tanquam
548 2154 955 2212 similitudines
980 2165 1036 2211 et
1072 2156 1350 2223 imagines
1378 2154 1790 2223 exemplarium
1820 2155 1955 2225 ejus.
1997 2154 2292 2211 άὶετίηίτιοε
2322 2170 2386 2211 ac
2416 2157 2663 2211 variatos
2700 2170 2851 2219 esse,
2887 2165 2942 2213 et
2974 2155 3507 2224 multiplicatiouem
3565 2162 3620 2210 et

245 2228 607 2297 partitionem
641 2227 863 2283 subisse
893 2243 910 2295 ;
944 2227 1270 2299 hujusmo-ii
1302 2228 1454 2282 enim
1486 2225 1812 2299 affectiones
1843 2225 2328 2290 similitudinibus,
2395 2240 2511 2299 non,
2542 2227 2679 2290 Deo,
2714 2229 3080 2299 conveniunt.
3113 2226 3202 2282 Sic
3233 2243 3261 2282 a
3324 2226 3613 2299 Dionysio,

243 2296 440 2356 rerum
473 2299 787 2355 divinarum
824 2296 1183 2366 peritissimo,
1215 2300 1331 2354 haec
1360 2312 1482 2367 quae
1517 2300 1571 2353 in
1605 2298 1722 2353 Deo
1753 2307 1987 2367 apparet
2014 2299 2278 2369 discretio
2330 2296 2608 2369 appellata
2650 2309 2771 2353 est:
2836 2298 3056 2356 videtur
3114 2300 3290 2359 enim,
3333 2298 3536 2367 inquit,
3570 2306 3624 2352 et

244 2370 459 2427 dicitur
491 2371 661 2426 unius
690 2369 785 2425 Dei
818 2371 1084 2426 discretio
1106 2379 1160 2425 et
1190 2369 1586 2438 multiplicatio
1615 2389 1628 2433 ;
1689 2378 1770 2425 est
1806 2380 1992 2424 tamen
2032 2367 2423 2425 nihilominus
2448 2371 2789 2439 principium
2820 2369 3137 2426 divinitatis
3184 2382 3355 2438 supra
3388 2380 3618 2439 omnem

240 2451 502 2566 naiuram
535 2456 682 2524 unus
715 2441 860 2497 Deus
892 2441 1252 2513 impartibilis
1282 2441 1338 2498 in
1363 2437 1680 2512 partilibus
1712 2450 1765 2497 et
1794 2453 1985 2496 secum
2020 2441 2142 2510 ipse
2168 2439 2492 2509 copulatus,
2520 2449 2575 2497 et
2623 2437 3013 2513 permistiouis
3046 2437 3296 2512 plurium
3344 2453 3411 2496 ac
3464 2437 3618 2494 mul-

240 2522 318 2566 tio
349 2528 430 2566 ira
459 2527 607 2566 lonlS
629 2527 855 2566 exners.

236 2514 430 2570 tiolira
459 2512 607 2569 iouis
629 2527 855 2570 exners.

284 2527 430 2653 p§m£
459 2527 1099 2657 ngfgegxggiualitam
1156 2584 1447 2657 effecturam
1500 2583 1785 2657 secundum
1832 2598 2010 2655 quam,
2063 2589 2170 2657 etc.
2232 2581 2295 2638 In
2353 2581 2762 2657 elementorum
2818 2583 3330 2657 scilicetmistione
3360 2589 3619 2657 versatur

234 2651 575 2727 huiusmodi
598 2651 917 2726 aequalitas,
950 2671 1069 2725 quae
1100 2659 1145 2711 si
1180 2651 1292 2712 non
1326 2665 1489 2717 esset.
1526 2671 1645 2727 nou
1674 2651 1875 2712 ﬂerent
1907 2655 2307 2725 generationes
2364 2655 2422 2710 in
2456 2654 2691 2711 mundo.
2722 2655 2780 2712 Si
2816 2654 2970 2712 enim
3000 2653 3234 2727 aliquod
3263 2668 3334 2712 ex
3367 2651 3619 2711 elemen-

234 2729 310 2783 tis
332 2737 633 2795 exsuperet
661 2741 726 2781 ac
756 2727 1053 2783 redundet.
1086 2729 1473 2794 corrumpitur
1503 2726 1653 2797 quod
1688 2734 2012 2797 generatur.

315 2798 533 2855 Ibidem
564 2814 578 2854 :
616 2797 683 2854 Ut
710 2799 950 2870 quodque
979 2800 1169 2871 apium
1193 2804 1288 2863 est,
1316 2806 1424 2855 etc.
1456 2799 1575 2854 Hoc
1604 2796 1747 2871 dicit
1775 2806 2007 2871 propter
2032 2796 2413 2871 aequalitatem
2440 2797 2857 2867 proportionis,
2891 2799 3011 2855 sive
3059 2812 3186 2871 qua:
3234 2806 3367 2855 sunt
3415 2805 3616 2871 natura

237 2868 401 2941 ﬁant,
431 2871 553 2943 sive
590 2884 688 2939 per
718 2867 961 2943 gratiam
992 2867 1102 2935 ;'ut
1131 2884 1248 2927 non
1276 2885 1477 2927 omnes
1506 2868 1792 2943 aequaliter
1826 2868 2225 2924 illuminantur
2261 2884 2290 2925 a
2323 2867 2466 2937 sole,
2502 2882 2609 2925 nec
2663 2883 2863 2927 omnes
2904 2870 3206 2943 aequaliter
3259 2868 3621 2927 sanctiﬁcan-

236 2948 353 3000 tur.
382 2939 479 2996 Sed
520 2940 906 3013 proportione,
942 2952 1004 2998 ut
1034 2944 1146 3011 apti
1181 2953 1336 3005 sunt,
1370 2951 1467 2999 aut
1495 2939 1655 3013 digni
1690 2939 1998 2997 habentur.

312 3013 585 3083 §lbidem
616 3029 630 3069 :
664 3011 936 3078 Quatenus
964 3010 1172 3069 omuem
1202 3010 1582 3085 wqualitatem;
1623 3014 1821 3079 νοητὴ)
1850 3013 1937 3067 καὶ
1969 3012 2152 3089 ντιεράν
2205 3010 2264 3068 id
2312 3018 2396 3068 est
2444 3010 2798 3070 intellectilem
2851 3018 2902 3070 et
2960 3011 3374 3085 intelligentem,
3431 3011 3489 3068 id
3540 3018 3625 3067 est

238 3094 580 3165 angelicam.
635 3093 728 3150 Sic
789 3093 941 3149 enim
977 3107 1183 3151 vocare
1223 3094 1365 3151 solet
1422 3094 1663 3165 angelos
1692 3096 1899 3159 νοητοὺς

1994 3094 2291 3173 ιὶλνοερούς,
2326 3093 2459 3161 quia
2491 3093 2703 3150 habent
2735 3094 2882 3152 infra
2916 3108 3028 3152 sea
3056 3094 3259 3165 quibus
3290 3092 3621 3164 intelligan-

239 3181 355 3239 tur.
414 3184 470 3232 et
500 3176 606 3244 ipsi
649 3173 998 3245 intelligunt,
1032 3176 1234 3232 anima:
1264 3185 1452 3232 autem
1485 3189 1603 3232 non
1654 3173 1838 3231 solent
1865 3170 2053 3229 vocari
2087 3170 2293 3247 vomat,
2330 3175 2388 3230 id
2445 3183 2530 3232 est
2580 3174 2927 3239 intellectiles.
2953 3174 3054 3246 qui
3089 3189 3202 3233 non
3237 3174 3451 3232 habent
3476 3173 3623 3230 intra

239 3270 302 3311 se
332 3271 361 3311 a
393 3255 600 3326 quibus
632 3255 1044 3326 intelligantur,
1076 3256 1173 3312 sed
1235 3255 1504 3314 dicuntur
1533 3253 1957 3313 ratiocinantes.
1984 3260 2040 3310 et
2069 3276 2241 3333 νοεραι
2272 3255 2465 3323 etiam,
2517 3254 2573 3312 id
2602 3265 2689 3312 est
2716 3256 3088 3326 intelligentes.
3151 3256 3252 3313 sed
3306 3269 3424 3312 non
3484 3268 3624 3324 pro-

239 3336 365 3405 prie
396 3346 456 3392 ut
486 3335 694 3408 angeli.
725 3333 1038 3391 Satriculam
1086 3349 1218 3393 vero
1259 3336 1644 3408 aequalitatem
1686 3343 1848 3391 vocat
1891 3347 2020 3408 quae
2074 3334 2134 3390 in
2189 3333 2534 3393 animalibus
2565 3340 2890 3407 reperitur;
2939 3334 3371 3408 substantialem,
3405 3350 3531 3408 quae
3560 3335 3623 3408 in

240 3406 710 3464 substantialihus
740 3410 841 3474 (sic
864 3417 1022 3464 vocat
1053 3421 1177 3478 quae
1206 3405 1488 3465 sunt—sine
1519 3422 1692 3464 sensu
1726 3415 1779 3462 et
1812 3405 1990 3471 motu)
2026 3422 2040 3465 ;
2073 3407 2407 3471 naturalem,
2442 3423 2564 3478 qua:
2626 3405 2680 3463 in
2734 3406 3091 3478 naturalibus
3151 3406 3268 3476 (illa
3332 3405 3620 3478 intelligit,

239 3493 364 3550 quae
389 3478 845 3550 qualemcunque
877 3476 1184 3536 metiouem
1217 3479 1429 3535 bibent
1461 3496 1478 3550 ;
1509 3489 1713 3550 natura
1750 3478 1900 3533 enim
1933 3484 2018 3533 est
2047 3478 2407 3550 principium
2447 3476 2633 3534 motus
2666 3487 2720 3535 et
2777 3477 3005 3549 quietis)
3042 3494 3057 3544 ;
3119 3478 3500 3550 voluntariam.
3561 3476 3622 3532 in

239 3523 1966 3621 a;33;“;ei'u.nzr;er;sﬁ21.3.mutilus:Regule;
1996 3563 2009 3603 :
2036 3523 3430 3621 ij‘st‘i'ua'éB‘En"esiﬁvuée'da'ﬁi’équ'aiita'i'ofnnlf
3453 3523 3622 3619 pen;

242 3618 425 3692 genus
455 3620 797 3692 aequalitatis
829 3622 990 3676 habet
1019 3621 1171 3693 Deus
1199 3618 1569 3693 anticipatuin
1604 3618 1661 3677 iu
1696 3634 1752 3678 se
1775 3621 1899 3690 ipso
1925 3618 2284 3691 simpliciter,
2323 3618 2618 3693 tanquam'
2647 3623 2704 3679 in
2752 3622 2897 3678 ideis
2925 3618 2982 3676 et
3009 3618 3429 3691 exemplaribus
3458 3618 3623 3675 teter-

241 3694 454 3764 nisque
482 3693 600 3750 suis
632 3693 989 3750 notionibus.
1023 3692 1103 3749 Ita
1131 3702 1363 3752 sanctus
1384 3692 1694 3751 Maximus.

1291 3888 1817 3953 PARAPHRASIS
1874 3888 2378 3952 PACHYMERIE
2422 3889 2572 3971 (45).

321 4000 349 4072 §
397 3997 441 4059 1.
502 3995 719 4065 Ἐπειδὴ
782 3998 870 4053 ναὶ
900 3998 965 4055 τὰ
1014 3998 1336 4074 προκείμενα
1388 4001 1625 4074 ὀνόματα
1669 3998 1721 4055 ἐν
1769 4000 1896 4061 ταῖς

2062 3998 2090 4076 §
2122 4000 2148 4060 Ι
2180 3994 2325 4060 Cum
2354 4001 2657 4077 proposita
2683 4014 2917 4077 quoque
2944 3996 3187 4058 nomina
3209 3995 3271 4059 in
3300 3994 3630 4076 Scripturis

242 4090 481 4166 Γραφαῖς
542 4086 905 4166 Epapho-rut“
970 4088 1162 4166 μέγας,
1196 4090 1269 4152 ὡς
1328 4090 1409 4145 τό’
1480 4089 1660 4166 Μέγας
1706 4089 1734 4145 ὀ
1798 4089 1899 4146 Κύ-

1994 4088 2317 4147 aﬂ‘erantur
2349 4104 2363 4149 :
2397 4086 2824 4166 Magnusjuxta
2846 4086 3013 4161 illud,
3036 4088 3301 4167 Magnus
3330 4085 3630 4149 Dominus

245 4197 357 4255 ριος
433 4178 609 4252 ἡμῶν,
676 4178 763 4231 καί
833 4176 1045 4254 μεγάλη
1124 4179 1158 4245 ἡ
1232 4180 1389 4257 ἰσχὺς
1455 4180 1636 4236 αὺτοῦ·
1723 4180 1899 4256 μικρὸς

1994 4182 2290 4250 noster,el
2312 4193 2536 4256 magna
2551 4176 2745 4238 virtus
2766 4178 2944 4254 ejus°.
2980 4176 3387 4249 Parvus,sicut
3414 4176 3475 4235 in
3505 4182 3630 4234 ter-

246 4266 320 4328 ὣς
366 4264 422 4318 ὲν
450 4270 517 4340 τῇ
574 4265 722 4343 τρίτῃ
755 4266 860 4321 τῶν
915 4264 1240 4345 Βασιλειῶν,
1272 4267 1437 4335 Φωνὴ
1469 4264 1625 4344 αὔρας
1683 4264 1908 4340 lentis,

248 4355 413 4410 κάκεῖ
460 4356 672 4432 Κύριοςο
732 4357 946 4435 taurea,
1008 4357 1081 4418 ὡς
1124 4362 1209 4431 τὸ,
1260 4355 1404 4433 Ἐγώ
1472 4358 1604 4437 εἶμι²
1666 4357 1754 4412 καὶ
1812 4357 1904 4412 οὐκ

245 4442 569 4518 ἠλλοίωμαι·
616 4442 818 4523 ἔτερος,
866 4442 953 4500 ὅτε
1012 4444 1189 4509 ἄλλως
1249 4448 1337 4502 καὶ
1395 4444 1571 4509 ἄλλως
1630 4446 1774 4524 παρὰ
1831 4450 1907 4519 τῷ

250 4532 507 4604 Ἰεζεκιὴλ
563 4534 823 4614 φαίνεταιο
861 4533 1075 4609 ὅμοιος,
1110 4533 1197 4590 ὅτε
1256 4534 1373 4591 καθ’
1428 4535 1723 4610 ὁμοιότητα
1776 4533 1908 4591 ἰδίαν

248 4621 600 4701 δημιουργεῖν
649 4626 742 4680 τὸν
795 4622 1075 4696 ἄνθρωπον
1148 4623 1384 4702 λέγεται³
1447 4625 1719 4700 ἀνόμοιος*
1782 4624 1907 4679 ὅταν

245 4712 385 4790 λέγῃ
455 4713 509 4769 ἐν
570 4704 790 4787 Ἠσαίᾳ,
847 4714 955 4773 Τίνι
1033 4712 1101 4788 μὲ
1157 4714 1521 4791 ὡμοιώσατε;
1593 4714 1686 4769 ἅτε
1743 4710 1907 4789 μηδὲν

246 4802 398 4881 ἔχων
442 4802 652 4875 ὅμοιον
716 4804 1020 4884 ἐστὼςμῖτε
1082 4803 1229 4881 λέγει
1291 4804 1423 4883 πρὸς
1475 4806 1728 4872 Μωϋτῆν·
1792 4797 1913 4858 Ὧδε

244 4893 361 4969 ἑγὼ
416 4890 623 4959 ἕστηκα
670 4894 768 4971 πρὸ
798 4900 889 4949 τοῦ
934 4916 990 4950 σε
1041 4892 1182 4950 ἔχετ’
1230 4895 1553 4968 καθήμενος,
1590 4894 1664 4956 ὡς
1719 4894 1745 4947 ὁ
1804 4900 1911 4947 Βα-

248 4982 413 5061 ροὺχ,
467 4980 590 5038 ὅταν
650 4981 812 5061 λέγῃ,
894 4984 967 5038 Σὺ
1050 4985 1355 5058 καθήμενος
1429 4984 1500 5047 εἷς
1568 4984 1660 5038 τὸν
1726 4983 1910 5038 αἰῶνα’

251 5092 342 5127 και
423 5069 691 5151 ἀλλαχοῦ.
770 5071 829 5130 Ὀ
912 5074 1213 5147 καθήμενος
1300 5071 1385 5129 ἐπὶ
1470 5077 1576 5129 τῶν
1657 5073 1916 5152 χερουόἷμ

253 5159 544 5240 ἒμφάντιοι.
637 5161 975 5241 κινούμενος,
1035 5164 1109 5225 ὡς
1164 5164 1251 5234 τὸ,
1316 5160 1516 5229 Ἐπεϐη
1576 5160 1661 5218 ἐπὶ
1730 5183 1894 5241 χερου

1996 4266 2369 4344 tioBegnum:
2390 4265 2907 4327 Voxauraetemu‘s
2919 4275 2974 4327 el
2991 4263 3623 4335 ibiDominusdeem,

1990 4353 2157 4433 juxta
2182 4352 2348 4416 illud:
2377 4352 2512 4432 Ego
2528 4370 2661 4414 sum
2685 4360 2745 4416 et
2763 4372 2888 4416 non
2903 4364 3151 4417 mutem.
3184 4354 3365 4427 Alius,
3393 4354 3629 4430 quando

1989 4444 2157 4505 aliter
2181 4452 2354 4524 atque
2380 4443 2551 4503 aliter
2570 4453 2819 4524 apparet
2840 4444 2994 4523 apud
3021 4444 3421 4506 Ezechielem.
3458 4443 3629 4505 Simi-

1990 4533 2328 4612 lis,quando
2355 4533 2660 4595 hominem
2678 4532 2748 4594 ad
2772 4552 2938 4595 suam
2960 4533 3418 4595 similitudinem
3435 4550 3637 4595 creare

1990 4622 2254 4685 diciturr.
2296 4622 2894 4703 Dissimilis,quando
2917 4622 3061 4686 dicit
3086 4624 3144 4684 in
3170 4623 3318 4685 Isaia
3354 4644 3369 4688 :
3404 4622 3523 4684 Cui
3547 4641 3638 4683 me

1997 4712 2410 4774 aasimilaslis'
2443 4711 2467 4772 ἲ
2509 4710 2582 4774 Ut
2610 4712 2713 4793 qui
2766 4712 2912 4772 nihil
2942 4711 3157 4774 habeat
3185 4713 3401 4775 simile,
3436 4712 3631 4788 Stans,

1998 4800 2237 4881 quando
2263 4800 2429 4865 aitad
2446 4802 2706 4881 Moysem
2744 4819 2757 4861 :
2792 4799 2899 4863 llic
2926 4821 3032 4880 ego
3056 4801 3542 4882 steti,antequam
3576 4810 3635 4862 tu

1999 4909 2165 4953 esses
2189 4890 2332 4952 illic.
2367 4892 2619 4970 Sedens,
2647 4897 2817 4969 juxta
2865 4893 3121 4968 Baruch,
3153 4911 3287 4954 cum
3318 4892 3463 4954 dicit
3494 4911 3508 4952 :
3551 4891 3633 4954 Tu

1997 4981 2168 5041 sedes
2192 4982 2256 5041 in
2279 4985 2717 5059 sempiternum
2739 4982 2777 5055 ί,
2809 4989 2868 5042 et
2889 4980 3028 5042 alibi
3057 4998 3071 5044 :
3135 4982 3251 5057 Qui
3271 4982 3439 5043 sedes
3458 4998 3638 5061 super

1999 5068 2316 5132 cherubim
2337 5081 2599 5148 appara“
2630 5071 2862 5131 .Motus.
2867 5071 3033 5151 juxta
3055 5070 3519 5134 illudzAscendit
3541 5088 3638 5132 su-

1996 5176 2110 5238 per
2139 5157 2449 5221 cherubim
2478 5171 2524 5219 '.
2563 5159 2708 5221 Cum
2736 5159 2935 5236 itaque
2959 5162 3082 5223 haec
3106 5162 3163 5222 in
3198 5160 3523 5241 Scripturis
3563 5159 3637 5220 de

257 5246 380 5323 ϐἱμ.
444 5246 670 5326 Ἐπειδρ.
702 5259 820 5327 γοῦκ
874 5258 1039 5307 ταῦτα
1071 5250 1124 5306 ἐν
1182 5264 1303 5314 ταῖς
1349 5257 1584 5331 Γραφαῖς
1616 5253 1731 5330 περὶ
1788 5257 1899 5307 Θεοί

2002 5246 2128 5309 Deo
2156 5248 2850 5329 reperiantur,agedum,
2874 5257 3048 5313 etiam
3074 5249 3407 5313 istiusmodi
3437 5247 3636 5309 divina

256 5336 613 5415 εὒρίσκονται,
673 5335 769 5416 ἄγε
826 5336 891 5407 δὴ
964 5342 1050 5396 καὶ
1121 5341 1219 5403 τὰς
1278 5341 1528 5405 τοιαύτας
1597 5340 1899 5416 θεωνομίςπις1

2002 5337 2268 5419 nomina,
2296 5342 2495 5419 quoad
2518 5340 2678 5415 licet,
2705 5340 2838 5404 49!
2872 5339 3372 5420 contemplemur.
3405 5337 3633 5401 Dictio-

341 5495 551 5579 °APsal.
583 5513 776 5579 CXLVI,
813 5498 871 5561 5.
957 5497 1091 5562 r111
1125 5497 1268 5579 Reg.
1297 5517 1424 5576 χιχ,
1457 5502 1557 5562 12.
1642 5513 1670 5556 σι
1700 5501 1949 5563 Malach.
1986 5515 2072 5577 in,
2101 5500 2161 5564 6.
2248 5501 2509 5565 'Geues.
2543 5517 2585 5577 ι,
2617 5497 2825 5565 26.27.
2910 5517 2933 5545 ι
2962 5500 3099 5564 lsai.
3134 5514 3289 5573 xLVt,
3320 5498 3383 5575 5,
3471 5500 3488 5532 ι
3514 5496 3633 5560 Ba-

254 5576 433 5639 ruch.
470 5594 563 5653 nt,
597 5578 657 5644 3.
745 5590 773 5622 ιι
800 5579 948 5643 Dan.
985 5597 1070 5661 tu,
1107 5576 1237 5642 55f
1294 5590 1320 5621 '
1357 5580 1510 5642 Psal.
1545 5599 1680 5656 xvu,
1721 5584 1811 5643 11.

337 5709 457 5789 (45)
496 5710 642 5775 Vide
683 5712 827 5777 Sch.
915 5713 972 5778 S.
1012 5713 1251 5778 Maxim.
1285 5720 1429 5778 tom.
1455 5712 1527 5796 II,
1558 5731 1691 5794 cap.
1726 5714 1763 5779 9
1794 5715 1879 5778 De
1906 5716 2100 5778 divin.
2134 5713 2369 5777 nomtn.

2910 5517 2933 5545 ι
2962 5500 3099 5564 lsai.
3134 5514 3289 5573 xm,
3320 5498 3383 5575 5,
