4050 6212
317 323 432 398 925

795 330 896 397 DE
940 332 1241 400 DIVINIS
1279 330 1729 417 NOMINIBUS,
1776 338 1941 403 CAP.
1989 339 2098 403 IX.
2144 368 2223 384 —-
2261 333 2652 399 PARAPHR.
2696 325 3212 399 PAGHYMERIE.

3575 320 3694 398 926

397 464 554 550 §III.
588 467 789 549 Μικρὸν
845 465 902 526 δὲ
953 467 1113 527 πάλιν
1168 466 1405 549 λέγεται,
1455 472 1531 535 ὡς
1587 470 1768 532 οὐδένα
1812 475 1970 553 ὄγκον

2134 468 2289 556 sill.
2329 474 2579 535 Parvum
2630 488 2852 533 rursus
2889 470 3127 546 dicitur,
3172 477 3237 534 ut
3277 467 3437 550 quod
3469 466 3691 531 nullam

313 559 349 629 ἢ
382 558 653 634 διάστημα
704 560 951 637 πεφυκὼς
982 556 1241 633 δέξασθαι,
1302 557 1424 616 ἀλλ’
1486 561 1617 640 ὑπὲρ
1645 570 1808 621 ταῦτα
1840 565 1914 623 ὥν
1948 585 1964 602 ⁶

312 651 402 707 καὶ
454 647 655 727 ἄλλως,
713 646 844 705 διότι
904 648 986 706 διὰ
1041 671 1254 707 παντων
1313 648 1601 713 ἀκωλύτως
1658 667 1858 733 χωρεῖ,
1898 655 1968 714 Τό

310 741 413 818 γὰρ
467 740 688 816 σμικρὸν
746 736 1180 818 ἀρχοειδέστερόν
1239 740 1350 796 ἐστι
1417 740 1649 797 πάντωνι
1712 747 1841 802 καθὸ
1908 745 1968 803 ἐκ

309 828 405 887 τοῦ
432 834 620 908 μικροῦ
650 830 781 906 πρὸς
810 830 873 885 τὸ
924 830 1116 903 μεῖζον
1172 830 1378 908 πρόεισι
1440 830 1609 887 πάντᾶ
1666 832 1732 888 τὰ
1788 833 1843 891 ἒν
1899 840 1968 913 τῇ

313 918 554 998 ἀῦξήσει,
582 918 671 975 καὶ
697 916 857 974 πάλιν
899 918 959 975 ἐκ
1018 924 1256 993 μείζονος
1300 921 1432 998 πρὸς
1488 922 1548 976 τὸ
1597 924 1787 1001 μικρὸν
1829 947 1966 981 κατ-

312 1015 446 1081 αντᾷ
499 1006 565 1064 τοὶ
623 1008 678 1063 ἐν
726 1008 794 1083 τῇ
853 1009 1093 1082 μειώσει,
1159 1016 1445 1089 Στοιχεϊον
1501 1007 1553 1067 δὲ
1615 1010 1779 1092 ἔστιν,
1827 1012 1877 1079 ἒξ
1909 1016 1969 1071 οὗ

312 1103 401 1156 καὶ
458 1098 756 1156 συνίσταταί
784 1120 859 1169 τι,
919 1099 1005 1154 καὶ
1063 1100 1135 1160 εἷς
1193 1097 1222 1154 ὅ
1252 1098 1555 1162 ἀναλύεται.
1610 1099 1700 1159 ’Ἦ
1732 1110 1855 1180 γοῦν
1884 1103 1968 1162 διὰ

312 1197 470 1245 τοῦτο
556 1189 960 1267 στοίχειωτικὸν
1011 1187 1123 1245 ἐστι
1194 1190 1255 1245 τὸ
1330 1192 1577 1270 σμικρὸν,
1657 1191 1693 1260 ἢ
1751 1191 1830 1249 ὅτι
1882 1193 1970 1249 καὶ

313 1278 371 1334 ὲν
401 1283 481 1351 τῷ
536 1281 737 1353 μείζονι
798 1278 860 1332 τὸ
916 1279 1105 1353 μικρὸν
1173 1282 1479 1356 θεωροῐται,
1534 1280 1588 1335 ἐν
1656 1280 1711 1336 δὲ
1765 1290 1842 1357 τῷ
1872 1305 1968 1358 μι-

313 1374 426 1446 κρῷ
494 1370 555 1424 τὸ
613 1374 799 1441 μεῖζον
857 1364 934 1425 0'3.
996 1364 1090 1433 Ὠς
1151 1377 1279 1446 γοῦν
1335 1369 1388 1424 ἐν
1473 1371 1548 1431 τῶ
1623 1371 1847 1445 συνθέτῳ
1904 1372 1970 1429 τὰ

313 1460 456 1515 ἁπλὶ
500 1459 864 1537 ἐμφαίνονται,
917 1457 971 1513 ἐν
1028 1454 1083 1512 δὲ
1130 1472 1249 1521 τοῖς
1308 1457 1503 1522 ἁπλοῖς
1536 1459 1711 1519 οὐκέτι
1747 1463 1808 1518 τὸ
1839 1462 1967 1519 σύν-

311 1553 486 1622 θετονς
518 1548 606 1603 καὶ
657 1545 710 1602 ἐν
771 1560 892 1610 ταῖς
955 1545 1238 1611 συλλαϐαίς
1295 1546 1541 1615 δηλονότι
1588 1551 1653 1611 τὲ
1686 1552 1958 1631 στοιχεῖα,

313 1638 374 1694 οὔ
404 1640 512 1713 μὴν
561 1637 615 1693 ἐν
672 1650 788 1699 τοϊς
861 1636 1153 1716 στοιχείοις
1235 1640 1286 1695 αἱ
1371 1637 1629 1697 συλλαϐαί
1681 1658 1697 1676 ⁸
1801 1640 1965 1705 οὕτως

312 1730 537 1785 ἓνταυθα
592 1727 651 1782 τὸ
707 1726 896 1804 μικρὸν
953 1728 1369 1805 στοιχειωτικὸν
1413 1727 1651 1809 λέγεται,
1700 1729 1781 1786 ὅτι
1841 1729 1967 1787 αὖτὸ

2050 564 2268 627 molem
2297 561 2387 624 vel
2412 561 2755 625 distantiam
2782 560 3090 642 suscipere
3134 560 3344 642 possit,
3377 558 3483 622 sed
3515 575 3697 641 supra

2049 655 2175 716 haec
2220 652 2462 733 existatj;
2495 660 2552 713 et
2597 651 2791 725 aliter,
2827 651 2969 728 quia
2997 652 3224 733 absque
3265 650 3694 731 impedimento

2048 750 2262 805 cuncta
2284 749 2574 824 penetrat.
2635 744 2888 805 Parvum
2949 741 3135 815 enim,
3188 739 3546 821 principium
3607 745 3698 801 est

2049 833 2316 895 omnium
2344 850 2361 908 ;
2395 831 2677 911 quoniam
2705 833 2903 894 omnia
2954 850 3084 912 quae
3133 832 3571 894 incrementum
3601 847 3697 891 su-

2049 932 2237 998 munt,
2275 941 2343 984 ex
2379 940 2551 1002 parvo
2584 924 2641 983 in
2677 941 2953 1002 magnum
2984 922 3263 995 evadunt,
3286 930 3344 984 et
3365 938 3604 982 rursum
3636 920 3697 982 in

2050 1015 2458 1086 decrementa,
2487 1030 2557 1073 ex
2591 1013 2798 1092 majori
2823 1013 2897 1075 ad
2931 1013 2990 1075 id
3023 1013 3177 1094 quod
3205 1012 3402 1075 minus
3437 1019 3528 1075 est
3557 1009 3697 1071 red-

2050 1112 2211 1165 eunt.
2237 1102 2611 1164 Elementum
2642 1111 2835 1163 autem
2876 1111 2966 1164 est
2991 1103 3078 1177 id,
3113 1121 3181 1164 ex
3210 1121 3324 1183 quo
3370 1101 3548 1163 etiam
3578 1099 3695 1162 ali-

2053 1193 2192 1275 quid
2215 1192 2613 1271 componitur,
2638 1201 2695 1252 et
2716 1190 2777 1253 id
2800 1192 2955 1273 quod
2989 1190 3447 1255 resolvitur.Vel
3473 1189 3696 1252 idcirco

2052 1282 2235 1361 igitur
2266 1280 2442 1343 etiam
2474 1300 2720 1362 parvum
2751 1290 2842 1345 est
2888 1282 3280 1357 elementare,
3335 1281 3425 1343 vel
3466 1280 3606 1362 quia
3636 1280 3698 1341 in

2055 1370 2269 1451 majori
2292 1389 2534 1451 parvum
2568 1371 3002 1448 consideratur,
3039 1392 3158 1434 non
3181 1382 3380 1434 autem
3419 1387 3698 1447 magnum

2051 1461 2111 1523 in
2137 1479 2314 1542 parvo
2363 1459 2528 1522 Sicut
2557 1480 2696 1539 ergo
2721 1462 2783 1524 in
2836 1462 3166 1542 composito
3194 1460 3488 1542 simplicia
3518 1476 3702 1540 appa-

2052 1563 2188 1613 rent
2246 1568 2364 1611 non
2393 1558 2590 1613 autem
2616 1550 2677 1612 in
2708 1552 3084 1632 simplicibus
3105 1552 3608 1633 compositum,'.et
3636 1548 3699 1611 in

2049 1640 2289 1722 syllabis
2320 1658 2375 1703 ν.
2408 1659 2467 1719 g.
2502 1640 2824 1720 elementa,
2852 1660 2975 1704 non
3022 1660 3159 1704 vero
3204 1640 3447 1722 syllabas
3476 1641 3541 1701 in
3568 1638 3699 1702 ele-

2053 1730 2270 1793 mentis
2302 1730 2419 1802 ;ita
2451 1729 2573 1810 hic,
2602 1747 2846 1811 parvum
2878 1730 2937 1794 id
2991 1733 3147 1812 quod
3201 1731 3569 1795 elementare
3612 1734 3707 1793 est

314 1818 413 1891 μὲν
467 1819 526 1872 ἒν
568 1816 644 1890 τῷ
673 1816 870 1903 μείζονι
928 1815 1261 1896 ἐμφαίνεται,
1296 1819 1356 1874 ob
1404 1821 1514 1893 μὴν
1542 1816 1599 1875 δέ
1628 1821 1715 1877 καὶ
1744 1820 1804 1876 τὸ
1832 1819 1967 1876 ἂνά-

2056 1820 2292 1895 dicitur,
2323 1821 2602 1901 quoniam
2634 1818 2830 1901 ipsum
2851 1820 3096 1901 quidem
3117 1821 3176 1884 in
3194 1821 3409 1903 majori
3433 1827 3703 1903 apparet,

314 1905 500 1965 παλιν.
564 1903 712 1962 Οὕτω
764 1902 978 1983 λέγεται
1010 1906 1104 1962 καὶ
1158 1905 1249 1962 ἐπὶ
1279 1913 1409 1964 Θεοῦ
1440 1908 1502 1964 τὸ
1535 1907 1750 1989 μίκρὸν,
1785 1907 1852 1965 δι’
1897 1912 1973 1965 ὧν

312 1998 519 2063 τίθησιν
566 1992 936 2052 ἂποστολικῶν
981 1994 1261 2072 ῥημᾶτων,
1299 1994 1352 2062 ἐξ
1406 1997 1480 2054 ὧν
1525 1998 1587 2054 τὸ
1644 1996 1972 2077 ὓπεροξόπο-

316 2109 408 2166 ρον
447 2090 546 2153 τῆς
576 2092 668 2142 τοῦ
730 2092 859 2142 Θεοῦ
914 2086 1003 2142 καὶ
1057 2087 1143 2143 ἐπὶ
1193 2087 1261 2143 τὰ
1301 2087 1561 2163 ἀσώματα
1588 2090 1838 2169 χρήσεως
1868 2088 1972 2157 δη-

315 2177 533 2235 λοῦταί.
606 2177 678 2233 Τὸ
733 2175 833 2254 γὰρ
886 2172 1198 2233 διικνεῖσθαι
1259 2177 1351 2233 τὸν
1400 2185 1529 2235 Θεον
1561 2177 1687 2257 ἄχρι
1708 2181 1797 2236 καὶ
1828 2201 1974 2257 μερι-

311 2274 454 2343 σμοῦ
482 2269 664 2346 ψδχῆς
713 2266 802 2322 καὶ
855 2265 1157 2339 πνεύματος
1205 2266 1506 2345 ἀποφαίνει,
1561 2267 1645 2324 ὅτι
1703 2269 1791 2324 καί
1846 2269 1973 2325 αὐτὸ

310 2360 375 2413 τὸ
433 2354 718 2429 ἀσώματον
765 2357 861 2422 τῆς
917 2359 1098 2431 ψυχῆς
1157 2356 1246 2411 καὶ
1297 2353 1521 2420 ἐνοειδὲς
1575 2358 1677 2416 ῦπὸ
1723 2364 1816 2415 τοῦ
1844 2364 1974 2414 Θεοῦ

312 2445 631 2523 διαιρεῖσθαι
687 2441 920 2504 δύναται,
988 2446 1080 2499 Διὸ
1131 2446 1216 2500 καὶ
1258 2446 1350 2508 τὰς
1404 2445 1606 2509 ἐννοίας
1656 2449 1684 2502 ὁ
1716 2448 1846 2512 Θεὸς
1890 2460 1971 2504 οῖ,

312 2534 425 2614 δεν,
460 2534 651 2610 μεταξὺ
682 2534 781 2613 γὰρ
810 2539 897 2590 νοῦ
924 2532 1018 2589 καὶ
1050 2535 1284 2603 νοήσεως
1320 2538 1345 2591 ὃ
1405 2536 1533 2599 Θεὸς
1584 2538 1786 2616 χωρεῖ,
1845 2538 1973 2593 καθὸ

313 2626 532 2702 εἴρηται
568 2643 581 2659 ο
617 2624 689 2679 Σὺ
737 2622 901 2700 ἔγνως
953 2625 1073 2686 τοὺς
1127 2622 1506 2703 διαλογισμούς
1567 2648 1670 2699 μου
1726 2624 1831 2682 ἄπὸ
1864 2647 1971 2700 μα·

312 2718 522 2787 κρόθεν,
573 2712 710 2769 ἀλλὰ
754 2714 838 2768 καὶ
884 2711 1077 2788 μεταξὺ
1123 2713 1307 2792 ψυχῆς
1351 2715 1438 2770 καὶ
1495 2716 1822 2791 πνεόματος,
1853 2717 1974 2790 ἒνῷ

312 2804 382 2872 δὴ
438 2804 696 2878 πτεύματι
753 2803 847 2864 τὰς
895 2803 1163 2873 αἰσθήσεις
1224 2802 1681 2882 ἐπεστηριγμὲνας
1740 2807 1969 2884 ἔχομεν,

314 2892 385 2951 δι’
441 2897 500 2951 οὔ
548 2894 636 2948 καὶ
686 2891 963 2958 αἰσθητοῖς
1013 2893 1047 2959 ἡ
1080 2892 1235 2971 ψυχὴ
1280 2882 1737 2971 προσϐάλλειααὶ
1776 2882 1838 2950 τὸ
1867 2892 1976 2952 δια-

312 2984 563 3050 νοητικὸν
609 2987 715 3038 τῶν
769 2980 1009 3055 σκέψεων
1068 2979 1294 3060 ἔχομεν.
1356 2990 1522 3040 Τοῦτο
1552 2981 1607 3038 δὲ
1640 2983 1702 3039 τὸ
1736 2982 1972 3068 πνεῦμα,

315 3073 563 3151 δύναμιν,
624 3076 711 3128 καὶ
753 3072 909 3129 οἱονεὶ
963 3067 1206 3148 δεύτέραν
1269 3072 1457 3152 ψυχὴν
1515 3074 1856 3147 αἰσθητικὴν,
1930 3067 1978 3131 οἱ

2056 1928 2176 1971 non
2197 1916 2391 1972 autem
2427 1927 2460 1969 e
2485 1907 2817 1974 contra.Sic
2847 1909 3064 1972 dicitur
3094 1910 3272 1973 etiam
3305 1914 3380 1972 de
3407 1909 3528 1974 Deo
3561 1927 3704 1991 par-

2054 2016 2215 2081 vum,
2248 2005 2492 2079 propter
2515 1997 2671 2078 quod
2691 1997 3020 2078 apostolica
3047 1999 3226 2063 verba
3253 1999 3459 2081 refert,
3489 1997 3708 2081 quibus

2056 2087 2504 2151 demonstratur
2523 2086 2805 2150 velocitas
2829 2107 3175 2170 progressus
3223 2091 3331 2154 Dei
3361 2089 3434 2152 ad
3478 2106 3579 2152 res
3606 2089 3707 2150 in-

2056 2195 2400 2259 corporeas.
2432 2174 2599 2248 Quod
2633 2176 2794 2239 enim
2829 2179 3125 2258 pertingat
3150 2197 3338 2261 usque
3363 2178 3437 2242 ad
3467 2177 3719 2241 divisio-_

2057 2285 2193 2329 nem
2214 2266 2425 2329 animae
2454 2275 2512 2328 et
2551 2266 2797 2347 spiritus
2830 2267 3093 2330 declarat
3122 2270 3311 2346 ipsam
3336 2286 3578 2351 quoque
3608 2268 3709 2331 in-

2056 2356 2509 2436 corporeitatem
2535 2366 2593 2417 et
2642 2355 3108 2419 uniformitatem
3140 2363 3353 2420 animae
3383 2376 3417 2420 a
3436 2357 3560 2420 Deo
3605 2355 3705 2419 di-

2056 2444 2177 2507 vidi
2201 2463 2399 2527 posse.
2425 2443 2598 2508 Unde
2628 2447 2782 2507 Deus
2808 2465 3045 2528 quoque
3076 2446 3462 2527 cogitationes
3488 2445 3711 2507 intelli-

2056 2535 2160 2615 git,
2195 2535 2473 2615 quoniam
2509 2534 2665 2597 Deus
2696 2535 2872 2596 etiam
2898 2553 3088 2617 usque
3115 2536 3188 2598 ad
3222 2536 3594 2599 intellectum
3648 2542 3709 2598 et

2054 2624 2528 2696 intellectionem
2559 2625 2747 2704 ipsam
2775 2634 3068 2706 penetrat,
3103 2625 3257 2688 sicut
3303 2626 3525 2688 dictum
3563 2633 3655 2688 est
3686 2643 3703 2685 :

2063 2714 2148 2777 Tu
2169 2712 2536 2776 intellexisti
2557 2714 2958 2792 cogitationes
2990 2732 3156 2778 meas
3183 2715 3258 2778 de
3286 2714 3504 2798 longe,
3537 2714 3706 2795 ;quin

2057 2811 2116 2865 et
2138 2803 2296 2867 inter
2324 2803 2580 2864 animam
2606 2811 2663 2864 et
2692 2802 2994 2884 spiritum,
3031 2807 3091 2866 in
3117 2823 3235 2886 quo
3260 2804 3546 2866 nimirum
3580 2803 3710 2883 spi-

2058 2893 2176 2955 ritu
2207 2911 2420 2955 sensus
2451 2892 2745 2955 habemus
2800 2892 3119 2975 stabilitos,
3166 2913 3272 2972 per
3303 2914 3480 2976 quem
3527 2892 3709 2956 etiam

2059 2984 2257 3045 anima
2287 2981 2613 3044 sensilibus
2643 2982 2922 3064 intendit,
2950 2992 3010 3046 et
3038 2983 3155 3046 vim
3180 2984 3469 3047 habemus
3494 2982 3713 3046 intelli-

2058 3072 2237 3153 gendi
2260 3072 2905 3153 speculationes.Hunc
2933 3083 3132 3139 autem
3165 3074 3436 3156 spiritum
3459 3072 3713 3153 gentiles

315 3161 447 3242 παρ’
479 3160 722 3229 ’Ἕλλησι
782 3159 998 3217 καλοῦσί
1055 3160 1232 3239 σοφοί.
1289 3160 1355 3219 Ἦ
1386 3168 1474 3219 οῦν
1532 3164 1817 3233 αἰσθητικὴ
1845 3162 1972 3230 αὕτη

2063 3167 2364 3244 sapientes
2393 3170 2606 3224 vocant
2635 3161 3011 3241 facultatem,
3066 3171 3127 3225 et
3156 3163 3336 3227 veluti
3387 3162 3712 3225 secundam

319 3252 479 3333 ψυχὴ
509 3251 600 3309 ἐστ
613 3272 658 3308 ιν
710 3251 744 3318 ἡ
777 3250 939 3329 μέχρι
999 3247 1209 3323 μύελῶν
1263 3251 1352 3306 καὶ
1406 3247 1614 3330 φλεϐῶν
1670 3253 1759 3308 καὶ
1807 3252 1972 3330 ἀρτη-

2063 3253 2323 3314 animam
2355 3251 2697 3313 sensitivam
2729 3253 2963 3316 animai.
2998 3257 3151 3333 Ergo
3194 3253 3394 3315 anima
3424 3253 3551 3315 haec
3579 3269 3717 3314 sen-

318 3342 482 3419 ptébwa
498 3345 595 3398 καὶ
653 3340 879 3417 ὀστέων,
911 3340 1000 3395 καὶ
1057 3345 1149 3395 τοῦ
1206 3336 1333 3395 ὅλου
1392 3341 1639 3413 σῶματος
1690 3339 1977 3417 διικνοῦσα,

318 3431 392 3490 δι’
446 3432 521 3487 ὦν
550 3429 798 3486 ἁπάντων
858 3427 1136 3485 διικνεῖται
1167 3430 1195 3485 ὁ
1227 3430 1355 3494 Θεὸς
1388 3427 1700 3511 ἆκωλΰτως,
1732 3439 1853 3496 τοῦς
1884 3433 1981 3507 μὲν

318 3520 493 3587 διδοὸς
518 3522 787 3593 σὺστασιν,
819 3531 937 3583 τοῖς
987 3515 1043 3574 δὲ
1072 3515 1398 3599 ἐμϐατεύων,
1454 3520 1527 3577 ὡς
1564 3518 1826 3595 μηδεμίαν
1859 3521 1978 3577 κτί-

319 3635 431 3683 σιν,
464 3609 637 3687 ἁφανῆ
667 3621 806 3665 εῖναι
845 3608 1070 3664 ἐνώπιον
1101 3606 1279 3666 αὖτοῦ.
1310 3609 1621 3682 Σημείωσαι
1656 3607 1711 3664 δὲ
1740 3610 1858 3689 περὶ
1888 3611 1979 3666 τοῦ

320 3701 645 3776 πνεύματος,
679 3699 759 3753 ὃτι
791 3695 921 3754 ἃλλο
974 3696 1082 3754 ἐστὶ
1110 3698 1171 3753 τὸ
1222 3695 1509 3775 λεγόμενον
1554 3698 1762 3773 πνεῦμα
1790 3699 1979 3756 ἐνταύ-

319 3795 412 3870 θα,
446 3790 575 3867 ὅπερ
604 3787 776 3868 φαμὲν
804 3787 891 3843 καί
920 3786 1231 3854 αἰσθητικὴν
1288 3787 1499 3866 ψυχὴν,
1545 3789 1633 3844 καὶ
1661 3787 1794 3845 ἀλλο
1830 3788 1980 3846 ’ἐκεῖ-

320 3902 383 3936 νο
414 3880 474 3935 τὸ
504 3885 732 3952 πνεῦμα,
764 3878 882 3955 περὶ
909 3875 971 3931 οὗ
1018 3878 1046 3932 ὁ
1096 3875 1264 3953 μέγας
1297 3874 1500 3942 Παῦλός
1531 3899 1692 3956 gmw
1726 3896 1740 3912 ·
1776 3877 1836 3936 ’0
1871 3883 1977 3954 ψυ-

321 3969 489 4048 χικὸς
575 3964 849 4044 ἄνθρωπος
926 3966 988 4022 οὖ
1061 3963 1278 4044 δέχεται
1356 3966 1422 4023 τὰ
1498 3973 1591 4024 τοῦ
1652 3966 1976 4042 πνεύματος.

322 4060 540 4133 Πνεῦμα
593 4058 692 4135 γὰρ
762 4054 938 4112 ἐκεῖσε
1016 4057 1077 4111 τὸ
1136 4057 1492 4130 πνευματικὸν
1543 4078 1675 4136 φησι
1708 4061 1976 4138 χάρισμα,

319 4150 457 4226 ’ὅπερ
516 4146 576 4203 ἐκ
629 4151 721 4203 τοῦ
774 4146 912 4202 θείου
968 4144 1334 4220 βαπτίσματος
1386 4143 1728 4222 λαμϐάνομεν
1757 4149 1805 4203 οἱ
1853 4170 1981 4205 πισ-

2064 3343 2239 3402 sitiva
2269 3348 2542 3421 penetrat
2573 3358 2764 3422 usque
2792 3341 2863 3402 ad
2891 3341 3202 3414 medullas,
3235 3350 3510 3414 etvenas,
3528 3347 3588 3403 et
3609 3359 3712 3403 ar-

2065 3432 2263 3506 ierias,
2298 3439 2357 3494 et
2405 3448 2562 3510 ossa,
2598 3440 2660 3492 et
2717 3438 2899 3494 totum
2961 3449 3200 3513 corpus,
3270 3433 3346 3494 ad
3366 3430 3532 3515 “493
3579 3448 3713 3511 quae

2064 3521 2266 3582 omnia
2295 3522 2452 3584 Deus
2481 3519 2707 3600 absque
2738 3520 3169 3601 impedimento
3200 3521 3482 3601 pertingit
3527 3539 3545 3594 ;
3577 3519 3714 3583 aliis

2064 3611 2303 3691 quidem
2333 3619 2551 3672 statum
2584 3609 3099 3692 impertiens,aliis
3120 3630 3261 3674 vero
3292 3629 3359 3673 se
3379 3609 3711 3686 insinuans,

2060 3698 2141 3762 ita
2168 3710 2232 3762 ut
2262 3699 2423 3762 nulla
2451 3708 2724 3763 creatura
2754 3700 2829 3762 sit
2849 3702 3081 3763 occulta
3112 3701 3171 3762 in
3203 3707 3524 3781 conspectu
3556 3700 3712 3778 ejus.

2060 3787 2209 3851 Nota
2237 3807 2376 3852 vero
2407 3789 2568 3851 circa
2625 3788 2921 3869 spiritum,
2959 3788 3140 3851 alium
3207 3806 3340 3850 esse
3372 3787 3715 3868 praedictum

2061 3880 2361 3960 spiritum,
2390 3896 2570 3957 quem
2603 3878 2778 3941 etiam
2828 3878 3087 3940 animam
3136 3877 3474 3940 sensitivam
3506 3876 3714 3958 appel-

2063 3968 2279 4041 lamus,
2310 3976 2370 4031 et
2394 3968 2575 4030 alium
2608 3984 2740 4029 esse
2772 3966 2937 4029 illum
2969 3966 3269 4047 spiritum,
3301 3966 3377 4028 de
3420 3986 3539 4049 quo
3591 3983 3715 4027 ma-

2063 4076 2214 4136 gnus
2244 4058 2461 4120 Paulus
2487 4057 2567 4119 ait
2594 4076 2608 4117 :
2639 4058 2685 4117 A
2700 4057 2946 4118 nimalis
2974 4057 3151 4119 homo
3172 4074 3292 4118 non
3313 4060 3558 4136 capitea
3580 4072 3717 4135 qua:

2063 4148 2472 4227 suntspz'ritus
2499 4187 2545 4217 ι.
2580 4145 2872 4227 Spiritum
2906 4145 3067 4208 enim
3114 4144 3197 4208 ibi
3256 4154 3423 4208 vocat
3467 4144 3716 4224 gratiam

326 4239 429 4309 τοὶ,
490 4234 761 4313 καρτερίας
816 4241 1046 4309 πνεῦμα,
1109 4235 1411 4315 ὑπομονῆς,
1473 4235 1797 4314 πραότητος,
1873 4259 1972 4311 μα.

2067 4236 2422 4318 spiritalem,
2454 4254 2634 4316 quam
2668 4235 2879 4297 ﬁdeles
2912 4234 2972 4296 in
3029 4234 3324 4316 baptismo
3368 4234 3719 4315 accipimus,

321 4326 631 4407 χροθύμίας,
680 4325 956 4387 συντονίας
1014 4326 1088 4387 είς
1129 4322 1189 4379 τό
1233 4323 1451 4402 ἀγαθὸν,
1511 4326 1642 4381 καθὸ
1670 4339 1788 4388 τοῖς
1821 4331 1972 4406 ψυχι⁴

2068 4325 2342 4405 spiritum
2368 4322 2762 4397 fortitudinis,
2789 4323 3181 4403 sustinentia},
3216 4322 3718 4397 mansuetudinis,

323 4430 451 4480 κοῖς
481 4417 525 4473 οἳ
558 4414 903 4492 πνευματικοί
944 4413 1293 4492 μωραίνοντες
1360 4414 1655 4494 φαίνονται,
1689 4412 1786 4471 κᾶν
1826 4417 1972 4473 εκεῖ-

2067 4413 2563 4494 longanimitatis,
2603 4412 2955 4474 intentionis
2983 4412 3058 4473 ad
3091 4412 3336 4486 bonum,
3367 4414 3531 4492 juxta
3559 4410 3724 4493 quod

324 4530 411 4565 νοι
441 4527 534 4562 του
587 4505 812 4573 αληθοῦς
855 4502 1204 4583 ἐξέρχωνται,
1237 4502 1411 4567 κᾶθὼς
1468 4505 1557 4560 καὶ
1616 4505 1801 4580 πρὼην
1859 4503 1972 4562 ἐλέ-

2067 4504 2173 4564 viri
2205 4502 2503 4584 spiritales
2549 4499 2895 4582 hominibus
2944 4498 3307 4563 animalibus
3338 4500 3605 4563 insanire
3644 4499 3727 4562 vi-

326 4616 523 4677 γομεν.
2003 4590 2305 4674 "dentur,
2338 4592 2715 4673 quantumvis
2747 4591 2987 4672 ipsimet
3044 4608 3080 4652 a
3112 4590 3360 4655 veritate
3417 4591 3724 4670 aberrent,

2064 4683 2147 4744 uti
2176 4683 2454 4759 superius
2489 4681 2869 4743 dicebamus.

408 4773 560 4853 §IX.
609 4774 789 4830 Πάντα
830 4771 897 4827 τὰ
941 4777 1020 4845 τῷ
1061 4772 1176 4844 Θεῷ
1225 4781 1502 4847 προσεῖναι
1534 4768 1799 4847 λεγόμενα
1828 4773 1972 4852 ὑπερ.

2143 4770 2299 4852 διν.
2352 4770 2491 4833 Haec
2553 4770 2754 4832 omnia
2806 4789 2941 4851 quas
2985 4769 3109 4831 Deo
3139 4769 3343 4832 inesse
3374 4768 3530 4830 dicta
3559 4774 3722 4844 sunt,

326 4868 518 4932 ουσίως
574 4863 821 4941 λέγονται
855 4880 870 4898 ⁸
930 4858 1045 4917 ὅθεν
1103 4861 1189 4916 καί
1250 4860 1439 4916 ταυτὸν
1498 4858 1711 4937 λέγεται
1756 4862 1972 4940 ὑπερευ-

2065 4859 3204 4942 suprasubstantialiterdicuntur;unde
3235 4858 3412 4920 etiam
3448 4857 3505 4919 id
3534 4857 3730 4938 ipsum

326 4958 454 5022 σίως
484 4956 565 5011 ὅτι
623 4953 704 5034 ἐφ’
781 4952 967 5008 ἑαυτοῦ
1024 4948 1192 5025 μένει,
1253 4950 1342 5006 καὶ
1384 4949 1521 5005 κατὰ
1574 4949 1640 5004 τὰ
1710 4950 1838 5008 αὐτά
1897 4953 1972 5007 καῖ

2064 4949 2713 5031 suprasubstantialiter
2756 4947 2997 5028 dicitur,
3046 4947 3202 5029 quod
3247 4948 3309 5010 in
3352 4952 3551 5027 seipse
3603 4963 3720 5006 ma-

327 5047 582 5106 ὧσαύτιος
613 5042 728 5123 ἔχει
759 5038 1031 5115 ἱδρυμὲνο)
1062 5038 1115 5095 ἐν
1146 5050 1266 5102 τοῖς
1309 5035 1617 5101 καλλίστοις
1665 5037 1854 5116 πέρασι
1890 5044 1972 5106 τῆς

2067 5050 2227 5120 neat,
2262 5047 2322 5100 et
2344 5039 2678 5101 secundum
2704 5038 2911 5100 eadem
2939 5039 3273 5118 eodemque
3306 5037 3481 5099 modo
3505 5034 3730 5098 stabili-

327 5138 448 5213 περὶ
496 5134 594 5201 τὴν
652 5132 830 5189 οὐσίαν
885 5126 1214 5210 φαινομένης
1274 5126 1621 5193 ταύτότητος.
1663 5124 1757 5184 Ἐκ
1795 5125 1849 5183 δὲ
1879 5134 1972 5185 τῶι

2069 5137 2250 5190 tatem
2283 5128 2499 5190 habeat
2533 5128 2592 5189 in
2628 5126 3046 5207 pulcherrimis
3095 5125 3365 5188 terminis
3394 5126 3552 5187 circa
3572 5123 3723 5185 sub-

328 5224 574 5302 περάτων
629 5221 959 5299 ἐμφαίνεται,
1022 5218 1104 5273 ὸτι
1161 5214 1287 5296 οὒχί
1345 5217 1457 5271 ἐστι
1498 5226 1595 5291 μὲν
1641 5222 1729 5271 νῦν
1770 5216 1972 5298 ταύτὸν,

2069 5218 2350 5279 stantiam
2383 5216 2726 5299 apparentis
2752 5215 3101 5279 identitatis.
3133 5220 3213 5279 Ex
3242 5213 3510 5276 terminis
3525 5219 3723 5302 autem

326 5300 530 5393 πέφυκε
582 5311 638 5369 δὲ
668 5331 797 5369 ποτε
827 5308 1120 5389 ἐκχυθῆναι
1163 5309 1237 5370 εἰς
1297 5306 1586 5385 ἑτερότητα
1618 5320 1632 5335 ⁶
1667 5305 1846 5365 ἐκεῖνο
1888 5309 1972 5388 γὰε

2070 5315 2337 5389 apparet,
2395 5307 2553 5389 quod
2612 5324 2732 5367 non
2762 5306 2865 5393 rsit
2896 5303 3071 5366 modo
3119 5300 3726 5393 quidemqidemtalb

330 5390 653 5482 ἑτεροιοῦται
707 5398 966 5462 πολλάκις
1025 5397 1085 5454 ἐκ
1134 5399 1234 5465 τῆς
1299 5394 1651 5470 ταύτότητος,
1678 5394 1844 5482 ’ὅπερ
1887 5400 1972 5478 οὗ)

2073 5396 2310 5478 quando
2341 5414 2480 5459 vero
2510 5393 2701 5478 possit
2719 5392 2776 5455 id
2795 5393 3156 5482 alteritatem
3188 5390 3725 5473 eﬁ‘undi;quoniam

328 5474 537 5574 ἵδρυται
595 5494 652 5549 ὲν
706 5503 823 5556 τοῖς
875 5490 975 5556 τῆς
1007 5486 1333 5556 ταύτότητος
1396 5485 1639 5564 πέρασιν.
1678 5474 1736 5545 ’0
1765 5474 1823 5543 δὲ
1861 5474 1972 5544 Θεὸς

2074 5474 2135 5548 id
2178 5474 2529 5569 frequenter
2560 5503 2631 5548 ex
2691 5482 3003 5546 identitate
3051 5481 3115 5545 iu
3167 5482 3416 5546 alterum
3466 5486 3727 5544 mutatur

406 5705 434 5751 ι
472 5691 624 5757 Psal.
659 5706 933 5767 cxxxvm,
968 5686 1027 5754 3.
1115 5697 1137 5729 ι
1174 5686 1201 5749 Ι
1235 5686 1370 5763 Cor,
1403 5700 1472 5761 ιι,
1505 5682 1610 5746 14.
