4052 6204
331 339 450 408 929
515 335 520 341 '
799 299 920 410 ’ΒΕ
964 344 1263 409 DIVINIS
1305 344 1752 428 NOMINIBUS,
1798 341 1962 410 CAP.
1997 324 2097 408 IX.
2146 377 2224 388 —
2269 329 2631 410 PARAPHR
2701 345 3210 411 PACHYMER/E.
3579 339 3698 413 930

329 483 422 538 τὸν
463 479 520 537 δὲ
574 482 736 556 θυμὸν
793 485 1008 553 στῆθος,
1041 479 1122 537 ὅτι
1171 481 1260 537 καὶ
1287 481 1346 536 τὸ
1391 483 1609 552 Θυμικὸν
1641 481 1695 536 ὲν
1726 489 1800 556 τῷ
1831 483 1964 552 στή-

2063 485 2203 542 .‘nter
2230 480 2522 542 rationem
2550 491 2607 543 et
2646 481 3245 563 irrationabilitatem,
3279 483 3688 564 intelligentiae

330 575 408 626 θει
467 573 618 649 φασὶν
650 583 812 628 εἶναι·
875 571 974 636 τὴν
1004 568 1056 624 δὲ
1111 570 1385 644 ἐπιθυμίαν
1436 569 1692 647 γαστέρα,
1724 571 1836 626 ἐπεὶ
1890 572 1976 626 καὶ

2063 569 2221 632 enim
2241 571 2520 632 terminos
2544 571 2675 631 sine
2696 571 3150 633 ratiocinatione
3171 573 3352 649 novit;
3377 573 3524 635 iram
3547 592 3690 638 vero

331 661 450 736 περὶ
477 661 576 726 τὴν
625 659 853 736 γαστέρα
885 667 974 716 τοῦ
1031 661 1278 732 σώματος
1337 662 1396 714 τὸ
1447 657 1830 734 ἐπιθυμητικὸν
1873 681 1976 715 πε-

2063 668 2291 736 pectus.
2319 660 2595 738 quoniam
2620 659 2738 720 vim
2771 661 3128 722 irascibtlem
3161 661 3222 722 in
3255 670 3495 740 pectore
3523 664 3698 726 sitam

331 766 662 828 ριγραιρουσι·
725 751 820 816 τὴν
881 747 934 804 δὲ
989 751 1163 828 φύσιν,
1200 747 1366 814 σκέλη
1411 751 1500 804 καὶ
1528 746 1711 827 πόδας,
1747 747 1976 816 δηλοῦξν-

2063 766 2197 808 es~e
2229 748 2436 824 aiunt;
2482 751 3024 826 concupiscentiam
3073 768 3210 812 vero
3231 760 3528 826 ventrem,
3564 772 3702 815 cum

330 861 419 901 τες
479 839 710 894 ἐντεῦθεν
769 840 829 893 τὸ
886 839 1112 913 βάσιμον
1169 839 1255 892 καὶ
1313 837 1520 912 εδρατον
1582 840 1678 904 τῆς
1748 839 1972 918 φύσεως·

337 927 520 1002 πολλῷ
549 949 609 1004 γε
644 926 847 1001 μᾶλλον
880 929 964 982 ἐπὶ
988 928 1120 984 Θεοῦ
1149 934 1239 984 τοῦ
1263 929 1476 983 πάντων
1507 927 1749 984 ἐπέκεινα
1769 931 1981 1006 θεοπρε-

330 1019 448 1080 πῶς
480 1017 758 1098 ὀφείλομεν
790 1017 1160 1089 ἀναπτύσσειν,
1194 1017 1280 1072 καί
1330 1018 1717 1096 ἀνακαθαίρειν,
1760 1021 1846 1074 καὶ
1877 1024 1982 1072 τῶν

335 1112 654 1181 σωματικῶν
713 1103 1068 1164 ἀπαλλάττειν
1099 1107 1160 1161 τὸ
1215 1107 1592 1184 Θεωρούμενον,
1632 1109 1726 1164 Καὶ
1760 1107 1885 1162 αὒτὸ
1933 1105 1982 1161 ἓὲ

329 1199 394 1252 τὸ
428 1201 591 1274 τριχῆ
621 1193 922 1269 διαστατὸν,
957 1194 1086 1272 ὅπερ
1117 1193 1201 1250 ἐπὶ
1231 1199 1334 1250 τῶν
1365 1196 1630 1270 σωμάτων
1659 1193 1796 1260 ἰδίως
1849 1197 1978 1270 ἐστὶ,

330 1287 395 1340 τὸ
429 1290 627 1362 μῆκος,
660 1294 721 1340 τό
767 1283 1009 1362 πλάτοις,
1043 1285 1130 1340 καὶ
1179 1287 1240 1340 τὸ
1285 1286 1464 1360 {Sail-4,
1498 1287 1540 1340 εἰ
1572 1284 1854 1360 βουληθείη
1904 1308 1982 1348 τις

329 1375 592 1452 περιάψαι
626 1381 700 1448 τῷ
732 1376 888 1452 Θείῷ,
925 1374 1261 1450 θεοπρεεπῶε
1297 1373 1492 1453 ὁφείλει
1550 1384 1702 1433 τοῦτο
1733 1381 1980 1442 ποιῆσαι·

332 1466 426 1520 καὶ
491 1464 677 1529 νοῆσαι
737 1464 834 1538 μὲν
888 1461 1088 1525 πλάτος
1139 1462 1235 1530 τήν
1295 1464 1630 1542 ῦπερεύρειαν
1689 1466 1760 1524 εἷς
1818 1466 1987 1520 πάντα

332 1561 432 1610 τοῦ
493 1559 624 1610 Θεοῦ
667 1550 890 1630 πρόοδον
947 1554 1020 1616 εἷς
1052 1553 1111 1607 τὸ
1171 1567 1528 1632 παραγαγεῖν,
1577 1556 1646 1616 εἰς
1692 1557 1752 1609 τὸ
1796 1553 1986 1631 76359—

333 1651 453 1718 νᾷν,
491 1645 561 1706 εἰς
621 1644 681 1698 τὸ
730 1655 1001 1720 προνοεῖν·
1061 1644 1233 1716 μῆκος
1277 1641 1330 1697 δὲ
1380 1643 1478 1709 τὴν
1508 1644 1867 1724 ὑπερέχουσαν
1923 1644 1990 1699 τὰ

333 1735 512 1790 πάντα
565 1731 804 1806 δύναμιν
863 1732 1016 1808 βᾶθος
1076 1731 1129 1786 δὲ
1189 1732 1287 1798 τὴν
1342 1732 1702 1809 ἀπερίληπτον
1769 1735 1987 1813 κρυφιόο

2067 855 2174 916 per
2215 846 2478 898 ventrem
2528 857 2760 918 quoque
2807 845 3076 919 corporis
3106 838 3190 901 vis
3223 841 3706 921 concupiscibilis

2066 927 2436 1004 designetur;
2462 937 2730 988 naturam
2761 947 2898 989 vero
2922 947 3094 989 crura
3118 929 3564 1010 pedesque,per
3581 933 3707 994 huic

2067 1016 2350 1076 nimirum
2377 1025 2600 1078 naturae
2623 1019 3010 1078 constantiam
3038 1019 3496 1100 ﬁrmitatemque
3516 1021 3706 1100 signi-

2067 1105 2332 1166 ﬁcando:
2371 1107 2552 1167 multo
2587 1107 2771 1183 magis
2800 1109 3009 1186 utique
3033 1107 3092 1167 in
3127 1110 3272 1188 Deo,
3296 1107 3475 1170 rebus
3507 1110 3706 1172 omni-

2068 1193 2178 1255 bus
2207 1194 2705 1274 eminentiore,eo
2724 1216 2836 1275 quo
2853 1195 3036 1256 Deum
3063 1196 3234 1259 decet
3257 1199 3432 1260 modo
3461 1203 3708 1280 mystico

2071 1284 2195 1346 haec
2226 1285 2549 1364 eXplicare,
2584 1296 2644 1346 et
2670 1285 2728 1345 id
2763 1286 2919 1366 quod
2969 1287 3404 1361 consideratur,
3439 1287 3511 1350 ab
3545 1289 3712 1352 omni

2069 1392 2134 1434 re
2157 1393 2443 1454 corporea
2462 1375 2720 1437 liberare
2743 1388 2800 1436 et
2822 1378 3170 1438 abstrahere
3194 1376 3502 1440 debemus.
3526 1381 3710 1442 Porro

2074 1463 2372 1544 triplicem
2388 1465 2891 1546 distantiam,quzc
2905 1467 2961 1526 in
2980 1466 3327 1546 corporibus
3343 1469 3582 1547 proprie
3595 1479 3706 1547 est,

2073 1553 2380 1632 longitudo
2401 1554 2806 1628 etlatitudo,et
2828 1555 3225 1634 profunditas,
3242 1557 3288 1616 si
3309 1557 3441 1634 quis
3463 1555 3584 1620 Deo
3605 1577 3711 1620 ac-

2073 1643 2452 1705 commodare
2464 1644 2822 1726 voluerit,ea
2837 1664 2948 1726 qua
2961 1644 3146 1708 Deum
3160 1645 3713 1711 decet407ratione

2073 1735 2128 1794 id
2156 1733 2495 1794 faciendum
2526 1744 2636 1811 est;
2669 1743 2726 1795 et
2757 1735 3141 1814 intelligenda
3163 1734 3402 1818 quidem
3434 1736 3706 1811 latitudo,

335 1845 500 1889 τητα,
561 1821 729 1878 Ἀλλὰ
759 1819 991 1899 δέδοικα,
1027 1821 1104 1896 μὴ
1169 1822 1411 1888 λάθωμεν
1444 1821 1655 1880 ἑαυτοὺς
1687 1824 1984 1902 συμφύρον-

2073 1840 2426 1903 supraquam
2442 1835 2683 1886 extensa
2699 1824 2797 1886 illa
2815 1824 2919 1887 Dei
2932 1825 3004 1886 ad
3028 1843 3126 1887 res
3141 1843 3350 1888 omnes
3374 1826 3713 1906 progressio

335 1935 428 1977 τες
503 1913 567 1968 τὰ
638 1913 757 1988 περὶ
824 1918 956 1968 Θεοῦ
1015 1909 1312 1986 ἆσωμάτως
1371 1911 1688 1990 ὀφειλόμενα
1753 1919 1987 1968 νοεῖσθαι

337 2015 466 2062 ταῖς
524 2000 610 2056 διὰ
667 1999 946 2076 συμϐόλων
1019 2002 1281 2067 αἰσθητῶν
1338 1999 1708 2066 ἆναπτύξεσιν.
1775 1999 1988 2079 ’¹Ηγουν

339 2091 746 2166 ἁναπτόσσομεν
796 2092 856 2145 τὸ
885 2087 1108 2164 πλάτος,
1148 2089 1177 2157 ἢ
1233 2092 1294 2147 τὸ
1324 2093 1524 2166 μῆκος,
1560 2091 1593 2158 ἢ
1625 2092 1684 2147 τὸ
1738 2091 1922 2170 βάθος,
1953 2091 1987 2159 ἢ

341 2181 556 2256 ἄλλοτι,
586 2179 897 2257 βουλόμενοι
956 2179 1144 2244 ἀνοίξαι
1177 2181 1307 2238 αὐτὰ
1349 2181 1454 2236 ἀπὸ
1487 2186 1591 2237 τῶν
1641 2187 1984 2255 σωματικῶν·

343 2274 432 2328 καὶ
485 2270 667 2344 πάλιν,
705 2269 782 2344 μή
817 2268 989 2334 ἄλλως
1047 2268 1266 2348 ἔχοντες
1297 2268 1492 2347 λέγειν,
1529 2271 1646 2347 περὶ
1678 2271 1739 2326 τά
1799 2291 1987 2344 σωμα-

340 2363 473 2420 τικὰ
533 2367 902 2438 καταντῶμεν,
965 2357 1188 2435 πρόοδον
1261 2359 1508 2437 λέγοντες
1567 2357 1805 2435 δύναμιν,
1861 2382 1993 2437 κρυ-

343 2451 602 2532 ιριότητα,
656 2452 741 2504 καὶ
788 2451 852 2504 τὰ
909 2459 1149 2506 τοιαῦτα.
1213 2449 1247 2504 ἃ
1302 2450 1366 2516 δὴ
1407 2450 1494 2504 καὶ
1539 2451 1671 2507 αὐτὰ
1715 2449 1994 2522 σωματικὰ

348 2544 502 2613 εἰσιν,
539 2543 583 2595 εἱ
641 2541 728 2595 καὶ
759 2537 1062 2616 ὑψηλότερα
1119 2542 1222 2594 τῶν
1255 2540 1530 2617 προτέρου·
1573 2535 1653 2593 διὸ
1697 2540 1812 2600 περὶ
1866 2539 1992 2594 τού-

349 2653 454 2688 των
517 2628 784 2688 ἒνᾶλλοις
843 2628 1080 2705 εἴρηται.
1143 2634 1242 2685 Νῦν
1293 2627 1346 2682 δὲ
1406 2627 1692 2702 ἐτερότήτα
1749 2626 1995 2704 λέγοντες

345 2722 434 2778 ἐπὶ
497 2727 647 2790 Θεοῦ,
677 2720 755 2794 μὶ,
797 2719 1230 2792 ὃποπτεύσωμεν,
1264 2715 1344 2772 ὅτι
1399 2718 1470 2780 εἰς

344 2835 434 2890 ροδ
467 2811 772 2868 ἀλλοιοῦται
804 2812 863 2865 τὸ
897 2816 1076 2882 Θεῖον,
1111 2808 1248 2864 ἀλλὰ
1276 2810 1358 2887 τὸ,
1395 2807 1417 2863 ἐ

342 2925 468 2969 τητι
528 2901 751 2975 μένοντα
807 2901 898 2955 τὸν
965 2899 1115 2970 Θεὸν,
1174 2899 1238 2954 τά
1296 2897 1508 2954 ποικίλα
1550 2899 1638 2955 καὶ
1678 2897 1990 2954 παντοδαπὰ

343 2991 470 3058 εἴδη
530 2993 626 3056 τῆς
686 2990 906 3052 κτίσεως
956 3001 1314 3066 παραγαγεῖν,
1363 2988 1709 3066 ἐμιρστλνομιεν⁸
1771 2986 1989 3066 πρόοδον

1503 2716 1678 2793 ἕτερον
1726 2720 1808 2772 xii
1874 2715 1994 2773 ἕτε-

1423 2833 1447 2858 ν
1509 2810 1572 2884 τῇ
1630 2810 1794 2880 οἰκείᾳ
1823 2807 1996 2865 ἁπλό-

2035 1929 2045 1938 ’
2071 1927 2201 1969 cum
2227 1913 2282 1968 in
2309 1911 2823 1982 producendo,tum
2845 1915 2901 1970 in
2927 1914 3320 1984 gubernando,
3349 1924 3469 1973 tum
3495 1919 3556 1974 in
3579 1930 3712 1988 pro-

2070 2002 2666 2082 videndo;longitudo
2680 2010 3116 2084 vero,potentia
3135 2004 3234 2066 illa
3247 2023 3379 2086 quae
3392 2023 3488 2068 res
3503 2023 3716 2070 omnes

2071 2099 2341 2173 superat;
2395 2091 2763 2172 profunditas
2807 2110 2970 2166 vero,
3023 2110 3306 2155 arcanum
3358 2093 3506 2157 illud
3549 2095 3716 2174 quod

2075 2181 2508 2261 comprehendi
2529 2183 2757 2259 nequit.
2784 2182 2900 2246 Sed
2917 2201 3125 2244 vereor
3141 2201 3218 2246 ne
3241 2201 3347 2244 nos
3371 2189 3534 2262 ipsos
3555 2184 3720 2266 igno-

2075 2288 2376 2351 remus,ea
2397 2289 2529 2351 quae
2549 2271 2624 2332 de
2649 2273 2768 2335 Deo
2790 2276 3144 2351 incorporeo
3179 2272 3354 2334 modo
3384 2273 3716 2356 intelligere

2076 2359 2366 2420 debemus
2413 2358 2720 2422 sensilium
2771 2360 3174 2441 symbolarum
3222 2361 3716 2442 explicationibus

2077 2449 2536 2512 commiscentes
2590 2449 2970 2532 Explicamus
2995 2451 3177 2530 igitur
3215 2449 3714 2534 latitudinem,vel

2080 2537 2532 2617 longitudinem.
2569 2540 2659 2602 vel
2694 2539 3174 2620 profunditatem,
3208 2539 3298 2604 vel
3339 2541 3499 2603 aliud
3531 2544 3713 2624 quid-

2082 2629 2259 2707 piam,
2289 2628 2429 2690 dum
2456 2647 2490 2689 a
2512 2627 2692 2690 rebus
2715 2629 3020 2708 corporeis
3049 2629 3150 2692 illa
3179 2631 3454 2692 volumus
3481 2631 3716 2696 abstra-

2079 2717 2262 2793 here;
2297 2727 2355 2778 et
2384 2736 2517 2778 cum
2543 2717 2715 2779 aliter
2735 2719 2947 2780 eﬂ'erre
2974 2737 3089 2780 non
3124 2719 3442 2799 possimus,
3476 2739 3715 2784 rursum

2079 2806 2151 2866 ad
2175 2825 2462 2889 corporea
2482 2806 2774 2882 redimus,
2793 2806 2932 2869 dum
2961 2825 3304 2888 processum
3327 2808 3583 2872 dicimus
3601 2811 3716 2875 vir-

2083 2905 2286 2975 tutem,
2313 2913 2618 2970 arcanum,
2645 2904 2704 2958 et
2722 2895 2960 2972 similia,
2993 2915 3127 2978 quae
3155 2897 3358 2978 utique
3381 2897 3556 2960 etiam
3589 2900 3718 2979 ipsa

2074 3003 2362 3067 corporea
2391 2994 2546 3050 sunt.
2583 2985 2718 3047 licet
2753 2984 3048 3066 prioribus
3078 2986 3446 3050 sublimiora.
3495 2990 3717 3052 Verum

342 3083 447 3158 γὰρ
478 3079 620 3159 λέγει
671 3080 770 3145 τὴν
803 3080 932 3157 πρὸς
990 3078 1050 3133 τὸ
1104 3077 1273 3134 κτίσαι
1305 3078 1370 3132 τὰ
1421 3079 1590 3134 πάντα
1621 3079 1775 3134 οἱονεὶ
1833 3079 1987 3144 κίνη-

2076 3076 2150 3138 de
2183 3077 2272 3136 his
2295 3074 2432 3136 alibi
2455 3075 2702 3138 dictum.
2730 3075 2906 3138 Modo
2937 3094 3076 3138 vero
3105 3077 3454 3140 alteritatem
3489 3078 3564 3140 de
3597 3081 3716 3141 Deo

342 3193 429 3228 σιν
461 3172 550 3227 καὶ
581 3170 750 3248 ὁρμήν
763 3211 775 3225 ,

2079 3166 2368 3237 dicentes,
2395 3183 2471 3226 ne
2491 3165 2864 3248 suspicemur
2886 3165 3070 3227 Deum
3097 3165 3160 3228 in
3180 3165 3338 3228 aliud
3357 3173 3536 3248 atque
3555 3167 3718 3230 aliud

343 3256 696 3341 permntari,
727 3255 834 3317 sed
891 3254 953 3316 in
993 3255 1252 3336 propria
1308 3254 1686 3330 simplicitate
1746 3267 2220 3336 permanentem,
2282 3255 2544 3316 diversas
2607 3263 2666 3315 et
2723 3255 3094 3316 omnimodas
3152 3256 3384 3335 species
3433 3267 3721 3320 creatura)

342 3349 678 3432 producere
703 3344 1103 3424 signiﬁcamus
1137 3365 1150 3406 :
1210 3362 1589 3425 progressum
1624 3351 1782 3407 enim
1836 3346 1976 3410 dicit
2007 3351 2194 3428 ipsam
2226 3344 2402 3408 veluti
2465 3343 2789 3408 motionem
2823 3353 2883 3406 et
2914 3345 3378 3424 propensionem
3407 3345 3480 3407 ad
3515 3364 3715 3410 rerum

345 3439 616 3502 omnium
651 3437 1038 3498 creationem.

645 3515 666 3535 r-
900 3524 945 3543 ,μ
1015 3527 1027 3544 ‘
1318 3527 1331 3544 ,
1420 3527 1428 3545 ,
1505 3527 1516 3541 ,
1664 3529 1677 3548 ,
1725 3527 1738 3544 κ
1828 3527 1838 3540 ,
1961 3534 1984 3543 τ

428 3530 457 3610 §
489 3531 584 3591 VI.
668 3537 863 3598 Ομοιον
895 3543 949 3580 οε
985 3548 1071 3580 τον
1103 3526 1232 3582 Θεὸν
1291 3547 1334 3580 ει
1365 3549 1460 3600 μεν
1491 3549 1565 3590 ως
1625 3548 1780 3584 αυτον
1823 3549 1994 3600 εαυτῳ

340 3621 471 3677 ὅλον
514 3617 576 3675 δι’
628 3619 751 3674 ὅλου
809 3614 954 3672 εἴποι
998 3635 1098 3687 τις,
1133 3615 1228 3670 οὒκ
1283 3615 1604 3690 ἀτιμαστὲον
1648 3616 1744 3682 τὴν
1792 3619 1992 3672 θεωνυ-

340 3713 490 3787 μίαν,
549 3694 770 3783 ’,Ομοιον
821 3704 874 3762 δέ
928 3727 1030 3762 τινι
1086 3712 1190 3763 τῶν
1247 3705 1413 3762 ὅντων
1444 3711 1560 3780 μιῦς
1590 3707 1652 3761 τὰ
1711 3713 1868 3762 Θεῖον
1899 3705 1992 3762 λε-

339 3805 603 3882 χθήσεται
638 3817 654 3874 ;
699 3797 812 3854 ἐπεί
865 3797 944 3852 τοί
973 3817 1036 3874 γε
1079 3798 1113 3864 ἦ
1159 3796 1268 3853 Θεία
1301 3797 1506 3876 Γραιρή,
1540 3797 1611 3857 ὡς
1643 3794 1722 3851 ἀεὶ
1755 3798 1846 3850 τὸν
1890 3800 1992 3854 αὒ-

337 3895 434 3947 τὸν
479 3887 852 3950 ἂναλλοιώτως
905 3885 1055 3965 ὄντα,
1089 3886 1341 3961 ἀνόμοιον
1390 3885 1519 3941 πᾶσί
1561 3907 1748 3964 φησιν,
1782 3883 1836 3940 ἄν
1891 3891 1988 3960 τῷ,

340 3981 432 4042 Τίς
493 3978 676 4050 ὅμοιός
715 3999 797 4033 σοι
841 3975 896 4030 ἐν
948 3978 1112 4048 θεοῖς,
1149 3975 1306 4054 Κύριε
1341 3996 1356 4048 ;
1419 3976 1506 4030 καὶ
1562 3974 1744 4053 πάλιν,
1779 3975 1888 4032 Τίνι
1927 3995 1993 4050 με

336 4069 704 4146 ὣμοιώσατες
763 4065 907 4144 λέγει
967 4073 1172 4143 Κύριος·
1223 4066 1308 4120 καὶ
1357 4063 1536 4122 πάλιν.
1577 4063 1721 4141 Ἐγὼ
1781 4063 1990 4140 ὁράσεις

337 4159 632 4233 ἑπλήθυνα,
698 4158 783 4213 καὶ
836 4155 891 4211 ὲν
949 4156 1105 4234 χερσὶ
1162 4160 1266 4210 τῶν
1331 4159 1618 4234 προφητῶν
1676 4153 1986 4228 ὡμοιώθην·

337 4247 603 4306 τουτέσιν.
667 4235 724 4301 ’0
785 4246 939 4304 αὐτὸς
996 4243 1104 4321 ἐγὼ
1147 4242 1384 4318 ἐμαυτῷ,
1431 4245 1503 4305 ὡς
1536 4244 1816 4320 Εἰρηναῖος
1847 4242 1992 4320 λέγει

337 4339 394 4394 ἐν
427 4351 545 4400 τοῖς
608 4335 754 4392 Κατὰ
783 4333 1052 4410 αἱρέσεως.
1087 4331 1238 4390 Οῦτω
1281 4331 1358 4406 δὲ,
1393 4333 1465 4394 ὡς
1509 4333 1605 4388 οῦκ
1635 4329 1776 4386 ἔστιν
1810 4330 1991 4406 ὅμοιος

2156 3525 2186 3604 §
2217 3524 2315 3589 VI.
2348 3524 2618 3588 Similem
2653 3540 2792 3584 vero
2837 3525 3023 3586 Deum
3056 3521 3111 3585 si
3153 3523 3286 3605 quis
3315 3525 3550 3600 dixerit,
3582 3533 3717 3588 tan-

2078 3634 2253 3695 quam
2285 3614 2397 3676 sibi
2438 3622 2620 3675 totum
2656 3631 2762 3692 per
2795 3619 2976 3674 totum
3023 3614 3414 3691 conformem,
3451 3615 3564 3678 tale
3608 3632 3720 3678 no-

2080 3723 2214 3765 men
2246 3703 2351 3766 Dei
2377 3703 2621 3764 minime
2643 3701 3082 3782 aspernandum
3107 3712 3213 3765 est.
3243 3703 3554 3778 Quomodo
3576 3721 3716 3767 vero

2077 3796 2235 3857 Deus
2257 3791 2432 3855 alicui
2457 3791 2545 3854 rei
2577 3791 2792 3854 similis
2817 3791 2936 3854 dici
2953 3791 3138 3873 possit
3157 3799 3186 3856 ?
3218 3794 3499 3875 quoniam
3523 3793 3720 3857 divina

2076 3881 2402 3964 Scriptura,
2436 3890 2722 3963 tanquam
2771 3899 3012 3964 semper
3040 3882 3323 3946 eumdem
3355 3883 3484 3946 sine
3517 3892 3715 3970 muta-

2075 3973 2260 4054 tione,
2295 3971 2572 4034 omnibns
2601 3971 2949 4034 dissimilem
2983 3972 3160 4050 dicit,
3195 3982 3258 4034 ut
3287 3974 3349 4035 in
3379 3973 3481 4036 illo
3515 3991 3529 4037 :
3565 3973 3712 4048 Quis

2075 4063 2301 4124 similis
2333 4063 2441 4126 tibi
2463 4066 2529 4123 in
2551 4062 2694 4137 diis,
2720 4063 3014 4124 Domine?
3089 4081 3157 4124 ac
3195 4067 3406 4125 iterum
3435 4083 3448 4126 :
3487 4063 3712 4126 Cuime

2075 4150 2512 4214 assimilastis?
2553 4152 2760 4231 inquit
2787 4151 3078 4214 Dominus
3106 4160 3174 4230 °;
3205 4163 3266 4214 et
3292 4170 3500 4214 rursus
3527 4173 3541 4213 :
3577 4151 3714 4232 Ego

2077 4243 2336 4304 visiones
2359 4239 2780 4319 multiplicavi,
2797 4248 2853 4302 et
2883 4241 2948 4302 in
2975 4241 3256 4304 manibus
3273 4243 3714 4322 prophetarum

2076 4330 2452 4393 assimilatas
2469 4331 2562 4407 fui
2581 4322 2600 4363 ί
2615 4352 2630 4406 ;
2663 4329 2721 4408 id
2748 4338 2856 4405 est,
2877 4329 3036 4392 idem
3061 4350 3167 4411 ego
3195 4331 3336 4392 mihi
3361 4331 3499 4414 ipsi,
3521 4334 3718 4394 utlre—

338 4425 531 4500 οὐδενὶ,
593 4423 840 4502 δωρεῖται
899 4424 996 4490 την
1047 4423 1340 4498 ὁμοιότητα
1376 4434 1492 4484 τοῖς
1543 4417 1627 4476 ἐπ’
1658 4420 1814 4476 αὺτὸν
1869 4421 1987 4478 ἐπι-

2078 4439 2241 4481 ῐιωιιδ
2275 4419 2417 4480 dicit
2446 4419 2503 4478 in
2536 4417 2708 4480 libris
2754 4417 2978 4482 Contra
3009 4417 3288 4483 hereses.
3325 4423 3474 4490 Cum
3519 4428 3715 4482 autem

337 4515 734 4595 στρεφομένοις.
784 4519 956 4587 Πῶςς
1021 4513 1167 4570 Κατά
1223 4512 1451 4588 μίμησιν
1505 4511 1604 4577 τὴν
1649 4511 1784 4567 κατὰ
1836 4508 1987 4566 δύνα-

2072 4527 2189 4570 non
2218 4509 2295 4571 sit
2323 4506 2536 4570 similis
2568 4507 2696 4585 ulli,
2733 4507 3177 4572 similitudinem
3212 4511 3283 4572 ad
3314 4529 3380 4573 se
3413 4511 3718 4573 conversis

336 4587 431 4682 μιν
493 4606 600 4661 τῶν
654 4605 807 4660 ϐείων
855 4605 1070 4658 ἐκείνων
1128 4601 1216 4658 καί
1274 4603 1403 4679 ὑπὲρ
1459 4601 1632 4658 πάντα
1703 4599 1824 4678 ὅρον
1896 4600 1984 4656 καὶ

2066 4598 2380 4676 elurgitur.
2429 4597 2779 4670 Quomodo?
2829 4595 3170 4661 Secundum
3217 4599 3610 4662 imitationem
3658 4607 3719 4660 et

335 4697 500 4774 λόγον
553 4694 926 4773 ὑπαρχόντων,
993 4691 1130 4748 κατὰ
1192 4693 1276 4765 τὸ,
1336 4691 1542 4747 Γίνεσθε
1601 4687 1822 4746 τέλειοι.
1873 4690 1981 4747 καὶ.

2065 4687 2342 4751 virtutem
2369 4687 2616 4774 istarum
2643 4703 2843 4748 rerum
2877 4686 3216 4750 divinarum
3251 4708 3382 4766 quas
3413 4690 3708 4751 rationem

331 4773 544 4842 Γίνεσθε
598 4783 920 4861 οἰκτίρμονες
977 4784 1052 4844 ὡς
1109 4783 1138 4836 ὁ
1195 4781 1378 4859 Πκτὴρ
1423 4781 1570 4855 ὑμῶν
1631 4779 1659 4834 ὁ
1723 4779 1982 4857 οὖράνιος·

2069 4795 2310 4839 omnem
2343 4773 2788 4855 terminumque
2803 4777 3478 4858 excedunt,juxtaillud:
3510 4779 3716 4842 Estote

333 4875 472 4954 ἃπερ
527 4873 614 4929 ἐπὶ
673 4879 803 4929 Θεοῦ
863 4873 962 4948 μὲν
1019 4871 1209 4950 κυρίως
1267 4871 1355 4926 καὶ
1411 4870 1541 4946 ὑπὲρ
1596 4868 1770 4924 πάντα
1829 4867 1987 4946 λόγον

2070 4866 2326 4948 perfecti
2341 4871 2406 4940 8;
2430 4872 2527 4954 et:
2551 4865 2760 4928 Estote
2782 4868 3211 4930 misericordes
3231 4870 3390 4932 sicut
3414 4869 3603 4934 Pater
3623 4887 3717 4932 vc-

334 4949 601 5042 m‘t'Spov'
660 4960 775 5020 οὐδὲ
832 4964 932 5040 γὰρ
985 4961 1142 5018 τόσον
1190 4960 1227 5029 ἢ
1281 4960 1435 5016 τόσον
1494 4958 1632 5014 ἐστὶν
1671 4957 1753 5014 ἐπ’
1809 4957 1987 5030 ἐκείνῳ

2071 4964 2197 5019 δίεν·
2215 4957 2470 5019 catastis
2493 4949 2542 5019 δ.
2581 4956 2724 5027 Quae
2757 4955 2815 5016 in
2850 4957 2971 5018 Deo
3003 4955 3242 5037 quidem
3275 4964 3514 5039 proprie
3540 4969 3598 5021 et
3619 4977 3722 5020 sn-

332 5057 398 5112 τὸ
429 5053 698 5132 οἷκτίρμον
728 5052 764 5118 ἢ
821 5054 881 5107 τὸ
912 5049 1136 5112 τέλειον,
1199 5048 1300 5106 ἀλλ
1367 5047 1756 5126 ἀπεριόριστον’
1793 5046 1876 5103 ἐπὶ
1935 5043 1987 5101 δὲ

2075 5064 2179 5126 pra
2199 5063 2437 5108 omnem
2472 5045 2795 5108 terminum
2821 5053 2880 5106 et
2909 5046 3228 5122 rationem;
3253 5067 3370 5109 non
3395 5050 3552 5110 enim
3578 5057 3711 5110 tan-

331 5151 442 5201 τῶν
502 5141 809 5217 κτισμάτων
871 5140 1007 5197 κατὰ
1061 5141 1162 5207 τὴν
1221 5140 1444 5196 ἑκάστου
1498 5135 1732 5204 σπουδὴν
1759 5136 1847 5192 καὶ
1898 5133 1987 5191 δύ-

2078 5143 2198 5196 tum
2222 5137 2308 5196 vel
2338 5143 2564 5198 tantum
2589 5135 2650 5195 in
2676 5133 2778 5195 illo
2805 5143 2896 5196 est
2917 5135 3333 5199 misericordia
3354 5139 3444 5200 vel
3478 5138 3714 5218 perfec-

332 5253 516 5308 ναμιν,
582 5232 657 5288 Τὰ
717 5239 841 5310 γοῦν
876 5229 1219 5308 παραγόμενοι
1275 5226 1464 5305 ῥητέον
1493 5225 1654 5302 ὅμοια
1705 5231 1842 5300 Θεῷ,
1891 5225 1987 5282 αῦ-

2075 5225 2177 5300 tio,
2211 5223 2316 5286 sed
2359 5222 2630 5298 infinita;
2675 5223 2738 5285 in
2785 5226 3076 5288 creaturis
3104 5245 3240 5288 vero
3289 5244 3396 5306 pro
3428 5227 3718 5306 cujusque

331 5336 453 5388 τοῖς
493 5319 546 5376 δὲ
581 5323 670 5378 τὸν
729 5322 860 5377 Θεὸν
889 5321 1078 5395 ὅμοιον
1109 5320 1170 5374 o6
1217 5316 1428 5396 ῥητέὸν,
1461 5314 1544 5372 ὅτι
1577 5314 1692 5372 οῦδὲ
1723 5318 1751 5372 ὁ
1783 5315 1987 5395 ἄνθρω-

2071 5313 2265 5376 studio
2293 5320 2352 5374 et
2375 5313 2673 5378 facultate.
2707 5313 2844 5384 Haec
2875 5315 3072 5396 itaque
3107 5333 3236 5396 qua:
3263 5314 3517 5378 adducta
3552 5323 3713 5398 sunt,

333 5435 436 5476 πος
489 5412 674 5486 ὅμοιος
702 5411 770 5486 τῄ
825 5411 986 5466 εἰκονι
1032 5413 1215 5487 αὺτοῦ,
1249 5409 1282 5472 ὴ
1321 5405 1375 5462 δὲ
1407 5405 1562 5463 εἰκὼν
1600 5407 1758 5482 ὁμοία
1790 5413 1866 5480 τῷ
1895 5405 1987 5461 ἆν-

2071 5403 2325 5465 dicenda
2363 5411 2500 5465 sunt
2545 5402 2668 5465 Deo
2722 5401 2965 5478 similia,
3015 5423 3131 5465 non
3164 5411 3360 5464 autem
3391 5402 3467 5465 iis
3497 5403 3713 5468 similis

331 5503 549 5582 θρώπφ.
613 5498 733 5558 Ἐπὶ
773 5501 874 5578 γὰρ
928 5505 1034 5556 τῶν
1085 5501 1367 5576 ὁμοταγῶν
1400 5497 1486 5554 καὶ
1532 5496 1816 5576 ὁμοφύλων
1878 5495 1987 5552 Πέ-

2071 5492 2362 5557 dicendus
2389 5501 2478 5556 est
2507 5494 2706 5575 Deus;
2745 5492 3027 5574 quoniam
3059 5507 3250 5573 neque
3279 5491 3458 5556 homo
3489 5493 3706 5560 similis

1632 5684 1654 5729 ί
1679 5681 1820 5749 Ose.
1853 5699 1963 5760 xu,
2001 5681 2099 5748 10.
2186 5698 2216 5746 s
2241 5681 2442 5748 Matth.
2472 5697 2533 5760 ν,
2564 5681 2666 5750 48.
2753 5683 2782 5727 ιι
2808 5681 2955 5747 Luc.
2988 5688 3070 5760 v1,
3104 5678 3204 5749 36.

415 5686 447 5733 ἀ
478 5686 639 5753 Psal.
668 5701 894 5764 uxxv,
925 5685 986 5751 7.
1075 5704 1100 5736 ο
1131 5685 1268 5749 Isai.
1298 5699 1456 5764 xm,
1489 5686 1546 5748 5.
