4052 6204
269 332 397 412 933
790 332 890 410 nn
934 344 1228 411 DIVINIS
1269 344 1717 425 NOMINIBUS,
1751 340 1915 410 CAP.
1961 320 2067 407 1x.
2123 356 2202 391 -—
2244 331 2630 406 PABAPHB.
2678 307 3167 405 pACHYMER'a‘
3533 311 3652 405 934‘

263 486 484 559 πρεπῶς
517 480 615 547 τὴν
647 481 854 547 κένησιν
886 480 1232 556 ἐκλήψόμεθα
1266 501 1280 514 ’
1314 495 1543 537 κινεῖται
1576 481 1675 558 γὰρ
1698 480 1756 536 οὗ
1786 480 1919 541 κατὰ

2005 478 2128 542 Deo
2152 479 2329 559 digne
2362 485 2584 539 motum
2611 475 3012 554 accipiemus;
3040 492 3157 535 non
3185 474 3345 537 enim
3378 483 3646 537 movetur

262 591 388 624 τινα
446 575 550 624 τῶν
598 567 649 634 ἐξ
699 571 841 647 παρὰ
911 568 1215 652 φιλοσοφοίς
1291 572 1570 644 κινήσεων,
1615 568 1730 625 οὔτε
1788 570 1919 626 κατὰ

2004 572 2327 631 secundum
2358 567 2618 647 aliquem
2641 584 2674 628 e
2701 584 2802 626 sex
2824 562 3183 635 motibus,de
3200 562 3415 643 quibus
3447 565 3643 645 philo-

264 658 501 737 γένεσιν,
551 659 669 715 οὔτε
722 660 1100 740 κατὰφθορὰν,
1167 663 1285 720 οὕτε
1341 660 1476 717 κατὰ
1531 657 1771 732 αὺξησιν,
1806 657 1919 714 οὔτε

2005 659 2178 735 sophi
2205 665 2404 737 agunt,
2442 675 2634 738 neque
2665 654 2996 717 secundum
3028 653 3505 733 generationem,
3542 673 3650 715 ne-

264 748 408 803 ιιατὰ
437 748 680 821 μείωσιν,
747 749 864 805 οὔτε
923 752 1058 807 κατὰ
1106 753 1294 831 τόπον,
1342 750 1459 807 οὕτε
1511 752 1646 806 νατὰ
1693 749 1923 806 ἀλλοίω-

262 857 378 895 σιν.
422 838 517 894 Καὶ
548 836 730 914 πάλιν,
764 839 876 895 ἐπεὶ
906 841 940 907 ἡ
971 840 1177 908 κίνησις
1231 841 1432 920 τριχῶς
1459 840 1679 917 γίνεται,
1714 839 1748 906 ἤ
1787 861 1924 896 κατα

261 924 502 1006 ἒῦθεϊαν,
537 925 573 993 ἢ
632 927 767 983 κατὰ
821 927 1035 991 κύκλον,
1094 930 1130 998 ἢ
1165 929 1216 996 ἐξ
1246 929 1451 1009 ἀμφοῖν
1490 927 1811 1009 ἐλικοειδῶς,
1851 932 1924 993 ὡς

259 1015 293 1070 ὁ
338 1010 481 1093 ὄφις,
538 1015 625 1071 καὶ
693 1017 728 1083 ἡ
791 1015 845 1072 ἐν
886 1032 1003 1082 τοῖς
1060 1017 1208 1075 ὕδασι
1255 1018 1404 1098 νείυς,
1434 1016 1548 1075 οὐδὲ
1572 1019 1706 1075 κατὰ
1729 1018 1923 1084 ταύτας

258 1116 521 1162 κινεῖται.
575 1103 726 1161 Ἀλλ’
782 1105 898 1163 οὐδὲ
956 1109 1147 1178 νοήτὸν
1191 1108 1399 1175 κίνησιν
1443 1121 1694 1179 κινεῖται,
1742 1121 1865 1165 οταν
1896 1111 1923 1164 ὁ

260 1191 385 1256 νοῦς
444 1193 516 1256 εἷς
553 1193 742 1250 ἑαυτὸν
774 1195 1239 1276 συνελισσόμενος,
1286 1198 1379 1254 καί
1439 1198 1512 1261 εἰς
1544 1199 1753 1267 νοήσεις
1784 1198 1923 1254 πολ-

261 1279 788 1360 λαπλασιαζόμενος.
852 1288 923 1343 Ού
980 1287 1242 1367 ψυχικὴν,
1306 1300 1426 1344 οταν
1490 1301 1723 1343 κινεῖται
1769 1290 1923 1367 ψυχὴ

262 1368 615 1449 διανοουμένη
673 1395 731 1429 τε
789 1375 880 1430 καὶ
918 1373 1226 1447 δοξάζουσα.
1288 1376 1360 1435 Οῦ
1419 1377 1668 1452 ψύσικὴν,
1724 1377 1844 1433 οἵαν
1887 1379 1921 1445 ἡ

263 1461 421 1539 φύσις
453 1464 591 1517 κίνεϊ
625 1479 640 1495 ·
679 1463 826 1543 ἀρχὴ
878 1465 976 1542 γὰρ
1019 1467 1279 1535 κινήσεως
1324 1469 1412 1522 καὶ
1477 1468 1701 1534 ἠρεμίας
1757 1467 1916 1527 ἐστίν,

260 1548 442 1606 Ἀλλά
484 1551 689 1618 κίνησις
744 1560 835 1610 τοῦ
864 1553 1122 1622 ἂκινὴτου
1170 1556 1421 1620 ὡσαύτως
1453 1554 1676 1635 ἔχοντες
1709 1554 1921 1634 λεγεται

262 1641 301 1706 ἡ
350 1641 423 1703 εἰς
456 1642 519 1697 τὰ
547 1641 671 1698 ὄντα
728 1643 978 1719 βούλησις
1022 1645 1181 1704 αὐτοῦ
1215 1665 1228 1679 ·
1263 1647 1351 1702 καὶ
1381 1648 1430 1702 αἱ
1477 1644 1691 1726 πρόοδοι
1725 1651 1818 1721 τῇς
1849 1648 1921 1711 εἷς

259 1728 440 1785 πάντα
494 1733 737 1809 προνοίας
788 1735 965 1809 αύτου,
1023 1734 1075 1790 ἐν
1124 1740 1201 1809 τῷ
1230 1747 1478 1813 παρεῖναι
1511 1740 1641 1792 πᾶσι
1682 1735 1750 1803 τῆ
1783 1735 1920 1791 πάν-

2006 766 2122 828 que
2140 747 2469 809 secundum
2493 744 2958 825 corruptionem,
2986 758 3180 823 neque
3197 743 3650 817 secundumaco

2008 837 2562 917 cretionem,neque
2584 833 2910 896 secundum
2938 831 3652 913 immunitionem,neque

2006 926 2332 988 secundum
2358 925 2779 1005 locum,neque
2794 920 3127 983 secundum
3146 920 3645 984 immutationem.

2005 1013 2078 1077 Et
2103 1033 2507 1086 rursum,cum
2530 1018 2725 1075 motus
2746 1011 3060 1092 tripliciter
3082 1010 3300 1085 liat,vel
3318 1012 3648 1074 secundum

2007 1103 2224 1167 lineam
2286 1114 2535 1176 rectam,
2599 1102 2691 1163 vel
2750 1100 3077 1163 secundum
3112 1100 3420 1178 circulam,
3458 1103 3545 1164 vel
3578 1119 3651 1163 ex

2007 1193 2277 1274 utrisque
2300 1193 2563 1270 oblique,
2598 1196 3036 1271 sicutserpens,
3070 1196 3127 1250 et
3159 1190 3220 1250 in
3251 1194 3424 1272 aquis
3454 1192 3647 1266 navis,

2007 1302 2203 1364 neque
2232 1284 2407 1345 etiam
2440 1281 2771 1344 secundum
2805 1280 2915 1341 hos
2946 1278 3155 1341 modos
3205 1289 3491 1344 movetur.
3532 1280 3649 1344 Sed

2006 1391 2203 1449 neque
2237 1381 2395 1434 motu
2447 1369 2778 1433 intellectili
2808 1370 3016 1443 cietur,
3063 1369 3219 1431 sicut
3258 1388 3425 1433 mens
3455 1371 3515 1432 in
3546 1390 3648 1434 se-

2004 1466 2191 1542 ipsam
2210 1464 2546 1538 revolvitur,
2560 1470 2617 1522 et
2630 1460 2689 1521 in
2704 1457 3212 1521 intellectionibus
3228 1459 3653 1541 multiplicatur

2004 1551 2132 1614 Non
2157 1554 2329 1615 etiam
2364 1561 2523 1613 motu
2550 1545 2982 1629 animali,quali
3008 1556 3272 1609 movetur
3299 1550 3648 1612 animadum

2004 1641 2277 1721 intelligit
2308 1649 2368 1704 et
2400 1637 2834 1722 opinatur.Non
2867 1636 3139 1717 naturali,
3167 1637 3404 1715 qualem
3444 1648 3653 1703 natura

2006 1730 2145 1803 ciet,
2163 1731 2441 1812 quoniam
2465 1731 2589 1790 haec
2614 1736 2705 1790 est
2728 1726 3087 1808 principium
3118 1734 3313 1788 motus
3327 1734 3386 1789 et
3409 1728 3650 1809 quietis.

260 1840 375 1874 των
420 1819 637 1900 ὰσχέτῳ
656 1823 744 1878 καὶ
774 1822 1025 1897 ἀπολύτῳ
1054 1826 1139 1881 καὶ
1167 1823 1427 1904 ἂσυναςρεϊ
1456 1830 1713 1903 περιοχῇ,
1746 1826 1919 1880 Ἀπα-

2008 1818 2123 1881 Sed
2149 1827 2343 1882 motus
2372 1817 2789 1896 immobilis,et
2817 1816 3026 1878 eodem
3060 1817 3237 1878 modo
3268 1835 3333 1879 se
3355 1818 3649 1901 habentis,

260 1910 523 1987 γορεὺσας
568 1907 743 1974 δὲτὰς
803 1913 1043 1974 τοιαύτας
1104 1916 1336 1985 κινήσεις
1369 1913 1459 1970 ἐπὶ
1517 1921 1668 1988 Θεοῦ,
1719 1912 1919 1988 μᾶλλον

2008 1908 2432 1989 dicituripsius
2467 1908 2735 1969 voluntas
2776 1908 2936 1969 circa
2965 1924 3033 1968 ea
3063 1924 3194 1986 quae
3222 1914 3383 1983 sunt,
3419 1916 3478 1972 et
3507 1926 3651 1990 pro-

261 1996 321 2053 δὲ
350 1999 445 2060 τὰς
477 2002 812 2076 σωματικὰς,
842 2003 942 2072 τήν
973 2001 1174 2076 κύκλῳ,
1237 2004 1334 2071 τὴν
1366 2004 1487 2060 κατ’
1546 2004 1783 2081 εὒθεῖαν,
1834 1998 1919 2058 καὶ

2004 2016 2244 2077 gressus
2270 1996 2659 2073 providentiae
2685 1995 2870 2075 ipsius
2898 1995 2969 2056 ad
2990 1996 3287 2076 universa,
3317 1996 3457 2059 dum
3479 1999 3655 2060 adest

264 2088 369 2155 τὴν
415 2087 703 2167 ἑλικοειδῆ,
764 2091 908 2156 ὅπως
988 2095 1099 2172 χρὴ
1155 2096 1461 2161 θεοπρεπῶς
1520 2094 1725 2158 κίνησιν
1776 2104 1918 2148 νοεῖν

2004 2087 2282 2150 omnibus
2317 2106 2424 2167 per
2454 2085 2718 2147 omnium
2750 2084 3421 2164 incomprehensibilem
3452 2094 3512 2148 et
3538 2087 3649 2149 ab-

263 2175 360 2232 ἐπί
396 2184 527 2235 Θεοῦ
580 2188 877 2258 σαφηνίζει,
938 2183 1030 2246 τὰς
1074 2183 1324 2248 αἰσθητὰς
1386 2182 1439 2238 ἐν
1468 2188 1544 2239 τῶ
1575 2183 1729 2238 παντὶ
1760 2182 1912 2247 κινήο

259 2287 376 2329 σεις
399 2268 747 2346 ἆναγωγικῶς
794 2273 1117 2348 ἑρμηνεύων.
1179 2272 1288 2337 Τὴν
1350 2279 1471 2349 γοῦν
1528 2270 1645 2327 κατ’
1710 2273 1916 2326 εὔθετα)

257 2356 471 2423 κίνησιν
498 2364 718 2432 νοοῦμεν
765 2359 848 2414 ἐπὶ
904 2367 1057 2434 Θεοῦ,
1105 2360 1187 2415 διὰ
1251 2364 1310 2416 τὸ
1355 2363 1470 2420 εὐθὺ
1534 2363 1615 2417 οιαὶ
1673 2359 1913 2439 amr“,

261 2448 351 2502 καὶ
387 2446 485 2513 τήν
517 2444 567 2512 ἐξ
600 2449 755 2504 αὐτού
778 2456 882 2504 τῶν
916 2448 1056 2506 ὅλων
1111 2451 1345 2527 γένεσιν,
1409 2451 1621 2507 αὖτόθεν
1686 2451 1783 2527 γὰρ
1831 2454 1917 2506 καὶ

258 2534 453 2599 εὐθέως
484 2538 517 2604 ἡ
562 2536 765 2614 γένεσις
801 2537 850 2603 ἐξ
882 2542 1039 2595 αὐτοῦ·
1078 2542 1217 2617 ἔστι,
1276 2541 1363 2596 καὶ
1419 2544 1477 2599 οῦ
1533 2538 1615 2595 δεέ
1658 2542 1811 2594 τινῶν
1844 2541 1917 2599 εἰς

254 2632 416 2682 τοῦτο
470 2626 855 2684 συντελούντων
907 2629 1092 2708 τυχόν.
1156 2631 1326 2689 Τοῦτο
1371 2628 1425 2686 δέ
1457 2630 1768 2699 κρειττόνως
1811 2650 1913 2684 σα-

256 2716 555 2794 φηνίζεται,
614 2716 667 2771 εἴ
707 2738 786 2779 τις
844 2717 949 2772 ἀπὸ
1012 2739 1109 2773 των
1161 2719 1408 2775 αἷτιατῦν
1453 2718 1739 2795 ἀρξάμενος
1791 2740 1912 2772 σκο-

2001 2177 2256 2240 solutam
2282 2187 2339 2238 et
2369 2176 2692 2238 iutactilem
2725 2175 3517 2256 comprehensionem.Cum
3548 2195 3651 2240 ne-

1996 2275 2192 2347 gasset
2249 2265 2579 2328 istiusmodi
2615 2267 2671 2326 in
2705 2266 2827 2327 Deo
2882 2270 3197 2338 motiones,
3232 2265 3487 2327 maxime
3510 2284 3649 2328 vero

2000 2365 2410 2437 corpori-aaut
2439 2354 2818 2435 circularem,
2852 2363 3098 2427 rectam,
3126 2359 3186 2415 et
3215 2353 3647 2434 obliquam,de-

2001 2447 2183 2508 claret
2208 2445 2505 2525 quomodo
2537 2443 2960 2506 convenienter
2989 2446 3127 2514 Deo,
3168 2442 3556 2522 intelligenda
3577 2444 3656 2505 sit

2000 2538 2059 2596 in
2094 2537 2214 2597 Deo
2247 2535 2775 2597 motio.sensitivas
2806 2535 2864 2594 in
2888 2533 3162 2595 universo
3182 2532 3473 2595 motiones
3493 2551 3640 2595 ana-

1998 2626 2204 2704 gogice
2227 2626 2568 2706 explanatis.
2592 2626 2681 2687 Ac
2700 2632 2927 2685 rectum
2952 2622 3192 2704 quidem
3228 2631 3446 2684 motum
3472 2623 3647 2685 intel-

1997 2715 2231 2794 ligimus
2258 2716 2316 2776 in
2350 2714 2492 2793 Deo,
2530 2727 2774 2795 propter
2806 2711 3224 2775 rectitudinem
3273 2718 3331 2773 et
3361 2712 3649 2774 inﬂexibi-

258 2804 414 2871 ποίη.
482 2804 547 2861 Εἴ
606 2827 656 2861 τι
710 2806 808 2883 γὰρ
869 2812 974 2862 τῶν
1012 2807 1176 2863 ὄντων
1235 2807 1319 2863 ἐπὶ
1395 2816 1511 2864 νοῦν
1570 2806 1776 2887 λάϐοις,
1828 2807 1909 2863 ἐπὶ

2004 2804 2247 2884 litatem,
2285 2815 2346 2866 et
2376 2804 2786 2865 universorum
2839 2822 2906 2863 ex
2944 2801 3073 2883 ipso
3126 2803 3644 2882 procreationem;

258 2894 355 2948 τὸν
407 2896 635 2961 ποιητὴν
686 2897 843 2954 αῦτοῦ
894 2896 1207 2976 ἀνατρέχεις
1239 2897 1448 2970 εὖθέως,
1494 2896 1629 2954 ὥστε
1674 2897 1779 2954 ἀπὸ
1824 2906 1913 2954 τοῦ

2004 2912 2103 2974 per
2132 2914 2196 2955 se
2229 2895 2386 2955 enim
2422 2910 2479 2954 et
2509 2912 2578 2954 ex
2606 2904 2873 2974 tempore
2913 2891 3134 2953 creatio
3159 2908 3230 2952 ex
3261 2890 3389 2971 ipso
3423 2891 3644 2971 existit,

263 2983 433 3042 αἰτίου
479 2983 665 3045 εὐθέως
726 2985 795 3049 εἷς
853 2986 912 3041 τὸ
958 2988 1189 3042 αἰτιατὸν
1219 2989 1253 3053 ἡ
1285 2993 1381 3053 τῆς
1426 2987 1681 3065 γενέσεως
1742 2988 1915 3044 ἐννοια

2004 2991 2193 3045 etnon
2221 3002 2325 3063 per
2352 2983 2708 3063 aliqua,quze
2739 2981 2808 3042 ad
2834 2999 3019 3061 ipsam
3058 2980 3647 3060 disponant,accidit.

258 3070 523 3148 πρόεισιν.
554 3070 637 3129 ’Ἦ
667 3074 759 3129 καί
797 3070 997 3150 ἄλλως,
1046 3073 1123 3131 ὅτι
1175 3075 1273 3144 τὴν
1331 3078 1465 3132 κατὰ
1526 3076 1727 3154 γένεσιν
1758 3078 1911 3145 κίνη-

2004 3071 2125 3134 Hoc
2155 3081 2352 3135 autem
2398 3071 2609 3133 melius
2661 3071 3017 3147 declaratur,
3053 3070 3103 3131 si
3143 3069 3276 3149 quis
3305 3069 3377 3131 ab
3411 3070 3646 3133 eﬂ'ectis

260 3161 613 3220 σιν-εὐθεῖάν
666 3184 848 3243 φασιν,
906 3166 979 3228 ὡς
1029 3164 1217 3228 εὸθέως
1285 3165 1565 3246 ἐφιεμένης
1624 3173 1722 3234 τῆς
1781 3168 1912 3237 ὕλης

2004 3161 2343 3257 incipiendo
2391 3161 2754 3257 speculetur.
2809 3159 2955 3223 Nam
3006 3158 3227 3257 siquid
3275 3178 3482 3257 eorum
3515 3178 3650 3238 quae

258 3258 356 3307 τοῦ
387 3248 560 3315 εἴδους
591 3254 679 3308 καὶ
730 3250 848 3308 καθ’
904 3254 1049 3309 αὐτὸ·
1085 3252 1165 3309 διὸ
1222 3257 1402 3311 καὶτὸ
1455 3254 1620 3325 εἶδος,
1673 3260 1732 3313 οὗ
1760 3279 1912 3315 ενεκα

2004 3260 2137 3312 sunt
2168 3253 2227 3311 in
2267 3260 2525 3312 mentem
2558 3252 2743 3330 capis,
2765 3260 2933 3312 recta
2951 3249 3020 3311 ad
3043 3258 3348 3327 auctorem
3381 3250 3513 3329 ejus
3541 3267 3647 3311 ac-

259 3340 501 3417 λέγεται,
546 3341 705 3399 οἱονεὶ
760 3344 819 3399 τὸ
850 3342 1000 3409 τέλος
1057 3346 1187 3422 πρὸς
1246 3342 1374 3422 ὅπερ
1419 3348 1450 3412 ἡ
1516 3347 1667 3426 φύσις
1726 3348 1912 3412 εὖθέως

2004 3342 2208 3415 curris,
2243 3342 2321 3402 ita
2347 3349 2406 3401 ut
2454 3360 2488 3402 a
2518 3358 2696 3402 causa
2737 3340 2934 3402 statim
2974 3339 3045 3401 ad
3091 3338 3368 3401 eﬂ‘ectum
3401 3356 3650 3418 genera-

258 3430 470 3510 τρέχει,
503 3432 581 3504 μὴ
611 3434 684 3496 εἰς
727 3430 860 3488 ἄλλα
914 3435 1004 3490 καὶ
1062 3431 1198 3489 ἄλλα
1255 3433 1596 3509 έλισσομὲνη,
1661 3434 1784 3493 ἀλλ’
1841 3439 1913 3499 εἰς

261 3522 394 3578 αὒτὸ
424 3520 673 3601 ἀφορῶσα
743 3523 803 3577 τὸ
834 3522 1261 3599 σκοπιμώτατον,
1301 3524 1451 3581 Ἐπεὶ
1508 3531 1627 3601 γοῦν
1686 3527 1720 3593 ἡ
1780 3527 1913 3583 κατὰ

257 3608 468 3687 γένεσιν
541 3611 745 3677 κίνησις
790 3610 974 3677 εὐθέως
1024 3612 1245 3691 γίνεται,
1279 3615 1370 3669 τὸν
1399 3613 1495 3682 τῆς
1529 3613 1785 3691 γενέσεως
1819 3614 1915 3670 αἴ-

257 3720 376 3757 τιον
405 3702 709 3780 θεοπρεπῶς
771 3701 885 3757 κατ’
930 3705 1135 3760 εὐθεῖαν
1184 3707 1441 3760 κινεῖσθαι
1493 3726 1689 3783 φαμεν,
1723 3707 1832 3773 Τὴν
1862 3704 1917 3761 δὲ

261 3790 520 3869 σταθερὰν
578 3788 801 3870 πρόοδον
859 3790 955 3849 καὶ
1010 3793 1109 3859 τὴν
1163 3794 1380 3871 γόνιμον
1440 3795 1622 3851 στάσιν
1654 3794 1917 3863 ἑλικοειδὴ

263 3898 465 3959 φαμεν*
496 3880 533 3947 ἢ
562 3880 781 3948 τοιαύτη
827 3883 925 3961 γὰρ
972 3883 1199 3962 κίνησις,
1237 3885 1320 3940 καὶ
1382 3885 1442 3941 τὸ
1474 3886 1721 3962 σταθερὸν
1763 3885 1913 3965 ἔχει,

262 3967 370 4043 ὅτι,
430 3970 473 4025 εἰ
527 3974 624 4026 καὶ
685 3969 940 4028 ἐκκλίνειν
967 3985 1136 4045 ποιεῖ,
1169 3972 1329 4031 πάλιν
1354 3975 1426 4032 εἰς
1470 3975 1530 4030 τὸ
1574 3975 1698 4031 aiore
1730 3978 1815 4032 καὶ
1858 3979 1917 4033 τὸ

262 4056 437 4123 ἓξισου
480 4064 597 4122 τοῖς
653 4061 922 4139 προτέροις
951 4064 1085 4117 κατὰ
1110 4063 1174 4120 τὰ
1226 4064 1376 4136 αὐτὰ,
1409 4066 1495 4120 καὶ
1525 4080 1773 4122 κοινωνεῖ
1816 4089 1915 4122 κα-

1999 3430 2176 3491 tionis
2207 3430 2527 3493 intellectio
2553 3429 2869 3509 pertingat.
2900 3428 3003 3490 Vel
3064 3429 3238 3491 etiam
3291 3428 3487 3508 aliter,
3513 3428 3651 3509 quia

1999 3529 2219 3580 motum
2239 3518 2568 3582 secundum
2588 3517 3034 3599 generationem
3049 3527 3280 3581 rectum
3296 3535 3428 3581 esse
3458 3518 3645 3593 aiunt,

1999 3609 2139 3672 ilum
2163 3616 2407 3673 materia
2431 3628 2643 3691 nempe
2669 3617 2828 3671 recta
2863 3616 2923 3699 et
2955 3626 3062 3687 per
3093 3627 3158 3699 se
3180 3608 3433 3699 formam
3452 3625 3638 3699 app}:

2002 3702 2070 3764 tit
2098 3722 2113 3782 ;
2147 3719 2334 3783 quare
2361 3701 2535 3762 etiam
2568 3699 2778 3774 forma,
2814 3698 2980 3779 cujus
3008 3698 3200 3778 gratia
3238 3716 3372 3761 esse
3402 3696 3648 3778 dicitﬁ,

1999 3791 2165 3872 quasi
2184 3791 2316 3852 ﬁnis
2329 3792 2402 3852 sit
2436 3789 2575 3851 i500
2595 3788 2666 3849 ad
2691 3806 2868 3868 quem
2894 3798 3100 3851 natura
3120 3796 3280 3851 recta
3309 3796 3649 3861 currat,ne-

2002 3899 2291 3962 quaquam
2325 3880 2454 3942 aliis
2483 3885 2664 3955 atque
2693 3878 2823 3940 aliis
2852 3897 2916 3939 se
2947 3878 3321 3959 implectens,
3358 3876 3463 3939 sed
3485 3876 3556 3938 ad
3586 3875 3649 3939 id

2001 3971 2157 4054 quod
2185 3971 2441 4031 maxime
2475 3968 2840 4049 propositum
2875 3977 2961 4030 est
2985 3967 3247 4030 intuens.
3280 3966 3423 4030 Cum
3450 3968 3649 4047 itaque

2005 4070 2195 4122 motus
2226 4059 2298 4134 is,
2334 4060 2436 4139 qui
2486 4058 2819 4120 secundum
2850 4059 3299 4137 generationem
3344 4065 3454 4128 est,
3486 4066 3650 4118 recta

262 4149 331 4205 τὰ
364 4155 519 4205 τοῦτο
549 4156 616 4226 τῇ
648 4149 897 4225 κυκλικῇ,
931 4152 1019 4207 καὶ
1049 4152 1142 4219 τὴν
1202 4151 1423 4231 πρόοδον
1471 4153 1613 4234 ἔχει,
1686 4156 1800 4211 καθ’
1854 4156 1919 4224 ἣν

2004 4151 2123 4226 ﬁat,
2159 4158 2460 4211 auctorem
2490 4147 2916 4227 generationis,
2950 4167 3022 4210 eo
3066 4166 3183 4227 quo
3216 4147 3336 4209 Deo
3372 4147 3652 4208 convenit

261 4250 516 4294 κοινωνεῖ
543 4239 611 4306 τῆ
640 4238 757 4296 κατ’
804 4241 1010 4296 εὐθεῖαν
1064 4242 1294 4311 κινήσει,
1356 4233 1501 4300 Ἐπεὶ
1530 4233 1659 4323 γοῦν
1715 4247 1749 4309 ἡ
1801 4242 1919 4302 κατ’

2005 4242 2201 4316 modo,
2237 4248 2400 4301 recta
2432 4238 2655 4301 moveri
2685 4236 3259 4300 dicimusStabilem
3290 4244 3488 4299 autem
3519 4254 3658 4318 pro-

262 4327 474 4383 εὐθεῖαν
527 4328 732 4395 κίνησις
790 4328 873 4385 ἐπί
922 4332 1054 4386 Θεοῦ
1104 4330 1186 4387 διὰ
1243 4333 1341 4400 τὴν
1400 4338 1481 4393 εἰς
1515 4334 1718 4412 γένεσιν
1755 4336 1919 4392 αἰτίαν

2004 4348 2268 4409 gressum
2303 4338 2361 4391 et
2391 4327 2956 4405 fecundumvstatum
3005 4326 3259 4388 dicimus
3289 4325 3598 4409 obliquum
3634 4344 3650 4402 ;

262 4418 355 4473 καὶ
378 4415 598 4495 πρόοδον
655 4416 1060 4501 ἐξελαμϐένετο,
1120 4419 1459 4497 λαμϐάνομεν
1509 4426 1595 4480 καὶ
1647 4426 1744 4492 τὴν
1805 4425 1919 4481 ἑλι-

2004 4421 2138 4481 talis
2177 4419 2335 4481 enim
2397 4428 2590 4480 motus
2634 4427 2692 4479 et
2723 4417 3100 4479 stabilitatem
3136 4416 3337 4487 habet,
3370 4415 3653 4497 quoniam

261 4504 448 4573 κοειδῆ
502 4508 731 4580 κίνησιν,
791 4514 869 4575 πῆ
929 4510 1049 4585 μὲν,
1110 4512 1178 4578 ἡς
1222 4512 1295 4576 εἷς
1366 4511 1489 4568 athe
1549 4519 1912 4590 καταντῶσαν,

2004 4509 2140 4577 licet
2171 4509 2463 4571 inclinare
2493 4507 2690 4583 iaciat,
2725 4524 2961 4569 rursum
2995 4506 3056 4568 in
3087 4505 3324 4586 eodem,
3368 4506 3544 4567 etiam
3583 4522 3655 4568 ex

262 4594 351 4650 διὰ
383 4598 444 4651 τὸ
469 4598 734 4675 σταθερὸν,
770 4600 865 4672 ζπῆ
920 4599 975 4654 δὲ
1028 4601 1100 4662 ὡς
1159 4601 1563 4681 προερχομένην
1620 4603 1671 4669 ἐξ
1730 4604 1919 4671 ἑαυτῆς

2006 4618 2196 4680 mque,
2235 4598 2530 4678 prioribus
2559 4597 2887 4659 secundum
2932 4596 3141 4659 eadem
3165 4603 3225 4658 et
3253 4594 3654 4656 communicat

263 4682 351 4741 διὰ
405 4687 467 4740 τὸ
537 4687 610 4751 εἰς
641 4690 705 4742 τὰ
734 4689 1012 4764 ποιήματα
1042 4688 1282 4767 γόνιμον,
1319 4690 1484 4747 Πάλιν
1528 4693 1626 4757 τὴν
1657 4695 1791 4749 κατὰ
1821 4694 1919 4750 κύ-

2007 4689 2198 4770 quoad
2235 4690 2346 4751 hoc
2388 4706 2523 4749 cum
2579 4687 2879 4760 circulari,
2915 4695 2971 4748 et
3018 4702 3398 4767 progressum
3448 4683 3650 4760 habet,

263 4772 393 4830 κλον
450 4772 677 4852 λέγομεν
733 4776 963 4856 κίνησιν,
1009 4775 1093 4834 διὰ
1124 4781 1183 4836 τὸ
1227 4781 1441 4852 ταύτὸν,
1471 4783 1557 4837 καὶ
1597 4780 1677 4838 ὅτι
1707 4782 1919 4863 συνέχει

2004 4782 2331 4843 secundum
2353 4795 2530 4855 quem
2553 4778 3104 4839 communicatcum
3127 4783 3290 4836 motu
3309 4773 3651 4863 recto.Cum

260 4864 440 4920 πάντα
474 4904 492 4923 .
526 4866 835 4938 Σημείωσαι
882 4867 1004 4947 γὰρ,
1040 4866 1120 4924 ὅτι
1175 4867 1241 4925 τοὶ
1295 4867 1693 4949 ὑπερϐεϐηκότα
1735 4861 1918 4949 περιέ-

2005 4868 2203 4949 itaque
2225 4876 2422 4930 motus
2443 4874 2642 4927 rectus
2672 4865 2734 4927 in
2765 4864 2887 4928 Deo
2920 4884 3094 4928 causa
3132 4861 3533 4942 generationis
3565 4869 3655 4924 at-

264 4973 359 5032 χει
389 4954 456 5009 τὰ
485 4951 880 5021 ὕποϐεϐηκότα,
945 4949 1126 5036 ’Ἄκρα
1172 4965 1295 5036 γοῦν
1326 4959 1485 5016 κάλεῐ
1521 4961 1608 5022 τὰς
1665 4959 1919 5017 ἀνωτάτω

2007 4977 2126 5039 que
2157 4954 2556 5039 processionis
2584 4963 2860 5033 acceptus
2888 4957 2985 5037 sit,
3032 4955 3361 5036 accipimus
3417 4970 3658 5035 quoque

263 5041 514 5117 δύναμεις
573 5043 660 5099 καὶ
714 5044 1111 5117 πλησιαζούσας
1156 5054 1294 5121 Θεῷ,
1341 5048 1504 5123 μέσας
1562 5047 1615 5105 δε
1662 5049 1755 5113 τὰς
1806 5040 1923 5124 μετ’

264 5131 471 5195 ἐκείνας
503 5133 623 5209 μὲν,
680 5134 785 5190 τῶν
817 5133 871 5190 δὲ
922 5136 1184 5203 αἰσθητῶν
1238 5138 1484 5194 ἁπάντων
1517 5138 1921 5219 ὑπερκειμένας,

266 5224 331 5279 Αἱ
362 5220 460 5296 μὲν
504 5221 591 5278 οὖν
621 5222 885 5281 ἂνώταται
947 5225 1255 5306 περιέχουσι
1281 5231 1374 5292 τὰς
1423 5228 1614 5309 μέσας,
1647 5230 1698 5285 αἱ
1728 5227 1781 5285 δὲ
1827 5231 1925 5305 μέ-

268 5311 455 5368 σαιτᾶ
493 5312 739 5379 αἰσθητά,
805 5314 867 5372 Ὀ
919 5314 1098 5391 μέντοι
1160 5318 1289 5381 Θεὸς
1343 5316 1549 5376 ἅπαντα
1578 5318 1816 5399 πέοιέχει
1854 5321 1929 5383 ὡς

267 5399 461 5464 κύκλος
516 5402 582 5458 τὰ
653 5403 797 5470 ἐντος
827 5408 985 5464 αὐτοῦ
1015 5407 1208 5483 πάντα,
1242 5410 1329 5464 καί
1373 5409 1446 5472 εἷς
1478 5408 1662 5466 ἑαυτὸν
1693 5411 1764 5473 ὡς
1798 5412 1928 5490 πρὸς

271 5489 452 5573 αἴτιον
493 5489 818 5573 ἐπιστρέφει.

2013 5056 2231 5110 motum
2286 5045 2615 5126 obliquum,
2672 5044 2882 5126 partim
2946 5045 3213 5126 quidem,
3256 5053 3533 5125 tanquam
3597 5041 3656 5104 in

2012 5137 2170 5200 idem
2226 5143 2624 5207 remeantem,
2678 5143 2918 5217 propter
2965 5133 3407 5207 constantiam;
3443 5131 3654 5213 partim
3741 5198 3745 5205 ,
3824 5188 3825 5195 η

2012 5245 2151 5289 vero
2183 5233 2458 5308 tanquam
2484 5242 2555 5287 ex
2578 5222 2708 5306 ipso
2740 5224 3159 5306 prodeuntem,
3210 5229 3457 5305 propter
3483 5235 3655 5283 crea-

2015 5327 2277 5380 turarum
2308 5316 3022 5379 fecunditatem.Rursum
3042 5311 3397 5377 circularem
3429 5315 3654 5371 motum

2012 5407 2266 5471 dicimus
2292 5414 2533 5488 propter
2549 5404 3006 5487 identitatem,et
3033 5401 3189 5484 quod
3217 5399 3418 5464 omnia
3460 5396 3658 5488 coniti-

2014 5507 2172 5560 neat.
2206 5487 2357 5560 Nota
2379 5495 2565 5576 enim,
2597 5494 2909 5576 superiora
2938 5491 3247 5557 continere
3277 5488 3377 5553 illa
3404 5506 3540 5571 qua;
3569 5487 3657 5550 in-

272 5568 499 5642 feriere
528 5568 689 5642 sunt.
716 5568 996 5647 Extrema
1027 5585 1209 5666 igitur
1236 5594 1405 5651 vocat
1448 5578 1757 5672 supremas
1788 5587 1921 5652 illas
1977 5586 2224 5650 virtutes
2256 5585 2499 5669 Deoque
2528 5568 2914 5666 propinquas,
2950 5579 3177 5672 medias
3215 5568 3516 5672 veroque
3555 5577 3655 5661 ip-

276 5689 372 5739 sas
408 5677 722 5754 sequntur,
759 5671 1073 5739 inferiores
1102 5675 1384 5764 denique,
1415 5668 1653 5742 naturas
1678 5678 1946 5742 omnium
1974 5676 2308 5741 sensilium.
2342 5668 2651 5759 Suprema
2685 5675 2882 5759 itaque
2910 5671 3217 5736 continent
3246 5668 3500 5750 medias,
3534 5687 3660 5734 mo-
