4052 6196
159 281 164 286 ‘
238 261 370 326 945

734 261 833 322 DE
875 260 1174 325 DIVINIS
1216 261 1670 336 NOMINIBUS,
1717 261 1883 325 CAP.
1928 262 2007 322 X.
2041 291 2118 306 --
2161 257 2597 324 PARPAHPR.
2642 212 3160 328 PACHYMER/E.

3533 269 3653 336 946

240 398 406 454 αὐτὸν
451 400 596 454 θεῖον
631 393 904 452 ὠδίνουσιν
964 393 1158 473 ἔρωτα.
1225 387 1287 453 Ἠ
1344 393 1401 452 δὲ
1453 393 1618 476 λέξις,
1649 394 1755 453 ἆπᾶ
1801 403 1898 453 τῶι

1998 402 2184 456 torem
2208 403 2531 483 agnoscant
2553 395 2818 458 divinum
2845 377 2984 476 erga
3006 404 3200 479 ipsum
3224 416 3488 464 amorem
3515 422 3624 483 par

241 488 622 563 xaiaxo‘pévwv
651 482 942 564 ληφθεῖσα,
975 483 1140 553 δηλοῖ
1164 486 1265 553 τὴν
1323 488 1444 543 οἷον
1475 484 1529 541 ἐν
1567 485 1700 561 ἡμῖν
1757 508 1916 566 φυσι-

239 578 345 644 κὴν
401 576 653 655 διάθεσιν,
687 574 784 631 καὶ
830 574 922 655 ἀφ’
957 575 1106 657 ἡμῶν
1136 576 1364 657 φυσικὴν
1417 575 1592 654 ὄρμὴν
1649 576 1786 655 πρὸς
1823 577 1916 633 τον

236 665 565 745 δημιουργὸν
614 663 712 722 καὶ
757 663 988 730 κίνησιν.
1023 656 1113 732 Ὠς
1153 656 1260 745 ίγᾰρ
1296 665 1326 733 ἧ
1387 669 1477 744 γῆ,
1512 664 1912 742 θερμαινομένη

234 764 317 830 τῷ
368 755 528 835 ἡλίῳ,
572 756 706 834 πρὸς
744 751 942 817 ὠδῖνας
987 752 1320 833 διεγείρεται,
1353 752 1494 811 οὕτω
1552 755 1641 812 καὶ
1672 756 1707 823 ἡ
1765 777 1912 828 καρ-

235 845 347 921 δία,
407 847 468 903 τὸ
525 844 742 924 ἑραστὸν
795 845 852 900 ἣν
906 847 1070 922 ἔαυτῇ
1135 845 1510 925 περιφέρουσα,
1569 842 1742 901 ὠδίνει
1811 845 1911 901 τὸν

241 935 422 1014 ἔρωτα
435 981 448 996 .

323 1119 351 1192 §
407 1111 476 1178 ΙΙ.
523 1112 755 1182 Παλαιὸς
813 1113 869 1171 δὲ
896 1113 1110 1194 ἡμερῶν
1161 1115 1407 1191 δμνεϊται
1466 1116 1494 1171 6
1526 1116 1657 1180 Θεὸς
1715 1113 1801 1172 διὰ
1834 1116 1896 1171 τὸ

240 1210 385 1263 εἴναι
434 1205 526 1262 τὸν
557 1206 713 1262 αὐτὸν
743 1205 909 1262 αἰῶνα
933 1210 1039 1261 τῶν
1083 1204 1311 1262 αἰωνίων
1369 1203 1636 1284 ἀγγέλων
1682 1205 1902 1268 τούτους

241 1297 347 1374 γὰρ
399 1298 522 1352 εἷπε
569 1295 826 1373 πρότερον
868 1294 1135 1371 αἰωνίους,
1165 1295 1238 1360 ὡς
1289 1294 1501 1374 αἰῶνος,
1537 1293 1893 1375 μετέχοντας,

241 1386 307 1441 οὔ
352 1384 460 1461 μὴν
489 1381 544 1440 δὲ
581 1386 654 1442 ὡς
706 1384 998 1464 ἂνάρχους.
1050 1383 1250 1462 Χρόνον
1276 1380 1332 1439 δὲ
1382 1387 1490 1440 τῶν
1520 1384 1622 1440 ὑπὸ
1674 1382 1898 1463 χρόνον,

243 1476 494 1532 ἁπαντων
531 1471 790 1541 ,δηλονότι
819 1479 926 1530 τῶν
969 1475 1272 1552 γεγονότων
1323 1473 1458 1549 μετὰ
1487 1472 1589 1541 τὴν
1643 1493 1905 1551 παραγω-

240 1565 348 1642 γὴν
396 1569 488 1620 τοῦ
517 1562 761 1642 οιδρανοό,
794 1565 853 1620 οὗ
910 1569 980 1640 τῇ
1019 1563 1227 1634 κινήσει
1288 1565 1316 1618 6
1363 1562 1557 1642 χρόνος
1615 1561 1902 1640 εἰσάγεται.

241 1654 468 1733 Λέγεται
525 1650 580 1708 δὲ
611 1653 708 1709 καὶ
760 1651 956 1733 χρόνος
989 1651 1083 1709 καί
1134 1652 1263 1708 αἰὼν
1318 1652 1405 1708 καὶ
1462 1651 1636 1728 ἡμέρα
1666 1653 1694 1708 ὃ
1752 1652 1903 1730 Θεὸς,

1998 486 2250 547 turiunt.
2298 481 2661 547 Vocabulum
2702 494 2898 548 autem
2930 486 3044 550 hoc
3093 507 3128 549 a
3176 481 3652 569 parturientibus

1998 581 2333 654 acceptum,
2356 573 2620 637 declarat
2643 575 3084 656 quodammodo
3110 577 3173 640 in
3195 581 3368 642 nobis
3389 583 3652 646 ali‘ectio-

1999 680 2136 754 nem
2170 663 2521 740 naturalem,
2554 671 2664 726 eta
2685 673 2899 754 natura
2929 665 3100 728 nobis
3127 667 3367 730 insitam
3396 691 3656 754 propen-

2000 752 2231 816 sionem
2266 770 2333 815 ac
2365 753 2690 816 motionem
2733 753 2804 816 ad
2863 755 3232 822 Creatorem.
3285 761 3451 823 Sicut
3482 752 3642 824 enim

1995 848 2154 933 terra
2187 843 2314 904 sole
2361 842 2644 933 calefacta
2697 843 2770 905 ad
2830 845 3204 925 paritudines
3257 859 3640 933 provocatur;

1989 931 2080 994 sic
2111 939 2170 993 et
2197 950 2322 1007 cor,
2357 932 2418 994 id
2447 932 2608 1010 quod
2639 932 2910 997 amabile
2944 943 3032 997 est
3063 935 3125 998 in
3159 937 3356 1020 seipse
3389 931 3647 1004 circum-

1989 1020 2212 1094 ferens,
2242 1040 2510 1084 amorem
2541 1023 2818 1104 parturit.

2070 1110 2208 1172 507
2238 1111 2266 1190 §
2295 1109 2654 1192 ILAntiquis
2674 1129 2811 1176 vero
2836 1112 3069 1177 dierum
3095 1115 3439 1181 celebratur
3463 1119 3642 1198 Deus,

1990 1201 2130 1283 quia
2161 1203 2290 1282 ipse
2320 1210 2410 1263 est
2438 1219 2624 1263 aevum
2652 1202 2996 1281 angelorum
3029 1205 3492 1280 zeviternorum;
3536 1212 3647 1274 hos

1991 1291 2150 1354 enim
2174 1297 2349 1353 antea
2367 1298 2624 1353 aeternos
2644 1291 2900 1373 dixerat,
2921 1295 3078 1374 quod
3095 1297 3453 1378 participem
3470 1308 3649 1362 aeter-

1989 1380 2262 1461 nitatem,
2315 1399 2437 1441 non
2486 1397 2622 1442 vero
2653 1382 2818 1459 quod
2870 1384 3148 1465 principii
3189 1395 3467 1466 expertes
3496 1391 3638 1454 sint.

1989 1468 2253 1558 Tempus
2278 1479 2483 1532 autem
2515 1488 2720 1532 eorum
2755 1490 2887 1553 quae
2908 1483 3047 1535 sunt
3067 1475 3336 1555 subjecta
3364 1480 3640 1558 tempori,

1989 1557 2053 1620 id
2083 1568 2173 1621 est
2204 1577 2411 1620 eorum
2442 1561 2708 1621 omnium
2743 1579 2872 1641 quae
2893 1561 3042 1624 facta
3065 1572 3203 1626 sunt
3234 1575 3366 1646 post
3395 1557 3637 1643 coelum,

1990 1667 2062 1711 ex
2092 1651 2264 1728 cujus
2297 1656 2459 1710 motu
2481 1649 2684 1711 existit
2717 1659 2977 1732 tempus.
3011 1652 3242 1716 Dicitur
3256 1663 3454 1717 autem
3485 1659 3644 1723 Deus

237 1744 570 1819 θεοπρεπῶς,
601 1743 674 1806 ὡς
723 1740 1119 1822 ἀμετάϐλητος,
1152 1740 1235 1798 ὅτι
1270 1742 1336 1798 τὰ
1379 1741 1552 1798 πάντα
1600 1740 1655 1798 ἐν
1705 1743 1898 1801 τούτοις

1991 1747 2049 1800 et
2078 1746 2340 1817 tempus,
2375 1746 2434 1799 et
2461 1756 2674 1812 savum,
2731 1748 2793 1800 et
2832 1740 2965 1803 dies
2997 1760 3068 1804 eo
3099 1744 3276 1806 modo
3308 1765 3427 1827 quo
3457 1745 3642 1810 Deum

239 1853 310 1908 με
322 1829 690 1890 ταϐαλλονται’
762 1832 894 1888 αὒτᾶ
952 1829 1008 1888 δέ
1081 1827 1430 1908 ἀμετάϐλητα
1501 1828 1714 1902 μένουσι
1772 1829 1909 1886 κατὰ

235 1925 302 1980 τὸ
358 1925 499 1978 εἶναι
529 1919 758 2002 χρόνους
816 1922 908 1978 καὶ
957 1919 1190 2000 ἡμέρας.
1247 1922 1307 1979 Εἰ
1356 1920 1458 2000 γὰρ
1513 1917 1906 1996 μετεϐάλλοντο

235 2010 357 2069 κατ’
413 2009 611 2084 οὗσίάν,
651 2017 796 2068 πᾶσα
842 2009 895 2067 δὲ
928 2008 1204 2087 μεταϐολὴ
1235 2009 1290 2068 ἑν
1332 2010 1536 2090 χρόνῳ,
1570 2006 1760 2084 ἔμελλε
1821 2012 1906 2068 καὶ

241 2103 278 2170 ἡ
311 2099 583 2179 μεταϐολὴ
613 2107 706 2157 τοῦ
759 2123 956 2181 χρονου
985 2100 1042 2158 ὲν
1099 2099 1284 2180 χρόνῳ
1335 2102 1593 2179 γίνεσθαι,
1624 2099 1716 2156 καὶ
1767 2098 1904 2170 ποίῳ

244 2192 421 2266 τούτῳ
450 2195 544 2251 οὒκ
568 2189 716 2248 οἶδα·
769 2190 906 2249 κατᾶ
936 2190 997 2246 τὸ
1028 2189 1172 2247 εἶναι
1201 2187 1257 2244 δὲ
1317 2188 1514 2269 χρόνον
1543 2190 1636 2244 καί
1695 2186 1902 2266 ἡμέρας

242 2282 370 2339 εἶπε
426 2283 488 2338 τὸ
545 2280 717 2340 αὐτῶν
791 2277 1187 2357 ἀμετάϐλητον.
1257 2276 1420 2337 Ἐπεὶ
1478 2278 1824 2359 παρακατιὼν
1876 2279 1904 2333 6

236 2371 391 2449 ἅγιος
446 2370 501 2427 ἒν
542 2369 828 2427 ἀλλοιώσει
880 2367 1023 2427 εἴποι
1065 2371 1160 2426 τὸν
1210 2369 1429 2449 χρόνον·
1486 2369 1516 2425 ὃ
1546 2368 1643 2426 καῖ
1697 2366 1902 2425 δοτέονο

236 2459 386 2538 θέρος
443 2461 544 2540 γὰρ
593 2459 689 2517 καὶ
748 2458 842 2539 ἔαρ
899 2458 1228 2538 φθινόπωρον
1289 2460 1376 2516 καὶ
1423 2458 1660 2539 χειμὼν,
1705 2461 1759 2515 αἱ
1813 2466 1906 2518 τοῦ

240 2550 440 2630 χρόνου
492 2548 833 2613 ἀλλοιώσεις.
868 2546 1020 2607 Οὕτω
1069 2555 1198 2627 γοῦν
1226 2548 1535 2627 θεοπρεπῶς
1584 2549 1676 2605 καὶ
1705 2550 1734 2605 6
1775 2549 1907 2613 Θεὸς

240 2639 323 2696 ἆεὶ
384 2640 691 2713 κινούμενος
769 2636 854 2718 ἐφ’
913 2638 1100 2695 ἑαυτοῦ
1159 2637 1332 2713 μένει,
1394 2641 1492 2696 Καὶ
1559 2641 1760 2717 τρίτον,
1823 2635 1905 2693 ὅτι

1990 1828 2184 1908 decet,
2215 1833 2510 1908 quatenus
2544 1827 2933 1892 immutabilis
2963 1840 3053 1893 est
3085 1853 3101 1908 ;
3133 1835 3412 1914 quoniam
3445 1837 3645 1901 omnia

1989 1935 2122 1999 quae
2152 1925 2291 1978 sunt
2338 1918 2402 1979 in
2451 1916 2544 1978 his
2590 1919 2972 2010 mutationem
3009 1923 3272 2002 capiunt,
3306 1924 3438 2004 ipsa
3470 1945 3638 2010 vero,

1990 2015 2291 2087 quatenus
2323 2014 2594 2087 tempora
2623 2015 2683 2070 et
2712 2007 2843 2070 dies
2873 2018 3032 2085 sunt,
3067 2012 3374 2077 immutata
3409 2007 3646 2095 perma-

1989 2107 2158 2161 neut.
2179 2099 2329 2160 Nam
2343 2096 2395 2158 si
2417 2096 2743 2159 secundum
2761 2101 3078 2162 essentiam
3106 2111 3640 2179 mutarentur,cum

1986 2188 2180 2250 omnis
2201 2187 2446 2249 mutatio
2469 2187 2532 2247 in
2559 2194 2832 2268 tempore
2851 2189 2974 2266 ﬁat,
3002 2189 3254 2256 deberet
3278 2193 3458 2256 etiam
3497 2215 3640 2258 mu-

1987 2279 2129 2339 tatio
2157 2276 2446 2358 temporis
2473 2277 2535 2338 in
2568 2285 2834 2358 tempore
2875 2278 3024 2354 ﬁeri,
3074 2281 3234 2361 quali
3283 2291 3480 2345 autem
3515 2286 3637 2359 illo,

1987 2385 2107 2428 non
2138 2366 2293 2443 scio;
2319 2373 2610 2447 quatenus
2635 2375 2836 2429 autem
2869 2367 2997 2429 dies
3029 2377 3266 2450 tempus
3296 2380 3458 2452 sunt,
3491 2372 3642 2436 dixit

1990 2456 2064 2518 iis
2080 2474 2321 2537 quoque
2334 2463 2676 2537 competere
2690 2455 2768 2517 im
2779 2456 3253 2523 mutabilitatem.
3271 2459 3416 2523 Cum
3431 2463 3489 2524 in
3507 2482 3643 2543 pro-

1990 2564 2198 2626 gressu
2239 2546 2336 2608 hic
2375 2551 2618 2609 sanctus
2665 2545 2904 2623 dixerit,
2952 2558 3193 2630 tempus
3225 2551 3283 2612 in
3318 2553 3641 2617 mutatione

1990 2637 2345 2717 consistere;
2370 2637 2486 2697 hoc
2509 2635 2684 2698 etiam
2706 2637 3156 2701 concedendum
3177 2649 3266 2702 est
3294 2660 3309 2701 :
3338 2641 3636 2719 siquidem

239 2730 325 2785 xui
388 2731 462 2793 ὡς
522 2726 699 2791 αἴτιος
759 2729 952 2786 αὐτῶν*
1014 2725 1268 2805 ἐλέγομεν
1323 2727 1424 2805 γὰρ
1480 2727 1569 2783 καὶ
1621 2727 1898 2807 πρότερον,

1991 2735 2165 2788 aestas
2214 2734 2274 2787 et
2319 2742 2444 2800 ver,
2494 2733 2814 2788 autumnus
2866 2736 2925 2788 et
2958 2727 3154 2791 hiems
3184 2738 3321 2792 sunt
3354 2731 3640 2812 temporis

240 2817 321 2875 ὅτι
381 2818 446 2874 τὰ
477 2818 651 2874 πάντα
709 2815 920 2894 λέγεται
952 2819 980 2873 6
1035 2817 1166 2882 Θεὸς
1216 2818 1291 2880 ὥς
1349 2813 1525 2881 α’(τιος
1575 2815 1636 2873 έκ
1666 2821 1773 2872 τῶν
1816 2816 1898 2872 αἶ-

1992 2814 2372 2879 mutationes.
2399 2814 2714 2896 Sicitaque
2731 2815 2908 2878 etiam
2934 2818 3118 2900 Deus,
3144 2819 3320 2880 modo
3352 2822 3475 2884 Deo
3499 2840 3637 2884 con-

237 2914 458 2986 τιατῶν,
487 2909 532 2963 εἰ
574 2909 658 2964 καὶ
688 2906 819 2985 ὑπὲρ
879 2907 1053 2964 πάντα
1105 2906 1239 2967 ἐστί.
1303 2907 1398 2962 Διὸ
1431 2907 1516 2963 καὶ
1558 2904 1749 2967 πολιὸς
1806 2905 1898 2980 μὲν

1990 2905 2278 2985 venienti,
2301 2923 2546 2986 semper
2577 2913 2773 2967 motus
2802 2906 2863 2967 in
2894 2907 3093 2988 seipso
3120 2918 3454 2988 permanet.
3484 2909 3636 2974 Ter-

236 2997 386 3078 ὤφθη
441 3004 518 3072 τῷ
583 2997 804 3071 Δανιὴλ,
847 2994 1044 3064 λευκὴν
1075 2995 1234 3074 ἔχων
1280 2994 1516 3076 κεφαλὴν
1559 2997 1687 3053 ὡσεὶ
1740 2993 1898 3073 ἔριον¹

1988 2995 2070 3057 tio
2100 2995 2278 3057 etiam
2310 3002 2591 3075 tanquam
2613 3003 2824 3057 auctor
2847 3014 3083 3074 eorum;
3105 2997 3454 3061 dicebamus
3475 3001 3636 3062 enim

238 3087 509 3150 νεανίσκος
564 3083 618 3141 δὲ
647 3084 808 3142 πάλιν
859 3090 936 3159 τῷ
981 3083 1254 3161 Ἀϐραάμσ
1308 3086 1371 3142 τὸ
1404 3085 1526 3161 μὲν,
1559 3087 1635 3150 ὡς
1689 3084 1898 3142 πάντων

1988 3092 2184 3165 antea,
2208 3086 2395 3146 Deum
2430 3086 2633 3147 omnia
2657 3085 2772 3149 dici
2804 3095 3082 3168 tanquam
3117 3105 3352 3152 causam
3382 3109 3450 3152 ex
3483 3093 3636 3154 effe-

238 3177 296 3232 ὲκ
360 3184 492 3233 Θεοῦ
519 3197 577 3232 τε
628 3176 797 3232 θντων
829 3176 918 3233 καὶ
975 3173 1096 3251 μετ’
1150 3176 1333 3256 αὐτὸν,
1364 3177 1452 3232 καὶ
1483 3176 1752 3254 νεωτέρων
1803 3178 1898 3234 αὒ-

1988 3174 2126 3255 ctis,
2159 3174 2401 3237 tametsi
2429 3193 2609 3255 supra
2639 3176 2838 3237 omnia
2869 3178 2966 3239 sit.
3004 3179 3200 3251 Quare
3229 3178 3462 3242 Danieli
3496 3182 3633 3262 qui-

235 3273 352 3324 τοῦ*
411 3267 473 3322 τὸ
517 3264 597 3340 δὲ,
629 3265 708 3322 ὅτι
761 3265 818 3322 ἐν
865 3265 1070 3338 ἀκμαία
1116 3266 1204 3322 καὶ
1261 3264 1506 3322 εὖσταθεῒ
1547 3263 1898 3344 μακαριότητι

1988 3263 2122 3326 dem
2153 3282 2337 3326 canus
2361 3265 2658 3345 apparuit,
2681 3265 3000 3327 candidum
3030 3267 3259 3330 habens
3281 3286 3344 3331 ca
3356 3280 3456 3348 put
3477 3271 3635 3333 velut

237 3354 575 3420 ἆπαλαίωτός
618 3353 784 3411 ἐστιν’
839 3355 876 3422 ἦ
929 3352 998 3410 δι’
1048 3354 1387 3435 ἀμφοτέρων,
1416 3361 1510 3412 τοῦ
1557 3375 1614 3410 τε
1671 3351 1898 3434 πρεσϐύ-

1988 3354 2210 3435 lanam,
2235 3372 2474 3416 rursum
2498 3371 2637 3415 vero
2655 3354 2895 3432 juvenis
2919 3355 3255 3418 Abrahamo
3282 3377 3295 3422 :
3333 3359 3478 3420 illud
3506 3361 3636 3441 qui-

235 3468 329 3502 του
380 3447 467 3502 καὶ
526 3443 617 3501 τοῦ
647 3443 785 3522 νέου,
821 3442 1074 3512 δηλοῦται
1132 3445 1193 3500 τὸ
1225 3442 1276 3510 ἐξ
1333 3443 1512 3526 ἀρχῇς
1564 3442 1694 3524 ἄχρι
1721 3441 1898 3508 τέλους

1988 3444 2323 3524 dem,quod
2338 3444 2540 3507 omnia
2563 3462 2634 3506 ex
2653 3443 2777 3508 Deo
2801 3445 2944 3526 sint,
2963 3455 3020 3508 et
3044 3455 3175 3527 post
3196 3449 3412 3528 ipsum,
3441 3469 3632 3531 eoque

234 3533 322 3591 8ιᾶ
383 3535 596 3591 πάντων
625 3537 730 3590 τῶν
784 3533 1093 3610 κτισμάτων
1148 3533 1391 3612 προϊέναι
1448 3532 1630 3590 αὐτόν’
1687 3533 1723 3601 ἢ
1783 3533 1895 3611 τρί-

1988 3534 2256 3614 iuniora;
2288 3535 2400 3596 hoc
2425 3553 2593 3616 vero,
2625 3536 2785 3613 quod
2819 3541 2878 3596 in
2911 3537 3180 3616 vigorosa
3213 3539 3632 3621 constantique

234 3647 352 3699 τον,
404 3625 580 3685 καθὼς
637 3625 725 3680 καὶ
780 3625 809 3680 6
865 3622 1230 3700 ἱεροτελεστὴς
1286 3622 1374 3680 καὶ
1436 3620 1749 3688 διδάσκαλος
1804 3628 1896 3679 τοῦ

1988 3623 2297 3686 beatudine
2344 3624 2420 3685 sit
2469 3624 2623 3686 senii
2677 3642 2926 3705 expers;
2984 3627 3070 3688 vel
3125 3644 3233 3707 per
3283 3620 3624 3710 utrumque,

238 3715 445 3792 [ἰατρὸς
505 3705 751 3792 Ἱερόθεός
803 3735 988 3793 φησιν,
1051 3713 1134 3769 ὃτι
1196 3710 1265 3769 δι’
1323 3711 1638 3793 ἀμφοτέρῶν
1692 3712 1729 3780 ἡ
1784 3713 1895 3768 θεία

233 3803 536 3883 ἀρχαιότης
595 3800 872 3876 δηλοῦται,
941 3799 1027 3858 διὰ
1083 3802 1182 3876 μὲν
1253 3810 1348 3861 τοῦ
1389 3799 1766 3882 πρεσϐυτέρου,
1812 3799 1892 3856 ὅτι

232 3894 296 3950 τό
349 3893 582 3974 ἀρχαῖον
635 3893 722 3950 καὶ
779 3897 994 3970 πρῶτον
1052 3889 1212 3958 δηλοῖ
1267 3893 1330 3949 τὸ
1387 3888 1759 3970 πρεσϐύτερονο
1811 3888 1895 3946 διὰ

236 3981 293 4037 δὲ
351 3985 445 4038 τοῦ
487 3980 767 4060 νεωτέρου,
798 3980 1012 4059 ἐπείπερ
1063 3981 1137 4045 ὡς
1169 3980 1222 4038 ἐν
1279 3981 1526 4060 ἀριθμοῖς
1568 3979 1893 4060 ἀρχηγικώ-

223 4093 374 4149 τερον
432 4072 532 4147 μὲν
580 4071 614 4137 ἡ
674 4071 864 4149 μονὰς,
925 4071 1012 4126 καὶ
1077 4071 1197 4126 κατ’
1249 4069 1468 4150 ἀριθμὸν
1525 4069 1803 4148 νεώτερον,
1865 4071 1892 4125 6

220 4160 278 4216 δὲ
325 4160 542 4239 ἀριθμός
597 4160 707 4216 ἐστι
761 4160 839 4234 τῷ
871 4158 1062 4229 πλήθει
1115 4159 1453 4240 φαινόμενος,
1487 4159 1612 4216 ὅσον
1668 4157 1891 4224 αὐξάνε-

1976 3731 2111 3775 cum
2160 3731 2368 3776 senem
2404 3722 2524 3774 tum
2553 3715 2864 3794 juvenem,
2909 3716 3298 3796 signiﬁcatur,
3344 3716 3539 3797 ipsum
3592 3739 3623 3778 ιι
3728 3783 3730 3785 ,

1979 3802 2273 3883 principio
2297 3820 2484 3883 usque
2510 3804 2584 3864 ad
2609 3803 2790 3865 linem
2812 3821 2920 3884 per
2941 3813 3246 3867 creaturas
3265 3825 3475 3868 omnes
3497 3827 3628 3887 per—

1979 3891 2182 3953 venire
2207 3913 2222 3969 ;
2247 3892 2338 3953 vel
2372 3891 2566 3967 tertio,
2595 3901 2664 3956 ut
2689 3892 2924 3954 divinus
2941 3894 3118 3974 hujus
3151 3897 3341 3957 Patris
3367 3896 3627 3958 initiator

1975 3999 2045 4044 ac
2077 3990 2411 4062 praeceptor
2431 3981 2796 4044 Hierotheus
2824 3983 2926 4063 ait,
2961 3982 3118 4064 quod
3151 3995 3402 4065 utroque
3430 3985 3625 4049 divina

1977 4071 2106 4151 ejus
2121 4070 2439 4152 antiquitas
2457 4071 2780 4152 iudicetur,
2814 4075 2892 4134 ita
2916 4081 2978 4134 ut
3005 4091 3112 4152 per
3144 4092 3349 4135 senem
3378 4077 3620 4152 quidem

1975 4159 2034 4221 id
2067 4160 2222 4241 quod
2254 4161 2560 4242 antiquum
2594 4170 2653 4223 et
2700 4163 2957 4243 primum
2993 4171 3084 4224 est
3111 4163 3484 4246 declaretur;
3521 4185 3624 4246 per

217 4272 333 4330 ται,
380 4250 610 4330 ἔμφασιν
669 4248 1078 4329 ὒστεροχρονίας
1136 4247 1277 4330 ἔχει,
1342 4251 1438 4306 Διὰ
1499 4249 1653 4307 τοῦτο
1711 4251 1739 4307 6
1790 4246 1888 4324 μὲν

1988 4253 2251 4310 ιινθηθω
2276 4268 2446 4330 vero,
2473 4251 2755 4331 quoniam
2777 4251 2932 4312 sicut
2953 4257 3011 4312 in
3037 4253 3306 4314 numeris
3331 4255 3625 4335 principao

215 4342 374 4414 Θεὸς,
410 4341 482 4403 ὡς
541 4339 716 4402 αἴτιος
769 4340 874 4394 τῶν
917 4338 1248 4416 κτισμάτων,
1283 4339 1462 4420 ἀρχῆς
1515 4340 1601 4396 καὶ
1658 4336 1885 4420 μονάδος

1969 4338 2084 4402 lior
2114 4337 2358 4419 quidem
2392 4348 2481 4402 est
2507 4341 2725 4416 unitas,
2757 4359 2891 4402 cum
2916 4340 2991 4402 sit
3015 4345 3072 4401 in
3106 4343 3372 4404 numeris
3406 4361 3622 4406 recen-

212 4429 376 4507 λόγον
432 4428 672 4508 ἐπέχωνο
725 4427 791 4485 τὰ
849 4424 903 4482 δὲ
959 4428 1245 4508 κτίσματα,
1293 4418 1391 4492 ὡς-
1431 4429 1524 4486 ἀπ’
1583 4431 1740 4485 αὒτοῦ
1796 4418 1884 4483 καἶ

1988 4427 2106 4508 Lior,
2137 4418 2448 4490 numerus
2501 4438 2707 4492 autem
2754 4429 2816 4490 iu
2869 4430 3254 4491 multitudine
3301 4450 3623 4512 apparens,

208 4504 420 4575 αἰτιατᾶ
452 4504 712 4595 πληθους,
769 4515 988 4580 εἰκότως
1021 4518 1048 4572 6
1099 4517 1198 4593 μὲν
1230 4504 1241 4508 ⁷
1264 4519 1324 4574 τὸ
1360 4517 1595 4599 ἀρχαῖον
1652 4516 1778 4591 ἕξει,
1814 4517 1879 4576 τὰ

1988 4504 2139 4578 ιῐόιιι
2189 4525 2465 4596 augetur,
2523 4519 3029 4599 posterioritatem
3063 4504 3354 4601 temporis
3373 4504 3622 4584 obtinet.

211 4606 269 4664 δὲ
341 4608 607 4683 κτίσματα
693 4607 753 4664 τὸ
852 4606 989 4682 μετὰ
1075 4613 1242 4662 ταῦτα
1340 4608 1440 4677 τῆς
1540 4608 1719 4688 ἀρχῆς
1789 4606 1877 4664 καὶ

1994 4605 2200 4668 dcirco
2227 4608 2388 4670 Deus
2409 4607 2675 4687 quidem,
2702 4617 2976 4687 tanquam
3003 4627 3175 4671 causa
3198 4619 3624 4684 creaturarum,

214 4697 460 4776 ὕστερον.
1965 4693 2253 4777 principii
2274 4703 2453 4776 atque
2475 4696 2722 4758 unitatis
2750 4697 3040 4759 rationem
3062 4697 3314 4772 habens;
3335 4709 3624 4761 creatura:

215 4803 386 4862 vero,
419 4793 700 4865 tauquam
728 4783 802 4845 ab
834 4783 962 4864 ipso
996 4791 1056 4847 et
1105 4803 1284 4847 causa
1316 4783 1718 4847 multitudinis
1754 4801 1771 4857 ;
1806 4783 1940 4865 ipse
1996 4784 2238 4865 quidem
2273 4784 2520 4849 habebit
2549 4785 2609 4847 id
2642 4787 2799 4867 quod
2833 4786 3133 4870 antiquius
3163 4796 3275 4860 est,
3311 4798 3619 4868 creaturte,

219 4893 362 4938 vero
395 4874 448 4937 id
492 4872 652 4955 quod
686 4877 821 4954 post
850 4873 1211 4955 principium
1242 4882 1302 4937 et
1333 4874 1628 4957 posterius
1655 4873 1878 4936 existit.

308 4967 340 5046 §
395 4962 497 5029 III.
538 4962 814 5022 Εἰσϐάλλει
874 4965 993 5042 περὶ
1054 4964 1215 5023 αὐτοῦ
1259 4975 1354 5026 τοῦ
1409 4965 1606 5046 χρόνου
1659 4965 1748 5022 καὶ
1795 4970 1887 5022 τοῦ

225 5058 415 5120 αἰῶνος
526 5052 724 5126 εἰπεῖν,
805 5053 1083 5132 σοφώτατο
1181 5054 1705 5136 κατασφαλιζόμενος
1793 5057 1886 5110 τὸν

222 5145 488 5224 ἀκροατὴν
565 5144 639 5208 εἰς
722 5137 1012 5218 εὐσέϐειαν,
1073 5144 1160 5200 καὶ
1232 5145 1470 5224 φάσκων,
1531 5145 1611 5220 μὴ
1685 5147 1885 5224 χρῆναι

221 5237 475 5292 ὑπονοεῖν
537 5233 605 5289 τὰ
652 5229 916 5311 λεγόμενα
971 5231 1155 5289 αἰώνια
1211 5236 1348 5293 κατὰ
1404 5237 1556 5292 τοῦτο
1609 5234 1698 5290 καὶ
1758 5254 1883 5288 συν-

224 5323 376 5381 αΐδια
447 5323 586 5380 εἶναι
637 5325 752 5394 Θεῷ
823 5321 900 5395 τῷ
955 5323 1058 5400 πρὸ
1103 5322 1334 5384 αἰώνων.
1390 5324 1466 5383 Τὰ
1521 5330 1649 5402 γοῦν
1710 5321 1886 5390 πάντη

226 5414 314 5470 καὶ
357 5410 634 5475 ἀπολότως
669 5409 903 5488 ἀγένητα
937 5411 1026 5468 καὶ
1055 5410 1204 5470 ἀίδια
1269 5413 1335 5471 τὰ
1391 5412 1477 5471 ἐπὶ
1509 5419 1641 5470 Θεοῦ
1698 5414 1886 5490 κυρίως

227 5504 436 5563 αἰώνιαι
503 5503 550 5560 οὶ
627 5499 681 5558 δὲ
745 5497 993 5580 ἄφθαρτοι
1059 5499 1281 5582 ἄγγελοι
1366 5503 1567 5564 αἱώνιοι
1643 5501 1886 5581 λέγονται

2050 4965 2080 5045 §
2113 4962 2215 5028 ΙΙΙ.
2240 4965 2454 5046 Incipit
2475 4964 2694 5046 deipso
2714 4972 2984 5046 tempore
3007 4975 3065 5030 et
3085 4970 3418 5033 aeternitate
3439 4973 3622 5034 verba

1967 5055 2187 5134 facere,
2205 5053 2644 5135 sapientissime
2671 5072 2957 5116 securum
2992 5057 3252 5120 reddens
3282 5060 3614 5122 auditorem

1969 5145 2031 5208 in
2052 5143 2366 5224 religione,
2389 5143 2531 5205 508
2558 5161 2626 5205 ac
2657 5143 2867 5206 dicens
2900 5163 3019 5208 non
3045 5147 3266 5210 debere
3293 5149 3622 5210 existimari

1970 5252 2040 5296 ea
2056 5252 2191 5313 quae
2204 5233 2746 5314 aaternadicuntur,
2764 5232 2898 5296 ideo
2914 5253 3044 5298 esse
3059 5238 3183 5300 Deo
3197 5245 3487 5298 coaeterna
3523 5237 3623 5318 qui

1970 5331 2058 5387 est
2081 5329 2218 5386 ante
2237 5325 2475 5390 saecula.
2493 5323 2576 5387 Ea
2596 5324 2823 5404 itaque,
2845 5343 2977 5404 qua;
2997 5326 3240 5388 omnino
3266 5335 3325 5387 et
3347 5325 3623 5388 absolute

1969 5413 2235 5494 ingenita
2255 5423 2313 5476 et
2338 5414 2700 5496 sempiterna
2723 5422 2859 5475 sunt
2881 5414 2941 5476 in
2965 5414 3110 5495 Deo,
3141 5415 3381 5495 proprie
3399 5423 3624 5479 aeterna

1973 5513 2145 5581 sunt;
2168 5505 2367 5584 angeli
2390 5523 2529 5569 vero
2551 5501 3063 5585 incorruptibiles,
3089 5502 3297 5565 aeterni
3320 5504 3618 5588 dicuntur,
