4052 6204
165 334 176 339 ”
248 324 372 396 949

1279 335 1378 398 DE
1419 336 1718 402 DIVINIS
1759 336 2209 418 NOMINIBUS,
2255 339 2422 402 CAP.
2471 336 2578 402 XI.

3515 331 3636 410 950

243 467 414 533 πανὸς
475 465 704 543 πόλεμον
763 465 977 534 ἐνούσης
1037 467 1110 531 εἰς
1165 467 1386 544 ὁμοειδῆ
1459 473 1744 531 συνοικίαν.
1807 479 1885 546 Τῇ

1983 469 2129 549 rligat
2154 470 2470 546 unitatem,
2500 479 2679 552 atque
2715 472 3068 536 intestinum
3103 471 3332 538 bellum
3365 473 3634 540 universi

245 563 464 637 μετοχῇ
523 563 616 632 τῇς
675 555 814 620 θείας
875 557 1088 636 εἰρήνης
1132 559 1184 613 αἱ
1239 567 1362 636 γοῦν
1411 557 1750 640 πρεσϐύτεραι
1811 561 1902 611 ίοθ

243 651 354 703 τῶν
398 649 719 725 συναγωγῶν
763 644 1033 720 δυνάμεων
1062 648 1214 706 αὗταί
1256 670 1312 704 τε
1342 649 1363 690 ί
1409 651 1540 726 πρὸς
1581 653 1766 713 ἑαυτὰς
1809 653 1897 709 καὶ

241 737 381 814 πρὸς
426 735 665 806 ἀλλήλας
717 736 977 808 ἐνοῦνται,
1009 739 1094 793 καὶ
1145 739 1274 816 πρὸς
1307 739 1404 806 τὴν
1448 739 1572 814 μίαν
1602 741 1707 796 τῶν
1758 739 1897 798 ὅλων

242 825 612 906 ε’ρηναρχίαν,
648 827 736 882 καὶ
785 827 852 882 τὰ
879 825 965 907 ὑφ’
1011 827 1198 892 ἑαυτὰς
1244 828 1444 884 ἑνοῦσιν
1492 830 1624 886 αὐτά
1652 850 1709 888 τε
1763 833 1894 908 πρὸς

241 917 426 990 ἑαυτὰ,
464 919 552 974 καὶ
581 919 712 995 πρὸς
767 915 998 992 ἄλληλα,
1031 920 1116 974 καὶ
1153 921 1284 998 πρὸς
1329 921 1426 987 τὴν
1458 922 1580 992 μίαν
1611 921 1700 977 καὶ
1753 945 1890 978 παν-

241 1007 378 1074 τελῆ
410 1007 508 1072 τῆς
535 1008 747 1062 πάντων
778 1008 992 1083 εἰρήνης
1018 1007 1194 1088 ἀρχῆν
1238 1011 1324 1066 καὶ
1355 1012 1545 1090 αἰτίαν,
1577 1010 1716 1085 ἥτις,
1750 1012 1890 1080 ἆμε-

243 1103 352 1174 ρῶς
410 1095 763 1164 ἐπιϐεϐηκυτα
812 1111 926 1162 τοῖς
977 1097 1146 1177 ὅλοις,
1179 1099 1358 1179 ὥσπερ
1420 1119 1526 1158 τισί
1576 1101 1830 1180 κλείθροις
1862 1101 1894 1151 2

237 1193 352 1242 τῶν
423 1185 759 1263 διῃρημένων
834 1203 1278 1264 σδμπτυκτικοῖς,
1324 1191 1389 1246 τὰ
1460 1213 1634 1250 παντα
1705 1194 1884 1268 ὁρίζει,

238 1276 332 1331 καὶ
403 1276 654 1354 περατοῖ,
715 1279 803 1333 καὶ
859 1277 1223 1359 ἀσφαλίζεται,
1283 1281 1372 1336 καὶ
1423 1281 1516 1336 οὒκ
1574 1279 1634 1352 ἐᾷ
1691 1280 1891 1360 διαιρε-

239 1364 403 1421 θέντα
454 1365 683 1445 χυθῆναι
715 1368 845 1445 πρὸς
879 1368 940 1422 τὸ
996 1365 1209 1446 ἄπειρον
1238 1369 1325 1423 καὶ
1374 1369 1640 1449 ἀόριστον,
1671 1370 1891 1446 ἐίταιιτα,

240 1455 336 1510 καὶ
397 1455 660 1535 ἀνίδρυτα,
715 1457 802 1513 καὶ
857 1455 1032 1532 ἔρημα
1091 1465 1223 1514 Θεοῦ
1287 1459 1600 1536 γιγνόμενα,
1661 1463 1747 1517 καὶ
1797 1467 1894 1528 τῆς

242 1545 449 1602 ἑαυτῶν
509 1546 745 1611 ἐνώσεως
793 1545 1017 1626 ἐξιόντα,
1056 1550 1141 1604 καὶ
1184 1547 1239 1604 ἐν
1296 1547 1553 1618 ἀλλήλοις
1604 1554 1896 1628 παμμιγῶς

240 1636 647 1714 συμφυρόμενα.
719 1637 840 1712 Περὶ
896 1636 991 1710 μὲν
1053 1644 1140 1693 οὖν
1192 1640 1381 1717 αὐτῆς,
1436 1637 1464 1693 ὅ
1515 1659 1562 1695 τι
1606 1639 1736 1696 ποτέ
1789 1643 1898 1696 εστι

240 1729 347 1790 τῆς
391 1725 530 1790 θείας
573 1726 786 1801 εἰρήνης
840 1727 928 1780 καὶ
980 1727 1237 1803 ἡσυχίας,
1281 1727 1346 1794 ἢν
1406 1729 1434 1784 ὁ
1477 1729 1614 1805 ἱερὸς
1667 1727 1897 1794 Ἰοῦστος

243 1813 527 1893 ἁφθεγξίαν
609 1813 793 1894 καλεῖ,
885 1815 971 1872 καὶ
1056 1817 1144 1872 επὶ
1223 1823 1394 1873 πᾶσαν
1459 1822 1898 1896 γιγνωσκομένην

243 1903 474 1983 πρόοδον
533 1903 835 1978 ἀκινησίαν,
895 1904 1041 1967 ὅπως
1103 1927 1160 1962 τε
1233 1907 1451 1984 ἠρεμεῖ,
1527 1911 1615 1965 καὶ
1670 1913 1896 1991 ἡσυχία)

245 1995 392 2073 ἷὶγει,
471 1996 556 2050 καὶ
607 1993 750 2059 ὅπως
803 1993 857 2049 ὲν
912 1996 1074 2070 ἑαυτῇ
1139 1997 1226 2052 καὶ
1285 1995 1421 2053 εἴσω
1495 1998 1689 2066 ἑαυτῆς
1761 2001 1899 2082 ἐστι,

249 2087 338 2142 καὶ
398 2085 528 2159 πρὸς
597 2083 759 2151 αὐτὴν
832 2082 964 2151 ὅλην
1039 2083 1140 2152 ὅλη
1198 2087 1556 2162 ὑπερήνωται,
1617 2089 1713 2145 καί
1785 2089 1900 2148 οὔτε

248 2175 328 2236 εἷς
406 2173 600 2240 ἑαυτὴν
682 2174 932 2253 εἶσιοῦσα,
1005 2175 1092 2231 καὶ
1159 2175 1700 2248 πολλαπλασιάζουσα
1775 2180 1900 2237 ἑαυ-

247 2264 350 2330 τὴν
383 2261 660 2320 ἀπολείπει
717 2262 811 2332 τήν
846 2263 1031 2331 ἑαυτῆς
1080 2264 1288 2340 ἕνωσιν,
1335 2265 1473 2323 ἀλλὰ
1529 2269 1622 2324 καί
1669 2270 1900 2347 πρόεισιν

250 2353 338 2409 ἐπὶ
396 2353 570 2409 πάντα
600 2352 740 2410 ἔνδον
773 2353 874 2422 ὅλη
931 2353 1164 2429 μένουσα
1195 2353 1262 2411 δι’
1292 2355 1589 2434 ὑπερϐολὴν
1620 2364 1718 2424 τῆς
1762 2360 1902 2418 πάν-

245 2459 313 2500 τα
357 2443 726 2522 ὑπερεχούσης
773 2443 1039 2522 ἒνώσεως,
1071 2443 1188 2500 οὔτε
1232 2445 1433 2526 εἰπεῖν,
1481 2445 1596 2502 οὔτε
1657 2447 1904 2515 ἐννοῆσαί

241 2556 349 2590 τινι
381 2538 492 2594 τῶν,
540 2532 728 2609 ὄντων,
765 2531 880 2590 οῧνε
923 2535 1137 2608 θεμιτὸι
1195 2533 1310 2592 οὔτε
1341 2534 1577 2615 ἐφικτόν,
1638 2534 1785 2593 Ἀλλ’
1828 2539 1900 2600 ὡς

241 2623 542 2701 ἄφθεγκτον
599 2623 685 2680 καὶ
739 2631 923 2698 τοῦτο,
969 2625 1056 2680 καὶ
1112 2623 1385 2700 ἄγνωστον
1438 2622 1523 2680 ἐπ’
1569 2625 1733 2694 αὒτὴν
1765 2626 1898 2685 ἂνα-

239 2714 449 2788 ϐἐντες,
481 2713 554 2775 ὡς
602 2713 813 2769 πάντων
875 2719 1034 2770 οὖσαν
1093 2711 1363 2792 ἐπέκεινα,
1407 2713 1500 2778 τὰς
1547 2717 1741 2782 νοητὰς
1799 2718 1899 2775 αὖ·

241 2803 342 2870 τῆς
413 2804 500 2858 καὶ
556 2802 720 2878 ῥητὰς
798 2803 1097 2876 μετουσίας,
1159 2804 1248 2860 καὶ
1304 2811 1462 2862 τοῦτο
1538 2807 1612 2867 ὡς
1683 2803 1898 2864 δυνατὸν

239 2891 486 2971 ἀνδράσι,
547 2893 632 2949 καὶ
702 2893 844 2968 ἡμῖν
897 2891 1113 2951 πολλῶν
1173 2892 1376 2975 ἀνδρῶν
1421 2895 1628 2975 ἀγαθῶν
1671 2895 1895 2976 ἆπολειέ

241 2984 524 3060 πομένοις,
561 2982 1011 3060 ἐπισκοπήσωμεν
1051 2983 1105 3046 '5.

1982 561 2052 622 ad
2086 560 2444 622 concordem
2493 562 2735 624 inducat
2781 564 3338 648 commorationem,
3373 565 3530 640 Quin
3571 573 3630 630 et

1981 650 2195 712 divina:
2246 651 2405 731 pacis
2456 651 2919 733 participatione
2953 653 3162 733 prima:
3191 653 3444 718 virtutes
3473 674 3626 718 con-

1982 741 2316 814 ciliatrices,
2353 750 2412 801 et
2444 760 2648 804 secum
2683 743 2824 822 ipsa;
2853 749 2916 804 et
2938 743 3096 804 inter
3125 761 3212 820 se,
3247 752 3306 806 et
3335 763 3470 807 cum
3506 765 3628 809 una

1984 831 2186 890 mundi
2246 849 2390 911 pace
2448 831 2638 910 prima
2681 832 3161 915 conjunguntur;
3216 834 3623 915 inferioraque

1981 927 2105 980 tum
2151 920 2278 1000 ipsa
2321 938 2524 982 secum
2576 930 2698 982 tum
2751 923 2911 983 inter
2955 940 3021 984 se
3051 922 3448 1004 conjungunt,
3495 933 3617 986 tum

1977 1027 2109 1071 cum
2142 1028 2277 1085 uno,
2309 1029 2500 1092 eoque
2531 1011 2794 1091 perfecto
2825 1012 3091 1073 omnium
3125 1013 3286 1091 pacis
3315 1013 3612 1096 principio

1977 1107 2035 1160 et
2062 1107 2336 1172 auctore,
2375 1100 2476 1183 qui
2528 1101 2598 1162 ad
2653 1103 2853 1163 omnia
2903 1101 3209 1164 individue
3257 1122 3390 1166 cum
3439 1104 3624 1181 venit,

1977 1189 2144 1269 quasi
2194 1189 2469 1251 claustris
2525 1208 2594 1251 ac
2645 1190 2830 1270 septis
2877 1189 3230 1271 quibusdam
3271 1211 3400 1274 quae
3437 1193 3628 1256 divisa

1977 1288 2114 1338 sunt
2135 1279 2396 1359 cepulat,
2427 1280 2628 1343 omnia
2651 1279 2892 1355 deﬁnit,
2919 1279 3304 1359 determinat,
3327 1291 3387 1344 et
3404 1289 3620 1363 munit;

1977 1387 2176 1444 neque
2223 1370 2504 1447 permittit
2549 1367 2740 1431 divisa
2767 1369 2829 1430 in
2861 1368 3158 1430 inﬁnitum
3202 1370 3335 1433 sine
3365 1373 3622 1436 termino

1978 1459 2253 1532 diffundi,
2291 1477 2488 1540 neque
2508 1459 2866 1535 inordinata,
2895 1465 2955 1520 et
2982 1459 3126 1522 sede
3148 1461 3431 1536 carentia,
3458 1464 3621 1526 Deo-

1982 1566 2099 1626 que
2117 1548 2419 1623 destituta,
2445 1567 2613 1611 suam
2633 1549 2922 1612 unitatem
2944 1567 3206 1628 egressa,
3231 1549 3344 1612 sibi
3367 1552 3620 1614 invicem

1981 1639 2227 1699 confuse
2280 1639 2539 1702 misceri.
2590 1637 2677 1700 De
2730 1640 2860 1717 ipsa
2915 1637 3097 1718 igitur
3137 1638 3334 1702 divina
3380 1659 3524 1721 pace
3555 1658 3626 1704 ac

1980 1728 2237 1808 silentio,
2272 1747 2446 1808 quam
2480 1737 2718 1790 sanctus
2757 1731 2960 1790 Justus
3009 1736 3174 1790 vocat
3227 1728 3624 1794 insonautiam

1983 1826 2040 1880 et
2069 1817 2545 1880 immobilitatem
2599 1819 2671 1880 ad
2723 1835 2962 1880 omnem
3010 1818 3446 1881 emanationem
3495 1836 3628 1900 qua;

1983 1907 2379 1985 cognoscitur,
2396 1907 2677 1988 quidnam
2703 1907 2940 1969 tandem
2955 1907 3054 1989 sit,
3073 1909 3447 1988 etquomodo
3470 1908 3628 1971 Deus

1984 1998 2251 2076 quiescat
2277 2009 2336 2059 et
2358 1998 2554 2071 sileat,
2588 2005 2647 2058 et
2671 1996 2970 2076 quomodo
2998 1997 3054 2058 in
3085 2015 3152 2059 se
3180 2005 3239 2059 et
3257 1997 3414 2060 intra
3435 2016 3500 2060 se
3524 1998 3624 2078 sit,

1988 2097 2049 2148 et
2080 2097 2239 2150 totus
2268 2107 2470 2149 secum
2500 2087 2575 2148 sit
2599 2106 2776 2168 supra
2801 2106 2976 2169 quam
3003 2087 3224 2162 unitus,
3251 2096 3310 2149 et
3339 2106 3448 2150 nec
3473 2087 3536 2150 in
3557 2106 3626 2151 se

1988 2177 2351 2254 ingrediens,
2387 2184 2442 2238 et
2475 2197 2539 2239 se
2569 2177 2695 2257 ipse
2731 2176 3141 2256 multiplicans
3181 2175 3418 2240 deserat
3446 2177 3626 2240 unio-

1987 2285 2154 2348 nem;
2189 2268 2334 2347 quin
2370 2267 2563 2345 potius
2590 2267 2662 2328 ad
2694 2266 2895 2327 omnia
2941 2265 3246 2346 egreditur
3279 2272 3434 2327 totus
3463 2266 3627 2329 intus

1989 2375 2255 2431 manens,
2290 2365 2532 2436 pr0pter
2578 2355 2990 2419 excellentiam
3022 2355 3261 2416 unionis
3289 2354 3489 2416 omnia
3517 2374 3623 2417 su-

1991 2447 2273 2526 perantis,
2300 2463 2495 2526 neque
2523 2446 2723 2507 dicere
2756 2463 2950 2526 neque
2991 2445 3246 2522 cogitare
3278 2443 3383 2505 ulli
3417 2463 3624 2507 eorum

1987 2535 2085 2616 qui
2135 2543 2272 2596 sunt
2320 2537 2404 2597 fas
2453 2543 2564 2616 est,
2613 2552 2808 2615 neque
2851 2531 3157 2614 possibile.
3193 2531 3311 2597 Sed
3344 2551 3479 2596 cum
3511 2535 3624 2598 hoc

1983 2625 2248 2706 alioquin
2321 2625 2517 2704 eloqui
2599 2643 2716 2685 non
2787 2623 3122 2704 possimus,
3208 2641 3320 2685 nec
3387 2624 3626 2706 assequi

1982 2717 2123 2775 ξ’)ιο
2172 2713 2584 2795 intelligendo,
2639 2712 2712 2775 ad
2765 2715 2953 2793 ipsam
3003 2720 3200 2775 tamen
3231 2711 3486 2775 divinam
3519 2732 3626 2795 pa-

1982 2822 2146 2877 cem,
2200 2812 2266 2866 ut
2307 2804 2460 2864 ultra
2507 2803 2710 2866 omnia
2763 2801 3056 2883 positam,
3111 2819 3352 2863 sursum
3411 2804 3621 2880 evecti,

1982 2894 2462 2975 participatioues
2495 2894 2646 2973 ejus,
2706 2910 2842 2971 qua)
2890 2891 3301 2968 intelliguntur
3332 2903 3394 2953 et
3423 2893 3626 2954 nomi-

1982 2993 2216 3064 nantur,
2251 2981 2455 3064 idque,
2487 2991 2778 3060 quantum
2811 2981 3084 3044 homines
3115 2981 3204 3061 (et
3232 2999 3340 3042 nos
3365 2999 3624 3062 praeser-

1981 3078 2083 3136 tim
2107 3080 2210 3155 qui
2242 3073 2444 3136 multis
2476 3071 2648 3134 bonis
2677 3070 2820 3133 viris
2853 3074 3111 3152 impares
3141 3070 3370 3150 sumus)
3404 3088 3621 3135 conse-

1977 3163 2076 3245 qui
2105 3180 2446 3246 possumus,
2475 3160 2878 3224 attendamus.

1859 3293 1889 3372 §
1932 3293 2008 3355 ιι.

327 3421 428 3479 Καὶ
484 3421 692 3500 πρῶτόν
721 3440 782 3499 γε
839 3429 993 3479 τοῦτο
1021 3421 1232 3498 ῥητέον,
1265 3421 1347 3478 ὅτι
1391 3421 1487 3490 τῆς
1539 3421 1886 3499 αὒτοειρήνης

2054 3418 2142 3480 Ac
2177 3416 2430 3498 primum
2464 3416 2704 3497 quidem
2739 3419 2854 3480 hoc
2885 3418 3210 3482 dicendum
3243 3427 3354 3492 est,
3390 3426 3452 3481 ut
3485 3436 3623 3481 cum

237 3512 331 3568 καὶ
393 3509 670 3576 τῆς,ὅλης
727 3510 814 3566 καὶ
856 3515 956 3579 τῆς
1014 3508 1132 3567 καθ’
1163 3510 1388 3569 ἕκαστόν
1440 3509 1584 3568 ἐστιν
1616 3510 1897 3574 ὺποστάτις

1984 3525 2092 3588 per
2121 3525 2184 3568 se
2217 3506 2401 3585 pacis,
2439 3513 2562 3567 tum
2599 3507 2952 3573 universalis
2993 3525 3062 3570 ac
3113 3506 3483 3588 particularis
3523 3525 3630 3587 pa-

240 3601 333 3656 καῖ
382 3599 464 3656 ὅτι
515 3597 685 3656 πάντα
745 3601 876 3678 πρὸς
935 3599 1146 3667 ἄλληλα
1196 3602 1567 3680 συγκεράννυσι
1621 3602 1756 3658 κατᾶ
1798 3601 1897 3668 τὴν

1983 3597 2091 3670 cis,
2145 3595 2396 3658 etfector
2451 3595 2503 3658 si
2556 3595 2684 3675 ipse
2734 3595 2916 3672 Deus,
2952 3605 3012 3658 et
3055 3605 3120 3660 ut
3150 3597 3351 3660 omnia
3382 3597 3539 3660 inter
3563 3613 3634 3660 se

241 3689 550 3770 ἀσύγχυτον
610 3688 779 3744 αὒτιῦν
843 3689 1054 3764 ἕνωσιν,
1099 3687 1218 3746 καθ’
1277 3691 1343 3759 ἣν
1398 3689 1702 3770 ἆδιαιρέτωξ
1749 3693 1897 3758 ἡνω-

1985 3695 2209 3760 mutuo,
2245 3684 2490 3745 minime
2521 3685 2767 3747 confusa
2799 3685 3062 3763 ipsorum
3101 3689 3260 3748 inter
3309 3705 3378 3749 se,
3429 3693 3632 3747 mutuo

241 3780 407 3858 μένα,
439 3781 526 3834 καὶ
556 3776 881 3843 ἆδιαστάτως
933 3778 1080 3854 ὅμως
1112 3779 1373 3858 ἀκραιφνῇ
1420 3780 1557 3837 κατὰ
1586 3782 1648 3836 τὸ
1697 3776 1895 3837 οἰκεῖον

1983 3774 2426 3852 conjunctione,
2452 3774 2863 3847 commisceat;
2887 3774 3633 3855 quaconjunctionecohte-

241 3868 441 3925 έιαστα
513 3865 656 3933 εἶδος
715 3867 962 3942 ἕστηκεν,
1027 3871 1122 3926 οὐκ
1195 3868 1578 3944 ἐπιθολούμενα
1657 3867 1739 3924 διὰ
1797 3874 1896 3936 τῆς

1983 3865 2174 3926 rentia
2215 3862 2345 3924 sine
2390 3861 2682 3923 divisione
2733 3873 2790 3924 et
2820 3863 3124 3938 distantia,
3158 3864 3392 3944 singula
3435 3872 3632 3926 tamen

239 3959 378 4036 πρὸς
433 3957 501 4013 τὰ
571 3957 908 4032 ἀντικείμενα
984 3958 1245 4034 κράσεως,
1306 3958 1426 4014 οὐδὲ
1486 3957 1897 4032 ἆπαμϐλόνοντᾶ

1983 3951 2308 4014 secundum
2337 3951 2635 4032 propriam
2671 3953 2933 4032 speciem
2969 3972 3115 4034 pura
3143 3953 3498 4034 consistunt,
3528 3970 3636 4034 per

240 4069 290 4104 τι
349 4051 449 4116 τῆς
505 4046 766 4114 ἐνιοτικῆς
823 4044 1088 4124 ἀκριϐείας
1159 4048 1242 4103 καὶ
1302 4050 1686 4125 καθαρότητος.
1767 4049 1897 4104 Μίαν

1985 4042 2426 4104 concretionem
2479 4042 2912 4104 contrariorum
2962 4043 3208 4105 minime
3257 4041 3630 4124 perturbata,

242 4139 336 4195 οὖν
391 4158 510 4192 τινα
566 4137 654 4192 καὶ
703 4134 880 4201 ἁπλῆν
938 4141 1037 4202 τῆς
1087 4137 1357 4214 εἰρηνικῆς
1407 4137 1647 4201 ἐνώσεως
1693 4139 1904 4214 θεωρή-

241 4247 423 4300 σωμεν
506 4225 680 4305 φύσιν,
739 4223 956 4284 ἕνοῦσαν
1029 4226 1240 4282 ἃπαντα
1306 4227 1470 4303 ἑαυτῇ
1529 4227 1616 4282 καὶ
1691 4228 1902 4292 ἑαυτοῖς

241 4317 333 4374 καὶ
391 4313 669 4395 ἀλλήλοις,
727 4315 816 4371 καὶ
874 4313 1230 4386 διασώζουσαν
1289 4317 1460 4373 πάντα
1516 4315 1569 4372 ἐν
1615 4315 1903 4396 ἀσυγχύτῳ

243 4405 459 4462 πάντων
557 4410 763 4482 συνοχῇ
850 4404 937 4459 καὶ
1029 4407 1200 4483 ἆμιγῆ
1285 4407 1374 4462 καὶ
1468 4406 1898 4484 συγκεκραμένα,

247 4492 328 4550 Δι’
373 4494 438 4561 ἢν
491 4495 537 4550 οἱ
563 4496 698 4550 θεῖοι
749 4494 862 4556 νόες
923 4493 1191 4568 ἑνούμενοι
1242 4495 1367 4560 ταῖς
1417 4494 1656 4562 δοήσεσιν
1697 4496 1902 4551 ἑαυτῶν

246 4585 488 4640 ἐνοῦνται
569 4584 656 4638 καὶ
709 4595 827 4644 τοῖς
885 4583 1212 4657 νοουμένοις’
1274 4587 1362 4640 καὶ
1426 4588 1571 4648 αὖθις
1661 4583 1747 4640 ἐπὶ
1804 4585 1904 4652 τὴν

1988 4133 2271 4213 quoniam
2304 4139 2565 4192 exactam
2619 4127 2787 4192 iStam
2845 4131 3125 4194 unionem
3178 4151 3248 4195 ac
3304 4131 3631 4212 puritatem

1991 4223 2135 4283 nihil
2169 4221 2568 4299 interrumpit.
2603 4218 2788 4282 Unam
2817 4221 2989 4300 igitur
3020 4240 3276 4302 eamque
3297 4221 3636 4301 simplicem

1990 4321 2263 4373 naturam
2297 4308 2556 4390 paciﬁcze
2581 4309 2816 4370 unionis
2845 4311 3348 4392 contemplemur,
3373 4311 3488 4372 sibi
3521 4309 3636 4391 ipsi

1989 4411 2046 4462 et
2078 4401 2191 4462 illis
2217 4400 2364 4478 ipsis
2387 4408 2562 4480 atque
2589 4399 2834 4462 invicem
2868 4399 3070 4462 omnia
3096 4401 3500 4478 copulantem,
3524 4419 3635 4463 nec

1987 4509 2103 4552 non
2119 4491 2396 4551 universa
2417 4489 2737 4569 complexu
2758 4489 3012 4568 quodam
3033 4490 3298 4551 omnium
3321 4489 3634 4552 inconfuso

1985 4587 2434 4659 contemperata
2479 4579 2706 4656 pariter
2747 4588 2928 4658 atque
2973 4577 3351 4660 impermista
3383 4597 3635 4642 conser-

244 4671 520 4749 ἄγνωστον
577 4669 911 4728 ἀναϐαίνουσι
964 4678 1068 4727 τῶν
1101 4673 1229 4751 ὑπὲρ
1271 4683 1390 4732 νοῦν
1443 4672 1736 4751 ἱδρυμένων
1771 4695 1897 4728 συν-

1985 4679 2246 4730 vantem.
2283 4665 2398 4728 Per
2448 4667 2602 4728 hanc
2635 4667 2846 4728 divinae
2895 4677 3124 4730 mentes
3165 4669 3474 4748 copulatae,
3507 4668 3638 4732 suis

245 4763 409 4840 αφήν.
448 4761 531 4816 Δι’
575 4762 641 4828 ἢν
671 4763 722 4816 αἱ
755 4761 948 4840 ψυχαὶ,
986 4763 1108 4826 τοὺς
1139 4762 1502 4826 παντοδαποὺς
1539 4765 1710 4820 αὖτῶν
1741 4763 1771 4810 4
1799 4761 1897 4818 λό-

1986 4758 2133 4839 ipsas
2145 4776 2274 4818 cum
2295 4756 2702 4834 intelligentiis
2720 4765 2841 4816 tum
2863 4746 3633 4840 rebusintellectiscoujuu-

242 4873 367 4930 γους
440 4851 670 4925 ἐνοῦσαι,
745 4851 832 4906 καὶ
904 4851 1036 4928 πρὸς
1107 4851 1232 4926 μίαν
1315 4853 1499 4928 νοερᾶν
1580 4852 1900 4927 συνάγουσαι

245 4941 609 5017 καθαρότητα,
687 4937 1051 5015 προϐαίνουσιν
1139 4942 1344 5004 οἰκείως
1430 4943 1675 5018 ἑαυταῖς,

245 5033 336 5086 καὶ
384 5029 530 5094 τάξει
589 5025 674 5084 διὰ
732 5033 832 5095 τῆς
887 5027 1048 5086 ἀΰλου
1103 5031 1191 5086 καὶ
1247 5031 1472 5109 ἀμεροῦς
1529 5032 1763 5098 νοήσεως
1816 5030 1900 5086 ἐπὶ

245 5123 346 5188 τὴν
403 5119 534 5190 ὖπὲρ
576 5117 760 5184 νόησιν
807 5117 1018 5176 ἕνωσιν.
1069 5119 1150 5176 Δι’
1207 5121 1272 5186 ἣν
1321 5124 1356 5190 ἦ
1405 5121 1499 5195 μία
1541 5121 1628 5176 καὶ
1677 5117 1898 5176 ἀδιάλυ-

248 5231 340 5271 τος
392 5208 610 5264 πάντων
654 5205 940 5281 συμπλοκή
993 5209 1130 5264 κατὰ
1165 5209 1263 5276 τὴν
1317 5208 1458 5264 θείαν
1509 5209 1672 5274 αὒτῆς
1725 5209 1897 5285 ἁρμο-

248 5301 361 5354 νίαν
417 5297 720 5376 ὑφίσταται,
792 5297 887 5352 καί
945 5296 1290 5375 ἐναρμόζεται
1349 5299 1624 5378 συμφωνίᾳ
1695 5320 1897 5356 παντε-

250 5386 342 5444 λεῖ
379 5384 476 5442 καὶ
533 5385 753 5459 ὁμονοίᾳ
805 5387 894 5440 καὶ
949 5389 1212 5466 συμφυία,
1247 5387 1579 5465 συναγομὲνη
1609 5407 1666 5443 τε
1725 5389 1894 5468 ἀσυγ-

1767 4932 1896 5015 δδῴ,

1985 4857 2226 4928 guntur,
2254 4853 2432 4926 atque
2461 4843 2660 4908 denuo
2689 4845 2982 4907 scandunt
3013 4847 3088 4908 ad
3121 4846 3482 4926 incognitum
3518 4865 3631 4910 eo-

1985 4957 2114 4999 rum
2135 4955 2267 5018 quae
2294 4937 2477 4996 menti
2495 4935 2951 5015 supereminent
2971 4944 3329 5000 contactum.
3347 4939 3460 5000 Per
3477 4937 3633 5000 hanc

1986 5030 2222 5106 animas,
2253 5025 2606 5104 multigenas
2637 5043 2774 5086 suas
2803 5026 3070 5088 rationes
3099 5027 3534 5107 connectendo,
3558 5027 3634 5089 ad

1987 5117 2304 5198 quamdam
2340 5114 2666 5194 spiritalem
2721 5116 3034 5194 puritatem
3084 5115 3363 5191 redactae,
3415 5133 3630 5195 proce-

1988 5205 2276 5287 dunt,sibi
2306 5205 2544 5284 propria
2571 5205 2662 5265 via
2703 5215 2761 5266 et
2789 5207 3143 5285 ordine.per
3173 5205 3627 5266 immaterialem

1985 5306 2166 5376 atque
2187 5294 2502 5358 indivisam
2523 5293 3004 5378 intelligentiam,
3030 5293 3102 5356 ad
3129 5295 3409 5356 unionem
3425 5311 3630 5373 quamq-

1983 5388 2116 5449 dam
2135 5382 2934 5462 intelligentiasuperiorem.
2949 5383 3218 5444 Perhanc
3231 5399 3344 5442 una
3357 5379 3625 5442 omnium

1583 5547 1842 5612 VARIIE
1901 5535 2334 5614 LECTIONES.

331 5705 414 5795 ¹9⁰
441 5707 658 5795 “fian
707 5705 1170 5795 ainnpecﬁd-ccpat,
1190 5708 1257 5771 S.
1309 5709 1380 5772 D.
1416 5706 1483 5770 Ρ.
1517 5708 1618 5774 Sc.
1651 5710 1782 5771 Sar.
1823 5700 1832 5706 ’
1873 5711 1891 5752 ί
1927 5705 2075 5768 αὗταί
2124 5711 2203 5782 τέ,
2235 5704 2303 5769 S.
2357 5702 2424 5784 Ρ,
2456 5702 2530 5769 D.
2609 5704 2638 5747 9
2685 5705 2934 5783 κλήροις,
2957 5701 3040 5783 S._
3103 5702 3136 5752 5
3165 5700 3622 5795 ἐπισκοπήσομεν,

251 5787 319 5854 S.
349 5789 450 5854 Sc.
481 5786 614 5851 Ser.
701 5787 734 5836 ι
773 5786 994 5870 Eme-:5)»,
1029 5787 1099 5850 Ρ.
1133 5786 1266 5856 Sar.
