4052 6204
456 312 565 378 951
1625 314 1686 377 S.
1739 313 2079 377 DIONYSII
2139 312 2673 377 AREOPAGITAE.
3705 307 3803 372 95'2

459 453 519 509 et
548 444 977 508 indissolubilis
1023 443 1337 519 connexio,
1384 444 1552 523 juxta
1598 443 1855 507 divinam
1909 443 2059 526 ipsiu

2201 448 2386 528 (ύτως,
2445 447 2752 527 ἀδιαιρέτως
2835 446 3173 527 συνεχομένη
3244 446 3298 507 ὅ.
3376 446 3558 515 Διήκει
3616 447 3707 523 γὰρ
3772 449 3801 514 ἦ

458 538 934 615 congruentiam,
983 532 1204 607 existit;
1258 542 1320 596 et
1370 534 1633 615 perfecto
1687 544 1981 597 concentu
2033 552 2058 597 a

2203 536 2284 604 εῆς
2342 537 2631 602 παντελοῦς
2689 536 2902 614 εἰρήνης
2954 534 3150 601 ὁλότης
3194 534 3279 590 ἐπὶ
3340 534 3513 590 πάντα
3559 534 3623 590 τὰ
3675 534 3803 609 ὄντα,

459 624 778 688 concordia
827 622 1334 704 consentioneque
1387 632 1720 704 coaptatur,
1774 622 1915 686 dum
1975 624 2059 685 sin

2204 626 2322 682 ιατὰ
2371 627 2469 695 τὴν
2523 625 2898 695 ἆπλουστάτην
2960 628 3123 693 αὐτῆς
3185 624 3271 680 οιαὶ
3328 623 3498 701 ἀμιγῆ
3556 629 3650 690 τῆς
3701 625 3804 681 ἑνο-

462 713 809 775 confusione
829 712 1151 791 colligitur,
1172 730 1243 775 ac
1266 712 1398 776 sine
1421 712 1813 776 dissolutione
1841 714 2062 776 contint

2204 722 2343 772 ποιοῦ
2396 712 2663 791 δυνάμεως
2728 715 3040 795 παρουσίαν,
3089 713 3279 771 ἑνοῦσα
3323 712 3517 786 πάντα,
3578 715 3661 769 καὶ
3703 736 3804 769 συν-

462 813 573 865 tur.
605 804 916 881 lntegritas
944 801 1221 864 nimirum
1241 801 1520 883 perfectas
1543 802 1727 883 pacis,
1755 821 1860 883 per
1880 803 2054 885 simpl

2209 805 2377 861 iéouaat
2432 807 2499 862 τὰ
2555 805 2689 885 ἄκρα
2743 804 2827 862 διὰ
2884 810 2989 861 τῶν
3051 803 3230 878 μέσων
3290 815 3410 866 τοῖς
3456 801 3657 880 ἄκροις,
3698 804 3809 858 κατὰ

460 892 763 954 cissimam
789 910 956 954 suam
983 910 1331 973 meramque
1352 892 1583 954 virtutis
1603 893 1834 954 uniﬁcm
1856 911 2060 973 praesen

2212 894 2315 950 ιίαν
2368 895 2579 973 ὁμοφυῇ
2611 895 2998 973 συζευγνύμενα
3024 892 3059 942 θ
3087 892 3287 974 φιλίαν·
3330 892 3417 948 καί
3458 892 3509 947 τὸ
3559 891 3812 948 ἀπολαύειν

463 982 600 1043 tiam
631 981 704 1042 ad
732 1000 802 1043 ea
832 1000 967 1060 quae
994 990 1131 1043 sunt
1160 982 1363 1043 omnia
1392 981 1700 1064 pertingit,
1726 982 1929 1043 omnia
1957 1002 2063 1044 con

2214 984 2363 1050 ιύτῆς
2395 981 2703 1062 δωρουμένη
2734 985 2821 1041 διαὶ
2848 997 2967 1049 ταῖς
2996 982 3255 1063 ἐσχάταις
3287 990 3378 1041 τοῦ
3408 982 3606 1045 παντὸς
3636 983 3814 1040 ἀποπε-

454 1071 1097 1151 jungens,etextremis
1119 1078 1382 1133 extrema
1399 1089 1507 1152 per
1529 1071 1726 1133 media
1746 1082 2054 1134 connectet

2213 1073 2485 1152 δατώσεσι,
2521 1074 2609 1130 ιιαὶ
2667 1074 2838 1130 πάντα
2900 1074 3125 1151 ὁμόγνια
3177 1078 3402 1130 ποιοῦσα
3433 1083 3553 1134 ταῖς
3606 1071 3813 1143 ἐνότησι,

460 1159 787 1222 secundum
811 1160 1045 1222 unicam
1069 1162 1516 1223 connaturalem
1540 1160 1855 1223 amicitiam
1879 1179 2060 1238 coagu

2223 1176 2311 1227 αῖς
2384 1162 2695 1237 ταὺτότησι,
2779 1176 2905 1227 ταῖς
2974 1163 3222 1236 ἑνώσεσι,
3290 1174 3413 1223 ταῖς
3482 1172 3818 1238 συναγωγαῖς,

462 1250 604 1326 lata;
633 1249 776 1330 quin
809 1259 867 1311 et
896 1250 986 1311 sui
1018 1267 1253 1330 quoque
1300 1250 1391 1313 vel
1439 1250 1723 1313 extremis
1754 1250 1930 1312 totius
1961 1252 2062 1312 uni

2223 1250 2502 1331 διαιρέτως
2562 1250 2769 1320 δηλαδὴ
2827 1257 2930 1319 τῆς
2985 1252 3125 1315 θείας
3184 1252 3399 1327 εἰρήνης
3456 1250 3717 1325 ἑστώσης,
3744 1243 3819 1305 καὶ

462 1338 618 1401 versi
641 1339 914 1400 torminis
943 1338 1186 1402 fruendi
1208 1339 1442 1420 copiam
1470 1339 1631 1417 facit,
1666 1340 1867 1402 omnia
1897 1358 2062 1402 consc

2222 1366 2241 1395 ν
2297 1343 2373 1399 ἑνὶ
2441 1341 2615 1400 πάντα
2672 1339 3040 1414 δεικνυούσης,
3088 1342 3173 1399 καὶ
3236 1339 3321 1397 διὰ
3376 1340 3587 1399 πάντων
3645 1339 3822 1417 φοιτώ-

462 1431 627 1491 cians
676 1428 1025 1504 unitatibus,
1081 1429 1513 1504 identitatibus,
1558 1428 1902 1505 unionibus,
1952 1448 2062 1491 con

2220 1453 2316 1511 ης,
2376 1432 2464 1489 καὶ
2521 1435 2618 1501 τῆς
2688 1433 2883 1495 οἰκείας
2941 1431 3265 1497 τσῦτότητος
3327 1432 3421 1487 οὒκ
3476 1427 3820 1502 ἐξισταμένης·

465 1518 934 1599 gregationibus,
966 1518 1109 1579 dum
1139 1517 1372 1579 scilicet
1402 1518 1599 1580 divina
1653 1537 1765 1598 pax
1817 1518 2065 1581 indivuls

2229 1522 2402 1598 ερόεισι
2475 1522 2575 1598 γὰρ
2628 1520 2723 1578 ἐπὶ
2782 1522 2978 1590 πάντα,
3026 1522 3115 1577 καί
3177 1517 3488 1594 μεταδίδωσι
3548 1524 3704 1573 πᾶσιν
3757 1519 3829 1572 οἱ-

467 1608 760 1689 persistit,
791 1620 848 1668 et
867 1609 926 1669 in
951 1626 1067 1668 uno
1098 1616 1308 1670 cuncta
1326 1607 1715 1687 demonstrat,
1742 1617 1799 1668 et
1819 1608 1891 1668 ad
1915 1609 2067 1669 omni

2226 1611 2351 1674 ,είως
2411 1610 2594 1673 αυτοῖς
2656 1611 2849 1677 ἑαυτῆς
2907 1611 2995 1667 καὶ
3050 1608 3358 1689 ὑπερϐλύζει
3414 1608 3686 1681 περιουσίᾳ
3743 1610 3826 1672 τῆς

466 1697 770 1777 pertingit,
805 1706 863 1760 et
911 1716 946 1759 a
996 1698 1238 1778 propria
1269 1716 1557 1780 nusquam
1604 1697 1908 1760 identitate
1938 1715 2066 1759 rece

2232 1702 2471 1778 ἰρηνικῆς
2522 1700 2902 1779 γονιμότητος’
2935 1700 3026 1757 καὶ
3083 1699 3231 1774 μένει
3283 1696 3348 1754 δι’
3380 1697 3659 1776 ὑπεροχὴν
3713 1696 3832 1751 ἑνώ-

469 1787 585 1867 dit;
620 1806 754 1849 nam
787 1787 858 1849 ad
891 1786 1091 1849 omnia
1124 1786 1415 1867 procedit,
1447 1794 1666 1865 suique
1698 1785 2069 1868 participatio

2235 1810 2334 1853 εως
2376 1786 2481 1857 ὄλι,
2516 1790 2642 1868 πρὸς
2694 1787 2828 1856 ὅλην
2858 1788 2955 1847 καὶ
3005 1787 3120 1846 καθ’
3156 1786 3291 1855 ὅλην
3349 1786 3543 1854 ἑαυτὴν
3570 1783 3606 1833 6
3649 1786 3833 1861 ὑπερη-

471 1896 608 1939 nem
641 1875 918 1939 omnibus
949 1876 1213 1955 indulget
1252 1877 1584 1941 secundum
1635 1876 1923 1958 cujusque
1970 1894 2077 1956 pro
2196 1877 2432 1953 νωμὲνη,

467 1967 803 2051 prietatem,
836 1985 947 2028 nec
978 1985 1095 2051 non
1129 1965 1389 2051 paciﬁca;
1418 1965 1813 2051 redundantia
1845 1965 2125 2051 bonitatis
2173 1965 2483 2051 exuberat,
2514 1966 2645 2028 5H
2682 1973 2861 2048 atque
2905 1974 3106 2030 manet
3135 1983 3242 2049 per
3269 1982 3576 2028 excessum
3612 1962 3836 2028 unionis

464 2045 586 2109 tota
614 2045 685 2108 ad
720 2054 920 2127 totam,
955 2045 1141 2109 etiam
1163 2047 1493 2110 secundum
1531 2046 1787 2129 seipsam
1822 2053 2001 2108 totam
2031 2048 2290 2126 desuper
2321 2045 2513 2112 unita.

2070 2208 2100 2288 §
2159 2205 2257 2270 Ill.

547 2367 664 2431 Sed
724 2370 1076 2447 quomodo,
1131 2370 1291 2433 dicet
1345 2369 1602 2448 aliquis,
1659 2370 1858 2435 omnia
1908 2388 2113 2453 pacem

2276 2376 2397 2437 Πῶς
2427 2370 2504 2447 δὲ,
2537 2372 2666 2451 φσῖη
2703 2395 2807 2451 τις,
2842 2368 3041 2450 ἐφίεται
3082 2368 3116 2419 8
3144 2366 3319 2426 πένταί
3361 2370 3576 2449 εἰρήνης
3614 2389 3632 2444 ;
3678 2368 3842 2425 πολλά

467 2466 807 2540 appetunt?
836 2479 971 2523 cum
1003 2478 1101 2524 res
1140 2459 1411 2541 plurimae
1431 2459 1777 2524 diversitate
1802 2481 1869 2523 ac
1899 2462 2067 2525 distin

2243 2460 2295 2538 ip
2325 2461 2596 2533 ἑτερότητι
2646 2464 2734 2517 καὶ
2763 2456 3016 2537 διακρίσει
3075 2458 3285 2537 χαΐρει,
3322 2460 3415 2515 καί
3470 2461 3564 2516 οὒκ
3621 2459 3683 2517 ἄν
3728 2479 3843 2515 ποτε

470 2548 670 2610 ctione
690 2549 1008 2628 gaudeant,
1036 2568 1236 2631 neque
1266 2567 1527 2631 unquam
1554 2560 1768 2634 sponte
1797 2569 1904 2613 sua
1936 2550 2070 2613 velit

2245 2550 2388 2607 ιόντα
2444 2550 2669 2625 ἠρεμεῖν
2700 2547 2966 2619 ἑθελήσοι.
3034 2549 3130 2606 Καὶ
3160 2548 3205 2604 εἰ
3255 2548 3358 2623 μὲν
3417 2548 3715 2626 ἑτερότητα
3770 2547 3845 2602 καὶ

470 2637 812 2717 quiescere.
846 2640 1027 2721 Atqui
1056 2640 1104 2701 si
1132 2639 1541 2702 diversitatem
1565 2649 1740 2722 atque
1774 2640 2070 2703 distinctio

2252 2641 2454 2719 ἀκρισιν
2486 2642 2512 2697 ὁ
2555 2646 2720 2697 ταῦτα
2748 2637 2921 2716 λέγων
2973 2638 3107 2717 φησί
3135 2636 3234 2705 τήν
3286 2638 3509 2695 ἑκάστου
3537 2640 3651 2694 τῶν
3700 2634 3846 2693 ὄντων

472 2744 636 2795 nem,
673 2728 774 2802 qui
809 2727 897 2790 sic
928 2728 1221 2809 loquitur,
1253 2726 1544 2808 cujusque
1572 2729 1660 2790 rei
1693 2728 2072 2810 proprietate:

2245 2729 2460 2808 ῖιάτητα,
2493 2733 2591 2786 καὶ
2645 2728 2727 2785 ὅτι
2760 2729 2960 2794 ταύτην
2993 2723 3109 2784 οὐδὲ
3164 2724 3219 2782 ἓν
3251 2729 3355 2783 τῶν
3384 2726 3549 2784 ὄντων
3605 2727 3696 2807 ὃν,
3731 2725 3845 2801 ὅπερ

472 2832 609 2877 esse
660 2825 907 2891 asserat,
961 2836 1094 2879 cum
1146 2835 1246 2878 res
1295 2815 1476 2896 nulla,
1524 2816 1665 2879 dum
1714 2817 1775 2879 in
1827 2836 1934 2880 suo
1964 2826 2072 2878 stat

2247 2820 2363 2896 rtiv,
2396 2818 2501 2875 tes)
2514 2839 2560 2874 ει
2610 2818 2740 2875 ποτὲ
2771 2815 3084 2889 ἀπολλύειν,
3117 2816 3211 2872 οὒκ
3267 2815 3330 2870 ἂν
3359 2814 3474 2874 οὐδὲ
3503 2818 3679 2891 ἡμεῖς
3728 2817 3847 2891 πρὸς

473 2914 810 2986 permanet,
848 2924 973 2969 eam
1009 2906 1209 2986 perire
1240 2906 1403 2982 velit,
1430 2924 1540 2968 nos
1559 2906 1645 2967 illi
1669 2906 1913 2968 minime
1933 2926 2073 2987 repu

2249 2917 2356 2968 $610
2407 2907 2768 2987 ἀντιφήσομεν
2796 2904 2850 2976 9,
2886 2904 3022 2961 ἀλλὰ
3082 2906 3173 2961 ιιαί
3224 2906 3423 2972 ταύτην
3475 2907 3698 2983 εἰρήνης
3734 2903 3849 2982 ἔφε-

474 2994 818 3076 gnabimus,
852 2997 954 3056 sed
988 2995 1047 3056 id
1079 2996 1275 3076 ipsum
1316 3014 1546 3077 quoque
1571 2995 1733 3077 pacis
1750 2996 2074 3058 desideriut

2259 3021 2285 3051 ν
2343 2996 2777 3078 ἀποφανούμεθα.
2852 2995 3031 3052 Πάντα
3086 2996 3187 3072 γὰρ
3258 2995 3441 3073 ἀγαπᾷ
3505 2996 3642 3069 πρὸς
3700 2994 3855 3050 ἑαυτὰ

476 3102 611 3146 esse
642 3092 996 3147 statuemus.
1030 3085 1255 3147 Amant
1301 3083 1462 3146 enim
1494 3085 1695 3148 omnia
1724 3104 1858 3148 cum
1892 3094 2076 3148 semet

2252 3086 2485 3165 ρηνεύειν
2529 3107 2587 3142 τε
2636 3087 2720 3142 οιαὶ
2749 3085 3006 3163 ἡνῶσθαι,
3037 3082 3135 3140 καῖ
3192 3084 3395 3140 ἑαυτῶν
3442 3085 3676 3140 καὶτῶν
3736 3084 3852 3138 ἑαυ-

390 3230 401 3243 .
477 3170 625 3252 ipsis
653 3189 857 3250 pacem
883 3169 1133 3247 habere,
1157 3180 1337 3249 atque
1354 3189 1486 3233 esse
1508 3173 1846 3252 conjuncta,
1873 3192 1981 3235 nec

2253 3183 2306 3230 iw
2355 3175 2581 3242 ἀκίνητα
2636 3175 2724 3231 καὶ
2772 3173 2994 3230 ἅπτωτα
3065 3173 3233 3235 εἶναι.
3302 3174 3400 3231 Καὶ
3450 3171 3559 3228 ἔστι
3611 3173 3707 3228 καὶ
3762 3175 3853 3237 τῆς

477 3280 545 3323 se
575 3279 801 3341 suaque
841 3261 1043 3323 omnia
1090 3260 1336 3322 immota
1367 3270 1427 3323 et
1457 3260 1642 3323 illwsa
1672 3261 2015 3343 persistere.
2049 3266 2077 3325 Ε

2255 3261 2316 3321 ιϐ’
2374 3263 2597 3321 ἕκαστον
2655 3263 2879 3341 ἀμιγοῦς
2936 3259 3201 3328 ἰδιότητος
3258 3262 3293 3329 ἡ
3335 3258 3605 3328 παντελὴς
3675 3258 3855 3339 εἰρήνη

476 3359 567 3411 est
621 3331 883 3428 perfecta
931 3350 1028 3412 illa
1062 3369 1174 3431 pax
1217 3331 1689 3431 uniuscujusque
1740 3351 2076 3432 proprietati

2260 3353 2522 3425 »λακτικὴ,
2582 3365 2704 3416 ταῖς
2769 3331 3150 3430 ἐἰρηνοδῶροις
3222 3353 3384 3419 αὖτῆς
3465 3352 3745 3429 προνοίαις
3798 3350 3860 3404 τὰ

474 3438 860 3519 ἰηιρρνιῐιίειω
904 3438 1334 3514 conservatrix,
1376 3456 1484 3519 per
1514 3440 1917 3521 providentias
1947 3460 2074 3502 sua:

2259 3444 2370 3500 ἱντα
2411 3442 2738 3499 ἀστασίαστα
2770 3443 2856 3497 καὶ
2911 3440 3226 3519 ἀσύμφυρτα
3266 3440 3399 3517 πρός
3448 3460 3504 3495 τε
3549 3440 3721 3495 ἑαυτά
3781 3439 3859 3494 καὶ

475 3529 636 3608 pacis
668 3528 1016 3607 largitrices,
1055 3530 1253 3591 omnia
1307 3528 1464 3590 inter
1508 3528 1705 3610 seipsa
1736 3538 1794 3591 et
1822 3549 1955 3592 cum
1984 3531 2075 3594 alii

2261 3533 2329 3596 l‘oc
2390 3529 2598 3599 ἄλληλα
2644 3528 2999 3605 διασώζουσα,
3029 3528 3122 3585 καί
3174 3530 3346 3585 πάντα
3400 3527 3455 3584 ἐν
3487 3530 3723 3607 σταθερᾷ
3784 3527 3861 3582 ιαὶ

472 3618 602 3679 sine
655 3618 952 3680 seditione
1002 3628 1061 3680 et
1108 3617 1461 3680 confusione
1513 3618 1883 3694 custodiens,
1939 3629 2072 3701 atqu

2260 3620 2396 3693 ,λίτῳ
2453 3619 2668 3697 δυνάμει
2699 3621 2830 3700 πρὸς
2890 3618 2989 3687 τὴν
3019 3618 3218 3676 ἑαυτῶν
3276 3618 3492 3697 εἰρήνην
3521 3618 3612 3673 καί
3666 3618 3860 3683 ἀκινηο

474 3707 676 3768 omnia
708 3706 903 3770 stabili
937 3715 995 3769 et
1026 3726 1316 3788 nusquam
1352 3707 1690 3771 declinante
1744 3710 2010 3790 potentia
2040 3729 2073 3773 a

976 3715 1316 3788 tnusquam
1352 3707 1690 3771 declinante
1744 3710 2010 3790 potentia
2040 3710 2114 3773 ad
2202 3712 2317 3769 σίαν
2347 3712 2571 3769 tuam.

477 3797 742 3877 ipsorum
782 3815 987 3879 pacem
1019 3795 1623 3881 immobilitatemque
1661 3797 1993 3862 stabiliens.

2093 3898 2123 3979 §
2167 3900 2267 3963 IV.

555 4057 615 4118 Si
698 4062 910 4116 cuncta
977 4073 1160 4134 porro
1233 4074 1365 4138 quae
1442 4065 1795 4132 moventur,
1874 4058 2121 4121 minime

2288 4061 2388 4119 Καὶ
2438 4060 2481 4116 εἰ
2512 4059 2577 4115 τὰ
2634 4058 2918 4133 κινούμενα
2967 4058 3137 4114 πάντα
3188 4060 3266 4133 μὴ
3296 4057 3542 4135 ἠρεμεῖν,
3595 4054 3740 4111 sm
3774 4077 3860 4109 κι-

479 4146 815 4226 quiescere,
840 4144 945 4205 sed
976 4145 1121 4206 cieri
1151 4163 1391 4226 semper
1419 4165 1526 4209 suo
1553 4157 1715 4210 motu
1749 4149 1929 4211 velint
1956 4149 2044 4210 vel
2072 4154 2079 4208 i

2269 4153 2406 4207 ῐσθαι
2460 4147 2539 4205 ἀεὶ
2595 4150 2694 4216 τὴν
2762 4149 2960 4204 ἑαυτῶν
3030 4148 3237 4215 κίνησιν
3295 4146 3489 4220 ἐθέλοι,
3547 4146 3643 4201 καὶ
3713 4153 3869 4201 τοῦτο

476 4237 603 4314 ipse
640 4233 915 4293 movendi
938 4252 1002 4295 se
1022 4234 1321 4315 appetitus
1342 4236 1414 4297 ad
1434 4236 1691 4299 divinam
1720 4237 1883 4300 illam
1911 4257 2076 4319 pacet

2270 4241 2377 4303 εσίς
2430 4238 2542 4295 ἔστι
2574 4244 2669 4306 τῆς
2723 4239 2862 4299 θείας
2918 4242 3024 4291 τῶν
3054 4236 3195 4292 ὅλων
3252 4237 3491 4313 εἰρήνης,
3525 4236 3628 4303 τῆς
3692 4235 3866 4291 πάντα

476 4322 875 4385 universalem
925 4322 1206 4403 pertinet,
1262 4343 1393 4406 quae
1443 4330 1643 4389 omnia
1690 4326 1750 4389 in
1800 4327 2012 4408 seipsls
2044 4347 2076 4389 n

2265 4328 2288 4378 ι’
2332 4329 2532 4385 ἑαυτῶν
2577 4325 2883 4383 ἀδιάπτωτα
2918 4323 2973 4374 10
3020 4323 3404 4397 διασωζούσης,
3437 4327 3527 4380 καὶ
3555 4325 3662 4391 τὴν
3732 4324 3865 4378 πάν-

477 4412 789 4474 elabnntur
817 4420 1040 4488 servat,
1075 4421 1249 4493 atque
1279 4413 1547 4475 omnium
1590 4434 1794 4477 eorum
1826 4436 1956 4498 quae
1988 4435 2077 4476 mo

2267 4443 2305 4474 ιν
2369 4424 2473 4474 τῶν
2530 4415 2852 4490 κινουμένων
2908 4413 3150 4477 ἰδιὸτητα
3209 4416 3298 4471 καὶ
3368 4413 3661 4480 κινητικὴν
3726 4414 3867 4483 ζωὴν

476 4513 687 4564 ventur
719 4501 1136 4579 proprietatem
1171 4503 1602 4582 motricemque
1632 4506 1831 4581 vitam,
1867 4524 1941 4568 ne
1969 4524 2004 4568 a
2026 4525 2076 4568 St

2264 4508 2442 4575 κίνητον
2498 4508 2585 4561 καὶ
2628 4503 2839 4562 ἅπωτον
2887 4503 3274 4583 φυλαττούσης,
3308 4502 3362 4559 ἐν
3419 4510 3497 4576 τῷ
3541 4504 3608 4557 τὰ
3674 4502 3864 4558 κινού-

478 4591 727 4668 metipsa
781 4588 1076 4651 desciscat
1125 4590 1454 4673 excidatve,
1504 4595 1784 4664 custodit,
1842 4604 1903 4656 ut
1957 4606 2078 4657 mot

2268 4619 2332 4653 να
2382 4597 2510 4673 πρὸς
2545 4596 2704 4654 ἑαυτὰ
2761 4595 3118 4672 εἰρὴνεύοντα,
3156 4595 3243 4653 καί
3304 4594 3557 4655 ὡσαύτως
3622 4592 3864 4671 ἔχοντα,

474 4698 677 4742 secum
713 4696 919 4758 pacem
953 4678 1231 4753 habeant,
1270 4690 1328 4743 et
1371 4699 1440 4745 eo
1476 4682 1650 4746 modo
1701 4702 1765 4746 se
1814 4684 2074 4747 habentia

1079 4689 1231 4753 eant,
1270 4690 1328 4743 et
1371 4699 1440 4745 eo
1476 4682 1650 4746 modo
1701 4702 1765 4746 se
1814 4684 2111 4762 habentia,
2206 4685 2329 4767 δρᾷν
2360 4687 2425 4742 τὰ
2456 4685 2679 4744 ἑαυτῶν.

475 4789 605 4852 quas
635 4777 794 4841 sunt,
832 4778 1135 4849 peragant.

2091 4856 2319 4937 ἓν..

555 5009 869 5082 Caeterum,
928 5014 976 5069 si
1027 5007 1163 5090 quis
1218 5010 1621 5076 diversitatem
1678 5033 1713 5078 a
1772 5032 1915 5097 pace
1970 5034 2111 5095 pro-

2279 5017 2336 5073 Εἰ
2378 5013 2455 5088 δὲ,
2496 5014 2595 5081 τὴν
2653 5011 2773 5071 κατ’
2826 5012 3093 5070 ἔκπτωσιν
3135 5012 3350 5090 εἰρήνης
3409 5010 3711 5089 ἑτερότητα
3778 5011 3873 5066 λέ-

476 5096 803 5187 lapsionem
856 5116 1155 5187 asserens,
1201 5102 1513 5163 confirmet
1557 5096 1928 5185 pacem’non
1981 5124 2076 5168 ess

2273 5129 2331 5185 ιν,
2361 5105 2683 5182 ἰσχυρίζεται
2742 5104 2819 5178 μὴ
2878 5109 3038 5159 πᾶσιν
3083 5101 3228 5158 εἶναι
3281 5102 3511 5178 ἓραστὴν
3540 5102 3645 5166 τὴν
3710 5102 3873 5176 εἰρή-

476 5185 754 5248 omnibus
785 5186 1101 5249 amabilem
1133 5207 1149 5269 ;
1203 5192 1685 5271 respondendum
1720 5196 2076 5274 potissimum

2269 5219 2316 5268 ν,
2388 5193 2619 5269 μάλιστα
2677 5192 2774 5267 μὲν
2827 5190 2974 5248 0°33?»
3033 5190 3145 5249 ἐστι
3188 5196 3294 5246 τῶν
3349 5187 3540 5261 ὄντων,
3595 5191 3623 5244 ὃ
3682 5192 3869 5256 πάσης

475 5276 625 5341 nihil
658 5296 713 5338 In
747 5290 957 5339 natura
980 5294 1180 5340 rerum
1212 5278 1471 5344 existere
1496 5283 1654 5365 quod
1680 5287 1841 5347 omni
1871 5302 2075 5364 prorsu

2278 5282 2472 5350 ντελῶς
2504 5282 2744 5347 ἑνώσεὼς
2787 5281 3169 5340 ἀποπέπτωκε·
3227 5280 3289 5337 τὸ
3334 5279 3434 5358 γὰρ
3464 5280 3645 5346 πάντη
3696 5278 3878 5336 Eata-

1799 5461 2051 5529 VARUE
2096 5458 2415 5528 LECTION
2420 5458 2531 5524 ES.

554 5628 611 5717 ᾗ
644 5627 1006 5717 συγχεομένη,
1056 5627 1288 5717 _Sc,
1378 5628 1412 5688 β
1474 5632 1875 5717 συνεζευγμένα,
1926 5636 1984 5702 S,
2040 5633 2107 5703 Ρ,
2191 5634 2223 5685 7
2260 5634 2474 5704 ἐκυτῆς,
2562 5628 2596 5681 8
2649 5628 2731 5687 ὅτι
2790 5627 3012 5715 ἐφίεται,
3058 5626 3130 5699 Ι),
3214 5630 3248 5681 8
3304 5629 3737 5715 ἀντιιρήσαεμεν,
3804 5629 3885 5698 Β,

556 5703 612 5753 ιθ
639 5703 1025 5787 spuitnon,
1050 5712 1113 5776 S,
1158 5707 1222 5777 Ρ,
1273 5703 1280 5705 “
1579 5736 1583 5741 ·
