4052 6196
264 311 386 378 953

1299 315 1398 377 DE
1435 314 1740 377 DIVINIS
1779 314 2231 388 NOMINIBUS,
2275 313 2441 375 CAP.
2487 312 2596 374 XI.

3529 307 3646 374 954

261 473 379 528 νον,
435 452 523 508 καὶ
574 449 812 527 ἄπειρον,
857 451 944 506 καὶ
999 447 1290 528 ἀνίδρυτον,
1351 452 1437 506 καὶ
1481 450 1747 528 ἀόριστον,
1799 451 1911 507 οὔτε

2016 458 2192 508 :areat
2224 444 2446 507 unione
2479 462 2494 519 ;
2527 444 2586 506 id
2620 445 2780 506 enim
2825 445 2984 524 quod
3010 442 3250 524 penitus
3280 440 3561 503 instabile
3592 449 3654 502 et

263 540 328 596 ὃν
359 540 524 620 ἐστιν,
570 540 688 598 οὕτε
731 538 784 594 ἐν
817 552 932 603 τοῖς
994 539 1159 602 οὖσιν,
1199 541 1253 597 Εὶ
1285 537 1338 595 δὲ
1385 540 1598 605 τούτους
1629 542 1786 619 φησὶν
1835 543 1914 596 εἷ-

265 632 408 709 ρήνῃ
466 631 554 686 καὶ
601 631 816 708 εἰρήνης
873 629 1096 708 ἀγαθοῖς
1147 629 1561 709 ἀπεχθάνεσθαι,
1608 631 1726 696 τοὺς
1785 630 1914 708 ἔρισι

263 721 357 778 καὶ
398 724 614 796 θυμοῖς,
669 720 756 776 καὶ
798 717 1115 776 ἀλλοιώσεσι
1170 720 1257 775 καὶ
1313 719 1723 782 ἀκαταστασίαις
1785 721 1914 799 χαί-

265 826 480 887 ροντας*
513 810 601 866 καὶ
656 811 798 865 οὗτοι
848 808 1111 884 ἀμαυροῖς
1170 807 1406 874 εἰδώλοις
1455 811 1725 886 εἶρτινικῇς
1783 809 1911 888 ἐφέ-

264 912 404 956 σεως
458 887 876 969 διοκρατοῦνται,
910 891 1039 966 πρὸς
1084 890 1263 946 παθῶν
1309 889 1688 970 ἐνοχλούμενοι
1738 887 1909 947 πολ.)-

260 981 522 1060 κινὴτων,

263 1071 356 1127 καὶ
387 1071 617 1145 οἰόμενοι
662 1075 730 1145 τῇ
775 1067 1158 1144 ἀποπληρώσει
1189 1076 1293 1125 τῶν
1324 1071 1403 1126 ἀεὶ
1434 1068 1796 1148 ἀπορρεόντων
1841 1073 1913 1127 εἷ-

265 1159 505 1237 ρηνεύειν
538 1158 753 1222 ἑαύτους
783 1164 852 1234 τῇ
881 1157 1086 1230 ἀτευξίᾳ
1115 1158 1161 1200 ίί
1194 1161 1298 1214 τῶν
1329 1166 1680 1236 κρατησασῶν
1710 1159 1910 1228 ἡδονῶν

559 980 646 1036 καὶ
701 986 864 1035 ταῦτα
927 980 1074 1052 ἰστᾳν
1129 979 1566 1054 ἀνεπιστημόνως
1620 980 1908 1060 ἐφιέμενοι,

2000 536 2293 596 infinitum
2326 556 2340 611 ;
2367 535 2646 616 nullaque
2677 535 2822 596 sede
2850 533 3050 595 nixum
3084 534 3654 611 interminatumque

1997 625 2259 705 ﬁngitur,
2312 643 2442 705 quas
2470 624 2619 686 illud
2671 623 2866 704 ipsum
2891 642 2996 705 per
3025 642 3088 684 se
3119 621 3267 685 nihil
3311 630 3423 703 est,
3454 638 3563 682 nec
3593 618 3656 681 in

1996 713 2200 795 aliquo
2233 714 2452 778 existit.
2479 714 2584 777 Sin
2616 714 2880 795 objiriat,
2914 731 3017 775 eos
3053 712 3182 790 paci
3234 711 3514 792 pacisque
3545 709 3654 771 b0-

1997 806 2091 867 nis
2143 804 2592 885 adversari,qui
2621 805 2820 866 litibus
2870 811 2928 865 et
2953 802 3279 878 furoribus,
3308 799 3656 862 mutationi-

1994 893 2228 972 busquc
2247 903 2302 955 et
2326 894 2801 957 instabilitatibus
2824 894 3230 968 delectantur;
3256 909 3456 956 verum
3479 898 3536 953 et
3568 889 3656 957 illi

1994 1003 2232 1066 quoque
2279 984 2549 1046 obscuris
2595 984 2949 1067 quibusdam
3005 981 3233 1064 paciﬁci
3267 981 3550 1044 desiderii
3582 979 3658 1041 si-

1994 1074 2280 1136 mulacris
2310 1075 2680 1155 detinentur,
2707 1075 2846 1136 dum
2882 1071 3436 1155 perturbationibus
3481 1070 3661 1130 ναι-ἥδ

1995 1173 2272 1244 aguntur,
2305 1185 2451 1247 quas
2486 1165 2766 1246 imperite
2806 1166 3018 1227 sedare
3073 1163 3439 1237 desiderant,
3475 1171 3536 1222 et
3569 1178 3661 1220 ar-

265 1247 779 1327 ὶκταρασσομένους.
817 1249 876 1306 Τί
932 1247 994 1304 ἄν
1024 1270 1102 1314 τις
1131 1246 1276 1304 εἴποι
1302 1251 1419 1325 περὶ
1456 1250 1550 1316 τῆς
1607 1252 1741 1307 κατὰ
1781 1259 1913 1327 Χρι-

2016 1255 2297 1316 )itzantur
2321 1246 2387 1318 Se
2419 1275 2622 1336 pacem
2650 1256 2894 1328 habere,
2928 1255 2979 1316 si
3024 1252 3308 1315 continuo
3341 1249 3662 1313 ﬂuentibus

271 1341 399 1396 στὸν
428 1338 774 1418 εἶρηνοχύτου
803 1337 1191 1418 φιλανθρωπίας
1226 1361 1240 1411 ;
1274 1340 1390 1396 καθ’
1421 1339 1487 1408 ἢν
1517 1345 1576 1400 οὗ
1621 1342 1697 1415 μὴ
1729 1342 1915 1416 μάθω-

2016 1343 2408 1424 νοιυριωὶὺιιδ
2439 1346 2785 1408 ὶιειυιὶυηάἱε
2819 1344 3182 1424 insistant;et
3215 1342 3660 1424 perturbantur,

277 1451 375 1505 μεν
421 1427 496 1484 ἔτι
543 1427 830 1502 πολεμεῖν,
878 1429 995 1485 οὔτε
1043 1430 1277 1503 ἑαυτοῖς,
1329 1431 1444 1486 οὔτε
1494 1429 1772 1505 ἀλλήλοις,
1805 1432 1916 1490 οὔτε

2016 1437 2050 1496 si
2073 1434 2256 1496 rebus
2286 1435 2420 1515 iis,a
2440 1435 2653 1517 quibus
2679 1436 2791 1516 ipsi
2825 1435 3038 1496 devicti
3065 1443 3226 1514 sunt,
3274 1431 3660 1493 frustrentur.

277 1517 550 1598 ἀγγέλοιςο
597 1517 734 1574 ἀλλὰ
763 1519 849 1573 καὶ
904 1518 1084 1582 αυτοῖς
1130 1519 1194 1575 τὰ
1222 1523 1343 1576 θεῖα
1371 1521 1504 1576 κατὰ
1535 1519 1750 1598 δύναμιν
1796 1545 1924 1578 συν-

2016 1524 2161 1598 Quid
2194 1543 2369 1605 porre
2411 1527 2566 1588 dicet
2589 1527 2721 1606 quis
2772 1525 2845 1586 de
2877 1524 3092 1588 Christi
3120 1522 3363 1603 paciﬁca
3386 1519 3662 1598 benigni-

278 1613 593 1690 εργήσωμον
646 1608 724 1689 12,
756 1609 892 1667 κατὰ
935 1610 1184 1686 πρόνοιαν
1226 1607 1401 1676 Ἰησοῦ
1429 1616 1521 1666 τοῦ
1561 1613 1626 1666 τὰ
1669 1611 1839 1667 πάντα
1871 1614 1923 1668 ἐν

2016 1623 2127 1675 tate
2159 1613 2183 1676 ?
2215 1633 2330 1695 qua
2353 1614 2664 1696 docemur,
2692 1635 2807 1676 non
2839 1616 2994 1678 ultra
3023 1613 3244 1675 bellum
3278 1627 3511 1690 gerere,
3543 1609 3664 1670 sive

277 1707 438 1758 πᾶσιν
495 1699 854 1778 ἐνεργοῦντος,
891 1700 971 1756 κοί
1011 1705 1288 1764 ποιοῦντος
1319 1701 1535 1778 εἰρήνην
1589 1698 1810 1778 ἇῤῥῆτον
1839 1703 1929 1759 καὶ

2016 1723 2143 1767 cum
2194 1705 2368 1767 nobis
2414 1705 2554 1786 ipis,
2593 1706 2716 1767 sive
2773 1723 2908 1768 cum
2986 1701 3293 1785 proximis,
3353 1699 3480 1761 sive
3529 1716 3665 1759 cum

278 1790 329 1856 ἐξ
362 1792 546 1852 αἰῶνος
578 1789 1004 1868 προωρὶσμένην,
1037 1790 1124 1845 καὶ
1162 1787 1729 1854 ἁποχαταλλάσσοντος
1781 1793 1922 1865 ἡμᾶς

2016 1795 2254 1888 angelis,
2305 1795 2526 1888 quibus
2569 1794 2767 1874 potius
2984 1812 3090 1873 pro
3139 1792 3294 1854 virili
3333 1807 3668 1888 cooperan-

278 1883 450 1956 ἑαυτῷ
495 1881 553 1930 ίδ
580 1883 668 1938 καὶ
711 1883 766 1936 liv
802 1881 974 1954 ἑαυτῷ
1032 1887 1109 1954 τῷ
1159 1881 1341 1958 Πατρὶ,
1374 1882 1490 1956 περὶ
1533 1884 1608 1935 ὧν
1651 1884 1924 1963 ὑπερφυῶν

2016 1885 2152 1948 dum
2198 1896 2288 1948 est
2339 1886 2398 1948 in
2439 1885 2515 1947 iis
2564 1905 2696 1966 quae
2778 1887 2850 1947 ad
2908 1884 3092 1946 Deum
3162 1891 3435 1965 spectant
3465 1880 3671 1960 ,juxta

275 1970 458 2051 δώρων
533 1973 588 2028 ἐν
643 1975 766 2036 ταῖς
841 1969 1192 2047 Θεολογικαϊς
1246 1971 1652 2028 ὑποτυπὼσεσιν
1731 1974 1923 2037 ἱκανῶς

2016 1968 2197 2056 ipsius
2227 1978 2366 2040 Jesu
2401 1975 2857 2058 providentiam,
2904 1992 3036 2052 qua}
3068 1975 3270 2036 omnia
3304 1974 3364 2035 in
3395 1968 3672 2033 omnibus

274 2061 510 2140 εἴρηται,
564 2059 1196 2140 προσεπιμαρτυρούντων
1250 2056 1304 2101 ⁸⁸
1333 2061 1469 2136 ἡμῖν
1524 2062 1611 2118 κπῖ
1642 2066 1738 2130 τῆς
1782 2063 1923 2142 ἱερᾶς

2016 2077 2314 2146 Uperatur,
2353 2056 2680 2146 pacemque
2713 2065 2944 2130 confert
2969 2063 3326 2127 inetiabilem
3348 2062 3424 2124 ab
3448 2068 3672 2123 aeterno

273 2157 379 2208 τῶν
409 2150 604 2231 λογίων
635 2150 923 2212 ἐπιπνοίας
935 2195 951 2212 .
1345 2237 1350 2238 γ

2016 2156 2460 2238 praedetinitam,
2494 2175 2721 2238 nosque
2769 2155 2886 2218 sibi
2925 2155 2984 2216 in
3036 2154 3247 2234 spiritu
3277 2163 3338 2216 et
3369 2170 3475 2235 per
3517 2168 3581 2212 se
3605 2147 3666 2209 in

275 2254 342 2303 se
370 2239 488 2321 ipsi
519 2239 681 2330 Patri
710 2238 1084 2310 reconciliat,
1122 2239 1208 2330 De
1232 2237 1460 2330 quibus
1481 2239 1656 2330 donis
1684 2245 2243 2324 supernaturalibus
2291 2237 2762 2330 satissuperque
2791 2245 3015 2309 dictum
3047 2253 3135 2307 est
3167 2244 3229 2306 in
3287 2242 3663 2323 Theolog'icis

277 2329 796 2408 institutionibus,
830 2346 1001 2392 sacra
1024 2327 1332 2412 Scriptura
1365 2327 1538 2392 nobis
1571 2331 1980 2396 testimonium
2011 2335 2389 2416 perhibente.

1870 2496 1900 2576 §
1954 2497 2056 2560 v1.

363 2653 516 2715 Ἀλλ’
565 2653 750 2722 ἐπειδὴ
783 2655 868 2712 καὶ
898 2653 1087 2712 ἄλλοτε
1138 2661 1240 2730 μοῦ
1272 2653 1339 2711 δι’
1374 2655 1671 2723 ἐπιστολῆς
1719 2655 1928 2732 ἐπύθου,

283 2747 334 2806 τί
366 2767 493 2804 ποτε
548 2745 650 2822 ἄρα
701 2745 837 2824 φημὶ
893 2745 956 2800 τὸ
987 2743 1112 2801 αὐτὸ
1169 2745 1335 2820 εἶναι,
1381 2747 1477 2814 τὴν
1509 2747 1800 2821 αὖτοζωὴν,
1833 2748 1932 2814 τὴν

284 2837 624 2915 αὔτοσοφίαν,
659 2836 746 2891 καὶ
792 2835 922 2912 πρὸς
954 2834 1140 2890 ἑαυτὸν
1193 2834 1323 2916 ἔφης
1358 2833 1671 2914 διαπορῆσαι
1702 2835 1781 2912 13,
1813 2843 1929 2903 πῶς

282 2931 372 2984 τὸν
418 2927 548 2982 Θεὸν
589 2923 720 2983 ποτὲ
751 2923 850 2998 μὲν
906 2924 1176 2994 αύτοζωήν
1208 2947 1371 3004 φημι,
1405 2929 1535 2982 ποτὶ
1583 2925 1639 2982 δὲ
1680 2932 1780 2994 τῆς
1828 2932 1929 2986 αὖ-

283 3017 490 3089 τοζωῆς
543 3015 873 3081 ὑποστάτην·
921 3014 1214 3091 ἀναγκαῖον
1256 3016 1462 3096 ᾠήθην,
1519 3016 1623 3095 ἱερὲ
1673 3025 1765 3074 τοῦ
1800 3025 1932 3079 Θεοῦ

283 3107 547 3187 ἄνθρωπε,
578 3105 674 3162 καί
720 3106 919 3172 ταύτης
951 3126 1007 3161 σε
1057 3101 1115 3153 ίϐ
1143 3109 1242 3172 τῆς
1297 3103 1381 3183 ἐφ’
1437 3107 1574 3181 ἡμῖν
1615 3107 1837 3187 ἀπορίας
1879 3107 1932 3151 17

2096 2658 2214 2720 Sed
2266 2663 2404 2742 quia
2473 2662 2620 2724 alias
2695 2679 2792 2724 me
2861 2681 2966 2743 per
3021 2659 3330 2743 epistolam
3406 2658 3668 2720 interro-

2015 2749 2186 2830 gasti,
2237 2751 2379 2832 quid
2419 2752 2717 2833 appellem
2775 2771 2880 2833 per
2929 2771 2994 2814 se
3024 2770 3180 2829 esse,
3241 2767 3347 2830 per
3376 2765 3440 2810 se
3467 2747 3666 2823 vitam,

2015 2856 2123 2918 per
2150 2858 2213 2900 se
2235 2840 2611 2920 sapientiam,
2672 2851 2725 2904 et
2760 2851 2958 2905 tecum
2994 2843 3082 2904 ais
3133 2839 3458 2916 dubitasse,
3519 2857 3672 2919 quo-

2015 2928 2191 2990 modo
2224 2929 2409 2992 Deum
2469 2933 2788 3013 aliquando
2828 2932 3069 3012 quidem
3117 2948 3262 2993 voco
3307 2946 3412 3010 per
3454 2946 3518 2990 se
3582 2926 3672 2987 vi-

2014 3027 2157 3090 tam,
2205 3018 2525 3100 aliquando
2581 3039 2720 3083 vero
2779 3023 3116 3084 effectorem
3163 3037 3266 3100 per
3286 3037 3349 3080 se
3370 3017 3499 3079 vitae
3534 3034 3672 3091 ,ne.

2013 3109 2339 3170 cessarium
2373 3129 2506 3172 esse
2536 3113 2852 3174 arbitratus
2883 3130 3038 3184 sum,
3075 3112 3252 3173 homo
3300 3109 3405 3172 Dei
3446 3115 3674 3181 sancte,

281 3196 565 3256 ἀπολῦσαι.
617 3195 717 3253 Καὶ
763 3201 975 3273 πρῶτον
1033 3192 1156 3273 μὲν,
1210 3193 1302 3250 ἴνα
1355 3195 1422 3250 τὰ
1481 3195 1802 3274 μυριόλεκτα
1844 3191 1929 3253 καὶ

2016 3196 2089 3258 ab
2135 3199 2244 3259 hac
2281 3198 2675 3274 dubitatione,
2729 3201 2925 3282 quoad
2973 3201 3217 3282 possim,
3276 3207 3332 3260 te
3391 3198 3671 3260 liberare.

280 3296 370 3346 νῦν
413 3282 788 3359 ἀναλάϐωμεν,
839 3283 934 3341 οὒκ
991 3281 1133 3338 ἔστιν
1189 3283 1450 3362 ἐναντίον,
1505 3283 1854 3361 αὖτοδύναμιν
1897 3287 1929 3355 ἢ

2020 3289 2106 3348 Ac
2140 3288 2396 3369 primum
2425 3290 2694 3372 quidem,
2730 3274 2791 3352 ut
2822 3274 2986 3352 nunc
3012 3274 3353 3371 repetamus
3381 3305 3513 3368 qua}
3548 3285 3680 3346 mil-

281 3377 553 3447 αὖτοζωὴν
587 3375 758 3430 εἰπεῖν
789 3374 880 3429 τὸν
926 3373 1081 3443 Θεὸν,
1113 3373 1203 3428 καὶ
1232 3377 1331 3439 τῆς
1375 3377 1673 3455 αὐτοζωῆς,
1703 3377 1738 3444 ἢ
1783 3379 1936 3452 etp-9-

281 3488 402 3539 νης,
436 3464 474 3533 ἢ
529 3461 798 3538 δυνάμεως
832 3462 1133 3529 δποστᾶτην
1169 3459 1240 3504 18·
1296 3463 1362 3518 τὰ
1405 3464 1504 3538 μὲν
1561 3465 1662 3542 γὰρ
1715 3464 1774 3522 ἐκ
1829 3473 1937 3522 τῶν

281 3554 451 3612 ὄντων
481 3553 569 3609 καὶ
617 3551 849 3628 μάλιστα
891 3552 952 3608 ἐκ
1000 3559 1106 3608 τῶν
1143 3552 1366 3631 πρώτως
1416 3550 1606 3626 ὄντων,
1658 3555 1730 3616 ὡς
1761 3554 1936 3617 αἴτιος

283 3645 497 3702 πάντων
545 3649 654 3699 τῶν
703 3640 892 3721 ὄντων,
925 3640 1164 3720 λέγεταιο
1220 3643 1282 3698 τὰ
1324 3641 1403 3717 δὲ,
1466 3645 1540 3708 ὡς
1589 3644 1720 3720 ὑπὲρ
1766 3644 1938 3700 πάντα

285 3735 381 3792 καί
429 3733 497 3790 τὰ
553 3731 778 3812 πρώτως
835 3731 962 3787 ὅντα
1017 3731 1220 3808 ὑφερὼν
1272 3731 1594 3810 ὓπερουσίως
1644 3729 1719 3796 19,
1773 3734 1832 3791 Τί
1882 3731 1938 3789 δὲ

287 3824 449 3898 ὅλως,
483 3823 612 3900 φῂς,
645 3823 708 3879 τὸ
750 3819 877 3878 αὐτὸ
921 3821 1064 3878 εἶναι
1114 3819 1362 3899 λέγομεν,
1413 3823 1447 3890 ἢ
1497 3823 1593 3890 τὴν
1641 3824 1932 3896 αύτοζωὴν,

289 3916 326 3983 ἦ
383 3913 483 3971 ὅσα
537 3911 818 3975 ἆπολύτως
877 3914 964 3968 καὶ
1026 3911 1339 3991 ἀρχηγιιῶς
1399 3912 1564 3988 εἶναι,
1601 3914 1687 3969 ιιαὶ
1736 3915 1799 3970 ἐκ
1849 3915 1940 3970 τοῦ

293 4013 424 4063 Θεου
466 3997 688 4082 πρώτως
721 4000 1068 4081 ὑφεστηκέναι
1113 4003 1379 4077 τιθέμεθα.
1416 4011 1580 4060 Τοῦτο
1625 4001 1680 4060 δέ
1735 4025 1931 4084 φαμεν,

291 4094 386 4152 οὒκ
440 4092 582 4149 ἔστιν
612 4089 862 4170 ἀγκύλον,
896 4089 1017 4145 ἀλλ’
1049 4090 1165 4146 εύθὺ
1197 4093 1282 4148 καὶ
1330 4089 1504 4158 ἁπλῆν
1536 4092 1632 4159 τὴν
1667 4090 1933 4172 διασάφη-

289 4205 368 4241 σιν
397 4182 550 4262 ἔχον.
608 4181 680 4240 Οὔ
708 4182 809 4257 γὰρ
837 4181 1014 4238 οὐσίαν
1043 4181 1161 4236 τινὰ
1202 4182 1367 4258 θείαν,
1399 4180 1432 4248 ἢ
1464 4179 1762 4258 ἀγγελικὴν
1792 4181 1934 4238 εἶναί

288 4295 459 4355 φαμεν
491 4273 552 4329 τὺ
580 4271 708 4329 αὐτὸ
740 4270 880 4327 εἶναι
909 4267 965 4311 ³ο
985 4269 1078 4326 τοῦ
1107 4271 1250 4327 εἶναι
1296 4271 1360 4326 τὰ
1390 4269 1514 4326 ὄντα
1542 4267 1712 4327 πάντα
1766 4273 1933 4328 αἰτίαν

291 4363 478 4444 (μόνον
532 4362 632 4440 γὰρ
690 4370 783 4419 τοῦ
834 4364 973 4416 εἶναι
1023 4359 1192 4418 πάντα
1245 4360 1311 4416 τά
1369 4359 1514 4439 ὄντα,
1564 4361 1645 4416 καὶ
1705 4360 1832 4418 αὐτὸ
1872 4363 1934 4419 τὸ

286 4455 428 4511 εἶναι
485 4449 1015 4530 δπερούσιτν,ἆρχὴ,
1075 4450 1159 4504 διαἱ
1210 4451 1383 4522 ούσία,
1416 4451 1502 4506 καὶ
1554 4450 1780 4528 αἴτιον),
1816 4451 1932 4508 οὐδὲ

283 4541 549 4621 ζωογόνον
595 4538 643 4582 εί
678 4537 816 4606 ἄλλη
845 4540 1069 4606 θεότητα
1101 4539 1240 4617 παρὰ
1288 4539 1384 4606 τὴν
1414 4539 1659 4616 ὑπέρθεον
1707 4537 1762 4582 ³³
1792 4541 1932 4596 πάν-

2018 3376 2130 3437 lies
2159 3377 2314 3439 dicta
2343 3389 2504 3456 sunt,
2541 3399 2661 3441 non
2700 3389 2960 3462 pugnant
2992 3399 3196 3442 secum
3228 3379 3452 3458 dicere,
3491 3379 3676 3438 Deum

2020 3484 2128 3548 per
2145 3485 2208 3528 se
2243 3477 2616 3547 poteSIatem,
2650 3480 2707 3531 et
2733 3489 2838 3551 per
2868 3489 2933 3531 se
2964 3470 3232 3544 vitam;et
3258 3467 3678 3544 dicere,Deum

2020 3567 2347 3620 creatorem
2395 3578 2503 3638 per
2532 3579 2596 3622 sn
2628 3566 2782 3635 vitae,
2815 3560 2904 3622 vel
2937 3578 3045 3640 per
3067 3579 3130 3622 se
3153 3558 3336 3639 pacis,
3373 3556 3460 3618 vel
3481 3573 3588 3636 per
3616 3571 3682 3615 se

2021 3649 2354 3726 potestatis;
2385 3649 2510 3712 haec
2544 3651 2704 3712 enim
2729 3649 2946 3712 dicitur
2970 3652 3130 3712 Deus
3163 3667 3233 3709 ex
3257 3648 3330 3710 iis
3352 3663 3488 3727 quas
3517 3648 3679 3722 sunt,

2022 3745 2081 3798 et
2114 3738 2370 3799 maxime
2400 3757 2472 3800 ex
2511 3739 2584 3799 iis
2625 3758 2757 3820 quae
2790 3742 2979 3820 prima
3022 3745 3471 3813 sunt,tanquam
3503 3750 3684 3795 causa

2023 3825 2287 3887 omnium
2322 3845 2454 3907 quae
2482 3836 2619 3889 sunt
2653 3849 2668 3910 ;
2726 3829 2826 3891 illa
2883 3836 3080 3890 autem
3113 3827 3353 3900 dicitur,
3404 3833 3680 3905 tanquam

2021 3915 2284 3978 existens
2341 3936 2520 3997 supra
2563 3917 3040 3981 substantialiter
3085 3935 3264 3998 supra
3322 3914 3520 3976 omnia
3552 3928 3683 3992 quae

2019 4015 2252 4080 sunt,et
2273 4026 2411 4088 qua:
2436 4008 2626 4088 primo
2648 4007 3042 4082 sunt.Quaaris
3055 4015 3252 4070 autem
3273 4003 3415 4087 quid
3440 4018 3683 4084 prorsus

2017 4089 2289 4158 dicamus
2321 4115 2426 4177 per
2442 4116 2507 4160 se
2530 4116 2681 4178 esse,
2707 4109 2806 4160 aut
2826 4117 2933 4178 per
2961 4117 3025 4160 se
3051 4100 3241 4162 vitam.
3279 4105 3379 4158 aut
3405 4110 3688 4175 quaecun-

2016 4204 2131 4266 que
2179 4184 2449 4247 absOlute
2499 4196 2556 4248 et
2619 4187 3028 4268 principaliter
3058 4204 3217 4260 esse,
3275 4193 3334 4246 et
3356 4202 3426 4245 ex
3460 4185 3578 4242 Deo
3611 4197 3682 4239 ac

2021 4275 2208 4354 primo
2236 4284 2431 4336 creata
2453 4295 2582 4338 esse
2606 4275 3374 4357 ponimus.Respondemus
3408 4291 3527 4335 non
3552 4285 3684 4332 esse

2018 4364 2129 4424 hoc
2162 4373 2523 4441 contortum,
2557 4365 2662 4428 sed
2709 4375 2959 4440 rectum,
2997 4375 3056 4428 et
3083 4365 3421 4446 simplicem
3454 4361 3683 4425 habens

2017 4453 2518 4534 explanationem.
2554 4458 2684 4520 Non
2716 4457 2870 4518 enim
2899 4455 3045 4518 illud
3099 4473 3206 4533 per
3233 4473 3299 4517 se
3347 4473 3501 4530 esse,
3537 4455 3685 4514 sub-

2017 4544 2293 4607 stantiam
2339 4546 2655 4626 quamdam
2715 4545 2980 4608 divinam
3031 4554 3129 4606 aut
3177 4544 3509 4624 angelicam
3552 4561 3686 4606 esse

281 4655 386 4690 τωο
445 4630 542 4688 ὅσα
601 4636 688 4706 ζῇ,
721 4631 810 4686 καὶ
863 4629 959 4697 τῆς
1013 4629 1288 4699 αύτοζωῆς
1350 4627 1520 4685 αίτίαν
1579 4629 1744 4702 ζωὴν,
1794 4628 1929 4710 οὔτε,

2021 4631 2301 4710 dicimus,
2335 4654 2466 4716 qua)
2495 4636 2572 4696 sit
2617 4653 2793 4700 causa
2843 4645 2905 4697 ut
2954 4636 3074 4697 sint
3124 4633 3326 4696 omnia
3389 4652 3523 4712 quae
3553 4641 3689 4694 sunt

282 4722 567 4780 συνελόντα
617 4721 816 4792 εἰπεῖν,
845 4719 1079 4798 ἀρχικὰς
1129 4723 1232 4773 τῶν
1283 4717 1448 4773 ὄντων
1479 4719 1566 4774 καὶ
1613 4717 1932 4797 δημιουργι-

281 4812 380 4875 κὰς
438 4810 616 4873 οὖσίας
648 4809 736 4866 διαὶ
783 4807 1124 4886 ὑποστάσεις,
1161 4806 1378 4868 ἅστινας
1434 4802 1490 4847 33
1520 4807 1610 4862 καὶ
1637 4808 1784 4872 θεοὺς
1829 4813 1936 4863 τῶν

283 4898 450 4957 ὄντων
499 4899 588 4956 καὶ
652 4897 1005 4975 δημιουργοῖις
1063 4893 1572 4975 αὖτοσχεδιάσαντες
1621 4896 1935 4972 ἀπεστομά-

285 5011 461 5061 τισαν,
515 4990 628 5063 οὓς,
687 4985 900 5054 ἀληθῶς
960 4987 1048 5042 καὶ
1105 4986 1293 5064 κυρίως
1364 4987 1559 5058 εἰπεῖν,
1614 4984 1730 5041 οὔτε
1788 4985 1938 5043 αύτοὶ

289 5074 504 5155 ᾔδεισαν
531 5074 590 5120 2⁸
617 5077 739 5157 (οὐκ
764 5073 820 5117 9⁵
848 5075 1029 5154 ὄντας)
1063 5071 1180 5130 οὔτε
1233 5076 1279 5130 οἱ
1314 5073 1538 5150 πατὲρες
1585 5077 1783 5132 αύτῶν·
1817 5073 1940 5130 ἀλλ’

289 5169 581 5244 αύτοεῐναι,
643 5165 737 5224 καί
820 5164 1115 5240 αὖτοζωὴν,
1171 5165 1260 5222 καὶ
1331 5162 1689 5231 αότοθεότητά
1738 5185 1937 5242 φαμεν,

2021 4724 2234 4797 (solum
2274 4727 2434 4788 enim
2469 4726 2568 4806 qui
2601 4735 2692 4788 est
2722 4743 3084 4807 supraquam
3131 4724 3482 4797 substantia,
3518 4723 3689 4803 prin-

2018 4813 2264 4895 cipium,
2311 4825 2372 4878 et
2394 4815 2674 4891 essentia,
2727 4825 2785 4878 et
2833 4833 3011 4878 causa
3043 4822 3132 4877 est
3184 4826 3248 4876 ut
3304 4814 3423 4875 sint
3487 4811 3690 4874 omnia

2019 4921 2150 4984 quae
2181 4917 2342 4985 sunt,
2381 4915 2440 4968 et
2469 4907 2664 4988 ipsum
2697 4924 2806 4984 per
2834 4923 2899 4967 se
2926 4903 3109 4985 esse),
3144 4921 3255 4966 nec
3280 4902 3453 4964 aliam
3477 4901 3688 4964 divini-

2049 4999 2204 5054 atem
2231 5013 2364 5072 quae
2387 4997 2561 5057 vitam
2591 4995 2799 5076 pariat;
2834 5004 3230 5075 przeterquam
3265 4993 3440 5055 vitam
3473 5010 3685 5073 supra-

2028 5100 2202 5158 quam
2223 5083 2479 5146 divinam
2504 5085 2769 5147 omnium
2793 5103 3163 5166 quascunque
3190 5084 3410 5164 vivunt,
3430 5081 3690 5163 etipsius

2026 5189 2133 5250 per
2159 5191 2225 5236 se
2273 5176 2406 5238 vitae
2433 5192 2694 5251 causam,
2729 5174 3049 5256 ponimus;
3097 5192 3209 5237 nec
3253 5180 3316 5235 ut
3345 5169 3686 5236 summatim

1622 5322 1883 5388 VARIE
1951 5327 2269 5400 LECTION
2276 5340 2390 5403 ES.

357 5486 406 5531 ¹¹
451 5487 660 5564 ἀταξίᾳ,
697 5489 765 5552 D,
853 5485 905 5529 1⁸
935 5509 1055 5546 συνι

356 5566 410 5610 ¹⁵
439 5569 726 5649 ἀπορῆσαι.
857 5567 923 5630 Ρ.
957 5566 1028 5632 Ι).

275 5663 505 5726 τοετναι,
539 5647 658 5714 uno
685 5647 865 5713 verbo
899 5651 962 5716 Β.
997 5649 1068 5711 D.

1061 5485 1357 5608 ργέσομεν,
1396 5485 1466 5550 D.
1525 5483 1623 5549 Sc.
1659 5485 1791 5549 Sar.

1177 5567 1237 5608 ης
1360 5564 1498 5608 7a.:
1540 5569 1676 5608 sum
1738 5586 1791 5608 η,

1177 5567 1256 5626 τό.
1333 5564 1387 5608 ¹⁷
1416 5566 1438 5623 ἐ

1879 5489 1932 5535 ίθ
1970 5497 2025 5552 ἐν
2082 5501 2344 5558 Πνεύαατι
2388 5502 2473 5556 καὶ
2516 5497 2590 5557 δι’
2649 5499 2857 5560 ἐαυτοῦ.

1445 5565 1705 5659 ξῖηῆμεῖνο,
1737 5586 1856 5659 "gn
1886 5583 1978 5659 est
2005 5577 2066 5638 in
2100 5579 2169 5643 Ι).
2205 5579 2284 5659 Aw
2314 5581 2629 5655 ἐπιστάτην,
2803 5565 3294 5659 ίθ-ῥπ-ερκείμενος,
3447 5565 3540 5659 ’-ξο
3568 5573 3669 5659 αὖ·-

1153 5645 1203 5693 ιί
1245 5645 1530 5728 praecedit
1559 5648 1658 5728 γάρ
1690 5645 1834 5715 iuP.
1903 5652 1959 5698 9*
1988 5664 2113 5724 τῶν.

2944 5495 2996 5540 η
3042 5493 3671 5574 πρῡσεπιμαρτυρούσης.

2197 5657 2254 5705 ³³
2280 5660 2341 5728 ἅς
2373 5681 2535 5736 τινες,
2569 5653 2635 5725 Ρ,
2672 5658 2772 5724 Sc.
2845 5657 2904 5710 οι
2932 5653 3150 5735 ᾔδεσαν.
3239 5656 3300 5710 95
3329 5653 3421 5715 ἄτα
3451 5653 3513 5727 δὴ
3548 5655 3679 5736 οὐκ,
