4050 6212
262 381 374 461 961

746 384 844 460 DE
889 392 1185 460 DIVINIS
1243 380 1700 470 NOMINIBUS,
1746 378 1909 453 CAP.
1957 382 2064 452 XI.
2112 420 2187 433 -—
2235 384 2620 453 PARAPHR.
2669 376 3168 453 PACHYMERE

3546 372 3665 453 962

257 528 535 610 ἀφθέγξίαν
596 528 774 603 καλεῖ,
837 530 910 592 ὡς
967 526 1324 601 σιωπωμένην
1371 527 1470 584 ,καὶ
1522 522 1763 604 κρυφίαψ
1812 518 1904 579 καί

2014 521 2051 583 d
2084 524 2248 605 quod
2285 543 2317 587 a
2343 526 2469 589 Deo
2492 524 2841 588 destitutum
2871 523 3247 600 est,informe
3276 526 3341 587 ﬁt
3372 533 3432 588 et
3451 543 3666 608 expers

258 618 539 687 ἀκινησίαν
595 617 715 694 μὲν,
761 615 879 674 ἀλλ’
937 615 1022 674 ἐπὶ
1080 622 1255 673 πᾶσαν
1306 615 1512 682 κίνησιν
1570 611 1913 692 γιιωσδιομέ-

258 728 383 776 νην·
434 708 567 775 αὕτη
616 708 716 785 γὰρ
768 707 912 765 ἐστιν
982 710 1019 778 ἡ
1051 707 1115 762 τὰ
1172 703 1345 762 πάντα
1417 702 1796 772 εἰδοποιήσασα
1826 701 1912 756 καὶ

262 799 556 877 κινήσασα,
617 796 722 865 ὅλη
752 797 851 875 γὰρ
881 795 982 874 ὅλῇ
1042 797 1203 873 ἑαυτῇ
1262 796 1626 872 δπερήνωται,
1665 792 1752 847 καὶ
1784 790 1909 848 ἑαυ-

265 887 366 955 τὴν
422 885 959 957 πολλαπλασιάζουσα
1019 896 1141 950 ταῖς
1198 882 1315 939 καθ’
1358 882 1581 940 ἕκαστον
1624 879 1911 959 εἶρηναίαις

258 974 532 1055 προόδοις,
591 973 706 1033 οῦδὲ
763 995 895 1031 ποτε
955 975 1052 1042 τὴν
1108 974 1304 1040 ἑαυτῆς
1364 972 1559 1028 ἑνιαίαν
1636 969 1912 1026 ἀπολείπει

259 1065 563 1133 ἁπλότητα,
628 1062 753 1140 Περὶ
799 1063 995 1130 ταύτης
1052 1062 1224 1119 τοίνυν
1268 1062 1384 1119 οὔτε
1432 1062 1604 1118 εἰπεῖν
1654 1057 1762 1115 οὔτ’
1821 1059 1912 1115 ὲν-

263 1159 456 1225 νοῆσαι
489 1154 526 1222 ἢ
577 1152 793 1210 δυνατὸν
834 1153 870 1221 ἢ
899 1154 1138 1231 θεμιτὸν,
1198 1149 1335 1207 ἆλλᾶ
1396 1154 1592 1218 ταύτην
1620 1152 1694 1213 ὡς
1736 1148 1911 1227 ἄγνω-

263 1266 390 1301 στον
449 1241 535 1300 ἐπ’
596 1242 760 1309 αὐτὴν
814 1242 1112 1309 ἀναθέντες,
1146 1242 1241 1303 τὰς
1272 1242 1329 1295 ἐν
1355 1251 1477 1304 ταῖς
1522 1240 1761 1320 Γραφαίς
1810 1251 1913 1316 ρη-

263 1335 441 1397 θείσας
492 1333 676 1398 νοντᾶς
736 1332 1016 1408 μετουσίας
1075 1334 1264 1410 αὐτῆς,
1331 1331 1406 1390 ὡς
1459 1327 1679 1385 δυνατὸν
1731 1329 1923 1406 ἀνθρώο

265 1444 415 1499 ποις,
452 1422 483 1490 ἢ
538 1420 745 1498 μᾶλλον
797 1434 918 1484 τοῖς
961 1421 1218 1476 κάκείνων
1260 1418 1705 1494 ἇπολείπομένοις
1754 1418 1922 1498 ἡμῖν,

266 1512 637 1586 σκοπήσωμεν
649 1555 662 1570 .

1997 610 2485 690 pulchritudinis.
2543 612 2626 676 De
2679 614 2791 676 hac
2840 614 3025 693 igitur
3075 614 3274 676 divina
3321 632 3469 694 pace
3520 614 3667 697 quid

1998 700 2239 762 tandem
2266 702 2369 783 sit,
2401 702 2605 764 dicere
2638 703 2880 784 refugit;
2911 703 3197 781 quoniam
3230 703 3384 765 hanc
3400 704 3574 765 etiam
3601 704 3663 766 in

1997 788 2161 851 Actis
2191 793 2213 834 τ
2232 790 2460 871 Justus,
2498 811 2681 869 quem
2711 805 2773 855 et
2798 791 2982 856 Josen
3015 791 3407 854 nominabant
3468 795 3670 874 ἄφθεγ-

1995 878 2102 944 ξίαν
2136 888 2325 953 vocat,
2352 882 2581 962 quippe
2604 882 2880 944 silentem
2915 892 2976 944 et
3006 881 3328 959 occultam;
3361 893 3423 943 et
3456 882 3665 944 immo-

1997 967 2292 1031 bilitatem
2308 970 2693 1050 quidem,sed
2707 970 2779 1033 ab
2797 972 2962 1032 omni
2980 984 3147 1033 motu
3162 971 3661 1050 cognoscibilem;

1998 1058 2122 1119 haec
2157 1059 2316 1119 enim
2342 1068 2434 1121 est
2468 1078 2600 1137 quas
2628 1059 2910 1123 informat
2954 1070 3013 1122 et
3060 1070 3253 1123 movet
3284 1062 3509 1134 omnia,
3546 1071 3665 1125 tota

1998 1149 2156 1208 enim
2181 1147 2295 1209 sibi
2328 1149 2431 1210 toti
2454 1151 2934 1230 superunitur;et
2970 1169 3107 1215 cum
3135 1152 3514 1232 semetipsam
3541 1153 3663 1215 sin-

2003 1236 2166 1316 gulis
2191 1239 2453 1318 paciﬁcis
2471 1239 2950 1317 processionibus
2978 1240 3660 1323 multiplicat,nunquam

2004 1325 2141 1386 517
2169 1335 2367 1389 tamen
2402 1326 2638 1389 unicam
2672 1328 2833 1390 illam
2867 1347 3033 1391 suam
3078 1330 3664 1413 simplicitatem§_de~

2007 1416 2177 1478 serit.
2215 1420 2299 1479 De
2324 1418 2431 1479 hac
2466 1420 2667 1499 itaque
2692 1437 2889 1500 neque
2918 1418 3144 1495 dicere,
3179 1439 3373 1502 neque
3403 1422 3668 1501 cogitare

2009 1504 2331 1586 quidquam
2347 1506 2434 1567 fas
2455 1507 2654 1568 estvel
2684 1506 3102 1587 possibile;sed
3137 1509 3289 1572 hanc
3304 1519 3581 1592 tanquam
3603 1511 3665 1572 in

267 1615 337 1662 se
380 1600 638 1680 ignotam
672 1607 1046 1680 enarrantes,
1081 1596 1464 1660 intellectiles
1513 1597 1643 1677 ejus
1703 1593 2189 1685 participationes
2251 1595 2314 1657 in
2344 1593 2670 1679 Scripturis
2723 1598 3071 1678 recensitas,
3104 1598 3262 1678 quod
3321 1600 3664 1685 hominibus

264 1688 361 1752 vel
392 1687 588 1770 potius
620 1687 793 1750 nobis
821 1687 954 1749 aliis
981 1685 1391 1761 inferioribus,
1430 1685 1712 1766 possibile
1745 1693 1859 1760 est,
1892 1683 2377 1748 consideremus.

352 1775 483 1858 §ll.
529 1784 744 1854 Πρῶτον
800 1778 971 1835 τοίνυν
1023 1777 1276 1856 λέγομεν,
1328 1777 1410 1833 ὅτι
1478 1777 1514 1845 ἦ
1570 1778 1680 1833 θεία
1740 1774 1926 1872 ἑκεῖνη

2090 1773 2119 1853 §
2152 1772 2223 1838 ll.
2254 1772 2522 1872 Primum
2597 1776 2800 1872 itaque
2873 1774 3132 1838 dicimus
3173 1775 3431 1872 divinam
3458 1780 3662 1872 “illam

270 1871 458 1946 εἰρήνη
498 1870 532 1935 ἡ
564 1869 856 1947 ἂφθεγχτος
928 1873 1023 1931 τᾶς
1086 1867 1434 1944 αὒτοειρήνης
1488 1867 1630 1923 ’ἐστὶν
1690 1866 1925 1923 ὅποστά-

271 1981 377 2034 τις,
437 1958 573 2019 κάτὰ
628 1958 749 2022 τοὺς
780 1956 971 2036 λόγους
1014 1954 1133 2014 καθ’
1189 1955 1278 2019 οῦς
1337 1956 1589 2032 ἐλέγομεν
1635 1954 1928 2033 ἔμπροσθεν

271 2050 392 2127 περὶ
428 2052 527 2116 τῆς
598 2046 896 2119 αῦτοζωῆς.
964 2036 1144 2114 ’Ὅλην
1177 2045 1230 2102 δὲ
1274 2046 1390 2104 καθ’
1444 2045 1671 2104 ἕκαστον
1712 2046 1928 2125 εἰρήνην

274 2136 422 2216 λέγει
481 2136 640 2211 ὅλην,
704 2135 822 2194 καθ’
885 2134 951 2204 ἤν
994 2136 1061 2192 τὰ
1130 2136 1304 2192 πάντα
1361 2133 1664 2213 συνᾶγεται,
1715 2138 1804 2191 καὶ
1853 2135 1927 2197 εἰς

276 2228 407 2303 μίαν
472 2224 654 2307 ἓφεσιν
709 2226 1035 2283 ανατείνεται
1101 2224 1462 2304 μεμερισμένοι
1534 2235 1657 2291 ταῖς
1713 2226 1926 2305 φύσεσιν

275 2316 431 2373 ὃνταο
491 2315 612 2373 ναθ¹
675 2314 898 2373 ἕκαστον
956 2313 1034 2389 δὲ,
1081 2314 1198 2372 καθ’
1234 2313 1296 2381 νίν
1336 2314 1582 2396 ἕκαστον,
1613 2317 1713 2384 τὴν
1744 2316 1929 2371 ἑαυτοῦ

279 2405 508 2473 ἑνότητα
586 2403 873 2486 φυλάττον,
944 2404 1005 2462 οὔ
1061 2402 1336 2484 διαχέεται
1398 2407 1529 2484 πρὸς
1600 2406 1792 2485 φθοράν
1840 2405 1929 2460 καὶ

280 2495 620 2576 ἆνυπαρξίαν,
686 2495 719 2550 ἅ
776 2492 842 2563 δὴ
898 2494 1146 2573 ἀνωτέρω
1203 2494 1358 2551 εἶπεν
1389 2494 1602 2573 ἄπειρον
1645 2497 1731 2551 καὶ
1773 2493 1928 2572 ἆόρι-

280 2606 430 2647 στον.
491 2583 799 2661 Σημείωσαι
852 2581 932 2657 δὲ,
995 2586 1105 2659 ὃτι,
1134 2584 1200 2643 τὰ
1252 2584 1348 2659 μὲν
1380 2586 1477 2641 ὃλα
1521 2583 1705 2642 ἕνωσιν
1736 2583 1926 2661 λέγον-

278 2697 367 2733 ται
422 2674 572 2755 ἔχειν
626 2676 757 2753 πρὸς
807 2671 1041 2753 ἄλλ-ἦλα,
1095 2675 1158 2730 τὸ
1199 2670 1256 2729 δέ
1318 2673 1374 2730 ἕν
1428 2676 1558 2750 πρὸς
1616 2673 1772 2733 ἑαυτὸ
1803 2672 1924 2729 ενό-

276 2780 441 2833 τητα·
471 2767 558 2821 καὶ
616 2767 678 2821 τὸ
727 2764 823 2840 μὲν
873 2762 950 2837 ἓν,
986 2763 1470 2841 συγκρατοόμενον,
1544 2765 1603 2821 οὒ
1650 2762 1925 2843 διακέεται

278 2855 411 2932 πρὸς
464 2856 528 2912 τὸ
586 2855 826 2931 ἄπειρον,
879 2855 945 2909 τὰ
986 2851 1042 2909 δὲ
1088 2849 1213 2928 ὅλα,
1245 2855 1725 2932 συγκεραννύμενα,
1770 2852 1930 2927 ἀσύγ-

278 2965 422 3025 χδτα
476 2945 745 3021 μένουσιν,
809 2945 868 3002 Εἰ
911 2944 1012 3023 γὰρ
1069 2945 1157 3000 καὶ
1223 2945 1289 3000 τὰ
1332 2958 1613 3025 στοιχεῖα,
1645 2944 1797 3024 φησὶ,
1831 2943 1927 3010 τὴν

277 3036 412 3113 πρὸς
469 3032 680 3101 ἄλληλα
738 3032 1052 3110 συμπλοκὴν
1110 3034 1198 3091 καὶ
1255 3033 1394 3109 μίξιν
1437 3033 1727 3113 ἀδιαίρετον
1759 3032 1926 3113 ἔχου·

278 3146 387 3199 σιν,
445 3121 568 3181 ἀλλ’
634 3122 781 3199 ὅμως
840 3126 893 3180 αἱ
933 3123 1135 3180 τούτων
1193 3124 1478 3191 ποιότητες
1521 3131 1622 3192 τὴν
1659 3123 1928 3201 ἀκρότητα

2011 1880 2218 1943 pacem
2250 1862 2614 1925 ineffabilem
2635 1863 2829 1945 ipsius
2853 1881 2961 1945 per
2978 1883 3045 1927 se
3068 1864 3229 1946 pacis
3249 1883 3383 1928 esse
3410 1867 3668 1931 effectri-

2010 1970 2166 2026 cem,
2194 1951 2363 2032 juxta
2390 1952 2655 2015 rationes
2693 1955 2975 2034 superius
3014 1954 3225 2016 allatas
3266 1955 3342 2018 de
3373 1957 3501 2037 ipsa
3523 1959 3663 2024 vita.

2010 2039 2218 2103 Totam
2245 2051 2442 2104 autem
2479 2045 2768 2122 cujusque
2823 2061 3027 2125 pacem
3078 2055 3249 2108 vocat
3299 2047 3663 2130 universam,

2012 2138 2308 2212 quatenus
2355 2131 2577 2197 omnia.
2636 2150 2773 2210 quae
2814 2133 3043 2194 naturis
3074 2133 3262 2196 divisa
3307 2143 3467 2217 sunt,
3512 2155 3663 2200 con-

2009 2220 2309 2301 ciliantur,
2370 2230 2430 2283 et
2456 2224 2533 2285 ad
2594 2238 2780 2283 unum
2858 2222 3226 2286 desiderium
3307 2231 3665 2306 excitantur;

2009 2310 2490 2391 uniuscujusque
2544 2328 2709 2388 vero,
2766 2320 3064 2391 quatenus
3095 2319 3349 2395 quisque
3373 2316 3665 2379 unitatem

2010 2418 2177 2461 suam
2199 2418 2468 2476 servans,
2498 2401 2748 2462 minime
2791 2401 3010 2462 difﬂuit
3033 2403 3107 2463 ad
3129 2405 3573 2485 corruptionem
3611 2418 3669 2470 et

2010 2489 2347 2570 interitum,
2364 2508 2497 2570 quae
2520 2488 2797 2569 superius
2819 2493 3047 2554 vocavit
3071 2492 3365 2555 inﬁnitum
3391 2504 3453 2556 et
3473 2495 3666 2559 inter-

2013 2578 2317 2640 minatem.
2368 2582 2520 2643 Nota
2546 2597 2707 2659 vero,
2744 2580 3114 2661 totaquidem
3159 2581 3279 2644 dici
3306 2583 3381 2645 ad
3412 2585 3667 2648 invicem

2013 2668 2236 2729 habere
2284 2669 2806 2749 conjunctionem.
2850 2688 3028 2732 unam
3084 2689 3244 2747 vero,
3297 2673 3372 2734 ad
3400 2674 3666 2756 seipsum

2011 2758 2721 2837 unitatum;atqueunum
2745 2760 2985 2840 quidem
3008 2769 3524 2840 coutemperatum
3544 2783 3666 2827 non

2010 2848 2264 2908 diffundi
2283 2847 2342 2907 in
2364 2849 2816 2928 inﬁnitum,tota
2831 2867 2970 2911 vero
2988 2851 3302 2913 commista
3317 2870 3559 2916 manere
3578 2855 3669 2916 in-

2011 2935 2352 2999 confusa.Si
2377 2937 2981 3017 enim,inquit,etiam
3001 2938 3388 3002 t-lementaad
3407 2942 3666 3006 invicem

2010 3026 2440 3087 connexionem
2460 3039 2520 3086 et
2540 3025 2879 3088 mistionem
2893 3028 3250 3091 indivulsam
3270 3031 3668 3115 habent,atta—

2015 3133 2153 3176 men
2185 3116 2401 3176 horum
2427 3116 2743 3196 qualitates
2759 3135 2897 3179 suas
2918 3119 3344 3197 extremitates,
3373 3124 3628 3202 v.g.calo
3647 3159 3667 3172 -

278 3191 483 3271 ἑαυτῶν
539 3215 600 3272 οῦ
651 3191 1134 3292 πταραπολλύούσιν,
1178 3226 1297 3270 οῖον
1344 3214 1403 3271 τὸ
1460 3215 1674 3292 θερμὸν,
1720 3191 1783 3269 τὸ
1825 3209 1927 3277 ξη-

2012 3221 2166 3279 rem,
2202 3191 2561 3284 siccitatem,
2598 3214 2655 3266 et
2683 3215 2917 3277 caetera,
2953 3207 3201 3271 minime
3243 3191 3580 3291 deperdunt
3604 3215 3667 3277 in

278 3304 394 3381 ρὸν,
425 3304 515 3360 καὶ
568 3304 636 3360 τὰ
664 3301 848 3382 λοιπὰ,
908 3301 964 3358 ἐν
1005 3303 1105 3370 τὴν
1164 3303 1271 3359 τών
1314 3301 1617 3382 ἐτεροέιδῶν
1646 3325 1829 3381 κρασει
1862 3310 1931 3382 τῇ

279 3393 339 3449 ἒν
361 3398 440 3467 τῷ
467 3394 621 3451 παντὶ
678 3392 1035 3472 θεωρουμένῃ.
1104 3397 1297 3471 Κρᾶσιν
1350 3394 1451 3471 γὰρ
1508 3392 1727 3452 ἐνταῦθα
1795 3417 1930 3462 νοη-

278 3480 402 3539 τέον
446 3481 506 3540 οὗ
562 3482 662 3549 τὴν
718 3482 792 3544 ὡς
836 3479 922 3537 ἐπὶ
964 3486 1070 3537 τῶν
1099 3481 1272 3560 ὑγρῶν
1302 3480 1510 3561 φύρσιν,
1541 3482 1639 3548 τὴν
1670 3484 1759 3540 καὶ
1788 3484 1931 3565 ἀφα-

279 3573 523 3644 νίζουσαν
576 3573 644 3628 τὰ
709 3571 1053 3647 ὑποκείμενα,
1141 3569 1280 3628 ἀλλὰ
1346 3572 1436 3639 τὴν
1490 3572 1787 3648 σύμπνοιαν
1846 3573 1934 3630 καὶ

280 3660 649 3741 ἀλληλουχίαν
712 3661 805 3729 τὴν
860 3659 915 3716 ἐν
962 3660 1188 3737 άρμονία
1262 3658 1625 3738 φυλάττουσαν
1673 3663 1741 3718 τὰ
1798 3662 1924 3743 ὕφες

280 3750 485 3809 στῶτα.
538 3749 815 3823 Νοήσομεν
868 3755 988 3828 γοῦν
1047 3748 1171 3824 μίαν
1229 3750 1349 3806 τινὰ
1411 3748 1590 3817 ἆπλὴν
1633 3752 1788 3807 οἱονεὶ
1830 3752 1930 3831 φύ-

278 3863 366 3897 σιν
398 3839 611 3917 εἰρήνης
655 3837 1077 3915 ὲνθεωρουμένην
1102 3836 1226 3902 τοῖς
1278 3843 1458 3913 πᾶσιν,
1492 3838 1712 3896 ἐνοῦσαν
1754 3840 1932 3897 ἄπαν-

276 3951 379 3993 τας
435 3930 620 4007 ἑαυτῇ,
680 3930 768 3985 καὶ
841 3930 907 3986 τὰ
949 3930 1122 3985 πάντα
1181 3925 1459 4006 ἁλλόλοις,
1522 3933 1609 3985 οιαὶ
1651 3930 1717 3986 τὰ
1759 3932 1934 3987 πάντα

278 4019 524 4097 ἑαυτοῖς,
582 4020 669 4075 καὶ
748 4017 1130 4101 φυλάττουσαν,
1190 4019 1278 4074 καὶ
1348 4017 1521 4096 ἆμιγὴ
1581 4020 1671 4076 καὶ
1734 4041 1932 4098 συγκε-

2013 3293 2384 3355 diversarum
2397 3294 2734 3373 specierum
2751 3296 3419 3379 temperatione,quzein
3432 3303 3668 3367 univer-

2015 3401 2083 3445 so
2105 3382 3033 3464 conspicitur.Temperalionem
3065 3397 3259 3448 autem
3285 3389 3399 3451 hoc
3424 3391 3556 3454 loco
3578 3394 3669 3455 in-

2016 3471 2285 3551 telligere
2302 3480 2689 3552 Oporte2,non
2723 3490 2852 3535 eam
2871 3475 3079 3554 quaein
3111 3475 3374 3539 humidis
3399 3480 3668 3555 ﬁt,com-

2018 3562 2523 3644 mistionem,quze
2551 3571 2610 3624 et
2640 3562 2909 3655 subjecta
2938 3564 3404 3655 corrumpit;sed
3434 3572 3672 3655 conspi-

2015 3651 2342 3715 rationem:
2375 3663 2434 3713 et
2466 3652 2640 3713 unius
2668 3651 2742 3714 ab
2771 3654 2957 3716 altero
2990 3654 3224 3735 depend
3240 3658 3486 3740 entiam,
3534 3651 3670 3739 quae

2017 3742 2077 3803 in
2106 3759 2393 3822 compage
2416 3741 2673 3805 custodit
2700 3761 2771 3805 ea
2798 3761 2930 3824 quae
2949 3743 3221 3807 subsunt.
3251 3748 3667 3829 Intelligemus

2016 3830 2217 3912 itaque
2247 3850 2423 3893 unam
2457 3833 2775 3913 quamdam
2808 3833 3146 3915 simplicem
3190 3837 3360 3916 quasi
3391 3848 3662 3905 naturam

2017 3925 2179 4000 pacis
2208 3922 2270 3983 in
2303 3924 2581 3984 omnibus
2640 3924 3100 4000 consideratam,
3135 3927 3340 3988 omnia
3367 3927 3487 3992 sibi
3520 3930 3667 4012 ipsi,

2016 4022 2075 4073 et
2105 4012 2307 4074 omnia
2336 4012 2495 4073 inter
2520 4030 2611 4086 se,
2643 4021 2819 4094 atque
2857 4012 3058 4076 omnia
3099 4031 3305 4077 secum
3336 4017 3484 4098 ipsis
3516 4040 3668 4085 con-

275 4108 539 4189 κραμένα³
571 4108 766 4187 ἀμιγῆ,
823 4110 889 4178 τῆ
942 4107 1043 4181 ἰδίᾳ
1098 4109 1321 4164 ἑκάστου
1380 4108 1680 4175 ποιότητι·
1736 4131 1927 4188 συγκε-

2011 4102 2392 4183 jungentem,
2449 4120 2560 4164 nec
2611 4121 2728 4164 non
2785 4103 3045 4166 immista
3092 4112 3151 4165 et
3210 4113 3668 4190 contemperata

279 4196 546 4277 κραμένα,
578 4203 647 4275 τῇ
692 4199 823 4276 πρὸς
878 4196 1091 4264 ἄλληλα
1121 4195 1281 4273 μίξει.
1344 4196 1442 4255 Διὰ
1469 4201 1667 4266 ταυτην
1697 4200 1745 4256 οἰ
1794 4203 1927 4257 θεῖοι

2013 4202 2468 4254 conservantem
2480 4193 2780 4282 ;immista,
2791 4194 3033 4276 propria
3047 4194 3340 4274 cujusque
3355 4200 3666 4282 qualitate;

279 4287 403 4352 νόες
459 4287 695 4344 ἑνοῦνται
755 4288 847 4344 καί
925 4288 1019 4350 τὰς
1103 4288 1347 4357 νοήσεσιν
1405 4286 1606 4343 ἑαυτῶν
1662 4290 1751 4345 καὶ
1805 4290 1927 4354 τοῖς

2012 4290 2480 4363 contemperata,
2510 4283 2585 4343 ad
2616 4281 2871 4344 invicem
2898 4284 3201 4347 mistione.
3230 4284 3349 4348 Per
3390 4289 3544 4353 hanc
3578 4281 3673 4355 di;

236 4448 239 4449 ν
281 4376 612 4453 νοουμένοις’
638 4377 810 4434 νοοῦσι
860 4377 960 4456 γὰρ
1017 4378 1104 4433 καὶ
1161 4377 1401 4450 ἑαυτοὺς,
1468 4377 1554 4432 καὶ
1609 4380 1732 4442 τοὺς
1792 4381 1927 4437 ἑπα-

2015 4371 2167 4433 νὶιιω
2196 4380 2424 4434 mentes
2468 4372 2752 4434 uniuntur
2777 4391 2909 4463 cum
2948 4374 3085 4463 suis
3132 4374 3667 4463 intellectiouibus,

278 4464 664 4547 ναϐεϐηκότας,
718 4466 815 4523 καὶ
860 4464 936 4523 ἔτι
991 4467 1058 4522 τὰ
1104 4463 1476 4544 ὑποδεέστερα.
1536 4464 1715 4525 ’Ὅταν
1748 4470 1837 4525 οῦν
1866 4474 1927 4530 τὰ

2018 4469 2141 4522 tum
2173 4463 2358 4551 rebus
2378 4461 2694 4524 intellectis
2726 4482 2739 4525 :
2768 4462 3109 4542 intelligunt
3136 4465 3297 4527 enim
3323 4476 3383 4529 et
3412 4461 3667 4551 seipsas,

284 4558 487 4614 ἑαῦτῶν
530 4557 810 4635 ἐνεργῶσι,
886 4557 975 4614 καὶ
1033 4557 1250 4620 ἑαυτοὺς
1281 4556 1499 4628 .νοῶσι,
1560 4569 1682 4623 ταῖς
1714 4559 1927 4627 οἰκείαις

2017 4558 2077 4612 et
2105 4550 2471 4630 superiores,
2494 4552 2943 4633 atqueinsuper
2969 4553 3279 4620 inferiora.
3309 4550 3559 4629 Quando
3593 4563 3675 4627 ita

281 4647 522 4704 ἑνοῦνται
579 4647 848 4716 vovisse-tr
906 4645 1032 4703 ὅταν
1087 4643 1143 4702 δέ
1201 4646 1266 4702 τὰ
1322 4642 1720 4724 ὑπερϐεϐηκότα
1785 4648 1820 4717 ἢ
1866 4650 1927 4707 τὰ

2014 4658 2131 4721 que
2179 4660 2315 4722 quae
2374 4652 2534 4715 sunt,
2588 4653 2818 4718 curant,
2888 4651 2947 4705 et
3004 4645 3361 4726 semetipsas
3443 4651 3671 4714 intelli-

279 4733 655 4803 ὑποϐεϐηκότα
708 4741 894 4811 νοῶσι,
950 4736 1071 4792 τότε
1128 4736 1368 4793 ἑνοῦνταί
1429 4734 1551 4798 τοῦς
1600 4737 1925 4814 νοουμένοις,

2011 4740 2179 4809 guut,
2217 4731 2472 4812 propriis
2515 4732 3024 4795 intellectiouibus
3057 4736 3346 4798 uniuntur
3382 4758 3399 4815 ;
3431 4741 3670 4819 quando

283 4828 360 4884 Τὸ
403 4826 503 4905 γὰρ
532 4831 683 4883 νοοῦν
712 4825 782 4893 τῆ
810 4827 1007 4904 γνώσει
1050 4826 1256 4882 ἑνοῦται
1287 4830 1363 4899 τῷ
1404 4823 1714 4902 γνωσθέντι,
1748 4829 1823 4891 ὡς
1851 4831 1939 4885 καὶ

280 4918 313 4973 ὁ
370 4914 575 4993 ἆγνοών
620 4913 981 4989 σκεδάννυται,
1041 4917 1102 4973 οὗ
1164 4911 1480 4972 καταλαϐων
1511 4915 1541 4969 ’ὁ
1591 4915 1668 4990 μὴ
1724 4915 1935 4984 ἐνόησε,

284 5006 435 5062 Μετὰ
464 5002 522 5061 δὲ
575 5003 771 5067 ταύτας
817 5005 913 5068 τάς
965 5003 1177 5069 ἑνώσεις
1212 5001 1398 5084 (αἴπερ
1428 5003 1524 5059 οὒκ
1564 5000 1627 5058 ἄν
1671 5002 1938 5086 ἐγένοντο,

283 5096 331 5151 εἰ
364 5095 442 5170 μὴ
472 5094 707 5173 είρήνευε
735 5094 910 5156 καθὼς
938 5091 1055 5150 καθ’
1089 5093 1274 5150 ἑαυτὸν
1305 5094 1332 5148 ὁ
1360 5097 1519 5167 νοῶν,
1555 5091 1591 5159 ἢ
1614 5093 1723 5168 μὴν
1752 5095 1781 5149 ὃ
1803 5097 1939 5151 νοῶν

282 5186 418 5264 πρὸς
460 5185 530 5241 τὰ
581 5183 892 5261 νοούμενα),
954 5184 1043 5240 ἔπι
1099 5183 1199 5249 τὴν
1255 5183 1526 5261 ἄγνωστον
1585 5181 1791 5249 ἒκείνήν
1850 5190 1938 5246 καὶ

279 5274 430 5331 θείαν
486 5272 741 5351 ἆνὰγεται
812 5272 1075 5351 συναφὴν.
1134 5271 1240 5329 Πά)
1254 5294 1299 5329 ιν
1357 5270 1445 5327 ἐπὶ
1498 5276 1606 5327 τῶν
1668 5270 1939 5349 ἢμετέρων

284 5369 484 5445 ψυχῶν
524 5361 800 5443 ενδὲχεται
836 5360 1108 5440 εὒρεθῆναι
1171 5360 1344 5437 ἀμερῆ
1387 5360 1477 5416 καὶ
1536 5357 1699 5415 ἆϋλον
1729 5359 1935 5435 νόησιν,

283 5454 418 5510 ὃταν
446 5452 569 5516 τοὺς
612 5448 985 5514 παντοδαποὺς
1028 5448 1319 5529 λογισμοὺς
1375 5450 1506 5528 πρὸς
1563 5449 1686 5524 μίαν
1757 5449 1941 5524 νοερὰν

286 5542 629 5620 καθαρότητα
705 5539 1043 5621 συναγάγωσι
1143 5540 1265 5598 τότε
1321 5539 1422 5620 γὰρ
1489 5541 1578 5595 καὶ
1648 5539 1744 5607 τὴν
1812 5539 1941 5616 ὑπὲρ

373 5719 396 5765 ί
423 5717 559 5782 Act.
589 5732 632 5795 ι,
662 5712 765 5778 23.

2021 4838 2160 4881 vero
2190 4822 2504 4901 superiora
2524 4821 2616 4883 vel
2650 4823 2932 4902 inferiora
2958 4823 3469 4907 intelltgunt,tuuc
3491 4829 3674 4893 rebus

2020 4910 2344 4978 intellectis
2371 4910 2836 4991 conjunguntur.
2872 4912 3043 4985 Quod
3075 4916 3235 4976 enim
3262 4914 3556 4997 intelligit,
3567 4938 3676 5000 per

2021 5001 2417 5077 cognitionem
2447 5000 2536 5061 rei
2567 5001 2817 5081 cognita
2846 5004 3230 5083 conjungitur
3261 5026 3278 5081 ;
3310 5006 3465 5071 sicut
3495 5011 3671 5071 etiam

2020 5086 2303 5181 ignorans
2352 5089 2641 5181 dividitur
2699 5109 2819 5153 non
2850 5095 3374 5174 comprehendens
3404 5098 3463 5159 id
3514 5100 3673 5181 quod

2020 5176 2525 5256 ignoravit.Porro
2554 5189 2685 5261 post
2708 5181 2887 5244 hasce
2910 5186 3331 5266 uniones(quae
3356 5206 3475 5250 non
3500 5176 3676 5251 exsti-

2019 5267 2738 5357 tissent,nisiintelligens
2748 5289 2954 5335 secum
2968 5271 3099 5353 ipse
3111 5276 3573 5357 quodammodo,
3583 5279 3674 5341 vel

2021 5356 2246 5449 certeis
2259 5357 2489 5449 IBcum
2504 5359 2684 5449 rebus
2695 5358 3017 5423 intellectis
3036 5381 3243 5444 pacem
3272 5364 3676 5449 invisissetjad

2021 5445 2293 5527 ignotum
2319 5446 2487 5509 illum
2509 5448 2897 5531 divinumque
2919 5460 3298 5516 contractum
3330 5445 3670 5519 adducitur.

2024 5537 2285 5600 Rursum
2301 5536 2362 5599 in
2377 5538 2593 5602 animis
2610 5539 2831 5603 nostris
2846 5541 3115 5619 reperire
3144 5541 3284 5606 licet
3305 5542 3674 5609 individuam
