4050 6212
269 330 378 417 965

637 354 641 359 ·
726 348 825 412 DE
868 350 1163 415 DIVlNIS
1204 348 1654 434 NOMINIBUS,
1700 349 1865 416 CAP.
1912 350 2020 415 x1.
2067 384 2142 397 -
2198 356 2587 423 PARAPHR.
2634 340 3145 426 PACHYMERE.

3513 353 3633 433 966

342 486 368 560 ἓ
414 482 512 545 IV.
550 486 646 542 Καὶ
691 487 739 541 τί
766 486 825 542 λέ
841 510 908 565 (ω
938 495 1101 544 ταῦτα
1150 489 1235 546 ἐπὶ
1266 503 1380 552 τοῖς
1415 490 1491 563 μὴ
1548 491 1901 572 κινουμένοις,

2071 496 2221 575 ἓιν.
2244 496 2320 559 Ει
2342 490 2482 575 quid
2508 490 2642 552 dico
2674 490 2801 552 haec
2831 490 2908 552 de
2938 491 3057 553 illis
3077 513 3206 575 qua;
3236 516 3353 559 non
3377 517 3626 562 moven-

269 571 377 631 ἀλλ’
426 575 799 638 ἆκτασιάστοις
857 578 943 633 καὶ
987 579 1367 657 ἡσυχάζουσιν,
1402 578 1537 636 ὅπου
1584 601 1643 657 γε
1674 582 1767 638 καί
1823 571 1905 639 ἐπὶ

270 665 443 729 αὒτοῖς
484 679 600 728 τοῖς
633 665 960 739 κινουμένοις
994 667 1109 723 καθ’
1139 669 1419 726 ὁποιανοῦν
1467 671 1692 741 κίνησιν,
1727 673 1907 749 ὥσπερ

269 754 348 810 Eni
392 754 542 819 ἡλίου
576 752 678 811 ἴδοι
719 777 799 817 τις
846 755 930 834 ἂν,
965 755 999 824 ἢ
1031 756 1124 812 ἐπὶ
1184 765 1287 813 τῶν
1321 764 1493 836 μερῶν
1542 768 1634 817 τοῦ
1664 762 1902 838 οὐρανοῦ,

270 842 301 911 ἢ
356 841 441 899 ἐπ’
504 842 678 900 ἄλλων
730 842 1122 925 εὖμεταϐολων,
1175 849 1260 903 καὶ
1315 849 1391 912 εἰς
1457 845 1589 904 ἄλλο
1646 851 1732 904 καὶ
1776 846 1909 907 ἄλλο

266 934 521 997 ῥεπόντων
560 958 574 1008 ;
608 936 680 997 ὼς
727 935 814 990 καὶ
843 936 903 990 τὸ
931 940 1030 1002 τῆς
1075 935 1354 1014 ἀστραπῆς
1384 936 1527 1016 ἔχει,
1562 937 1751 1002 εὒθέως
1812 940 1909 1005 τὴν

266 1023 406 1079 κάτω
453 1023 657 1089 κίνησιν
706 1023 1043 1099 κινουμένης,
1091 1026 1179 1080 καὶ
1230 1025 1391 1081 πάλιν
1434 1027 1533 1093 τὴν
1584 1026 1713 1083 Ξένον
1762 1028 1797 1096 ἢ
1847 1031 1907 1085 τὸ

266 1110 361 1179 τῆς
412 1111 708 1185 θαλάσσης,
765 1119 851 1168 νῦν
927 1134 1023 1188 μεν
1078 1116 1467 1195 κυμαινούσης,
1522 1122 1609 1171 νῦν
1674 1115 1727 1172 δὲ
1772 1120 1906 1185 ἡσυ-

267 1204 557 1283 χαζούσης,
602 1200 736 1259 ὅπου
779 1225 839 1281 γε
871 1201 1058 1260 λοιπον
1090 1206 1176 1260 καὶ
1227 1206 1362 1273 αὖτὴ
1406 1206 1441 1273 ἡ
1493 1205 1902 1274 ἀλλεπάλληλος

266 1292 465 1358 κίνησις
529 1293 589 1348 οὒ
643 1294 917 1359 καθίστησι
980 1293 1079 1360 τὴν
1135 1291 1385 1374 διαφορὰν
1435 1297 1522 1351 καὶ
1575 1297 1676 1363 τὴν
1722 1296 1901 1375 ἑτερό-

266 1404 420 1457 τητα,
452 1380 589 1437 ἀλλὰ
645 1383 707 1439 τὸ
762 1382 951 1439 ταῦτὸν
1005 1387 1105 1449 τῆς
1154 1384 1356 1462 φύσεως
1412 1383 1799 1461 ἀποδείκνυσιν,
1832 1388 1905 1451 ὡς

265 1472 507 1538 τοιαύτην
566 1480 657 1529 τοῦ
714 1473 1027 1551 πράγματος
1088 1471 1307 1553 ἔχοντος
1366 1475 1516 1553 φύσιν
1590 1476 1907 1552 κινουμένην

264 1563 348 1617 καὶ
405 1562 836 1635 μεταπίπτουσαν
876 1564 971 1628 τῆς
1019 1564 1259 1638 εἰρήνης,
1306 1567 1393 1621 καὶ
1457 1567 1577 1622 τότε
1640 1565 1770 1643 αὔτῇ
1812 1566 1911 1634 τὴν

264 1650 510 1717 κινητικὴ
578 1650 723 1721 ζωὴν
777 1651 1026 1716 ἀκίνητον
1102 1651 1500 1729 φυλλαττούσης
1557 1655 1730 1717 καθὼς
1789 1653 1906 1735 ἔχει

264 1740 463 1821 φύσεως
474 1784 485 1797 .

339 1828 369 1909 §
416 1829 486 1888 V.
546 1831 601 1887 Εἰ
657 1828 710 1886 δὲ
760 1831 849 1886 τὸν
902 1828 1138 1909 δεύτερον
1193 1830 1353 1910 λόγον
1410 1831 1580 1910 λέγει,
1616 1833 1899 1911 ἑνερότητα

262 1920 658 2001 ἰσχυριζόμενος
712 1918 851 1976 εἴναι
924 1923 1059 1977 κατᾶ
1126 1920 1334 1978 τελείαν
1390 1922 1485 1989 τῆς
1532 1924 1747 2001 εἰρήνης
1804 1922 1899 1979 ἕκ-

266 2031 490 2089 πτωσιν,
522 2010 692 2072 καθὼς
725 2012 770 2066 οἱ
820 2016 871 2065 Μ
878 2025 1119 2091 ανιχαῒοι
1166 2010 1348 2089 ἔλεγον
1407 2013 1505 2080 την
1536 2011 1669 2079 ὕλην
1700 2013 1900 2070 r3051:-

1992 594 2106 661 tur,
2137 585 2247 648 sed
2279 584 2411 645 sine
2440 580 2746 643 deditione
2776 588 2954 657 atque
2985 580 3045 641 in
3077 590 3274 662 quiete
3302 596 3464 662 sunt,
3487 607 3623 652 cum

1992 674 2050 735 id
2076 675 2251 736 etiam
2277 675 2471 735 locum
2497 669 2711 732 habeat
2732 675 2791 730 in
2812 670 2884 731 iis
2906 690 3036 751 quae
3065 692 3445 752 quocumque
3468 690 3624 741 motu

1992 764 2249 843 cientur,
2277 772 2340 825 ut
2374 769 2431 823 in
2464 760 2589 822 sole
2620 760 2824 821 videre
2847 761 2980 839 quis
3004 763 3206 842 possit,
3243 766 3331 826 vel
3354 767 3415 828 in
3440 768 3628 848 parti-

1995 852 2104 915 bus
2128 853 2289 926 caali,
2316 852 2405 914 vel
2431 850 2492 911 in
2515 849 2647 911 aliis
2663 868 2794 930 quae
2824 849 2999 912 facile
3024 862 3347 927 mutantur,
3374 859 3626 936 atquein

1992 943 2107 1004 alia
2134 951 2310 1022 atque
2334 942 2449 1003 alia
2478 949 2728 1018 vergunt
2757 961 2772 1017 ;
2818 939 2971 1001 sicut
3001 943 3177 1002 etiam
3209 941 3271 1004 in
3305 943 3536 1022 fulgure
3565 965 3629 1008 se

1989 1051 2088 1095 res
2118 1034 2320 1111 habet,
2356 1028 2518 1107 quod
2549 1036 2894 1109 extempore
2926 1030 3208 1093 deorsum
3243 1045 3534 1111 movetur,
3572 1047 3632 1098 et

1988 1122 2204 1186 iterum
2231 1138 2502 1199 sursum;
2538 1120 2626 1179 vel
2650 1117 2711 1178 in
2737 1117 2905 1194 mari,
2936 1118 3110 1181 modo
3135 1122 3374 1201 quidem
3400 1127 3631 1204 procel-

1989 1212 2139 1287 loso,
2186 1212 2362 1273 modo
2392 1227 2531 1272 vero
2563 1208 2904 1289 tranquillo,
2938 1208 3018 1269 ita
3063 1218 3128 1271 ut
3167 1211 3344 1273 etiam
3376 1212 3654 1293 ipsamet‘

1987 1301 2218 1363 alterna
2247 1299 2430 1361 motio
2487 1318 2604 1359 non
2655 1298 2973 1360 constituat
3018 1298 3413 1363 differentiam
3447 1314 3506 1365 et
3534 1305 3631 1367 dim

1988 1394 2354 1465 versitatem,
2385 1388 2490 1451 sed
2529 1395 2754 1450 naturae
2801 1387 3170 1450 identitatem
3223 1390 3627 1470 demonstret,

1992 1478 2216 1557 quippe
2238 1485 2446 1538 natura
2465 1475 2555 1537 rei
2577 1475 2913 1539 istiusmodi
2932 1483 3157 1538 motum
3183 1484 3242 1539 et
3264 1478 3628 1544 vicissitudi-

1996 1585 2131 1628 nem
2167 1585 2271 1646 pro
2300 1585 2443 1647 pace
2463 1585 2570 1627 sua
2593 1565 2886 1645 exigente,
2908 1574 2968 1627 et
2999 1573 3118 1627 tum
3145 1567 3323 1629 etiam
3348 1568 3629 1633 mobilem

1991 1675 2159 1717 suam
2193 1657 2363 1717 vitam
2397 1655 2703 1718 immotam
2729 1664 3144 1730 conservante,
3174 1664 3345 1736 prout
3365 1659 3497 1738 ejus
3519 1680 3630 1723 na-

1987 1754 2119 1808 tura
2149 1746 2281 1808 fert.

2064 1841 2092 1912 §
2123 1834 2194 1900 V.
2241 1836 2302 1898 Si
2336 1854 2472 1898 vero
2521 1835 2767 1897 alteram
2814 1835 3109 1898 rationem
3139 1836 3369 1912 afferat,
3405 1839 3627 1901 confir-

1988 1944 2177 2001 mans,
2196 1926 2598 1989 diversitatem
2620 1926 2873 1986 existere
2901 1943 3007 2004 per
3020 1925 3423 1988 omnimodam
3439 1947 3474 1989 a
3488 1947 3632 2009 pace

1987 2015 2453 2096 prolapsionem,
2479 2015 2637 2077 sicut
2657 2013 2961 2077 Manichzei
2987 2014 3291 2097 dicebant,
3321 2019 3630 2081 materiam

264 2121 453 2176 αρκτον
532 2100 787 2156 ὰστασίαν
840 2101 928 2156 καὶ
996 2102 1281 2182 περιφορὰν
1339 2102 1425 2158 καί
1492 2102 1756 2180 ἀπειρίαν,
1815 2102 1903 2159 καί

1992 2104 2209 2167 habere
2242 2123 2349 2187 per
2375 2124 2441 2166 se
2472 2104 2896 2167 subsistentem
2943 2102 3384 2168 instabilitatem
3417 2115 3477 2168 et
3504 2110 3629 2170 cir-

263 2190 527 2266 ἀοριστίαν
579 2192 837 2269 ἔχουσαν,
872 2188 1007 2247 ἴστω
1058 2194 1128 2256 ὡς
1182 2190 1296 2248 ὥτε
1332 2193 1389 2247 ὃν
1433 2192 1543 2247 ἐστι
1592 2203 1767 2264 τοῦτο,
1800 2191 1901 2260 ὕλη

1992 2195 2466 2275 cumferentiam,
2490 2200 2549 2255 et
2581 2192 2931 2254 infinitatem
2966 2199 3025 2254 et
3052 2192 3628 2272 interminationem,

264 2278 491 2355 μένουσα
550 2282 636 2336 καὶ
693 2279 810 2335 καθ’
868 2280 1032 2347 αὐτὴν
1090 2279 1450 2361 ὑφισταμένη·
1527 2280 1644 2338 οὔτε
1699 2282 1793 2355 μὲν
1849 2286 1903 2337 ἓν

1992 2284 2137 2346 sciat
2168 2285 2396 2345 nullum
2431 2301 2538 2345 ens
2568 2300 2723 2355 esse,
2767 2281 2926 2361 quod
2973 2281 3060 2344 sic
3090 2284 3341 2346 materia
3371 2296 3628 2358 maneat,

263 2373 382 2431 τοῖς
440 2372 583 2425 οὖσιν
634 2369 947 2447 εὒρίσκεται,
981 2371 1056 2434 ὡς
1113 2370 1255 2427 εἶναι
1310 2374 1396 2427 καὶ
1429 2372 1590 2438 αὐτὴν
1619 2373 1742 2447 μίαν
1801 2374 1904 2430 τῶν

260 2457 742 2534 εἶδοπεποιγ,μένων
814 2462 1142 2533 κτισμάτων.
1220 2463 1275 2518 Εἰ
1335 2472 1458 2539 γοῦν
1518 2462 1634 2518 οὔτε
1693 2460 1905 2520 εἰδοπεσ-

259 2549 551 2625 ποιημένον
615 2549 751 2605 ἐστὶν
795 2552 865 2615 ὡς
909 2551 975 2606 τὰ
1018 2550 1165 2630 ὄντα,
1213 2549 1330 2607 οὔτε
1374 2553 1483 2626 μὴν
1528 2550 1755 2609 ἁιείδεον
1798 2552 1902 2627 μὲ-

258 2665 348 2700 νον
401 2642 460 2699 ὅν
520 2641 655 2721 ἐστι,
710 2646 798 2700 καὶ
852 2642 970 2701 καθ’
1026 2648 1181 2701 αὒτὸν
1225 2646 1600 2724 ὑφιστάμενον,
1654 2652 1770 2709 πῶς
1814 2644 1903 2701 εἴ-

259 2755 473 2809 ποιμεν,
514 2730 593 2788 ὅτι
638 2735 699 2789 τὸ
764 2742 998 2791 τοιοῦτον
1048 2736 1262 2805 εἰρήνην
1307 2735 1403 2789 οὒκ
1448 2735 1608 2814 ἔχει;
1647 2737 1700 2793 Εἰ
1746 2734 1801 2791 δὲ
1846 2738 1904 2792 τὸ

257 2823 430 2900 τρίτον
480 2824 660 2902 φησὶν,
694 2821 775 2879 ὅτι
820 2825 960 2887 τινὲς
992 2826 1120 2880 εἰσιν
1178 2825 1606 2904 ἀπεχθανόμενοι
1639 2832 1715 2898 τῷ
1760 2825 1901 2904 ἁγα-

1989 2384 2047 2436 et
2076 2392 2184 2454 per
2211 2393 2277 2435 se
2307 2372 2632 2449 subsistat;
2658 2389 2853 2453 neque
2876 2371 2936 2432 id
2960 2371 3137 2433 etiam
3168 2372 3228 2433 in
3252 2374 3435 2435 rebus
3456 2392 3631 2456 repe-

1988 2463 2118 2544 riri,
2151 2483 2285 2526 cum
2317 2463 2442 2543 ipsa
2470 2463 2648 2523 etiam
2681 2479 2798 2522 una
2826 2460 2903 2522 sit
2929 2467 3000 2522 ex
3032 2462 3321 2537 creaturis
3351 2463 3467 2526 illis
3497 2483 3630 2542 quae

1990 2553 2408 2615 informantur.
2436 2552 2496 2614 Si
2522 2551 2719 2633 itaque
2742 2569 2862 2611 non
2885 2550 2960 2611 sit
2983 2550 3322 2626 informata,
3349 2552 3503 2614 sicut
3529 2571 3630 2617 res

1988 2653 2241 2723 caeteras,
2273 2660 2467 2723 neque
2496 2642 2675 2702 etiam
2707 2650 2892 2715 certe,
2928 2639 3067 2701 dum
3098 2640 3371 2704 informis
3404 2655 3628 2725 manet,

1987 2751 2084 2794 res
2112 2734 2211 2813 sit,
2250 2750 2323 2793 ne
2355 2748 2460 2811 per
2491 2749 2555 2792 se
2585 2729 2897 2809 subsistat;
2938 2730 3239 2809 quomodo
3269 2731 3539 2794 dicemus
3568 2733 3630 2794 id

1987 2822 2144 2902 quod
2174 2822 2287 2884 tale
2315 2831 2406 2883 est
2437 2839 2556 2882 non
2587 2819 2805 2881 habere
2837 2838 3040 2900 pacem
3064 2825 3092 2881 ’ἰ
3117 2818 3286 2892 Quod
3316 2827 3364 2882 si
3390 2824 3627 2884 tertium

1988 2912 2171 2994 dicat,
2203 2913 2434 2992 aliquos
2468 2929 2599 2972 esse
2628 2910 2728 2991 qui
2759 2910 2913 2971 bono
2934 2909 3353 2989 adversantur,
3391 2920 3449 2972 et
3476 2932 3626 2974 con-

1988 3002 2353 3063 tentionibus
2381 3012 2437 3062 et
2479 3001 2581 3061 iris
2626 3000 2943 3078 gaudeant,
2976 3000 3109 3060 dico
3142 3000 3319 3061 etiam
3351 3001 3486 3064 illos
3517 3002 3630 3063 ob-

256 2915 352 2987 θῷ,
386 2916 476 2968 καὶ
517 2927 637 2976 ταῖς
688 2911 818 2992 ἔρισι
867 2915 954 2970 καὶ
1004 2928 1119 2976 τοῖς
1162 2918 1351 2988 θυμοῖς
1409 2915 1713 2993 χαίροντες,
1766 2916 1903 2994 φημὶ

257 3003 339 3061 ὅτι
385 3006 474 3061 καὶ
519 3007 659 3061 οὗτοι
709 3006 971 3085 ἀμαυροῖς
1021 3005 1254 3070 εἰδώλοις
1315 3011 1410 3073 τῆς
1466 3006 1683 3083 ἀγάπης
1741 3008 1904 3063 κατέ-

256 3109 473 3174 χονται·
535 3094 637 3150 ὑπὸ
680 3095 780 3173 γὰρ
841 3099 1021 3152 παθῶν
1067 3095 1475 3175 ἐνοχλούμενοι,
1506 3097 1593 3152 καὶ
1636 3098 1702 3152 τὰ
1760 3097 1902 3163 πάθη

1992 3093 2176 3154 scuris
2206 3090 2560 3172 quibusdam
2586 3089 2928 3150 dilectionis
2950 3089 3286 3151 simulacris
3305 3093 3628 3175 contineri;

255 3184 395 3239 κατὰ
426 3180 642 3261 ἄγνοιαν
686 3187 757 3241 ὡς
789 3185 928 3241 καλὰ
983 3183 1220 3250 θέλοντες
1271 3188 1442 3265 ἱστᾷν,
1473 3183 1713 3242 δοκοῦσιν
1751 3187 1903 3265 εἰρή-

1992 3201 2024 3243 a
2044 3170 2419 3262 passionibus
2439 3199 2597 3242 enim
2621 3178 2845 3255 agitati,
2866 3197 3088 3260 easque
3112 3198 3219 3260 per
3236 3170 3628 3259 ignorantiam

254 3297 358 3341 νης
388 3275 686 3352 ὀρεγεσθαι,
720 3273 987 3355 ἐφιέμενοι
1019 3274 1184 3335 ἀδεῶς
1215 3274 1504 3332 ἀπολαύειν
1562 3282 1668 3332 τῶν
1700 3280 1902 3351 παθῶν,

1992 3254 2155 3351 quasi
2182 3275 2364 3331 bonas
2383 3268 2595 3330 sedare
2611 3254 2894 3347 volentes,
2907 3254 3413 3349 pacem-appetere
3425 3272 3631 3335 viden-

253 3366 344 3421 καὶ
387 3364 616 3438 οἰόμενοι
650 3366 930 3440 εἰρηνεύειν
960 3366 1177 3429 ἑαυτοὺς
1208 3364 1298 3421 ἐὰν
1320 3364 1753 3443 ἀποπληρωθῶσι
1800 3372 1903 3422 τῶν

1992 3368 2109 3433 tur,
2143 3359 2285 3420 dum
2321 3356 2699 3438 passionibus
2728 3356 2974 3434 impune
3020 3358 3136 3418 l'rui
3170 3358 3537 3440 desiderant,
3571 3369 3632 3422 et

254 3453 340 3510 ἀεὶ
388 3452 756 3532 ἆπσρῤεόντων
805 3458 1006 3525 παθῶν,
1044 3455 1123 3511 ἀεὶ
1164 3456 1267 3512 ὑπὸ
1322 3455 1522 3511 τούτων
1578 3455 1903 3535 ἐκταραττό-

1992 3449 2347 3510 arbitrantur
2374 3464 2440 3508 se
2472 3464 2678 3527 pacem
2710 3446 2955 3523 habere,
2989 3446 3040 3506 si
3070 3446 3353 3509 continua
3383 3449 3630 3510 fluenti-

254 3565 436 3620 μενοι.
490 3546 549 3602 Τί
580 3543 642 3600 ἄν
690 3566 773 3607 τις
807 3544 954 3600 εἴποι
1012 3546 1129 3619 περὶ
1158 3545 1253 3613 τῆς
1304 3545 1440 3601 κατὰ
1498 3545 1720 3623 Χριστὲιν
1753 3546 1902 3622 εἰρη-

252 3657 380 3709 νης,
413 3633 532 3689 καθ’
579 3633 645 3703 ἣν
675 3632 812 3697 ἅπας
859 3633 1016 3702 ἐλύθη
1048 3633 1306 3714 πόλεμος,
1340 3635 1425 3691 καὶ
1466 3635 1543 3710 μὴ
1577 3634 1740 3707 μόνον
1784 3633 1901 3690 εὖτε

252 3724 494 3797 ἑαυτοῖς,
528 3722 643 3780 ιοῦτε
699 3722 977 3796 ἀλλήλοις,
1011 3725 1130 3781 οὐτε
1189 3723 1445 3802 ἀγγέλοις
1511 3724 1899 3803 μαχησόμεθα,

251 3811 397 3869 ἀλλὰ
425 3815 513 3870 καὶ
536 3812 720 3878 αὐτοῖς
753 3826 865 3878 τοῖς
890 3812 1138 3891 ἀγγέλοις
1171 3814 1584 3893 συνεργήσομεν,
1611 3814 1708 3881 τὴν
1740 3812 1904 3882 at")th

251 3900 445 3968 αὐτοῖς
476 3906 592 3980 περὶ
636 3905 697 3960 τὸ
728 3911 884 3961 Θεϊον
917 3901 1074 3967 σέϐας
1120 3902 1360 3982 λατρείαν
1402 3906 1491 3960 καὶ
1546 3903 1904 3981 προσκύνησιν

248 3991 557 4071 τελοῦντες,
616 3990 685 4047 δι’
741 3994 806 4059 ἧς
864 3992 1075 4071 εἰρήνης
1120 3991 1449 4063 κατήλλαξεν
1508 3994 1649 4067 ἡμᾶς
1708 3993 1900 4067 ἑαυτῷ,

246 4086 332 4154 τῷ
390 4084 549 4161 πατρί
588 4104 645 4139 τε
698 4084 787 4139 καὶ
840 4087 916 4157 τῷ
973 4083 1259 4163 Πνεύματι,
1296 4083 1413 4161 περὶ
1470 4084 1545 4138 ὧν
1595 4082 1682 4138 καὶ
1731 4080 1903 4138 ἄλλα-

247 4172 393 4252 χόσε
431 4174 624 4235 ἱκανῶς
659 4169 816 4251 εὕρητ
824 4194 872 4228 αι
883 4220 896 4233 ,

334 4348 369 4429 §
398 4348 499 4413 VI.
532 4348 801 4410 Ἐντεῦθεν
824 4349 1087 4408 εἰσϐάλλει
1112 4354 1199 4409 καὶ
1222 4350 1522 4431 ἐρμηνεόει,
1553 4357 1662 4415 πῶς
1688 4365 1799 4409 νοεῖ
1816 4353 1905 4409 τὸν

248 4442 390 4498 Θεὸν
440 4440 712 4511 αὖτοζωὴν
760 4442 925 4511 εἶναι,
961 4443 1047 4497 καὶ
1106 4448 1202 4509 τῆς
1256 4442 1525 4512 αὖτοζιοῆς
1572 4442 1902 4520 ὑποστάτην,

242 4530 353 4587 καὶ
397 4532 464 4587 τὰ
521 4529 702 4611 ὅμοια,
738 4528 921 4598 ἐπειδὴ
954 4532 1040 4588 καὶ
1085 4530 1140 4585 ἑν
1182 4529 1495 4595 ἐπιστολαῖς
1553 4538 1708 4588 τοῦτο
1775 4554 1900 4588 συνο

244 4624 426 4700 εθετο,
484 4622 570 4676 καὶ
630 4622 657 4676 ὁ
705 4619 855 4699 ἅγιος
907 4622 1162 4696 Τιμόθεος
1221 4621 1463 4699 ἡπορησε
1511 4620 1630 4699 περὶ
1691 4621 1899 4683 τούτου.

240 4711 399 4775 Φησὶ
440 4709 633 4788 τοίνυν,
668 4708 746 4766 ὅτι
789 4709 883 4766 οὒκ
943 4708 1083 4767 ἔστιν
1130 4712 1363 4766 ἔσαν-τίον
1419 4711 1589 4765 εἰπεῖν
1636 4712 1728 4766 τὸν
1774 4714 1903 4767 Θεὸν

241 4802 340 4857 καὶ
430 4801 724 4880 αὗτοζωὴν,
790 4805 878 4858 καὶ
947 4804 1219 4873 αὖτοζωῆς
1291 4803 1618 4868 ὑποστατην’
1691 4801 1903 4881 λέγεται

241 4890 356 4969 γὰρ
390 4893 419 4947 ὁ
466 4894 595 4955 Θεὸς
645 4894 731 4947 καὶ
785 4891 846 4948 ἐκ
893 4897 1001 4947 τῶν
1061 4890 1249 4966 ὄντων,
1285 4893 1358 4956 ὡς
1404 4892 1650 4948 αἰτιατῶκ
1706 4891 1903 4973 αἴτιος,

239 4984 339 5037 καὶ
389 4981 621 5057 μάλιστα
652 4983 715 5037 ὲκ
758 4987 865 5037 τῶν
899 4983 1121 5061 πρώτως
1174 4979 1362 5041 ὄντων.
1417 4981 1646 5060 Πρώτως
1677 4978 1732 5036 δὲ
1779 4980 1903 5038 ὄντα

237 5074 412 5145 οἶμαι
464 5072 619 5128 αὐτὸν
679 5072 944 5151 εἰρηκέναι
1004 5072 1095 5137 τὰς
1149 5072 1534 5151 ὑπερκοσμῖους
1591 5074 1797 5151 φύσεις,
1829 5073 1902 5136 ὼς

235 5160 482 5240 πρώτως
517 5162 608 5218 καὶ
660 5160 963 5240 ἀκραιρνῶς
1024 5169 1129 5217 τῶν
1179 5163 1330 5218 θείων
1374 5159 1582 5240 δωρεῶν
1636 5163 1905 5242 μετεχού-

236 5270 377 5325 σας,
439 5249 608 5326 ζώης,
655 5251 964 5331 ἀθανασίας,
1028 5252 1114 5308 καὶ
1170 5258 1276 5308 τῶν
1347 5250 1572 5311 λοιπῶν.
1651 5250 1745 5309 Ἐκ
1801 5259 1907 5308 τῶν

1989 3539 2103 3601 bus
2151 3535 2527 3619 passionibus
2577 3536 2943 3616 repleantur,
2997 3552 3071 3597 an
3127 3536 3337 3598 iisdem
3387 3556 3628 3619 semper

1985 3628 2128 3689 520
2177 3627 2478 3706 exagitari.
2534 3625 2687 3699 Quid
2720 3642 2897 3706 porro
2947 3624 3106 3687 dicat
3160 3626 3295 3706 quis
3351 3627 3427 3688 de
3481 3647 3627 3707 pace

1984 3716 2251 3794 Christi,
2302 3736 2417 3798 qua
2463 3716 2680 3777 bellum
2732 3733 2910 3776 omne
2962 3715 3319 3777 dissolutum
3377 3726 3509 3793 est,
3567 3729 3630 3780 ut

1988 3827 2105 3870 non
2138 3808 2329 3869 solum
2365 3824 2558 3886 neque
2589 3804 2922 3880 nobiscum,
2957 3823 3153 3885 neque
3180 3823 3314 3869 cum
3346 3808 3625 3887 invicem,

1990 3916 2183 3979 neque
2205 3916 2340 3959 cum
2364 3895 2591 3975 angelis
2608 3894 2829 3957 bellum
2856 3894 3206 3977 habeamus,
3225 3913 3427 3957 verum
3451 3897 3629 3959 etiam

1987 3989 2134 4070 ipsis
2161 3988 2388 4067 angelis
2418 4003 2837 4067 cooperemur,
2862 3986 3139 4047 eumdem
3170 4005 3306 4048 cum
3339 3986 3484 4067 ipsis
3508 3987 3630 4049 Deo

1990 4080 2213 4141 cultum
2259 4088 2319 4140 et
2367 4076 2783 4139 adorationem
2841 4074 3214 4157 exhibentes,
3253 4094 3372 4154 qua
3420 4077 3629 4158 utique

1989 4168 2325 4233 conciliavit
2355 4186 2463 4229 nos
2492 4166 2630 4238 sibi,
2667 4176 2726 4228 et
2762 4166 2944 4240 Patri,
2997 4172 3057 4227 et
3098 4164 3348 4246 Spiritui
3397 4175 3628 4243 sancto,

1988 4258 2062 4324 de
2093 4257 2308 4339 quibus
2340 4257 2518 4320 etiam
2550 4255 2692 4319 alibi
2722 4255 2864 4317 satis
2896 4254 3120 4318 dictum
3157 4266 3268 4317 est.

2067 4350 2097 4430 §
2131 4348 2224 4411 VI.
2247 4346 2355 4410 llic
2378 4349 2553 4408 etiam
2581 4345 2922 4425 introducit,
2948 4351 3006 4407 et
3030 4346 3304 4426 explicat,
3330 4347 3627 4428 quomodo

1987 4439 2269 4519 intelligat
2301 4437 2486 4501 Deum
2526 4455 2662 4500 esse
2694 4453 2797 4517 per
2826 4454 2892 4496 se
2924 4436 3127 4516 vitam,
3158 4446 3216 4497 et
3258 4455 3364 4517 per
3405 4457 3470 4500 se
3502 4439 3632 4501 vitae

1987 4531 2386 4606 conditorem,
2418 4539 2476 4592 et
2506 4526 2747 4603 similia,
2772 4525 3258 4607 quandoquidem
3280 4526 3343 4589 id
3369 4529 3630 4590 etiamin

1986 4620 2265 4702 Epistolis
2313 4618 2598 4699 posuerit,
2635 4629 2695 4677 et
2739 4625 2977 4678 sanctus
3022 4614 3369 4679 Timotheus
3399 4619 3474 4679 de
3519 4620 3629 4693 hoc

1985 4710 2285 4774 dubitarit.
2322 4710 2425 4771 Ait
2466 4709 2661 4789 itaque
2697 4724 2815 4766 non
2870 4723 3133 4785 pugnare
3164 4725 3395 4787 secum,
3428 4706 3630 4769 dicere

1986 4799 2173 4863 Deum
2206 4817 2337 4861 esse
2369 4816 2478 4880 per
2511 4816 2576 4858 se
2608 4795 2806 4877 vitam,
2842 4803 2902 4857 et
2932 4813 3039 4876 per
3076 4814 3143 4859 se
3187 4803 3322 4858 vine
3349 4797 3629 4860 condito-

1986 4908 2152 4971 rem;
2190 4888 2406 4950 dicitur
2441 4887 2601 4949 enim
2630 4888 2811 4966 Deus,
2839 4886 3013 4947 etiam
3045 4904 3115 4946 ex
3147 4885 3325 4948 rebus
3352 4896 3629 4966 tanquam

1988 4980 2305 5041 eﬂ'ectuum
2333 4996 2534 5052 causa,
2560 4986 2618 5038 et
2642 4976 2896 5037 maxime
2916 4992 2990 5037 ex
3022 4975 3097 5037 iis
3119 4993 3250 5054 quae
3274 4975 3467 5058 primo
3499 4976 3630 5038 loco

1987 5075 2152 5131 sunt.
2171 5067 2464 5129 Existimo
2478 5072 2678 5127 autem
2702 5064 2898 5144 ipsum
2916 5082 3025 5146 per
3049 5083 3263 5145 eaquze
3289 5065 3480 5145 primo
3498 5067 3627 5129 loco

1987 5166 2146 5236 sunt,
2176 5156 2541 5219 intellexisse
2573 5163 2814 5216 naturas
2842 5155 3380 5233 supramuudiales,
3410 5156 3630 5236 quippe

1989 5247 2181 5327 primo
2197 5246 2327 5307 loco
2346 5243 2691 5326 liquidoque
2706 5242 2905 5304 divina
2920 5262 3166 5305 munera
3182 5244 3625 5324 participantes,

233 5337 423 5398 ὄντων
466 5341 637 5398 τοίνυν
698 5339 988 5418 λεγόμενος
1034 5344 1061 5397 ὁ
1120 5341 1272 5411 Θεός,
1325 5342 1399 5405 ὡς
1451 5340 1629 5405 αἴτιος
1686 5342 1749 5397 Ex
1797 5342 1903 5398 τῶν

1992 5346 2051 5399 ut
2081 5337 2281 5417 vitam,
2308 5334 2846 5408 immortalitatem,
2864 5343 2923 5394 et
2938 5333 3190 5414 reliqua.
3220 5332 3421 5414 Itaque
3445 5336 3624 5412 Deus,

232 5430 507 5486 αἰτιατῶν
561 5430 775 5509 λέγοιτο
838 5429 900 5486 ἃν
956 5432 1093 5488 κατὰ
1147 5431 1324 5510 τοῦτο,
1373 5433 1460 5488 καὶ
1504 5432 1533 5487 ὁ
1590 5430 1684 5500 τῆς
1741 5432 1900 5488 αὖτο-

1992 5426 2091 5509 qui
2110 5446 2176 5489 ex
2194 5426 2681 5504 rebus,tauquam
2708 5440 2890 5485 causa
2905 5439 2981 5484 ex
2999 5422 3248 5497 effectis,
3268 5422 3626 5504 appellatur,

228 5525 397 5589 Cum:
456 5521 757 5588 ὕποστάτης
802 5523 890 5581 καὶ
946 5520 1148 5594 αἴτιος,
1182 5523 1419 5592 αὒτοζωὴ
1478 5519 1540 5577 ἐκ
1577 5528 1670 5578 τοῦ
1725 5524 1903 5579 αἰτια-

1992 5514 2319 5579 secundum
2355 5514 2466 5576 hoc
2497 5514 2677 5575 etiam
2699 5511 2816 5575 dici
2843 5511 3029 5593 possit
3050 5513 3238 5593 ipsius
3267 5529 3376 5593 per
3404 5532 3471 5575 se
3502 5516 3628 5576 vita}

227 5614 364 5683 τοῦ,
416 5608 476 5667 Τί
519 5607 573 5665 δέ
603 5610 744 5667 ἐστιν
773 5611 808 5679 ἡ
838 5611 1081 5683 αὖτοζωὴ
1142 5608 1300 5681 αὕτη,
1338 5611 1676 5688 παρακατιὼν
1727 5609 1900 5674 εἴποι.

1992 5604 2263 5669 conditor
2302 5612 2361 5668 et
2398 5610 2629 5681 auctor,
2665 5622 2735 5665 ex
2768 5602 2983 5665 effectu
3033 5620 3141 5685 per
3180 5620 3246 5665 se
3288 5603 3445 5667 vitae.
3475 5602 3626 5676 Quid

227 5692 440 5756 ”οταν
491 5694 544 5754 δξ
576 5699 729 5761 «ora;
765 5697 978 5780 λέγεται
1008 5701 1036 5755 ὁ
1091 5700 1220 5763 Θεὸς
1254 5699 1518 5781 αὖτοζωὴ,
1553 5699 1681 5781 ὑπερ
1725 5705 1903 5758 πᾶσαν

1992 5713 2124 5760 vero
2179 5691 2259 5758 sit
2309 5694 2434 5755 haec
2487 5710 2595 5778 per
2641 5711 2709 5757 se
2757 5698 2895 5773 vita,
2949 5692 3033 5757 ita
3083 5710 3450 5782 prosequens
3493 5695 3623 5771 ait;
