4050 6212
449 337 563 411 987

1631 345 1692 411 S.
1739 350 2085 421 DIONYSII
2127 347 2637 423 AREOPAGITE

3707 345 3821 422 988

449 479 930 563 cipiat,similiter
959 489 1014 543 et
1044 480 1305 546 identice
1335 481 2086 570 deﬁnitur,quinimo,tan—

2171 493 2243 557 ὡς
2304 490 2605 569 ὑπερτελὲς,
2641 489 2775 545 κατὰ
2821 489 2912 546 τὸν
2968 487 3288 546 ἀποδοθέντα
3335 491 3445 568 περὶ
3498 497 3608 548 τῶν
3665 494 3822 550 θείων

446 592 618 652 quam
681 574 810 654 plus
904 591 1076 652 quam
1144 572 1494 652 perfectum,
1557 576 1884 638 secundum
1947 579 2088 640 555

447 664 757 725 rationem.
795 663 855 723 in
886 661 1098 723 divinis
1144 661 1483 723 nominibus
1513 669 1896 741 assignatam,
1934 688 2088 749 quo-

445 753 604 814 niam
617 771 685 814 ex
703 753 926 813 eﬁ'ectis
946 761 1148 815 auctor
1171 753 1890 834 denominatur,quamvis
1907 758 2088 820 etiam

443 860 624 922 supra
685 843 818 904 illos
874 842 972 918 sit,
1009 851 1064 902 et
1109 860 1212 920 per
1243 861 1548 904 excessum
1578 844 1919 906 nominetur
1955 847 2088 926 plus

443 951 616 1012 quam
651 931 1001 1010 lionus,plus
1032 950 1206 1009 quam
1239 934 1522 994 essentia.
1573 931 1864 995 Caeterum
1899 935 1971 996 ab
2003 937 2093 996 ef-

407 1039 420 1050 ‘
447 1023 701 1084 fectuum
724 1041 1044 1099 rerumque
1068 1021 1436 1099 perfectione
1456 1021 1613 1084 Deus
1638 1043 2096 1105 quoquesupra-

444 1133 616 1191 quam
654 1113 947 1193 perfectus
973 1111 1347 1190 prmdicatur:
1381 1113 1504 1190 ipse
1524 1113 1682 1172 enim
1709 1115 1800 1174 sui
1825 1118 2012 1194 ipsius
2041 1123 2098 1176 et

447 1204 584 1264 ﬁnis
608 1213 662 1263 et
687 1204 917 1264 locutus
932 1201 1507 1281 est,nihilquesupra
1533 1204 1719 1264 Deum
1748 1206 2099 1278 extenditur,

445 1293 583 1373 quin
621 1298 792 1354 etiam
829 1293 1080 1372 ipsemet
1115 1292 1344 1352 inﬁnita
1404 1291 1632 1354 deﬁnit.
1671 1295 1814 1353 Nam
1877 1295 2094 1357 saecula

444 1403 572 1463 qua:
601 1391 738 1444 sunt
768 1383 994 1443 inﬁnita
1021 1384 1236 1462 (neque
1264 1381 1420 1442 enim
1448 1381 1626 1442 ﬁnem
1653 1381 1896 1462 habent)
1933 1384 2087 1466 ipse-

445 1483 564 1533 met
597 1473 821 1534 inﬁnita
853 1471 1259 1550 magnitudine
1292 1471 1588 1533 excedens
1625 1473 1936 1553 multiplici
1982 1494 2087 1536 sua

443 1563 739 1624 inﬁnitate
761 1561 1517 1624 complectiturzctomnem
1545 1562 1719 1622 vitam
1740 1563 2082 1625 terminiex-

448 1663 768 1732 pertcm,ut
794 1652 852 1712 in
889 1651 1480 1726 intellectilihusmon
1513 1651 1674 1711 enim
1710 1651 1800 1711 his
1833 1652 1944 1713 vita
1973 1664 2087 1715 ter-

2174 580 2449 654 ὀνομάτων
2493 579 2710 656 τρόπον,
2745 577 2825 634 ὅτι
2881 577 2941 634 ἐκ
2987 581 3091 634 τῶν
3139 581 3385 636 αἰτιατῶν
3427 581 3536 654 ’μὲν
3570 584 3598 638 δ
3652 583 3824 648 αῗτέος

2175 669 2510 742 ὀνομάζεται,
2541 667 2683 734 πλὴν
2733 668 2820 724 xxi
2847 669 2977 743 ὑπερ
3007 668 3168 724 ταῦτά
3217 669 3328 725 ἐστι
3363 671 3449 726 καὶ
3479 673 3824 750 ὺπεροχιιῶς

2175 757 2384 835 λέγεται
2427 758 2776 836 ὁπεράγαθος,
2825 758 3156 836 ὑπερούσιος,
3199 760 3396 816 Λοιπὸν
3441 761 3548 818 ἀπὸ
3593 769 3690 818 τοῦ
3737 764 3828 818 tE-

2177 846 2318 903 λείου
2377 853 2482 903 τῶν
2539 847 2786 903 αἷτιατῶν
2835 853 3164 924 πραγμάτων
3219 851 3498 926 ὅπερ-ξελες
3557 853 3622 907 τὸ
3681 855 3830 908 θεῖον

2179 936 2412 1012 λέγεται’
2462 937 2587 993 αὒτὸ
2632 938 2730 1014 γὰρ
2783 936 2966 994 ἑαυτοῦ
3011 941 3098 994 xxi
3157 937 3277 1016 ὅρος
3335 941 3422 995 καὶ
3465 941 3634 1003 τόπος
3691 940 3826 1020 ἐστὶ,

2179 1028 2266 1082 xxi
2332 1025 2476 1084 οὐδὲν
2536 1028 2955 1104 ὕπερεκτείνεται
3026 1035 3118 1085 τοῦ
3186 1036 3340 1104 Θεοῦ,
3402 1027 3537 1084 ἀλλὶ
3610 1032 3704 1085 xx'i
3769 1033 3832 1086 τᾶ

2182 1115 2370 1194 ἄπειρα
2415 1116 2570 1179 αὐτὸς
2601 1130 2849 1194 περιτοΡ
2902 1116 3020 1180 τοῦς
3071 1118 3170 1195 γὰρ
3202 1120 3396 1182 αἰῶνας
3454 1118 3709 1197 ἀπείρους
3741 1119 3832 1176 ὅν-

2181 1228 2274 1267 τας
2331 1207 2413 1278 (οὗ
2461 1207 2560 1284 γὰρ
2617 1207 2802 1285 έχουσι
2851 1204 3036 1286 πέρας)
3087 1208 3239 1270 αὐτὸς
3283 1215 3360 1281 τῷ
3416 1209 3621 1286 ἀπεὲρῳ
3659 1211 3831 1286 μεγέ-

2181 1298 2256 1351 Osi
2317 1297 2593 1374 ὑπερέχων
2625 1303 2699 1370 τῷ
2754 1299 2936 1353 ἑαυτοῦ
2988 1296 3384 1373 ἀπειροπλασίῳ
3440 1299 3691 1378 περιὶχει
3744 1302 3831 1356 xxi

2171 1391 2344 1441 πᾶσαν
2400 1385 2638 1463 ἂριστίαν
2694 1391 2862 1456 ζωῆς,
2897 1388 2966 1451 ὡς
3021 1389 3108 1442 ἒπὶ
3153 1394 3257 1442 τῶν
3316 1395 3549 1455 νοητῶν⁶
3614 1389 3676 1446 οὔ
3732 1391 3833 1467 γάρ

2171 1475 2385 1552 ὥρισται
2443 1476 2650 1538 ττύτοις
2706 1477 2732 1530 ὁ
2784 1477 2896 1550 βίος
2946 1477 3018 1538 ὡς
3072 1475 3292 1532 ἐπὶτῶν
3358 1477 3679 1558 ἀνθρώπων,
3716 1477 3834 1534 ἀλλ’

2170 1565 2416 1620 ἀθάνατοι
2477 1564 2810 1630 ἐκτίσθηταν·
2875 1569 2901 1621 ὁ
2959 1567 3088 1628 Θεὸς
3150 1567 3226 1640 τῷ
3285 1568 3623 1645 ὑπεραιωνέῳ
3686 1569 3834 1633 ἐντὸς

2205 1660 2229 1668 -ι
2299 1652 2364 1674 ’κν
2470 1652 2552 1674 ’νικ
2593 1654 2603 1674 1
2872 1655 2882 1676 Ι

2169 1677 2267 1720 της
2301 1671 2427 1717 ιοιας
2462 1675 2770 1720 αιοιοτητος
2805 1658 3055 1732 ὸριζετκι⁶

447 1743 698 1799 minatur
724 1751 782 1797 ut
806 1743 863 1797 in
881 1740 1340 1804 hominibus,sed
1368 1741 1718 1796 immortales
1742 1745 1913 1799 creati
1934 1743 2247 1800 suntDeus
2263 1757 2396 1798 vero
2420 1743 2474 1798 in
2502 1753 2879 1813 superaeterna
2894 1744 3120 1815 propria
3140 1744 3451 1802 aeternitate
3464 1747 3839 1803 terminatur.

526 1822 630 1900 §ll
668 1823 878 1887 .Aliter
936 1823 1115 1884 etiam
1179 1821 1475 1902 perfectus
1518 1821 1760 1896 dicitur,
1811 1832 2086 1904 tanquam

2253 1827 2278 1898 §
2331 1825 2399 1886 li.
2460 1835 2554 1882 Kx:
2609 1823 2787 1889 ἄλλως
2835 1825 3040 1882 τέλειον
3088 1825 3302 1903 λέγεται
3363 1829 3452 1883 καὶ
3494 1829 3570 1890 ὡς
3625 1827 3841 1893 almae;

446 1932 642 1991 neque
676 1921 879 1975 auctus
911 1931 1104 1993 neque
1133 1911 1480 1972 imminutus
1513 1933 1526 1984 ;
1564 1929 1756 1989 neque
1788 1915 1944 1975 enim
1979 1934 2086 1974 au-

2176 1916 2261 1971 xxi
2320 1915 2604 1990 ἆμείωτον·
2645 1915 2759 1970 οὔτε
2824 1917 2922 1993 γὰρ
2957 1917 3231 1995 πρότθεσιν
3291 1917 3407 1974 οὔτε
3436 1919 3661 1991 μείωσιν
3714 1917 3837 1974 ἑπι-

446 2011 750 2083 gmentum
787 2022 896 2064 nec
931 2001 1390 2064 diminutionem
1437 2001 1873 2077 ailmittitquod
1908 2004 2084 2064 etiam

2173 2003 2412 2084 δέχεται,
2450 2004 2579 2082 ὅπερ
2637 2007 2723 2060 καὶ
2756 2007 2816 2061 τὸ
2868 2005 3068 2062 τέλειον
3102 2005 3211 2063 ἕπτ’
3245 2005 3306 2061 ἂν
3363 2011 3400 2084 ᾗ
3431 2007 3642 2064 τέλειον
3690 2008 3831 2086 ἔχει.

448 2094 832 2177 perfectionis
845 2101 932 2154 est
950 2093 1005 2154 in
1027 2111 1093 2153 eo
1109 2091 1266 2172 quod
1287 2091 1710 2172 perfectionem
1738 2093 1912 2156 habet
1943 2095 2085 2155 ltem

448 2183 584 2264 quia
609 2182 807 2243 omnia
856 2200 986 2262 quae
1019 2181 1276 2262 perfecta
1306 2187 1441 2240 sunt
1495 2181 1720 2259 perﬁcit
1755 2183 2084 2243 secundum

448 2291 624 2334 unam
659 2273 1055 2334 incessantem
1090 2278 1147 2332 et
1178 2269 1445 2330 eamdem
1475 2269 2086 2348 elargitionmn.Quod

447 2364 650 2443 itaque
683 2362 860 2424 unice
878 2370 935 2424 et
959 2380 1076 2422 non
1097 2361 1283 2422 divise
1309 2359 1608 2440 perﬁcitei
1633 2379 1748 2422 non
1776 2361 2083 2441 minuitur,

448 2453 690 2534 plenum
725 2453 839 2515 erit
869 2459 926 2513 et
944 2469 1297 2533 supraquam
1323 2449 1586 2530 plenum.
1622 2449 1814 2512 Unum
1849 2470 1984 2512 vero
2002 2451 2084 2511 di-

449 2544 910 2622 citur,quoniam
941 2540 1270 2604 secundum
1304 2557 1484 2600 unum
1519 2539 1660 2620 quid
1694 2539 1893 2603 omnia
1923 2539 2088 2603 unita

442 2633 1005 2707 suntcausaa,ethatc
1019 2647 1254 2692 rursum
1270 2627 1884 2691 omnibusaccundum
1901 2648 2084 2690 unum

442 2721 843 2797 eminet;nihil
875 2721 1034 2783 enim
1055 2719 1217 2781 estin
1248 2717 1430 2780 rebus
1451 2719 1608 2798 quod
1634 2718 1811 2781 unius
1861 2738 1976 2780 non
2012 2719 2087 2781 sit

442 2813 744 2894 particeps
769 2812 869 2873 sed
891 2811 1043 2873 sicut
1073 2810 1270 2871 omnis
1305 2826 1587 2868 numerus
1619 2809 2084 2889 participatuni-

441 2910 643 2977 tatem,
679 2909 740 2964 et
769 2920 921 2963 unus
950 2899 1212 2961 binarius
1234 2896 1637 2974 denariusque
1669 2897 1910 2974 dicitur;
1946 2907 2003 2959 et
2034 2901 2085 2961 si

441 2995 624 3066 partis
653 2993 1022 3067 memineris,
1067 2991 1230 3054 dices
1263 3009 1438 3050 unam
1471 2989 1871 3064 dimidiam,et
1907 3009 2082 3052 unam

441 3083 701 3157 tertiam,
759 3092 817 3143 et
849 3100 1026 3144 unam
1074 3080 1390 3152 decimam,
1436 3087 1494 3140 et
1538 3078 1624 3140 sic
1663 3080 1970 3160 deinceps,
2005 3082 2087 3142 ita

2195 2106 2211 2124 γ
2257 2097 2270 2116 ‘
2339 2095 2362 2112 ”
2736 2118 2746 2128 ,
2807 2097 2821 2116 ε
2917 2096 2929 2113 ‘
3047 2096 3056 2110 '
3288 2099 3300 2116 ι

2178 2106 2274 2154 [χαι
2332 2094 2533 2174 αλλως,
2594 2094 2675 2152 ὅτι
2738 2117 2823 2150 xx:
2879 2118 2942 2150 τα
3001 2095 3184 2153 τελεια
3229 2119 3402 2154 παντα
3462 2097 3832 2176 τελεσιουργιῖ

2171 2185 2306 2240 κατᾶ
2353 2185 2474 2258 μίαν
2535 2185 2632 2252 τὴν
2695 2183 2966 2242 ἄπαυστον
3022 2188 3107 2242 καὶ
3150 2188 3346 2255 ταῦτὴν
3399 2189 3689 2267 χορηγίαν.
3758 2194 3827 2248 Τὸ

2172 2277 2296 2351 γοῦν
2357 2273 2564 2336 ὶνιαίως
2594 2275 2682 2330 xxi
2730 2274 2789 2330 οὔ
2821 2275 3218 2351 μεμερισμένως
3273 2275 3670 2353 τελεσιουργοῶ
3729 2281 3819 2335 xxi

2172 2363 2247 2436 μὴ
2290 2361 2671 2437 ἐλαττούμενον
2720 2362 2920 2422 τέλειον
2953 2363 3018 2420 ἂν
3069 2365 3161 2432 εἴη
3195 2365 3287 2422 xxi
3318 2365 3680 2444 ὑπερτέλειοι,
3724 2353 3818 2426 Ἐν

2170 2449 2225 2506 δὲ
2277 2451 2511 2528 λέγεται,
2548 2450 2628 2508 ὅτι
2659 2451 2774 2509 καθ’
2820 2455 2874 2511 ἓν
2904 2454 3078 2510 πάντα
3131 2455 3336 2520 ἑνιαίως
3364 2456 3489 2512 εστὶ
3519 2464 3595 2529 τῷ
3641 2456 3816 2530 αἰτίῳ,

2168 2542 2254 2596 xxi
2309 2541 2466 2597 πάλιν
2496 2541 2742 2598 ἁπάντων
2787 2541 2901 2599 καθ’
2932 2541 2987 2598 ἓν
3040 2543 3314 2624 ὑπερέχει·
3367 2544 3517 2602 οωέν
3548 2548 3646 2625 γάρ
3699 2545 3817 2602 ἔστι

2167 2638 2272 2688 τῶν
2321 2632 2486 2688 ὄντων
2517 2632 2786 2712 ἂμέτοχον
2817 2631 2909 2688 τοῦ
2969 2633 3110 2707 ἑνὸς,
3146 2633 3262 2692 ἀλλ’
3295 2635 3472 2713 ὥσπερ
3503 2643 3606 2700 πᾶς
3661 2637 3822 2715 ἆρά]-

2171 2725 2269 2799 μὸς
2315 2719 2544 2798 μονάδος
2591 2722 2835 2803 μετέχει,
2871 2725 2954 2779 xxi
3013 2725 3108 2798 μία
3140 2722 3262 2789 δυὰς
3323 2728 3409 2781 xxi
3437 2724 3591 2790 δεκᾰς
3649 2725 3822 2805 λεγεο

2169 2831 2275 2868 ταν
2329 2813 2418 2869 xxi
2467 2814 2510 2869 si
2557 2813 2740 2891 μορίου
2801 2813 3157 2888 ἐπιμνησθῆς,
3203 2817 3368 2889 ἣμισυ
3412 2815 3468 2871 ἓν
3524 2815 3690 2893 ἐρεῖς,
3729 2819 3821 2874 xxi

2167 2903 2338 2981 τρίτον
2368 2903 2446 2982 ἓν,
2481 2904 2565 2959 xxi
2595 2901 2813 2960 δέγατον
2844 2905 2925 2976 ἓν,
2957 2905 3045 2962 xxi
3078 2904 3284 2984 ἐφεξῆς·
3323 2905 3460 2963 οὕτω
3491 2908 3578 2962 xxi
3612 2905 3824 2981 xx‘vrx,

2168 2993 2264 3050 xxi
2309 2998 2412 3049 πᾶν
2442 2993 2627 3071 μόριον
2661 2992 2890 3064 πάντων,
2923 3001 3016 3050 τοῦ
3061 2994 3175 3057 ἒνὸς
3223 2994 3466 3076 μετέχει·
3505 2999 3591 3052 xxi
3638 2995 3694 3054 ἒν
3741 3005 3826 3071 τῷ

2169 3083 2312 3140 εἶναι
2369 3089 2524 3140 τοῦτο
2578 3085 2640 3139 τὸ
2685 3085 2741 3139 ἓν
2789 3083 2960 3141 πάντα
2991 3083 3166 3164 ἐστΐν,
3195 3085 3375 3162 ὥσπερ
3431 3085 3488 3141 ἐν
3536 3093 3611 3159 τῷ
3669 3087 3826 3144 εἶναι

443 3173 620 3236 etiam
657 3174 876 3245 omnia,
911 3179 968 3234 et
1017 3171 1210 3232 omnis
1241 3188 1376 3250 pars
1433 3169 2086 3250 omnium,participant

2173 3174 2267 3240 τὴν
2312 3169 2518 3246 μονάδα
2574 3173 2766 3238 πάντες
2817 3174 2873 3228 οἷ’
2917 3173 3146 3250 ἀριθμοὶ,
3183 3177 3270 3230 xxi
3323 3178 3419 3233 οὐκ
3474 3176 3584 3232 ἔστι
3639 3177 3704 3232 τὸ
3767 3177 3828 3233 ἓν

443 3271 715 3338 unum;et
743 3264 858 3324 hoc
889 3264 1016 3343 ipso
1047 3281 1164 3341 quo
1184 3267 1272 3322 est
1294 3278 1474 3320 unum
1497 3259 1662 3324 illud.
1690 3260 1888 3321 omnia
1920 3269 2082 3341 sunt;

2171 3265 2322 3318 τοῦτο
2356 3269 2459 3318 τῶν
2517 3261 2732 3319 πολλῶν
2775 3261 2852 3326 ἓν,
2890 3254 2947 3322 ’0
2979 3265 3075 3338 μὲν
3119 3264 3218 3342 γὰρ
3251 3265 3380 3329 Θεὸς
3410 3264 3466 3320 ἓν
3510 3264 3650 3344 ἐστι,
3682 3268 3826 3322 καθὸ

442 3359 593 3418 sicut
623 3355 734 3415 hoc
766 3354 891 3432 ipso
923 3371 1039 3432 quo
1071 3359 1158 3412 est
1191 3350 1622 3424 unitas,omncs
1652 3351 1885 3411 numeri
1923 3351 2084 3411 exsi-

2171 3350 2366 3415 ἁπλοῦς
2415 3373 2496 3425 τε,
2530 3354 2617 3409 xxi
2675 3352 2896 3434 ἀμερὴς,
2930 3355 3016 3410 xxi
3064 3358 3158 3422 τῆς
3211 3351 3330 3410 κατ’
3369 3353 3515 3415 εἶδος
3559 3353 3822 3433 διαφορᾶς

440 3451 622 3518 stunt,
657 3451 714 3504 et
744 3442 855 3503 hoc
882 3459 1066 3504 unum
1093 3459 1209 3501 non
1243 3447 1333 3500 est
1362 3458 1544 3500 unum
1573 3439 2086 3502 multornm.Deus

2171 3441 2413 3519 ἄμοιρος,
2467 3443 2554 3498 xxi
2610 3443 2823 3498 πάντων
2869 3444 3196 3516 παθημάτων
3250 3446 3336 3500 xxi
3393 3443 3821 3518 συμϐεϐηκότων

439 3533 601 3596 enim
637 3551 791 3592 unus
815 3541 925 3604 est,
950 3531 1124 3593 sicuti
1166 3539 1221 3592 et
1276 3528 1550 3609 simplex,
1595 3537 1652 3589 et
1685 3529 1994 3608 indivisus,
2029 3539 2086 3591 et

2171 3530 2469 3602 ἀλλότριος.
2525 3533 2594 3589 Τὸ
2628 3531 2680 3587 δὲ
2709 3532 2899 3588 ταύτὸν
2929 3533 2984 3588 ἓν
3014 3531 3189 3608 ἕτερον
3223 3533 3258 3601 ἢ
3298 3541 3482 3609 μεῖζον
3526 3535 3562 3602 ἢ
3594 3534 3823 3592 ἔλαττον

439 3641 648 3703 expers
670 3621 1024 3684 diﬂ'erentia:
1048 3619 1338 3700 speciﬁcae
1352 3627 1410 3680 et
1434 3619 1506 3680 ab
1529 3617 1808 3680 omnibus
1829 3620 2086 3680 affectio-

2171 3621 2569 3702 περιπέφευγεν
2622 3621 2751 3699 ὑπὲρ
2781 3623 2880 3701 γὰρ
2925 3629 3088 3679 ταυτα
3121 3622 3321 3695 ἐκεῖνο,
3356 3625 3442 3679 καὶ
3474 3623 3549 3680 ἔτι
3581 3626 3654 3688 ὡς
3715 3625 3823 3704 ἀρ-

436 3712 610 3776 nibus
638 3719 696 3774 et
726 3709 1132 3772 accidentibus
1187 3708 1443 3771 alienus.
1503 3706 1626 3768 Hoc
1660 3707 1854 3784 ipsum
1906 3726 2084 3788 porro

436 3822 623 3866 unum
680 3801 839 3865 aliud
869 3807 991 3862 sive
1025 3799 1214 3879 majus
1244 3799 1372 3862 sive
1413 3796 1609 3858 minus
1656 3797 1880 3877 effugit,
1938 3798 2085 3859 illud

436 3892 598 3955 enim
650 3909 830 3971 supra
863 3891 987 3952 hinc
1017 3887 1234 3961 existit,
1267 3895 1446 3964 atque
1483 3887 1738 3966 insuper
1762 3894 1822 3947 ut
1855 3888 2086 3967 princi-

439 3985 746 4061 pium,.’am
763 3981 947 4061 ipsam
973 3978 1257 4039 unitatem
1277 3994 1454 4055 quam
1475 3976 1920 4037 multitudinem
1945 3977 2083 4038 deﬁo

438 4073 526 4135 nit
558 4091 571 4134 :
608 4073 667 4133 in
718 4072 837 4134 Deo
869 4071 1028 4134 enim
1063 4077 1201 4131 sunt
1243 4087 1452 4130 omnes
1484 4086 1636 4129 unus
1675 4075 1789 4130 tam
1815 4075 1916 4148 qui
1951 4080 2087 4131 ante

439 4163 874 4242 fueruntquam
908 4160 1007 4240 qui
1036 4159 1218 4220 futuri
1255 4167 1434 4230 sunt;
1468 4177 1588 4218 non
1624 4163 1781 4219 enim
1812 4157 1895 4218 ibi
1927 4159 2088 4221 aliud

439 4251 678 4333 quidem
719 4247 1268 4332 prmteritum,aliud
1293 4265 1429 4309 vero
1453 4247 1919 4327 futurum,cujus
1944 4267 2083 4328 par-

438 4339 782 4420 ticipatione
811 4347 926 4400 tam
961 4356 1140 4400 unum
1175 4338 1287 4399 hoc
1340 4337 1519 4398 multa
1551 4335 1961 4411 deﬁniat,licet
1995 4337 2086 4398 di-

2169 3712 2250 3790 χή
2304 3712 2391 3766 xxi
2421 3712 2578 3768 αὑτοῦ
2620 3718 2713 3768 τοῦ
2743 3712 2859 3774 ἐνὸς
2893 3713 2979 3768 xxi
3037 3711 3269 3782 πλήθους
3316 3713 3602 3790 ἐριστικόν
3636 3715 3691 3770 ἑν
3746 3722 3828 3789 τῷ

2172 3807 2286 3875 Θεῷ
2344 3801 2442 3879 γὰρ
2485 3802 2532 3856 oi.
2565 3799 2756 3865 πάντες
2817 3805 2924 3880 εἷς,
2958 3803 3043 3858 καὶ
3070 3805 3116 3858 oi
3177 3804 3430 3880 προόντες
3472 3806 3561 3859 xxi
3612 3807 3660 3859 oi
3691 3803 3827 3860 ὲιόο

2173 3907 2348 3964 μενοι·
2409 3890 2467 3947 οὒ
2499 3891 2597 3968 γάρ
2656 3890 2798 3946 ἐστιν
2828 3891 2945 3947 ἐκεῖ
3002 3892 3063 3947 τὸ
3093 3892 3193 3964 μὲν
3236 3891 3623 3967 παρεληλυθὸς,
3658 3895 3720 3951 τὸ
3775 3892 3831 3950 δι

2171 3978 2393 4060 μέλλον,
2427 3981 2488 4036 οὗ
2539 3985 2607 4055 τῇ
2651 3985 2864 4059 μετοχῇ
2908 3984 2993 4037 xxi
3026 3982 3086 4036 τὸ
3117 3980 3173 4036 ἓν
3205 3989 3356 4037 τοῦτο
3418 3981 3482 4037 τὰ
3518 3981 3700 4040 πολλὲι
3735 4005 3832 4039 πε-

2171 4068 2407 4148 ριορίζει,
2461 4067 2605 4134 πλὴν
2648 4066 2932 4148 διαφόρως,
3000 4071 3088 4125 xxi
3144 4071 3242 4127 οὒκ
3297 4070 3408 4126 ’ἐστι
3466 4069 3584 4126 καθ’
3647 4069 3833 4128 ὅντινα

2172 4162 2363 4234 τρόπον
2395 4162 2454 4218 οὗ
2483 4157 2994 4239 περιληφθήσονται,
3031 4161 3096 4216 τὰ
3156 4160 3331 4218 πολλὰ
3363 4166 3439 4234 τῷ
3469 4159 3565 4216 ἔνί⁶
3604 4162 3676 4218 Τὸ
3725 4162 3831 4238 γὰρ

2169 4247 2342 4305 πολλὰ
2384 4261 2503 4312 τοῖς
2551 4248 2784 4327 μέρεσιν,
2833 4250 3075 4329 ὑπάρχον
3142 4248 3412 4318 δηλονότι,
3447 4250 3504 4305 ἓν
3559 4255 3640 4322 τῷ
3688 4248 3826 4324 ὅλῳ,

2169 4342 2286 4394 οἷον
2318 4340 2377 4394 τὸ
2423 4338 2597 4413 σῶμα·
2637 4340 2722 4395 xxi
2757 4339 2816 4394 τὸ
2847 4337 3020 4395 πολλὰ
3054 4353 3169 4401 τοῖς
3207 4335 3602 4413 συμϐεϐηκόσιν
3647 4339 3701 4394 ἓν
3751 4347 3829 4412 τῷ

439 4429 866 4510 versimode,et
890 4447 1000 4490 nec
1018 4435 1109 4490 est
1126 4427 1282 4489 ullus
1314 4424 1881 4504 modus,secundum
1905 4445 2083 4506 quem

2171 4427 2522 4503 ὑποκειμένῳ,
2599 4431 2717 4484 οἷον
2780 4430 2807 4484 ὁ
2870 4427 3163 4505 ἄνθρωπος’
3223 4431 3311 4485 xxi
3381 4431 3443 4484 τὸ
3515 4428 3691 4485 πολλὰ
3748 4437 3829 4505 τῷ

441 4517 624 4580 multa
639 4524 826 4579 nonin
848 4537 966 4578 uno
980 4513 1736 4596 comprehendanturﬂuae
1757 4514 1916 4576 enim
1939 4517 2084 4577 mul-

439 4621 499 4671 ta
528 4608 664 4669 554
695 4614 834 4669 sunt
864 4606 1298 4688 partibus,sunt
1327 4623 1509 4666 unum
1543 4613 1688 4685 toto,
1719 4614 1783 4666 ut
1812 4624 2028 4686 corpus
2064 4625 2079 4682 ;

441 4717 574 4778 qua;
605 4699 788 4760 multa
812 4694 1377 4760 suntaccidentibus
1393 4705 1533 4756 sunt
1563 4713 1743 4755 unum
1788 4694 2078 4775 subjecto,

2167 4517 2396 4596 ἀριθμορ,
2445 4521 2561 4574 οἷον
2618 4518 2807 4596 Πέτρος
2843 4517 2938 4574 xxi
3000 4515 3229 4592 Ηιῦλος,
3287 4521 3338 4576 ἓν
3388 4526 3465 4592 τῷ
3520 4517 3679 4597 εἴδει,
3722 4519 3826 4576 ἄν-

2165 4610 2374 4684 θρωπος
2428 4607 2528 4684 γὰρ
2559 4608 2644 4662 xxi
2677 4606 2988 4686 ἀμφότεροι,
3045 4603 3214 4664 Ἀλλὰ
3245 4608 3330 4664 xxi
3362 4609 3421 4663 τὰ
3465 4605 3641 4663 πολλὰ
3694 4610 3827 4675 ταῖς

2166 4694 2464 4776 δυνάμεσιν,
2500 4699 2617 4753 οἷον
2667 4693 2877 4775 ἄνθραξ,
2921 4701 3058 4769 φῶς,
3110 4695 3262 4773 φλὸξ,
3296 4697 3350 4752 ἓν
3399 4703 3476 4770 τῷ
3525 4695 3684 4766 εἴδει,
3718 4706 3826 4777 πῦρ

441 4797 505 4850 ut
537 4789 714 4850 homo
748 4807 764 4864 ;
798 4797 854 4849 et
887 4786 1211 4868 quaemulta
1231 4793 1366 4846 sunt
1389 4802 1662 4864 numero,
1696 4784 1852 4846 sicut
1877 4787 2085 4848 Petrus

2171 4787 2264 4864 γὰρ
2306 4786 2502 4842 πάντα·
2553 4787 2640 4842 xxi
2672 4787 2733 4841 τὸ
2776 4783 2949 4841 πολλοὶ
2977 4799 3101 4848 ταῖς
3128 4783 3370 4864 προόδοις
3403 4789 3490 4843 xxi
3536 4799 3656 4849 τοῖς

442 4888 498 4939 et
517 4877 895 4958 Paulus,sunt
927 4895 1104 4938 unum
1139 4874 1360 4956 specie,
1408 4883 1668 4954 uterque
1700 4873 1859 4934 enim
1908 4875 2083 4937 homo

440 4975 551 5030 est.
578 4966 718 5038 Quae
739 4985 912 5048 porro
945 4965 1122 5027 etiam
1159 4965 1340 5027 multa
1370 4977 1507 5026 sunt
1540 4963 1879 5043 virtutibus,
1920 4963 2089 5025 verbi

438 5055 850 5138 gratia,carbo,
881 5055 1006 5128 lux,
1046 5055 1303 5134 flamma,
1338 5063 1474 5114 sunt
1505 5071 1683 5114 unum
1719 5051 2090 5130 forma;ignis

438 5147 598 5208 enim
631 5146 868 5207 omnia:
905 5151 964 5206 et
1004 5163 1136 5225 quae
1191 5144 1372 5205 multa
1401 5153 1538 5204 sunt
1570 5141 2082 5222 processionibus,

439 5248 496 5298 et
527 5235 794 5298 consiliis
823 5235 914 5296 vel
948 5233 1254 5314 operibus,
1289 5240 1428 5294 sunt
1461 5250 1644 5293 unum
1694 5249 1898 5310 causa,
1933 5251 2088 5293 unus

439 5333 600 5387 enim
629 5344 695 5387 ex
727 5345 841 5406 quo
868 5323 1117 5387 consilia
1143 5322 1230 5384 vel
1261 5341 1464 5404 opera,
1501 5331 1560 5383 et
1592 5321 1742 5382 nihil
1773 5334 1865 5382 εει
1895 5320 1956 5381 in
1989 5340 2090 5382 re-

2167 4875 2422 4951 λεύμασιν
2476 4875 2510 4944 ἢ
2555 4887 2672 4940 τοϊς
2721 4873 2893 4953 ἔργοις
2955 4874 3010 4930 ἓν
3055 4882 3131 4948 τῷ
3177 4877 3347 4949 αἰτίῳ·
3392 4879 3474 4941 εἷς
3518 4877 3622 4954 γὰρ
3665 4876 3716 4942 ἐξ
3764 4880 3832 4933 οὗ

2170 4966 2220 5020 αἱ
2271 4963 2455 5042 βουλαὶ
2485 4965 2521 5033 ἢ
2552 4967 2616 5023 τὰ
2662 4964 2932 5042 ἔργαηκαὶ
2964 4962 3109 5024 οὐδέν
3157 4964 3268 5020 ἔστι
3301 4971 3407 5022 τῶν
3449 4963 3623 5021 ὄντων
3655 4968 3684 5022 ὃ
3743 4969 3830 5040 μὴ

2171 5055 2390 5134 μετέχει
2424 5077 2500 5120 πη
2522 5054 2785 5133 1:05;de
2815 5037 2908 5110 "Ev
2930 5051 3074 5130 λέγω
3105 5055 3166 5110 τὸ
3196 5051 3403 5110 ἐνιαῖον
3427 5056 3580 5128 αὗτὸ,
3617 5055 3834 5120 οὗτινος

2172 5144 2341 5200 πάντα
2389 5142 2701 5223 μετέχουσι,
2735 5142 2796 5198 τὸ
2853 5141 2908 5196 ἐν
2940 5149 3016 5216 τῷ
3045 5143 3181 5199 κατὰ
3231 5143 3403 5199 πάντα
3432 5143 3521 5199 xxi
3553 5141 3836 5210 ὁλοτελῶς

2174 5233 2332 5306 ἑνικῷ
2356 5231 2773 5311 προσυνειληφὸς
2805 5231 2978 5288 πάντα
3012 5233 3096 5288 xxi
3140 5229 3263 5310 ὅλα,
3293 5232 3466 5289 πάντα
3511 5233 3599 5288 xxi
3633 5235 3700 5289 τὰ
3729 5236 3838 5291 ἆν-

2172 5323 2465 5396 τικείμενα,
2505 5322 2621 5382 [Ιῶς
2647 5328 2771 5398 γοῦν
2803 5319 3186 5400 προσυνεῖληφε
3209 5322 3275 5376 τὰ
3297 5321 3467 5380 πάντα
3489 5324 3552 5378 τὸ
3585 5325 3668 5397 ἓν,
3696 5327 3839 5388 μετὰ

440 5414 550 5475 bus
598 5416 754 5496 quod
803 5434 918 5475 non
965 5414 1162 5495 aliquo
1215 5414 1390 5474 modo
1423 5411 1716 5492 particeps
1768 5411 1842 5469 sit
1887 5410 2086 5471 unius.

2172 5418 2329 5469 τοὺτα
2389 5410 2735 5491 λεχθήσεται,
2775 5409 2862 5466 ὃτε
2913 5411 3394 5488 προεπινοούμενον
3453 5410 3721 5477 ἀποδείξει
3772 5417 3842 5469 τὸ

439 5503 629 5566 Unum
649 5505 781 5565 dico
812 5503 1146 5584 illud,quod
1177 5509 1375 5563 omnia
1409 5500 1952 5581 participant,quod
1987 5517 2086 5560 se-

2173 5500 2249 5562 ἕν,
2314 5498 2477 5556 Ἀλλὰ
2511 5500 2680 5555 πάντα
2712 5497 2981 5577 λέγονται,
3019 5498 3144 5556 ὅταν
3189 5502 3262 5562 ὡς
3295 5499 3416 5566 εἴδη
3447 5501 3540 5556 xxi
3568 5501 3714 5579 μέρη
3743 5504 3842 5559 xxi

441 5594 697 5654 cundum
731 5595 929 5654 omnia
953 5593 1530 5672 etintregreunitate
1552 5610 1656 5650 sua
1688 5589 1886 5649 omnia
1910 5589 2083 5648 etiam

2171 5589 2408 5668 διαφοραὶ
2440 5597 2531 5644 τοῦ
2575 5590 2688 5652 ἑνὸς
2719 5585 3118 5662 λαμϐάνωνται·
3156 5588 3278 5644 ὅλον
3307 5587 3385 5661 δὲ,
3425 5591 3555 5644 ὅταν
3589 5593 3656 5646 τὰ
3689 5592 3838 5668 μέρη

437 5683 794 5762 tota,omnia
815 5689 934 5746 etia
965 5703 994 5742 ri
1020 5676 2084 5762 contrariacomplectiturﬂuomodo

2171 5679 2535 5762 συλλεγόμενοι
2579 5677 2636 5734 ἓν
2667 5676 2958 5760 ὁλόκληρον
2993 5677 3347 5762 ἀποτελῶσιν,
3379 5679 3500 5733 οἷον
3549 5681 3643 5738 xxi
3676 5683 3738 5745 τὸ
3769 5681 3844 5739 ἃν
