4052 6196
199 399 322 469 989
654 399 755 466 DE
802 400 1097 467 DIVIle
1137 400 1591 483 ΝΟΜίΝΙΒυδ,
1637 402 1800 465 CAP.
1846 396 2012 468 x111.
2063 433 2128 446 -ς
2178 380 2566 461 PARAPHR.
2611 378 3119 459 PACHYMERIE-
3454 384 3572 458 990

192 543 429 620 θρωπον,
464 540 622 597 καὶτὰ
651 549 744 599 τοῦ
764 538 1034 617 ἀνθρώπου
1064 539 1341 614 σωματικᾶ
1385 537 1545 617 μέρη,
1578 539 1613 606 ἡ
1644 539 1708 596 τὰ
1737 536 1832 604 τῆς
1857 568 1870 591 ι

1956 541 2111 595 utem
2138 552 2319 596 unum
2347 532 2461 595 hoc
2495 533 2692 593 omnia
2722 529 3094 611 complexum
3126 529 3442 611 sit,postea
3469 527 3566 591 di-

199 619 379 695 οὖσίας
411 634 566 689 αὗτοῦ
595 630 757 709 μέρη,
791 630 912 686 οἷον
956 632 1014 686 τὸ
1056 628 1296 708 λογικὸν,
1330 630 1391 684 τὸ
1416 632 1629 696 θνητον,
1681 627 1845 689 Πάλιν

1956 633 2096 686 ,etur
2112 623 2352 701 quando
2385 629 2858 704 prmconceptum
2895 620 3039 683 illud
3073 639 3255 683 unum
3287 619 3576 682 demons-

197 722 376 779 πάντα
404 722 489 778 καὶ
533 722 597 778 τὰ
625 720 980 799 ἀντικείμενα,
1014 717 1176 798 ἤγουν
1205 716 1260 775 ἓν
1316 716 1537 775 ἕκαστον
1569 730 1848 798 στοιχεῖον

1956 713 2130 776 rabit.
2184 715 2479 777 Caeterum
2514 712 2714 775 omnia
2743 712 3041 781 dicuntur,
3076 710 3312 791 quando
3343 709 3577 789 species

198 809 323 883 ἰδίᾳ.
363 813 464 870 Καὶ
500 809 655 869 πάλιν
687 813 740 867 ἒν
769 811 944 884 ταῦτῷ
991 811 1057 866 τὰ
1098 810 1460 887 ἀντικείμενα,
1491 809 1617 865 ὅταν
1645 807 1697 864 ἔν
1746 829 1848 864 τινι

1956 812 1989 864 tl
2020 812 2214 884 partes
2238 811 2294 864 et
2324 801 2680 865 differentia)
2719 801 2894 863 unius
2928 801 3304 881 accipiuntur
3338 817 3355 875 ;
3388 808 3575 861 totum

198 898 533 976 ὑποκειμένῳ
587 902 910 978 θεωρῶνται,
977 900 1154 956 Πάντα
1216 900 1315 976 γὰρ
1348 897 1407 955 ἐκ
1448 904 1555 954 τῶν
1599 897 1849 954 ἐναντίω»

1956 895 2337 976 rero,quando
2388 903 2583 973 partes
2614 892 2863 955 collecte
2905 911 3087 955 unum
3116 892 3417 971 integrum
3446 890 3577 952 efﬁ-

200 991 488 1071 στοιχείων
532 990 861 1048 συνίστανται
914 990 1000 1045 καὶ
1044 989 1318 1059 ὲνίζονται.
1374 989 1446 1045 Τὸ
1495 985 1850 1062 δέὑποθοῖτο

1956 987 2292 1063 :iunt,verbi
2314 989 2520 1067 gratia,
2548 989 2876 1062 hominem,
2926 995 3123 1069 partes
3154 984 3415 1048 hominis
3436 1003 3577 1046 cor-

203 1080 261 1138 ὲν
290 1080 472 1144 ἄλλοις
505 1080 605 1155 μὲν
634 1081 695 1136 τὸ
753 1070 871 1136 καθ’
911 1081 1154 1135 ὑποθεσιν
1211 1075 1560 1152 λαμϐάνεται,
1634 1078 1722 1133 καὶ
1766 1075 1850 1134 ἐπὶ

1956 1078 2255 1159 ioreaa,vel
2281 1088 2481 1159 partes
2499 1078 2628 1158 ejus
2646 1078 3012 1151 essentiam
3030 1075 3323 1139 rationale
3344 1082 3403 1136 et
3425 1092 3581 1136 mor-

200 1176 311 1228 τῶν
371 1175 754 1246 πραγματικῶς
825 1167 921 1227 οὒκ
972 1168 1163 1239 ὂντῶν,
1218 1166 1354 1224 ἀλλὰ
1390 1165 1536 1243 λὸγῳ
1589 1166 1852 1241 τυπουμέ-

1957 1168 2578 1237 ale.Rursum.omnia
2607 1169 2784 1229 etiam
2821 1167 3140 1235 contraria,
3173 1164 3335 1227 verbi
3366 1163 3575 1244 gratia,

200 1284 309 1317 νων
345 1281 356 1293 ο
391 1258 607 1316 ἐνταῦθα
636 1258 819 1334 μέντοι
852 1257 955 1338 οὔχ
986 1257 1122 1315 οὕτω
1152 1255 1408 1330 ληπτέον,
1457 1255 1594 1312 ἀλλὰ
1634 1258 1693 1312 τὸ
1736 1254 1855 1312 κατ’

1956 1258 2626 1339 ιυοάιώθιθιθιῐιθηιιιιη
2647 1257 3019 1320 seorsum.Et
3035 1275 3272 1319 rursum
3296 1256 3354 1316 in
3371 1253 3582 1316 eodem

201 1350 439 1407 ἐπίνοιαν
467 1347 612 1427 λόγῳ
670 1355 825 1405 τοῦτο
855 1345 1030 1404 θετέον
1084 1344 1167 1402 διὰ
1196 1345 1294 1412 τὴν
1351 1352 1442 1402 τοῦ
1492 1344 1544 1411 ἐξ
1576 1346 1691 1408 ἐνὸς
1725 1352 1855 1403 Θεοῦ

1956 1346 2506 1428 :ontraria,quando
2524 1347 2585 1409 in
2604 1347 2802 1425 aliquo
2820 1346 3087 1427 subjecto
3108 1344 3579 1427 conspiciuntur;

202 1441 432 1498 ἐκτίσθαι
485 1438 808 1509 ταῦτότητα,
868 1439 953 1493 καὶ
983 1438 1047 1493 τὸ
1076 1434 1197 1493 ὅλον
1229 1433 1284 1491 ἐν
1315 1447 1435 1501 τοῖς
1471 1435 1651 1514 μέρεσι
1710 1440 1849 1492 θεωο

1956 1436 2135 1498 imnia
2164 1442 2319 1498 enim
2344 1456 2416 1499 ex
2439 1438 2752 1499 contrariis
2772 1437 3089 1499 elementis
3123 1436 3582 1499 constituuntur.

200 1536 430 1611 ρεϊσθαι,
463 1531 551 1586 καὶ
582 1529 635 1586 ἐν
666 1535 741 1602 τῷ
772 1526 879 1599 ὅλῳ
905 1527 970 1582 τὰ
1000 1525 1164 1603 μέρη.

1960 1525 2080 1588 llud
2109 1535 2331 1605 autem,
2356 1530 2606 1585 ὒποθοϊτο
2624 1527 2961 1607 τις,αιὶᾳιιίε
2986 1533 3312 1607 supponat,
3350 1524 3409 1584 in
3451 1522 3588 1584 aliis

199 1619 444 1702 quidem
493 1616 824 1680 secundum
859 1614 1207 1695 hypothesin
1240 1613 1363 1676 sive
1418 1612 1889 1694 suppositionem
1923 1614 2255 1695 accipitur;
2300 1621 2476 1678 etiam
2522 1616 2581 1677 in
2612 1616 2686 1679 iis
2727 1634 2860 1698 quae
2888 1635 2954 1679 re
2982 1616 3109 1695 ipsa
3159 1635 3277 1678 non
3308 1617 3586 1686 existunt,

198 1712 308 1774 sed
367 1708 595 1773 ratione
629 1708 983 1786 ﬁnguntur;
1036 1705 1134 1767 hic
1166 1722 1306 1766 vero
1362 1723 1480 1765 non
1530 1705 1618 1766 sic
1676 1704 2093 1785 accipiendum
2155 1714 2269 1780 est,
2327 1706 2430 1769 sed
2488 1707 2599 1769 hoc
2652 1707 2833 1769 verbo
2893 1706 3111 1770 mentis
3165 1706 3589 1788 applicandum

201 1808 453 1882 propter
504 1795 823 1860 creationis
854 1813 925 1857 ex
982 1813 1102 1856 uno
1134 1796 1256 1859 Deo
1307 1793 1705 1872 identitatem,
1739 1803 1798 1857 et
1849 1794 1987 1876 quia
2036 1801 2222 1857 totum
2273 1796 2335 1859 in
2385 1796 2656 1879 partibus
2703 1796 3141 1879 consideratur,
3175 1805 3236 1861 et
3265 1805 3471 1879 partes
3525 1795 3590 1858 in

204 1900 361 1953 toto.

284 1977 447 2061 §IIL
482 1976 642 2035 "Avoo
672 1977 771 2052 μὲν
814 1974 1018 2054 ἔλεγεν,
1076 1974 1155 2032 ὅτι
1200 1978 1259 2031 τὸ
1289 1974 1345 2031 ἕν
1388 1974 1849 2056 προσυλλαμϐανει

2012 1975 2158 2056 §Il[.
2188 1978 2470 2057 Superius
2504 1977 2747 2056 quidem
2797 1977 2971 2054 dixit,
3027 1997 3209 2041 unum
3265 1978 3593 2058 anticipare

202 2074 268 2129 τὰ
295 2071 490 2141 πάντα,
523 2067 608 2123 νῦν
640 2064 718 2139 δε,
753 2065 1161 2136 κατασκευάζων
1204 2065 1383 2143 τοῦτό,
1415 2066 1596 2146 φησίν·
1631 2065 1745 2124 "Av
1776 2069 1854 2141 μὴ

1956 2069 2215 2129 iniversa
2251 2086 2267 2144 ;
2297 2067 2472 2129 modo
2513 2076 2710 2131 autem
2734 2068 2880 2131 illud
2909 2070 3273 2133 conﬁrmans
3305 2068 3429 2132 ait:
3465 2067 3593 2131 Nisi

203 2163 304 2240 γὰρ
364 2159 726 2237 προεπινοηθῇ
782 2157 841 2211 τὸ
870 2153 1097 2227 ἑνιαῖον,
1150 2151 1490 2226 δηλονότιξτὸ
1520 2158 1626 2211 τῶν
1648 2155 1852 2234 ἀνθρώ-

1956 2158 2097 2220 inim
2124 2157 2290 2239 prius
2315 2157 2682 2237 intelligatur
2711 2160 2928 2233 unitas,
2950 2158 3114 2221 verbi
3143 2160 3595 2239 gratia,species

204 2272 322 2307 πων
353 2245 515 2327 εἶδος,
555 2244 714 2321 ἤγουν
748 2245 779 2311 ἡ
804 2245 980 2323 eam,
1037 2244 1131 2299 οὒκ
1175 2240 1235 2298 ἄν
1270 2265 1351 2306 τις
1384 2244 1554 2324 εἴποι,
1587 2246 1705 2306 τοὺς
1754 2246 1852 2300 ἆν-

1956 2247 2267 2320 nominum,
2305 2247 2428 2309 sive
2452 2255 2679 2319 natura,
2732 2268 2908 2312 nemo
2927 2250 3167 2330 dixerit,
3195 2248 3471 2309 homines
3504 2247 3598 2309 in-

208 2340 447 2418 θρώπους
476 2338 709 2404 ἡνῶσθαι
741 2332 996 2403 ἀλλήλοις
1044 2330 1152 2388 κατ’
1194 2332 1350 2389 αυτὸν
1395 2336 1487 2390 τὸν
1517 2339 1617 2401 τῆς
1647 2335 1852 2413 φύσεως

1956 2356 2036 2399 :er
2066 2355 2131 2399 se
2147 2337 2506 2417 conjunctos
2536 2357 2674 2401 esse
2702 2339 3031 2402 secundum
3063 2337 3337 2402 eamdem
3370 2346 3597 2399 natura;

210 2430 392 2507 λόγον,
454 2425 716 2482 Ἢνιῖισθαι
774 2423 941 2480 τοίνυν
1015 2422 1080 2478 τὰ
1136 2422 1386 2497 ἡνωμένα
1442 2422 1670 2502 λέγομεν
1738 2422 1857 2482 κατ’

1956 2427 2531 2490 rationemDicimus
2560 2429 2788 2509 itaque,
2813 2428 2915 2492 illa
2939 2448 3071 2510 quat
3093 2429 3410 2508 conjuncta
3430 2434 3590 2505 sunt,

210 2517 353 2582 εϊδος
413 2513 890 2595 προεπινοούμενον
945 2512 1059 2577 ἑνὸς
1117 2510 1357 2568 ἑκάστου.
1422 2509 1527 2574 Καὶ
1587 2514 1748 2571 πάλιν
1790 2515 1857 2570 τὰ

1956 2517 2100 2579 iniri
2133 2517 2462 2580 secundum
2488 2518 2779 2599 cujusque
2801 2509 3064 2599 speciem
3093 2525 3587 2599 praeconceptam.

210 2608 334 2677 εἴδη
363 2609 452 2665 καὶ
472 2606 539 2663 τὰ
569 2601 764 2677 πολλὰ,
799 2613 1075 2682 στοιχεῖον
1102 2623 1153 2657 τι
1182 2602 1269 2659 καὶ
1319 2600 1494 2682 ἀρχὴν
1522 2604 1583 2659 τὸ
1615 2602 1670 2660 ἕν
1732 2604 1856 2661 ἐπι-

205 2702 496 2780 γράφονται
540 2695 611 2755 εἷς
658 2692 809 2769 γένος
840 2691 1166 2769 ἀναγόμενα,
1202 2690 1261 2748 οὗ
1309 2691 1500 2780 γένους,
1551 2691 1674 2761 εἴδη
1706 2696 1854 2757 εἰσίν,

202 2779 325 2847 οῖον
380 2784 563 2856 ἵπποι,
616 2782 762 2861 βόες,
824 2780 1116 2859 ἄνθρωποι,
1159 2779 1341 2860 ὥσπερ
1375 2783 1448 2846 εἷς
1479 2779 1534 2838 ἕν
1567 2782 1858 2861 ἀνάγονται

204 2883 267 2936 τὸ
297 2884 453 2949 ζῶον.
480 2881 644 2934 Τοῦτο
688 2871 742 2927 δὲ
786 2870 1065 2949 λέγει,οὒχ
1094 2869 1178 2926 ὃτι
1211 2872 1274 2927 τὸ
1321 2877 1430 2927 τῶν
1459 2873 1561 2951 πρὸ
1591 2879 1697 2929 τῶν
1728 2873 1860 2929 πολ-

1956 2876 2128 2956 gratia
2151 2876 2905 2957 equi,boves,homiues,ad
2940 2895 3121 2940 unum
3152 2874 3593 2958 quodammodo
3674 2902 3679 2905 ι

201 2968 313 3024 λῶν
342 2961 690 3043 ἀποδέχεται,
723 2958 856 3037 ὅπτρ
899 2960 928 3013 ὑ
962 2958 1186 3015 Πλάτων
1218 2957 1535 3037 ἐπρέσϐευε.
1588 2961 1690 3028 τὴν
1722 2959 1860 3018 ἰδέαν

1956 2965 2165 3028 animal
2188 2964 2711 3030 reducunturlloc
2732 2975 2928 3029 autem
2954 2965 3118 3039 dicit,
3155 2957 3272 3027 non
3304 2963 3460 3047 quod
3490 2962 3591 3026 illa

202 3056 370 3133 λέγω.
406 3052 544 3110 ἀλλὰ
573 3051 633 3107 τὸ
666 3051 720 3105 ὲν
752 3061 868 3113 τοῖς
919 3046 1167 3122 πολλοῖς,
1199 3050 1289 3105 καὶ
1338 3050 1397 3105 τὸ
1435 3050 1569 3124 μετὰ
1598 3050 1663 3106 τὰ
1693 3048 1867 3108 πολλὰ

1956 3064 2089 3119 ante
2123 3055 2300 3118 multa
2333 3058 2820 3138 constituatur,ut
2843 3057 3007 3120 Plato
3030 3053 3589 3133 asserebat,ideam,

206 3144 419 3221 μᾶλλον
449 3139 767 3220 δεχόμενος,
803 3138 865 3193 lu
896 3137 1096 3194 τούτων
1128 3137 1221 3194 καί
1259 3138 1321 3194 τὸ
1370 3136 1424 3195 ’ἐν
1455 3151 1732 3218 στοιχεῖον
1763 3145 1867 3195 τῶν

1956 3148 2225 3224 inquam;
2254 3146 2359 3208 sed
2393 3147 2625 3227 quodin
2651 3136 3055 3218 multis,etiam
3092 3151 3222 3226 post
3253 3144 3458 3219 multa,
3487 3162 3599 3224 po-

208 3233 427 3292 πολλῶν
450 3232 773 3295 συνίστησιν
821 3229 856 3295 ἡ
908 3227 1009 3305 γὰρ
1034 3226 1273 3303 ἡμετέρα
1323 3226 1549 3300 ἐπίνοια,
1580 3228 1698 3292 τοὺς
1729 3226 1866 3283 ποῖ-

1956 3236 2213 3317 tiusquis
2234 3226 2687 3317 concipiens,ex
2709 3236 2848 3296 535
2870 3237 2961 3299 bis
2982 3252 3164 3297 unum
3188 3233 3427 3311 aliquod
3450 3232 3602 3296 mul-

213 3324 341 3388 λοὺς
399 3323 470 3387 εἰς
526 3321 648 3393 μίαν
681 3319 974 3408 συνέιγουσα
1021 3317 1195 3397 φύσιν,
1228 3315 1358 3394 ὅπερ
1401 3317 1615 3380 πάντως
1662 3317 1859 3396 γίνεται

1956 3315 2141 3403 torum
2167 3315 2605 3388 elementorum
2633 3334 3185 3408 componat;noster
3201 3325 3358 3387 enim
3376 3343 3598 3386 conce-

217 3415 354 3491 μετὰ
407 3412 473 3468 τὰ
526 3407 698 3467 πολλὰ
750 3407 869 3464 τότε
927 3407 1024 3475 τὴν
1074 3406 1326 3474 τοιαύτην
1397 3408 1522 3479 μίαν
1576 3406 1727 3485 φύσιν
1787 3408 1860 3469 ὡς

1956 3424 2083 3495 ptus
2132 3414 2273 3476 dum
2326 3414 2512 3477 multa
2552 3416 2614 3476 in
2664 3406 2839 3477 uuam
2863 3414 3089 3493 colligit
3119 3422 3411 3489 naturam,
3444 3413 3601 3494 quod

216 3506 420 3561 ἑνιαῖιὶν
491 3523 539 3557 τι
592 3498 839 3577 κατέχει,
912 3499 999 3553 καὶ
1046 3498 1242 3563 ταῦτην
1312 3495 1681 3573 συναγομένην
1729 3494 1867 3551 οὕτω

1956 3494 2151 3583 utique
2182 3504 2244 3565 fit
2278 3513 2407 3583 post
2435 3504 2639 3575 multa,
2675 3512 2798 3566 tum
2834 3503 3173 3566 istiusmodi
3204 3522 3383 3565 unam
3420 3512 3601 3564 natu-

217 3595 352 3668 μετὰ
381 3592 446 3647 τὰ
484 3588 659 3647 πολλὰ
706 3593 810 3643 τῶν
859 3584 1072 3644 πολλῶν
1106 3597 1442 3662 προεπινοεϊ,
1477 3587 1551 3649 ὡς
1586 3590 1691 3641 τῶν
1724 3586 1866 3641 πολ·-

1956 3613 2074 3656 ram
2109 3595 2277 3675 quasi
2335 3594 2561 3656 unitam
2610 3595 3029 3675 apprehendit,
3066 3604 3124 3656 et
3154 3596 3312 3657 hanc
3355 3594 3435 3654 ita
3472 3596 3606 3673 post

216 3684 327 3740 λῶν
354 3678 673 3745 συστατικὴν
744 3678 830 3733 καὶ
878 3676 1192 3755 συνοχικὴν.
1257 3676 1312 3731 Εἰ
1342 3675 1517 3732 τοίνυν
1573 3674 1866 3752 ἀναιρεθείη

1962 3674 2147 3746 multa
2190 3691 2548 3746 contractam
2594 3674 2853 3763 concipit
2901 3703 3010 3764 pro
3066 3683 3291 3755 multis,
3316 3692 3601 3763 tanquam

1941 2606 2013 2669 Et
2044 2608 2543 2688 rursum,species
2574 2616 2632 2672 et
2656 2608 2837 2670 multa
2864 2608 2936 2670 ad
2972 2626 3155 2670 unum
3185 2626 3375 2687 genus
3403 2605 3591 2669 redu-

1940 2705 2057 2771 cta,
2090 2697 2446 2761 describunt
2468 2716 2650 2761 unum
2676 2698 3038 2761 elementum
3064 2696 3399 2778 aliquod,et
3422 2695 3593 2776 prin-

1943 2786 2167 2866 cipium
2198 2786 2357 2849 illius
2381 2789 2618 2866 generis
2647 2789 2822 2868 cujus
2848 2786 3083 2869 species
3104 2783 3596 2859 exsistunt;verbi

217 3775 282 3831 τὸ
302 3773 378 3846 ἓν,
412 3770 527 3829 οὔτε
556 3767 703 3846 ὅλον,
750 3764 866 3822 οὗτε
904 3774 1089 3844 μόριον
1133 3763 1305 3837 ἔσται,
1342 3762 1373 3819 ἅ
1425 3761 1490 3831 δὴ
1539 3766 1626 3820 καὶ
1660 3764 1875 3830 ὲνιαίως

219 3860 671 3936 κατονομάζονται
707 3876 724 3895 ’
788 3857 987 3913 τούτων
1046 3852 1107 3910 δὲ
1136 3853 1559 3932 ἀναιρεθέντων,
1600 3853 1745 3911 οὐδὲν
1776 3858 1882 3914 τῶν

217 3954 384 4011 ὄντων
437 3949 609 4029 ἔσται,
666 3948 743 4010 Τὸ
798 3945 853 4003 ἓν
912 3944 1012 4022 ἄρα
1069 3944 1245 4001 πάντα
1304 3942 1575 4021 ἐνοειδῶς,
1634 3943 1882 4013 δηλονότι

214 4044 334 4101 καθ’
385 4042 476 4100 ἕνα
516 4041 604 4097 καὶ
638 4042 729 4097 τὸν
783 4037 944 4095 αὐτὸν
998 4033 1183 4113 λόγον⁹
1217 4031 1329 4091 οόδὲ
1374 4034 1474 4111 γὰρ
1516 4032 1691 4099 ἄλλως
1721 4033 1876 4114 λέγει

213 4156 303 4190 ται
332 4134 393 4189 τὸ
436 4130 562 4189 ὅλον
593 4130 644 4187 ’ἐν
680 4151 767 4185 και
802 4125 981 4189 ἄλλως
1017 4124 1079 4180 τὸ
1157 4122 1342 4199 μέρος,
1376 4124 1463 4179 καί
1516 4122 1692 4191 ἄλλως
1726 4132 1880 4183 τοῦτο

1965 3772 2288 3836 multorum
2321 3774 2755 3835 coustitutivam
2779 3782 2839 3835 et
2857 3772 3376 3854 complexivam.Si
3410 3773 3606 3852 itaque

1966 3881 2147 3925 unum
2171 3862 2433 3938 tollatur,
2486 3882 2682 3941 neque
2730 3871 2950 3936 totum,
2981 3881 3177 3943 neque
3208 3880 3343 3943 pars
3374 3862 3602 3935 existet,

1966 3971 2101 4034 quae
2124 3951 2324 4032 utique
2354 3951 2536 4017 etiam
2566 3952 2729 4015 unite
2773 3951 3197 4017 denominatur
3231 3971 3247 4028 ;
3283 3950 3375 4014 his
3403 3961 3604 4012 autem

1966 4040 2233 4114 sublatis,
2266 4041 2426 4104 nulla
2446 4061 2544 4105 res
2588 4042 2824 4105 existet.
2877 4040 3070 4105 Unum
3118 4059 3257 4121 ergo
3289 4049 3378 4103 est
3408 4039 3611 4102 omnia

1964 4130 2428 4201 uniformiter,id
2449 4140 2537 4193 est
2572 4130 2902 4194 secundum
2928 4150 3102 4193 unam
3133 4140 3191 4194 et
3221 4129 3490 4193 eamdem
3513 4145 3611 4189 ra-

215 4224 304 4280 καὶ
362 4220 537 4285 ἄλλως
598 4220 778 4276 ἐκεῖνο
811 4212 1168 4295 προείληφεν,
1215 4210 1334 4268 ἀλλ’
1369 4212 1460 4268 ἵνα
1519 4213 1597 4287 μὴ
1628 4236 1709 4277 τις
1740 4216 1870 4271 ὑπο-

1966 4221 2189 4283 tionem
2226 4241 2242 4297 ;
2276 4240 2469 4303 neque
2498 4222 2658 4285 enim
2690 4221 2862 4283 aliter
2894 4228 3079 4283 totum
3138 4229 3198 4283 et
3266 4218 3440 4282 aliter
3472 4235 3606 4296 pars

218 4313 419 4388 πτεύσῃ
473 4310 706 4367 ἐντεῦθεν
748 4307 849 4375 τὴν
880 4305 980 4383 πρὸ
1012 4304 1118 4360 τῶν
1152 4300 1369 4359 πολλῶν
1402 4299 1564 4381 ἰδέαν,
1615 4306 1744 4382 φησί
1792 4306 1870 4362 καῖ

1964 4310 2107 4387 quid
2145 4330 2329 4373 unum
2363 4299 2810 4391 dicitnr,neque
2841 4311 3012 4372 aliter
3042 4311 3152 4372 hoc
3182 4318 3240 4371 et
3263 4308 3435 4370 aliter
3458 4306 3604 4369 illud

219 4401 563 4480 προείληφεν,
620 4398 812 4456 ὡσανεὶ
858 4394 938 4452 ὅτι
986 4393 1167 4457 αὐτοῖς
1214 4405 1334 4455 τοῖς
1368 4390 1616 4466 πολλοῖς,
1673 4397 1761 4452 καὶ
1818 4401 1870 4457 οὖ

1959 4399 2319 4481 anticipavit,
2353 4401 2457 4463 sed
2526 4390 2600 4463 ne
2655 4390 2788 4482 quis
2843 4400 2985 4462 hinc
3028 4399 3380 4480 opinaretur
3409 4397 3605 4459 ideam

224 4491 338 4549 καθ’
386 4492 511 4550 αὐτὸ
549 4493 834 4560 θεωρεῖται
873 4487 934 4543 τὸ
988 4483 1065 4544 ἕν.
1143 4483 1292 4539 Ἐπεὶ
1348 4482 1518 4539 τοίνυν
1584 4485 1645 4539 τὸ
1701 4483 1754 4540 ἕν
1814 4488 1870 4545 τὰ

1960 4491 2275 4573 quamdam
2309 4499 2444 4552 ante
2482 4492 2687 4569 multa,
2723 4489 2887 4551 addit
2942 4489 3414 4567 comprehendit,
3448 4485 3609 4568 quod

223 4582 396 4641 πάντα
425 4576 833 4657 περιλαμϐάνει,
871 4575 1083 4631 πάντων
1116 4570 1170 4627 δὲ
1219 4570 1447 4638 ποιητής
1508 4573 1535 4627 ὁ
1582 4574 1710 4637 Θεός
1741 4574 1870 4649 ἐστι,

1962 4570 2399 4661 quodammodo
2426 4580 2571 4642 illud
2599 4598 2778 4641 unum
2813 4597 2931 4640 non
2954 4580 3284 4641 secundum
3312 4576 3514 4654 se,sed
3546 4576 3607 4638 in

225 4672 314 4727 καὶ
344 4670 405 4727 ἐκ
446 4670 658 4728 πάντων
690 4666 1007 4739 ὀνομάζεται
1060 4663 1132 4722 ὼς
1179 4659 1351 4724 αἴτιος
1373 4662 1435 4714 ὲκ
1467 4660 1574 4716 τῶν
1604 4664 1870 4738 uitiati”,

1972 4659 2169 4732 multis
2199 4670 2316 4731 illis
2347 4670 2746 4749 concipiatur.
2777 4667 2923 4730 Cum
2957 4668 3157 4746 itaque
3183 4687 3362 4729 unum
3414 4666 3613 4728 omnia

228 4761 447 4822 εἰκότως
478 4760 568 4817 καὶ
634 4763 704 4834 τῇ
729 4764 820 4814 τοῦ
862 4755 977 4819 Evr};
1005 4748 1280 4824 ἐπωνυμίᾳ
1313 4748 1587 4829 ὃμνεῖται,
1619 4748 1646 4806 ὅ
1695 4749 1761 4819 δὴ
1791 4776 1870 4811 χχι

1970 4748 2696 4838 complectatur,omnium
2732 4776 2871 4820 vero
2908 4767 3144 4820 creator
3171 4758 3248 4819 sit
3279 4759 3521 4829 Deus,et
3545 4773 3616 4818 ex

230 4855 292 4909 εκ
352 4858 444 4909 τοῦ
511 4845 868 4905 ἀποστολικοῦ
932 4844 1095 4920 ῥητου
1163 4838 1471 4919 παρίστησι,
1536 4840 1746 4906 πάντως
1803 4841 1870 4900 διε

1969 4849 2484 4912 omnibuseﬂ‘ectis
2515 4857 2575 4909 ut
2598 4866 2772 4909 causa
2806 4848 3166 4920 nominetur,
3203 4847 3413 4910 merito
3438 4846 3614 4908 etiam

229 4942 330 5009 τήν
359 4937 614 5016 ἆμὲρειαν
664 4940 765 5005 τῆς
813 4933 1086 5005 ὲνότητος,
1143 4926 1223 4984 ὅτι
1252 4929 1337 4984 καὶ
1370 4928 1429 4983 τὸ
1478 4924 1531 4983 ἔν
1562 4929 1775 5006 ἀμερὲς,
1800 4955 1867 4989 κα

1971 4940 2146 5000 unius
2193 4940 2436 4999 nomine
2465 4937 2824 5012 celebratur,
2860 4938 3016 5019 quod
3052 4936 3233 5000 etiam
3267 4955 3340 4999 ex
3369 4944 3616 5017 aposto-

227 5031 401 5088 πάντα
431 5028 484 5084 ἐν
516 5034 592 5101 τῷ
623 5033 738 5101 Θεῷ
788 5043 1127 5104 περιεχονται
1162 5018 1299 5076 κατὰ
1356 5018 1454 5086 τήν
1519 5025 1613 5075 τοῦ
1660 5020 1775 5086 ἐνὸς
1805 5025 1870 5079 εὶ.

1969 5029 2085 5090 Ιίοο
2107 5028 2264 5090 dicto
2298 5028 2528 5107 probat,
2554 5028 2823 5099 omnino,
2862 5018 3101 5107 propter
3133 5028 3375 5089 unitatis
3406 5025 3616 5087 indivi-

222 5122 382 5179 κόνα·
431 5117 511 5174 ὅτι
542 5117 715 5173 πάντα
766 5119 853 5172 καὶ
904 5116 960 5170 ἓν
1018 5115 1158 5183 αὖτῷ
1208 5105 1572 5186 περιέχονται,
1607 5107 1749 5177 πλὴν
1788 5132 1870 5167 εν-

1963 5105 2523 5193 sibilitatem,unum
2545 5105 3062 5181 etiamindivisnm
3099 5127 3157 5179 et
3180 5116 3381 5178 omnia
3406 5115 3464 5176 in
3493 5118 3617 5177 Deo

227 5212 389 5269 ταῦθα
419 5208 517 5283 μὲν
546 5208 618 5272 ὡς
677 5204 731 5261 ἐν
765 5203 1019 5283 στοιχείῳ
1068 5200 1156 5255 καὶ
1195 5198 1368 5269 φύσει,
1406 5195 1490 5251 ἐπὶ
1523 5193 1577 5251 δὲ
1632 5205 1760 5255 Θεοῦ
1806 5203 1870 5267 ὡς

1963 5208 2254 5270 contineri
2299 5208 2628 5270 secundum
2683 5207 3011 5287 imaginem
3064 5207 3242 5269 unius
3279 5227 3295 5278 ;
3328 5203 3612 5285 quoniam

228 5298 284 5357 ἐν
341 5282 492 5370 αἰτίῳ
548 5300 818 5368 ποιητικῷ
866 5282 955 5350 διαὶ
1011 5291 1375 5367 ὺπεροχικῶς,
1429 5286 1516 5358 Τῷ
1551 5282 1621 5378 *δὲ
1672 5286 1758 5368 ὑφ’
1814 5294 1870 5360 ἧς

1964 5299 2161 5359 omnia
2212 5297 2392 5359 etiam
2458 5298 2517 5358 in
2573 5298 2703 5378 ipso
2757 5282 3166 5375 continentur,
3209 5282 3618 5355 verumtamen

228 5389 318 5445 καὶ
346 5386 398 5453 ἐξ
456 5386 522 5455 ἧς
584 5387 647 5442 τὸ
698 5384 807 5441 ἔστι
866 5383 955 5439 καὶ
1004 5381 1067 5437 τὸ
1123 5379 1469 5434 συντέτακται
1540 5374 1870 5454 ἁρμοστέον·

1971 5395 2247 5468 tanquam
2282 5387 2340 5449 iu
2373 5374 2671 5449 elemento
2719 5394 2778 5447 et
2805 5395 3035 5466 natura,
3065 5385 3125 5446 in
3153 5374 3293 5445 ’Deo
3328 5399 3462 5442 vero
3486 5387 3621 5442 tan-

229 5480 317 5536 καὶ
386 5484 464 5550 τῷ
520 5474 587 5532 δι’
661 5481 726 5551 ᾖς
780 5475 867 5529 καὶ
919 5473 974 5527 ἐν
1030 5470 1091 5527 τὸ
1175 5465 1320 5543 μένει
1378 5466 1465 5519 καὶ
1551 5466 1870 5548 συνέχεται¹

1980 5465 2154 5559 quam
2169 5496 2349 5540 causa
2371 5478 2760 5555 efﬁciente,et
2790 5475 3145 5536 eminenter.
3162 5471 3401 5536 Voculae
3420 5477 3620 5531 autem

234 5570 324 5625 οιαὶ
388 5570 466 5642 τῷ
522 5567 597 5630 είς
677 5565 743 5632 ἣν
800 5564 860 5618 τὸ
910 5558 1322 5648 ἀποπληροζὸται
1381 5554 1467 5609 καὶ
1525 5555 1870 5639 ἐπιστρέφετα

1982 5554 2018 5629 ἁ
2049 5584 2169 5646 qua
2201 5577 2257 5628 et
2276 5585 2349 5631 ex
2377 5585 2497 5648 qua
2518 5554 2726 5629 referri
2758 5564 2985 5626 debent
3012 5561 3083 5623 ad
3118 5567 3261 5623 sunt
3289 5566 3349 5620 et
3375 5577 3619 5636 compo-

230 5655 551 5735 ἀποδοτέον,
586 5658 629 5711 εί
684 5655 829 5711 καὶὸ
888 5650 1066 5727 πατὴρ
1124 5636 1212 5727 ὑφ’
1274 5642 1326 5700 ἔν
1356 5645 1419 5699 τὰ
1469 5644 1680 5721 pws-in:
1723 5647 1868 5717 ἔταξε

1980 5636 2350 5735 uuittur;per
2366 5636 2544 5735 quam
2561 5672 2699 5716 vero
2714 5656 2846 5715 etin
2895 5651 3118 5732 (μιαβά
3144 5657 3397 5713 manent
3413 5661 3622 5711 etcon-

230 5752 336 5817 Καὶ
368 5752 464 5810 οὒκ
492 5749 553 5806 ἄν
584 5747 758 5828 εὕροις
786 5769 836 5806 τι
868 5750 974 5807 τῶν
1040 5742 1235 5816 ὄντων,
1270 5737 1298 5794 δ
1330 5762 1351 5815 ῑ-
1371 5737 1407 5805 ἢ
1456 5736 1511 5793 ἐν
1566 5745 1641 5814 τῷ
1670 5739 1767 5825 ἐνὶ,
1810 5765 1870 5803 κο

1983 5747 2344 5823 tinentur;et
2355 5745 2433 5808 ad
2447 5761 2624 5829 quam
2641 5741 2716 5806 ad
2725 5740 3628 5843 complenturetconvertuntur
