  <div class='ocr_page' id='page_1' title='image "/cluster/home/n/w/nwhite01/storage/ocr_20150623/3/hvd.32044029831450/520.png"; bbox 0 0 4050 6212; ppageno 0'>
   <div class='ocr_carea' id='block_1_1' title="bbox 219 328 343 406">
    <p class='ocr_par' dir='ltr' id='par_1_1' title="bbox 219 328 343 406">
     <span class='ocr_line' id='line_1_1' title="bbox 219 328 343 406; baseline 0.016 -2"><span class='ocrx_word' id='word_1_1' title='bbox 219 328 343 406; x_wconf 76' lang='lat'><strong>993</strong></span> 
     </span>
    </p>
   </div>
   <div class='ocr_carea' id='block_1_2' title="bbox 666 298 3139 423">
    <p class='ocr_par' dir='ltr' id='par_1_2' title="bbox 666 298 3139 423">
     <span class='ocr_line' id='line_1_2' title="bbox 666 298 3139 423; baseline 0 -15"><span class='ocrx_word' id='word_1_2' title='bbox 666 346 763 408; x_wconf 86' lang='lat' dir='ltr'><strong>DE</strong></span> <span class='ocrx_word' id='word_1_3' title='bbox 806 298 1103 413; x_wconf 86' lang='lat' dir='ltr'><strong>DIVINtS</strong></span> <span class='ocrx_word' id='word_1_4' title='bbox 1144 350 1597 423; x_wconf 77' lang='lat' dir='ltr'><strong>NOMINIBUS,</strong></span> <span class='ocrx_word' id='word_1_5' title='bbox 1643 330 1805 412; x_wconf 81' lang='lat' dir='ltr'><strong>CAP.</strong></span> <span class='ocrx_word' id='word_1_6' title='bbox 1855 330 2022 409; x_wconf 78' lang='lat' dir='ltr'><strong>xm.</strong></span> <span class='ocrx_word' id='word_1_7' title='bbox 2069 379 2146 391; x_wconf 93' lang='lat'><strong>—</strong></span> <span class='ocrx_word' id='word_1_8' title='bbox 2192 346 2572 409; x_wconf 58' lang='lat' dir='ltr'><strong>pausans.</strong></span> <span class='ocrx_word' id='word_1_9' title='bbox 2623 342 3139 411; x_wconf 66' lang='lat' dir='ltr'><strong>PACHYMERAE.</strong></span> 
     </span>
    </p>
   </div>
   <div class='ocr_carea' id='block_1_3' title="bbox 3473 328 3591 414">
    <p class='ocr_par' dir='ltr' id='par_1_3' title="bbox 3473 328 3591 414">
     <span class='ocr_line' id='line_1_3' title="bbox 3473 328 3591 414; baseline -0.008 0"><span class='ocrx_word' id='word_1_10' title='bbox 3473 328 3591 414; x_wconf 73' lang='lat'><strong>994&#39;</strong></span> 
     </span>
    </p>
   </div>
   <div class='ocr_carea' id='block_1_4' title="bbox 217 459 1867 562">
    <p class='ocr_par' dir='ltr' id='par_1_4' title="bbox 217 480 1859 562">
     <span class='ocr_line' id='line_1_4' title="bbox 217 480 1859 562; baseline 0.001 -26"><span class='ocrx_word' id='word_1_11' title='bbox 217 502 387 553; x_wconf 79' lang='grc' dir='ltr'>ματος</span> <span class='ocrx_word' id='word_1_12' title='bbox 420 482 603 558; x_wconf 69' lang='grc' dir='ltr'>πηγήν</span> <span class='ocrx_word' id='word_1_13' title='bbox 658 484 745 538; x_wconf 83' lang='grc' dir='ltr'><strong>καί</strong></span> <span class='ocrx_word' id='word_1_14' title='bbox 794 482 972 562; x_wconf 72' lang='grc' dir='ltr'>ἀρχὴν</span> <span class='ocrx_word' id='word_1_15' title='bbox 1022 486 1110 541; x_wconf 84' lang='grc' dir='ltr'><strong>καὶ</strong></span> <span class='ocrx_word' id='word_1_16' title='bbox 1155 486 1344 547; x_wconf 77' lang='grc' dir='ltr'>αἰτίαν,</span> <span class='ocrx_word' id='word_1_17' title='bbox 1396 484 1693 560; x_wconf 82' lang='grc' dir='ltr'>Γονιμότης</span> <span class='ocrx_word' id='word_1_18' title='bbox 1729 480 1782 537; x_wconf 73' lang='grc' dir='ltr'>ὂὶ</span> <span class='ocrx_word' id='word_1_19' title='bbox 1824 483 1859 549; x_wconf 76' lang='grc' dir='ltr'>ἡ</span> 
     </span>
    </p>
   </div>
   <div class='ocr_carea' id='block_1_5' title="bbox 1953 459 3594 562">
    <p class='ocr_par' dir='ltr' id='par_1_5' title="bbox 1953 475 3594 555">
     <span class='ocr_line' id='line_1_5' title="bbox 1953 475 3594 555; baseline -0.002 -16"><span class='ocrx_word' id='word_1_20' title='bbox 1953 478 2045 540; x_wconf 88' lang='lat' dir='ltr'><strong>lud</strong></span> <span class='ocrx_word' id='word_1_21' title='bbox 2075 499 2088 541; x_wconf 92' lang='lat'><strong>:</strong></span> <span class='ocrx_word' id='word_1_22' title='bbox 2124 478 2258 541; x_wconf 83' lang='lat' dir='ltr'><strong>Non</strong></span> <span class='ocrx_word' id='word_1_23' title='bbox 2291 482 2378 537; x_wconf 83' lang='lat' dir='ltr'><strong>est</strong></span> <span class='ocrx_word' id='word_1_24' title='bbox 2407 481 2688 536; x_wconf 80' lang='lat' dir='ltr'><strong>construe</strong></span> <span class='ocrx_word' id='word_1_25' title='bbox 2738 492 2870 535; x_wconf 88' lang='lat' dir='ltr'><strong>cum</strong></span> <span class='ocrx_word' id='word_1_26' title='bbox 2917 475 3280 555; x_wconf 74' lang='grc' dir='ltr'><strong>διεγνωσμέιῃ</strong></span> <span class='ocrx_word' id='word_1_27' title='bbox 3313 496 3421 541; x_wconf 88' lang='lat' dir='ltr'><strong>seu</strong></span> <span class='ocrx_word' id='word_1_28' title='bbox 3453 496 3594 542; x_wconf 86' lang='lat' dir='ltr'><strong>voce</strong></span> 
     </span>
    </p>
   </div>
   <div class='ocr_carea' id='block_1_6' title="bbox 218 568 1866 653">
    <p class='ocr_par' dir='ltr' id='par_1_6' title="bbox 218 568 1866 653">
     <span class='ocr_line' id='line_1_6' title="bbox 218 568 1866 653; baseline 0.002 -29"><span class='ocrx_word' id='word_1_29' title='bbox 218 571 436 640; x_wconf 64' lang='grc' dir='ltr'>ἑνόνης,</span> <span class='ocrx_word' id='word_1_30' title='bbox 462 570 491 637; x_wconf 68' lang='grc' dir='ltr'>ἢ</span> <span class='ocrx_word' id='word_1_31' title='bbox 524 568 701 644; x_wconf 82' lang='grc' dir='ltr'>ἕτερόν</span> <span class='ocrx_word' id='word_1_32' title='bbox 725 594 772 627; x_wconf 88' lang='grc' dir='ltr'>τι</span> <span class='ocrx_word' id='word_1_33' title='bbox 800 574 968 647; x_wconf 71' lang='grc' dir='ltr'>ὄνομα</span> <span class='ocrx_word' id='word_1_34' title='bbox 993 577 1098 629; x_wconf 61' lang='grc' dir='ltr'>τῶν</span> <span class='ocrx_word' id='word_1_35' title='bbox 1131 574 1576 653; x_wconf 80' lang='grc' dir='ltr'>συνεγνωσμὶνων</span> <span class='ocrx_word' id='word_1_36' title='bbox 1597 575 1631 640; x_wconf 71' lang='grc' dir='ltr'><strong>ἢ</strong></span> <span class='ocrx_word' id='word_1_37' title='bbox 1662 570 1866 649; x_wconf 76' lang='grc' dir='ltr'><strong>ἀνθρώ-</strong></span> 
     </span>
    </p>
   </div>
   <div class='ocr_carea' id='block_1_7' title="bbox 216 660 1870 739">
    <p class='ocr_par' dir='ltr' id='par_1_7' title="bbox 216 660 1870 739">
     <span class='ocr_line' id='line_1_7' title="bbox 216 660 1870 739; baseline 0.001 -25"><span class='ocrx_word' id='word_1_38' title='bbox 216 681 367 737; x_wconf 81' lang='grc' dir='ltr'>ποις,</span> <span class='ocrx_word' id='word_1_39' title='bbox 403 661 439 726; x_wconf 76' lang='grc' dir='ltr'><strong>ἢ</strong></span> <span class='ocrx_word' id='word_1_40' title='bbox 466 661 551 716; x_wconf 78' lang='grc' dir='ltr'><strong>καὶ</strong></span> <span class='ocrx_word' id='word_1_41' title='bbox 582 662 771 723; x_wconf 76' lang='grc' dir='ltr'>αὐταῖς</span> <span class='ocrx_word' id='word_1_42' title='bbox 796 675 918 725; x_wconf 74' lang='grc' dir='ltr'>ταῖς</span> <span class='ocrx_word' id='word_1_43' title='bbox 949 677 1173 729; x_wconf 75' lang='grc' dir='ltr'>νοηταῖς</span> <span class='ocrx_word' id='word_1_44' title='bbox 1207 661 1513 739; x_wconf 78' lang='grc' dir='ltr'>δυνάμεσιν,</span> <span class='ocrx_word' id='word_1_45' title='bbox 1549 666 1642 720; x_wconf 74' lang='grc' dir='ltr'>οὒκ</span> <span class='ocrx_word' id='word_1_46' title='bbox 1671 660 1732 716; x_wconf 79' lang='grc' dir='ltr'>ἂν</span> <span class='ocrx_word' id='word_1_47' title='bbox 1764 681 1870 716; x_wconf 85' lang='grc' dir='ltr'>πα-</span> 
     </span>
    </p>
   </div>
   <div class='ocr_carea' id='block_1_8' title="bbox 215 747 1871 828">
    <p class='ocr_par' dir='ltr' id='par_1_8' title="bbox 215 747 1871 828">
     <span class='ocr_line' id='line_1_8' title="bbox 215 747 1871 828; baseline 0.002 -25"><span class='ocrx_word' id='word_1_48' title='bbox 215 747 504 826; x_wconf 71' lang='grc' dir='ltr'>ραστάσειε</span> <span class='ocrx_word' id='word_1_49' title='bbox 540 750 743 826; x_wconf 78' lang='grc' dir='ltr'>τρανῶς</span> <span class='ocrx_word' id='word_1_50' title='bbox 776 752 842 806; x_wconf 84' lang='grc' dir='ltr'>τὰ</span> <span class='ocrx_word' id='word_1_51' title='bbox 894 750 965 813; x_wconf 79' lang='grc' dir='ltr'>ὥς</span> <span class='ocrx_word' id='word_1_52' title='bbox 998 754 1127 808; x_wconf 82' lang='grc' dir='ltr'>εἰσιν</span> <span class='ocrx_word' id='word_1_53' title='bbox 1171 752 1231 808; x_wconf 81' lang='grc' dir='ltr'>ἐκ</span> <span class='ocrx_word' id='word_1_54' title='bbox 1262 753 1473 808; x_wconf 80' lang='grc' dir='ltr'>πάντων</span> <span class='ocrx_word' id='word_1_55' title='bbox 1529 750 1871 828; x_wconf 67' lang='grc' dir='ltr'>ὀποκεκρυμ-</span> 
     </span>
    </p>
   </div>
   <div class='ocr_carea' id='block_1_9' title="bbox 214 838 1872 919">
    <p class='ocr_par' dir='ltr' id='par_1_9' title="bbox 214 838 1872 919">
     <span class='ocr_line' id='line_1_9' title="bbox 214 838 1872 919; baseline 0.002 -26"><span class='ocrx_word' id='word_1_56' title='bbox 214 838 356 911; x_wconf 81' lang='grc' dir='ltr'>μένα</span> <span class='ocrx_word' id='word_1_57' title='bbox 404 846 497 894; x_wconf 74' lang='grc' dir='ltr'>τοῦ</span> <span class='ocrx_word' id='word_1_58' title='bbox 529 846 680 896; x_wconf 75' lang='grc' dir='ltr'>Θεοῦ.</span> <span class='ocrx_word' id='word_1_59' title='bbox 745 846 863 903; x_wconf 85' lang='grc' dir='ltr'>Πῶς</span> <span class='ocrx_word' id='word_1_60' title='bbox 914 842 1012 919; x_wconf 81' lang='grc' dir='ltr'>γὰρ</span> <span class='ocrx_word' id='word_1_61' title='bbox 1043 839 1259 899; x_wconf 75' lang='grc' dir='ltr'>δυνατὸν</span> <span class='ocrx_word' id='word_1_62' title='bbox 1289 840 1545 916; x_wconf 75' lang='grc' dir='ltr'>ὀνομὰσαι</span> <span class='ocrx_word' id='word_1_63' title='bbox 1578 840 1681 897; x_wconf 84' lang='grc' dir='ltr'><strong>ἀπό</strong></span> <span class='ocrx_word' id='word_1_64' title='bbox 1730 861 1872 902; x_wconf 85' lang='grc' dir='ltr'>τινος</span> 
     </span>
    </p>
   </div>
   <div class='ocr_carea' id='block_1_10' title="bbox 210 927 1873 1009">
    <p class='ocr_par' dir='ltr' id='par_1_10' title="bbox 210 927 1873 1009">
     <span class='ocr_line' id='line_1_10' title="bbox 210 927 1873 1009; baseline 0.002 -27"><span class='ocrx_word' id='word_1_65' title='bbox 210 933 327 982; x_wconf 77' lang='grc' dir='ltr'>τῶν</span> <span class='ocrx_word' id='word_1_66' title='bbox 373 927 541 983; x_wconf 83' lang='grc' dir='ltr'>ὄντων</span> <span class='ocrx_word' id='word_1_67' title='bbox 598 930 689 984; x_wconf 84' lang='grc' dir='ltr'>τὸν</span> <span class='ocrx_word' id='word_1_68' title='bbox 749 931 904 1009; x_wconf 86' lang='grc' dir='ltr'>Θεὸν,</span> <span class='ocrx_word' id='word_1_69' title='bbox 939 928 1106 1004; x_wconf 75' lang='grc' dir='ltr'>μηδὲν</span> <span class='ocrx_word' id='word_1_70' title='bbox 1158 937 1264 987; x_wconf 82' lang='grc' dir='ltr'>τῶν</span> <span class='ocrx_word' id='word_1_71' title='bbox 1306 932 1518 987; x_wconf 83' lang='grc' dir='ltr'>πάντων</span> <span class='ocrx_word' id='word_1_72' title='bbox 1576 929 1723 1008; x_wconf 79' lang='grc' dir='ltr'>ὄντα,</span> <span class='ocrx_word' id='word_1_73' title='bbox 1788 931 1873 985; x_wconf 87' lang='grc' dir='ltr'><strong>καὶ</strong></span> 
     </span>
    </p>
   </div>
   <div class='ocr_carea' id='block_1_11' title="bbox 213 1016 1870 1098">
    <p class='ocr_par' dir='ltr' id='par_1_11' title="bbox 213 1016 1870 1098">
     <span class='ocr_line' id='line_1_11' title="bbox 213 1016 1870 1098; baseline 0.002 -29"><span class='ocrx_word' id='word_1_74' title='bbox 213 1016 350 1091; x_wconf 67' lang='grc' dir='ltr'>ὅπερ</span> <span class='ocrx_word' id='word_1_75' title='bbox 404 1017 470 1071; x_wconf 79' lang='grc' dir='ltr'>τὰ</span> <span class='ocrx_word' id='word_1_76' title='bbox 501 1016 672 1073; x_wconf 71' lang='grc' dir='ltr'>πάντα</span> <span class='ocrx_word' id='word_1_77' title='bbox 732 1016 906 1098; x_wconf 69' lang='grc' dir='ltr'>ὄντας</span> <span class='ocrx_word' id='word_1_78' title='bbox 945 1016 1049 1079; x_wconf 82' lang='grc' dir='ltr'>Καὶ</span> <span class='ocrx_word' id='word_1_79' title='bbox 1098 1021 1144 1074; x_wconf 83' lang='grc' dir='ltr'>τὶ</span> <span class='ocrx_word' id='word_1_80' title='bbox 1192 1020 1335 1098; x_wconf 65' lang='grc' dir='ltr'><strong>λέγω</strong></span> <span class='ocrx_word' id='word_1_81' title='bbox 1379 1022 1635 1098; x_wconf 79' lang='grc' dir='ltr'>περὶτῶν</span> <span class='ocrx_word' id='word_1_82' title='bbox 1694 1018 1870 1075; x_wconf 81' lang='grc' dir='ltr'>ἄλλων</span> 
     </span>
    </p>
   </div>
   <div class='ocr_carea' id='block_1_12' title="bbox 213 1103 1870 1183">
    <p class='ocr_par' dir='ltr' id='par_1_12' title="bbox 213 1103 1870 1183">
     <span class='ocr_line' id='line_1_12' title="bbox 213 1103 1870 1183; baseline 0.002 -24"><span class='ocrx_word' id='word_1_83' title='bbox 213 1103 520 1179; x_wconf 67' lang='grc' dir='ltr'>ὀνομάτων,</span> <span class='ocrx_word' id='word_1_84' title='bbox 583 1106 716 1165; x_wconf 86' lang='grc' dir='ltr'>ὃπου</span> <span class='ocrx_word' id='word_1_85' title='bbox 789 1107 884 1164; x_wconf 78' lang='grc' dir='ltr'>καί</span> <span class='ocrx_word' id='word_1_86' title='bbox 963 1110 1090 1164; x_wconf 78' lang='grc' dir='ltr'>αὐτὸ</span> <span class='ocrx_word' id='word_1_87' title='bbox 1172 1109 1233 1164; x_wconf 77' lang='grc' dir='ltr'>τὰ</span> <span class='ocrx_word' id='word_1_88' title='bbox 1310 1110 1630 1166; x_wconf 81' lang='grc' dir='ltr'>σεπτότατον</span> <span class='ocrx_word' id='word_1_89' title='bbox 1701 1107 1870 1183; x_wconf 77' lang='grc' dir='ltr'>ὄνομα</span> 
     </span>
    </p>
   </div>
   <div class='ocr_carea' id='block_1_13' title="bbox 211 1194 1869 1276">
    <p class='ocr_par' dir='ltr' id='par_1_13' title="bbox 211 1194 1869 1276">
     <span class='ocr_line' id='line_1_13' title="bbox 211 1194 1869 1276; baseline 0.003 -28"><span class='ocrx_word' id='word_1_90' title='bbox 211 1194 246 1260; x_wconf 76' lang='grc' dir='ltr'>ἡ</span> <span class='ocrx_word' id='word_1_91' title='bbox 314 1194 581 1270; x_wconf 78' lang='grc' dir='ltr'>ἂγαθοτης</span> <span class='ocrx_word' id='word_1_92' title='bbox 639 1196 731 1251; x_wconf 70' lang='grc' dir='ltr'>οὐκ</span> <span class='ocrx_word' id='word_1_93' title='bbox 789 1198 988 1255; x_wconf 80' lang='grc' dir='ltr'>οἰκεῖον</span> <span class='ocrx_word' id='word_1_94' title='bbox 1050 1198 1239 1276; x_wconf 75' lang='grc' dir='ltr'>κυρίως</span> <span class='ocrx_word' id='word_1_95' title='bbox 1273 1205 1443 1275; x_wconf 82' lang='grc' dir='ltr'>Θεῷ;</span> <span class='ocrx_word' id='word_1_96' title='bbox 1497 1200 1543 1254; x_wconf 81' lang='grc' dir='ltr'><strong>οἱ</strong></span> <span class='ocrx_word' id='word_1_97' title='bbox 1598 1198 1697 1275; x_wconf 75' lang='grc' dir='ltr'>γὰρ</span> <span class='ocrx_word' id='word_1_98' title='bbox 1745 1201 1869 1253; x_wconf 87' lang='grc' dir='ltr'>θεο-</span> 
     </span>
    </p>
   </div>
   <div class='ocr_carea' id='block_1_14' title="bbox 214 1282 1864 1365">
    <p class='ocr_par' dir='ltr' id='par_1_14' title="bbox 214 1282 1864 1365">
     <span class='ocr_line' id='line_1_14' title="bbox 214 1282 1864 1365; baseline 0.002 -28"><span class='ocrx_word' id='word_1_99' title='bbox 214 1282 371 1360; x_wconf 79' lang='grc' dir='ltr'>λόγοι</span> <span class='ocrx_word' id='word_1_100' title='bbox 431 1283 514 1341; x_wconf 80' lang='grc' dir='ltr'>διὰ</span> <span class='ocrx_word' id='word_1_101' title='bbox 566 1287 626 1340; x_wconf 69' lang='grc' dir='ltr'>τὸ</span> <span class='ocrx_word' id='word_1_102' title='bbox 675 1284 813 1348; x_wconf 81' lang='grc' dir='ltr'>ὅλως</span> <span class='ocrx_word' id='word_1_103' title='bbox 875 1300 1018 1343; x_wconf 73' lang='grc' dir='ltr'>νοεῖν</span> <span class='ocrx_word' id='word_1_104' title='bbox 1063 1310 1112 1342; x_wconf 86' lang='grc' dir='ltr'>τι</span> <span class='ocrx_word' id='word_1_105' title='bbox 1170 1288 1258 1343; x_wconf 90' lang='grc' dir='ltr'><strong>καί</strong></span> <span class='ocrx_word' id='word_1_106' title='bbox 1312 1287 1486 1364; x_wconf 73' lang='grc' dir='ltr'>λέγειν</span> <span class='ocrx_word' id='word_1_107' title='bbox 1544 1289 1661 1365; x_wconf 80' lang='grc' dir='ltr'>περὶ</span> <span class='ocrx_word' id='word_1_108' title='bbox 1714 1289 1864 1365; x_wconf 65' lang='grc' dir='ltr'>Θεοῦ,</span> 
     </span>
    </p>
   </div>
   <div class='ocr_carea' id='block_1_15' title="bbox 214 1375 1869 1455">
    <p class='ocr_par' dir='ltr' id='par_1_15' title="bbox 214 1375 1869 1455">
     <span class='ocr_line' id='line_1_15' title="bbox 214 1375 1869 1455; baseline 0.004 -28"><span class='ocrx_word' id='word_1_109' title='bbox 214 1377 296 1444; x_wconf 83' lang='grc' dir='ltr'>τῷ</span> <span class='ocrx_word' id='word_1_110' title='bbox 344 1376 461 1450; x_wconf 82' lang='grc' dir='ltr'>περί</span> <span class='ocrx_word' id='word_1_111' title='bbox 491 1375 649 1429; x_wconf 68' lang='grc' dir='ltr'>αὖτὸν</span> <span class='ocrx_word' id='word_1_112' title='bbox 680 1379 825 1449; x_wconf 82' lang='grc' dir='ltr'>πόθῳ</span> <span class='ocrx_word' id='word_1_113' title='bbox 881 1377 1261 1455; x_wconf 75' lang='grc' dir='ltr'><strong>κατεχόμενοι,</strong></span> <span class='ocrx_word' id='word_1_114' title='bbox 1290 1379 1350 1433; x_wconf 82' lang='grc' dir='ltr'>τὸ</span> <span class='ocrx_word' id='word_1_115' title='bbox 1380 1381 1479 1442; x_wconf 81' lang='grc' dir='ltr'><strong>τῆς</strong></span> <span class='ocrx_word' id='word_1_116' title='bbox 1542 1377 1869 1453; x_wconf 77' lang='grc' dir='ltr'>ἆγαθότητος</span> 
     </span>
    </p>
   </div>
   <div class='ocr_carea' id='block_1_16' title="bbox 216 1461 1867 1544">
    <p class='ocr_par' dir='ltr' id='par_1_16' title="bbox 216 1461 1867 1544">
     <span class='ocr_line' id='line_1_16' title="bbox 216 1461 1867 1544; baseline 0.004 -28"><span class='ocrx_word' id='word_1_117' title='bbox 216 1461 389 1535; x_wconf 73' lang='grc' dir='ltr'>ὄνομα</span> <span class='ocrx_word' id='word_1_118' title='bbox 424 1461 681 1519; x_wconf 73' lang='grc' dir='ltr'><strong>ἐπέϐαλον</strong></span> <span class='ocrx_word' id='word_1_119' title='bbox 714 1466 789 1539; x_wconf 78' lang='grc' dir='ltr'>τῷ</span> <span class='ocrx_word' id='word_1_120' title='bbox 819 1473 955 1539; x_wconf 77' lang='grc' dir='ltr'>Θεῷ,</span> <span class='ocrx_word' id='word_1_121' title='bbox 990 1466 1127 1522; x_wconf 73' lang='grc' dir='ltr'>ἀλλὰ</span> <span class='ocrx_word' id='word_1_122' title='bbox 1186 1467 1373 1544; x_wconf 78' lang='grc' dir='ltr'>κυρίως</span> <span class='ocrx_word' id='word_1_123' title='bbox 1410 1468 1498 1522; x_wconf 81' lang='grc' dir='ltr'><strong>καὶ</strong></span> <span class='ocrx_word' id='word_1_124' title='bbox 1544 1467 1867 1543; x_wconf 72' lang='grc' dir='ltr'>ὑπεράγαθός</span> 
     </span>
    </p>
   </div>
   <div class='ocr_carea' id='block_1_17' title="bbox 218 1552 1872 1634">
    <p class='ocr_par' dir='ltr' id='par_1_17' title="bbox 218 1552 1872 1634">
     <span class='ocr_line' id='line_1_17' title="bbox 218 1552 1872 1634; baseline 0.004 -28"><span class='ocrx_word' id='word_1_125' title='bbox 218 1552 336 1607; x_wconf 81' lang='grc' dir='ltr'>ἐστι</span> <span class='ocrx_word' id='word_1_126' title='bbox 392 1552 479 1620; x_wconf 83' lang='grc' dir='ltr'><strong>καί</strong></span> <span class='ocrx_word' id='word_1_127' title='bbox 535 1554 839 1627; x_wconf 74' lang='grc' dir='ltr'>ὑπερυύαιος</span> <span class='ocrx_word' id='word_1_128' title='bbox 902 1559 928 1611; x_wconf 97' lang='lat'><strong>6</strong></span> <span class='ocrx_word' id='word_1_129' title='bbox 989 1558 1143 1619; x_wconf 81' lang='grc' dir='ltr'>Θεός,</span> <span class='ocrx_word' id='word_1_130' title='bbox 1203 1560 1263 1612; x_wconf 77' lang='grc' dir='ltr'><strong>Αἱ</strong></span> <span class='ocrx_word' id='word_1_131' title='bbox 1323 1556 1374 1611; x_wconf 79' lang='grc' dir='ltr'>δὲ</span> <span class='ocrx_word' id='word_1_132' title='bbox 1407 1557 1720 1634; x_wconf 71' lang='grc' dir='ltr'><strong>ἀποφάσεις,</strong></span> <span class='ocrx_word' id='word_1_133' title='bbox 1754 1555 1872 1622; x_wconf 65' lang='grc' dir='ltr'>ἤτοι</span> 
     </span>
    </p>
   </div>
   <div class='ocr_carea' id='block_1_18' title="bbox 218 1642 1872 1725">
    <p class='ocr_par' dir='ltr' id='par_1_18' title="bbox 218 1642 1872 1725">
     <span class='ocr_line' id='line_1_18' title="bbox 218 1642 1872 1725; baseline 0.005 -29"><span class='ocrx_word' id='word_1_134' title='bbox 218 1642 470 1719; x_wconf 71' lang='grc' dir='ltr'>ἀρνήσεις</span> <span class='ocrx_word' id='word_1_135' title='bbox 500 1645 589 1699; x_wconf 82' lang='grc' dir='ltr'><strong>καὶ</strong></span> <span class='ocrx_word' id='word_1_136' title='bbox 635 1646 935 1725; x_wconf 64' lang='grc' dir='ltr'>στερήσεις,</span> <span class='ocrx_word' id='word_1_137' title='bbox 966 1645 1051 1701; x_wconf 80' lang='grc' dir='ltr'><strong>ἐπί</strong></span> <span class='ocrx_word' id='word_1_138' title='bbox 1092 1646 1220 1703; x_wconf 83' lang='grc' dir='ltr'>Θεοῦ</span> <span class='ocrx_word' id='word_1_139' title='bbox 1271 1647 1365 1703; x_wconf 70' lang='grc' dir='ltr'>οὒκ</span> <span class='ocrx_word' id='word_1_140' title='bbox 1395 1646 1579 1709; x_wconf 83' lang='grc' dir='ltr'>ἁπλῶς</span> <span class='ocrx_word' id='word_1_141' title='bbox 1630 1647 1872 1724; x_wconf 74' lang='grc' dir='ltr'>εἴρηνται</span> 
     </span>
    </p>
   </div>
   <div class='ocr_carea' id='block_1_19' title="bbox 220 1730 1873 1813">
    <p class='ocr_par' dir='ltr' id='par_1_19' title="bbox 220 1730 1873 1813">
     <span class='ocr_line' id='line_1_19' title="bbox 220 1730 1873 1813; baseline 0.002 -26"><span class='ocrx_word' id='word_1_142' title='bbox 220 1745 342 1792; x_wconf 72' lang='grc' dir='ltr'>τοῖς</span> <span class='ocrx_word' id='word_1_143' title='bbox 394 1730 690 1809; x_wconf 76' lang='grc' dir='ltr'>θεολόγοιςο</span> <span class='ocrx_word' id='word_1_144' title='bbox 752 1738 812 1792; x_wconf 79' lang='grc' dir='ltr'>οὐ</span> <span class='ocrx_word' id='word_1_145' title='bbox 871 1736 970 1813; x_wconf 81' lang='grc' dir='ltr'>γὰρ</span> <span class='ocrx_word' id='word_1_146' title='bbox 1025 1738 1099 1799; x_wconf 84' lang='grc' dir='ltr'>ὡς</span> <span class='ocrx_word' id='word_1_147' title='bbox 1156 1734 1399 1812; x_wconf 74' lang='grc' dir='ltr'>λέγονται</span> <span class='ocrx_word' id='word_1_148' title='bbox 1445 1738 1705 1807; x_wconf 74' lang='grc' dir='ltr'>νοοῦνται,</span> <span class='ocrx_word' id='word_1_149' title='bbox 1754 1733 1873 1790; x_wconf 81' lang='grc' dir='ltr'>ἀλλ’</span> 
     </span>
    </p>
   </div>
   <div class='ocr_carea' id='block_1_20' title="bbox 218 1820 1872 1903">
    <p class='ocr_par' dir='ltr' id='par_1_20' title="bbox 218 1820 1872 1903">
     <span class='ocr_line' id='line_1_20' title="bbox 218 1820 1872 1903; baseline 0.002 -27"><span class='ocrx_word' id='word_1_150' title='bbox 218 1820 767 1899; x_wconf 72' lang='grc' dir='ltr'>ὕπεραναϐεϐηκότως</span> <span class='ocrx_word' id='word_1_151' title='bbox 828 1827 1160 1902; x_wconf 83' lang='grc' dir='ltr'>θεωροῦνται,</span> <span class='ocrx_word' id='word_1_152' title='bbox 1224 1828 1295 1883; x_wconf 84' lang='lat' dir='ltr'>T6</span> <span class='ocrx_word' id='word_1_153' title='bbox 1325 1826 1423 1903; x_wconf 81' lang='grc' dir='ltr'><strong>γὰρ</strong></span> <span class='ocrx_word' id='word_1_154' title='bbox 1471 1826 1753 1898; x_wconf 75' lang='grc' dir='ltr'>ἀθάνατος,</span> <span class='ocrx_word' id='word_1_155' title='bbox 1787 1826 1872 1881; x_wconf 85' lang='grc' dir='ltr'><strong>καὶ</strong></span> 
     </span>
    </p>
   </div>
   <div class='ocr_carea' id='block_1_21' title="bbox 219 1910 1871 1992">
    <p class='ocr_par' dir='ltr' id='par_1_21' title="bbox 219 1910 1871 1992">
     <span class='ocr_line' id='line_1_21' title="bbox 219 1910 1871 1992; baseline 0.002 -27"><span class='ocrx_word' id='word_1_156' title='bbox 219 1910 473 1989; x_wconf 71' lang='grc' dir='ltr'>ἀόρατος,</span> <span class='ocrx_word' id='word_1_157' title='bbox 527 1913 613 1967; x_wconf 83' lang='grc' dir='ltr'><strong>καὶ</strong></span> <span class='ocrx_word' id='word_1_158' title='bbox 661 1912 935 1992; x_wconf 75' lang='grc' dir='ltr'>ἀνενδεὴς,</span> <span class='ocrx_word' id='word_1_159' title='bbox 983 1915 1068 1969; x_wconf 84' lang='grc' dir='ltr'><strong>καί</strong></span> <span class='ocrx_word' id='word_1_160' title='bbox 1112 1915 1175 1969; x_wconf 85' lang='grc' dir='ltr'><strong>τὰ</strong></span> <span class='ocrx_word' id='word_1_161' title='bbox 1234 1921 1470 1986; x_wconf 77' lang='grc' dir='ltr'>τοιαῦτα,</span> <span class='ocrx_word' id='word_1_162' title='bbox 1503 1914 1599 1969; x_wconf 69' lang='grc' dir='ltr'>οὐκ</span> <span class='ocrx_word' id='word_1_163' title='bbox 1648 1910 1730 1986; x_wconf 76' lang='grc' dir='ltr'>ἄν,</span> <span class='ocrx_word' id='word_1_164' title='bbox 1767 1935 1871 1986; x_wconf 86' lang='grc' dir='ltr'>τις,</span> 
     </span>
    </p>
   </div>
   <div class='ocr_carea' id='block_1_22' title="bbox 224 2000 1874 2081">
    <p class='ocr_par' dir='ltr' id='par_1_22' title="bbox 224 2000 1874 2081">
     <span class='ocr_line' id='line_1_22' title="bbox 224 2000 1874 2081; baseline 0.001 -27"><span class='ocrx_word' id='word_1_165' title='bbox 224 2001 417 2079; x_wconf 64' lang='grc' dir='ltr'>σοφίας</span> <span class='ocrx_word' id='word_1_166' title='bbox 475 2000 748 2080; x_wconf 78' lang='grc' dir='ltr'>μετέχων,</span> <span class='ocrx_word' id='word_1_167' title='bbox 803 2000 1202 2080; x_wconf 74' lang='grc' dir='ltr'>ὃημωδέστερον</span> <span class='ocrx_word' id='word_1_168' title='bbox 1246 2001 1532 2081; x_wconf 75' lang='grc' dir='ltr'>ἀπολάϐοι,</span> <span class='ocrx_word' id='word_1_169' title='bbox 1586 2000 1721 2057; x_wconf 74' lang='grc' dir='ltr'>ἀλλὰ</span> <span class='ocrx_word' id='word_1_170' title='bbox 1769 2006 1874 2057; x_wconf 84' lang='grc' dir='ltr'><strong>τῶν</strong></span> 
     </span>
    </p>
   </div>
   <div class='ocr_carea' id='block_1_23' title="bbox 214 2088 1872 2170">
    <p class='ocr_par' dir='ltr' id='par_1_23' title="bbox 214 2088 1872 2170">
     <span class='ocr_line' id='line_1_23' title="bbox 214 2088 1872 2170; baseline 0.002 -26"><span class='ocrx_word' id='word_1_171' title='bbox 214 2088 559 2164; x_wconf 72' lang='grc' dir='ltr'><strong>δηλουμένων</strong></span> <span class='ocrx_word' id='word_1_172' title='bbox 619 2091 976 2165; x_wconf 65' lang='grc' dir='ltr'><strong>ἐξιστάμενος,</strong></span> <span class='ocrx_word' id='word_1_173' title='bbox 1043 2092 1134 2149; x_wconf 81' lang='grc' dir='ltr'><strong>ἐπὶ</strong></span> <span class='ocrx_word' id='word_1_174' title='bbox 1203 2093 1296 2156; x_wconf 74' lang='grc' dir='ltr'><strong>τὰς</strong></span> <span class='ocrx_word' id='word_1_175' title='bbox 1357 2092 1720 2170; x_wconf 82' lang='grc' dir='ltr'>σεσιγημένας</span> <span class='ocrx_word' id='word_1_176' title='bbox 1786 2094 1872 2148; x_wconf 81' lang='grc' dir='ltr'><strong>καί</strong></span> 
     </span>
    </p>
   </div>
   <div class='ocr_carea' id='block_1_24' title="bbox 216 2180 1869 2256">
    <p class='ocr_par' dir='ltr' id='par_1_24' title="bbox 216 2180 1869 2256">
     <span class='ocr_line' id='line_1_24' title="bbox 216 2180 1869 2256; baseline 0.001 -22"><span class='ocrx_word' id='word_1_177' title='bbox 216 2181 485 2256; x_wconf 81' lang='grc' dir='ltr'>θειοτέρας</span> <span class='ocrx_word' id='word_1_178' title='bbox 544 2182 742 2244; x_wconf 67' lang='grc' dir='ltr'>ἑννοίας</span> <span class='ocrx_word' id='word_1_179' title='bbox 767 2182 1096 2238; x_wconf 71' lang='grc' dir='ltr'>ἀνανεύσειεο</span> <span class='ocrx_word' id='word_1_180' title='bbox 1145 2180 1225 2237; x_wconf 81' lang='grc' dir='ltr'><strong>διὸ</strong></span> <span class='ocrx_word' id='word_1_181' title='bbox 1286 2183 1372 2238; x_wconf 84' lang='grc' dir='ltr'><strong>καὶ</strong></span> <span class='ocrx_word' id='word_1_182' title='bbox 1415 2184 1609 2248; x_wconf 80' lang='grc' dir='ltr'>νοητὰς</span> <span class='ocrx_word' id='word_1_183' title='bbox 1669 2186 1869 2238; x_wconf 73' lang='grc' dir='ltr'>θεωνυ-</span> 
     </span>
    </p>
   </div>
   <div class='ocr_carea' id='block_1_25' title="bbox 217 2267 1869 2349">
    <p class='ocr_par' dir='ltr' id='par_1_25' title="bbox 217 2267 1869 2349">
     <span class='ocr_line' id='line_1_25' title="bbox 217 2267 1869 2349; baseline 0.001 -26"><span class='ocrx_word' id='word_1_184' title='bbox 217 2270 346 2343; x_wconf 77' lang='grc' dir='ltr'>μίας</span> <span class='ocrx_word' id='word_1_185' title='bbox 400 2267 589 2348; x_wconf 66' lang='grc' dir='ltr'>ἐφεξής</span> <span class='ocrx_word' id='word_1_186' title='bbox 620 2269 797 2333; x_wconf 80' lang='grc' dir='ltr'>καλῶς</span> <span class='ocrx_word' id='word_1_187' title='bbox 858 2273 1021 2335; x_wconf 71' lang='grc' dir='ltr'>αὐτὰς</span> <span class='ocrx_word' id='word_1_188' title='bbox 1054 2273 1455 2349; x_wconf 78' lang='grc' dir='ltr'>προσαγορεύει.</span> <span class='ocrx_word' id='word_1_189' title='bbox 1521 2270 1869 2346; x_wconf 78' lang='grc' dir='ltr'>Ἐξισταμὲνη</span> 
     </span>
    </p>
   </div>
   <div class='ocr_carea' id='block_1_26' title="bbox 215 2359 1872 2436">
    <p class='ocr_par' dir='ltr' id='par_1_26' title="bbox 215 2359 1872 2436">
     <span class='ocr_line' id='line_1_26' title="bbox 215 2359 1872 2436; baseline 0.001 -23"><span class='ocrx_word' id='word_1_190' title='bbox 215 2359 321 2436; x_wconf 77' lang='grc' dir='ltr'><strong>γὰρ</strong></span> <span class='ocrx_word' id='word_1_191' title='bbox 376 2359 411 2426; x_wconf 78' lang='grc' dir='ltr'>ἡ</span> <span class='ocrx_word' id='word_1_192' title='bbox 443 2362 599 2436; x_wconf 83' lang='grc' dir='ltr'>ψυχή</span> <span class='ocrx_word' id='word_1_193' title='bbox 654 2366 759 2415; x_wconf 84' lang='grc' dir='ltr'><strong>τῶν</strong></span> <span class='ocrx_word' id='word_1_194' title='bbox 790 2367 1111 2434; x_wconf 76' lang='grc' dir='ltr'>σωματικῶν</span> <span class='ocrx_word' id='word_1_195' title='bbox 1164 2361 1385 2417; x_wconf 79' lang='grc' dir='ltr'>ἆτιασῶν</span> <span class='ocrx_word' id='word_1_196' title='bbox 1445 2362 1738 2430; x_wconf 75' lang='grc' dir='ltr'>αἰσθήσεων</span> <span class='ocrx_word' id='word_1_197' title='bbox 1785 2360 1872 2415; x_wconf 85' lang='grc' dir='ltr'>καὶ</span> 
     </span>
    </p>
   </div>
   <div class='ocr_carea' id='block_1_27' title="bbox 1951 564 3596 649">
    <p class='ocr_par' dir='ltr' id='par_1_27' title="bbox 1951 564 3596 649">
     <span class='ocr_line' id='line_1_27' title="bbox 1951 564 3596 649; baseline 0 -18"><span class='ocrx_word' id='word_1_198' title='bbox 1951 570 2215 647; x_wconf 72' lang='lat' dir='ltr'><strong>cognita,</strong></span> <span class='ocrx_word' id='word_1_199' title='bbox 2244 584 2442 627; x_wconf 83' lang='lat' dir='ltr'><strong>sermo</strong></span> <span class='ocrx_word' id='word_1_200' title='bbox 2467 564 2624 627; x_wconf 91' lang='lat' dir='ltr'><strong>enim</strong></span> <span class='ocrx_word' id='word_1_201' title='bbox 2650 583 2767 625; x_wconf 93' lang='lat' dir='ltr'><strong>non</strong></span> <span class='ocrx_word' id='word_1_202' title='bbox 2793 564 2914 625; x_wconf 92' lang='lat' dir='ltr'><strong>vult</strong></span> <span class='ocrx_word' id='word_1_203' title='bbox 2938 567 3342 628; x_wconf 83' lang='lat' dir='ltr'><strong>condemnare</strong></span> <span class='ocrx_word' id='word_1_204' title='bbox 3363 587 3496 649; x_wconf 70' lang='lat' dir='ltr'><strong>quae</strong></span> <span class='ocrx_word' id='word_1_205' title='bbox 3518 570 3596 632; x_wconf 89' lang='lat' dir='ltr'><strong>ita</strong></span> 
     </span>
    </p>
   </div>
   <div class='ocr_carea' id='block_1_28' title="bbox 1957 653 3594 737">
    <p class='ocr_par' dir='ltr' id='par_1_28' title="bbox 1957 653 3594 737">
     <span class='ocr_line' id='line_1_28' title="bbox 1957 653 3594 737; baseline 0.004 -24"><span class='ocrx_word' id='word_1_206' title='bbox 1957 676 2064 735; x_wconf 84' lang='lat' dir='ltr'><strong>pro</strong></span> <span class='ocrx_word' id='word_1_207' title='bbox 2083 656 2356 719; x_wconf 83' lang='lat' dir='ltr'><strong>confesso</strong></span> <span class='ocrx_word' id='word_1_208' title='bbox 2374 653 2691 725; x_wconf 77' lang='lat' dir='ltr'><strong>habentur,</strong></span> <span class='ocrx_word' id='word_1_209' title='bbox 2715 654 2816 715; x_wconf 90' lang='lat' dir='ltr'><strong>sed</strong></span> <span class='ocrx_word' id='word_1_210' title='bbox 2847 656 3032 717; x_wconf 88' lang='lat' dir='ltr'><strong>Deum</strong></span> <span class='ocrx_word' id='word_1_211' title='bbox 3059 674 3191 716; x_wconf 91' lang='lat' dir='ltr'><strong>esse</strong></span> <span class='ocrx_word' id='word_1_212' title='bbox 3215 655 3594 737; x_wconf 89' lang='lat' dir='ltr'><strong>ininvestiga-</strong></span> 
     </span>
    </p>
   </div>
   <div class='ocr_carea' id='block_1_29' title="bbox 1954 742 3596 825">
    <p class='ocr_par' dir='ltr' id='par_1_29' title="bbox 1954 742 3596 825">
     <span class='ocr_line' id='line_1_29' title="bbox 1954 742 3596 825; baseline 0.001 -18"><span class='ocrx_word' id='word_1_213' title='bbox 1954 745 2138 808; x_wconf 81' lang='lat' dir='ltr'><strong>bilem</strong></span> <span class='ocrx_word' id='word_1_214' title='bbox 2167 745 2363 807; x_wconf 81' lang='lat' dir='ltr'><strong>docet.</strong></span> <span class='ocrx_word' id='word_1_215' title='bbox 2399 744 2549 805; x_wconf 90' lang='lat' dir='ltr'><strong>Illud</strong></span> <span class='ocrx_word' id='word_1_216' title='bbox 2573 742 2806 823; x_wconf 87' lang='lat' dir='ltr'><strong>itaque:</strong></span> <span class='ocrx_word' id='word_1_217' title='bbox 2838 744 3035 824; x_wconf 83' lang='lat' dir='ltr'><strong>Supra</strong></span> <span class='ocrx_word' id='word_1_218' title='bbox 3055 761 3237 825; x_wconf 82' lang='lat' dir='ltr'><strong>quam</strong></span> <span class='ocrx_word' id='word_1_219' title='bbox 3256 746 3493 807; x_wconf 76' lang='lat' dir='ltr'><strong>unitum</strong></span> <span class='ocrx_word' id='word_1_220' title='bbox 3515 748 3596 809; x_wconf 91' lang='lat' dir='ltr'><strong>ait</strong></span> 
     </span>
    </p>
   </div>
   <div class='ocr_carea' id='block_1_30' title="bbox 1956 833 3593 914">
    <p class='ocr_par' dir='ltr' id='par_1_30' title="bbox 1956 833 3593 914">
     <span class='ocr_line' id='line_1_30' title="bbox 1956 833 3593 914; baseline 0.001 -17"><span class='ocrx_word' id='word_1_221' title='bbox 1956 833 2277 914; x_wconf 82' lang='lat' dir='ltr'><strong>signiﬁcari</strong></span> <span class='ocrx_word' id='word_1_222' title='bbox 2309 852 2379 895; x_wconf 81' lang='lat' dir='ltr'><strong>ex</strong></span> <span class='ocrx_word' id='word_1_223' title='bbox 2412 833 2655 894; x_wconf 86' lang='lat' dir='ltr'><strong>nomine</strong></span> <span class='ocrx_word' id='word_1_224' title='bbox 2684 833 2823 894; x_wconf 71' lang='lat' dir='ltr'><strong>i557</strong></span> <span class='ocrx_word' id='word_1_225' title='bbox 2859 834 3125 914; x_wconf 83' lang='lat' dir='ltr'><strong>unitatis,</strong></span> <span class='ocrx_word' id='word_1_226' title='bbox 3161 834 3419 896; x_wconf 81' lang='lat' dir='ltr'><strong>divinam</strong></span> <span class='ocrx_word' id='word_1_227' title='bbox 3454 853 3593 898; x_wconf 90' lang='lat' dir='ltr'><strong>vero</strong></span> 
     </span>
    </p>
   </div>
   <div class='ocr_carea' id='block_1_31' title="bbox 1955 922 3596 998">
    <p class='ocr_par' dir='ltr' id='par_1_31' title="bbox 1955 922 3596 998">
     <span class='ocr_line' id='line_1_31' title="bbox 1955 922 3596 998; baseline 0.002 -14"><span class='ocrx_word' id='word_1_228' title='bbox 1955 923 2379 986; x_wconf 81' lang='lat' dir='ltr'><strong>fecunditatem</strong></span> <span class='ocrx_word' id='word_1_229' title='bbox 2429 940 2499 983; x_wconf 84' lang='lat' dir='ltr'><strong>ex</strong></span> <span class='ocrx_word' id='word_1_230' title='bbox 2546 922 2788 984; x_wconf 89' lang='lat' dir='ltr'><strong>nomine</strong></span> <span class='ocrx_word' id='word_1_231' title='bbox 2817 923 3137 998; x_wconf 83' lang='lat' dir='ltr'><strong>trinitatis;</strong></span> <span class='ocrx_word' id='word_1_232' title='bbox 3171 932 3235 985; x_wconf 91' lang='lat' dir='ltr'><strong>ut</strong></span> <span class='ocrx_word' id='word_1_233' title='bbox 3284 923 3446 986; x_wconf 88' lang='lat' dir='ltr'><strong>enim</strong></span> <span class='ocrx_word' id='word_1_234' title='bbox 3486 926 3596 988; x_wconf 89' lang='lat' dir='ltr'><strong>ad-</strong></span> 
     </span>
    </p>
   </div>
   <div class='ocr_carea' id='block_1_32' title="bbox 1954 1011 3592 1094">
    <p class='ocr_par' dir='ltr' id='par_1_32' title="bbox 1954 1011 3592 1094">
     <span class='ocr_line' id='line_1_32' title="bbox 1954 1011 3592 1094; baseline 0.001 -19"><span class='ocrx_word' id='word_1_235' title='bbox 1954 1014 2181 1075; x_wconf 82' lang='lat' dir='ltr'><strong>oranda</strong></span> <span class='ocrx_word' id='word_1_236' title='bbox 2211 1011 2599 1074; x_wconf 83' lang='lat' dir='ltr'><strong>inetl&#39;abilium</strong></span> <span class='ocrx_word' id='word_1_237' title='bbox 2634 1030 3027 1094; x_wconf 86' lang='lat' dir='ltr'><strong>personarum</strong></span> <span class='ocrx_word' id='word_1_238' title='bbox 3063 1012 3459 1077; x_wconf 83' lang='lat' dir='ltr'><strong>manifestatio</strong></span> <span class='ocrx_word' id='word_1_239' title='bbox 3491 1032 3592 1077; x_wconf 92' lang='lat' dir='ltr'><strong>re-</strong></span> 
     </span>
    </p>
   </div>
   <div class='ocr_carea' id='block_1_33' title="bbox 1954 1103 3599 1183">
    <p class='ocr_par' dir='ltr' id='par_1_33' title="bbox 1954 1103 3599 1183">
     <span class='ocr_line' id='line_1_33' title="bbox 1954 1103 3599 1183; baseline 0.001 -19"><span class='ocrx_word' id='word_1_240' title='bbox 1954 1110 2435 1183; x_wconf 67' lang='lat' dir='ltr'><strong>praesentaretur,</strong></span> <span class='ocrx_word' id='word_1_241' title='bbox 2471 1120 2757 1163; x_wconf 91' lang='lat' dir='ltr'><strong>numerus</strong></span> <span class='ocrx_word' id='word_1_242' title='bbox 2781 1103 3140 1181; x_wconf 86' lang='lat' dir='ltr'><strong>excogitatus</strong></span> <span class='ocrx_word' id='word_1_243' title='bbox 3160 1112 3270 1180; x_wconf 86' lang='lat' dir='ltr'><strong>est,</strong></span> <span class='ocrx_word' id='word_1_244' title='bbox 3298 1103 3454 1167; x_wconf 87' lang='lat' dir='ltr'><strong>sicut</strong></span> <span class='ocrx_word' id='word_1_245' title='bbox 3476 1104 3599 1168; x_wconf 85' lang='lat' dir='ltr'><strong>divi</strong></span> 
     </span>
    </p>
   </div>
   <div class='ocr_carea' id='block_1_34' title="bbox 1951 1190 3594 1271">
    <p class='ocr_par' dir='ltr' id='par_1_34' title="bbox 1951 1190 3594 1271">
     <span class='ocr_line' id='line_1_34' title="bbox 1951 1190 3594 1271; baseline 0.003 -18"><span class='ocrx_word' id='word_1_246' title='bbox 1951 1191 2205 1255; x_wconf 77' lang='lat' dir='ltr'><strong>Basilius</strong></span> <span class='ocrx_word' id='word_1_247' title='bbox 2229 1199 2287 1256; x_wconf 90' lang='lat' dir='ltr'><strong>et</strong></span> <span class='ocrx_word' id='word_1_248' title='bbox 2313 1190 2636 1271; x_wconf 82' lang='lat' dir='ltr'><strong>Gregorius</strong></span> <span class='ocrx_word' id='word_1_249' title='bbox 2667 1192 2852 1253; x_wconf 87' lang='lat' dir='ltr'><strong>aiunt.</strong></span> <span class='ocrx_word' id='word_1_250' title='bbox 2890 1191 3123 1255; x_wconf 81' lang='lat' dir='ltr'><strong>Patrem</strong></span> <span class='ocrx_word' id='word_1_251' title='bbox 3148 1208 3346 1256; x_wconf 86' lang='lat' dir='ltr'><strong>autem</strong></span> <span class='ocrx_word' id='word_1_252' title='bbox 3380 1194 3594 1258; x_wconf 90' lang='lat' dir='ltr'><strong>fecun-</strong></span> 
     </span>
    </p>
   </div>
   <div class='ocr_carea' id='block_1_35' title="bbox 1952 1281 3593 1363">
    <p class='ocr_par' dir='ltr' id='par_1_35' title="bbox 1952 1281 3593 1363">
     <span class='ocr_line' id='line_1_35' title="bbox 1952 1281 3593 1363; baseline 0.002 -20"><span class='ocrx_word' id='word_1_253' title='bbox 1952 1282 2091 1343; x_wconf 90' lang='lat' dir='ltr'><strong>dum</strong></span> <span class='ocrx_word' id='word_1_254' title='bbox 2118 1282 2450 1363; x_wconf 85' lang='lat' dir='ltr'><strong>appellavit,</strong></span> <span class='ocrx_word' id='word_1_255' title='bbox 2472 1292 2747 1361; x_wconf 88' lang='lat' dir='ltr'><strong>tanquam</strong></span> <span class='ocrx_word' id='word_1_256' title='bbox 2770 1281 3059 1343; x_wconf 88' lang='lat' dir='ltr'><strong>adorandi</strong></span> <span class='ocrx_word' id='word_1_257' title='bbox 3078 1282 3210 1343; x_wconf 84' lang='lat' dir='ltr'><strong>Filii</strong></span> <span class='ocrx_word' id='word_1_258' title='bbox 3236 1285 3593 1362; x_wconf 84' lang='lat' dir='ltr'><strong>genitorem,</strong></span> 
     </span>
    </p>
   </div>
   <div class='ocr_carea' id='block_1_36' title="bbox 1953 1370 3593 1457">
    <p class='ocr_par' dir='ltr' id='par_1_36' title="bbox 1953 1370 3593 1457">
     <span class='ocr_line' id='line_1_36' title="bbox 1953 1370 3593 1457; baseline 0.003 -25"><span class='ocrx_word' id='word_1_259' title='bbox 1953 1380 2014 1432; x_wconf 85' lang='lat' dir='ltr'><strong>et</strong></span> <span class='ocrx_word' id='word_1_260' title='bbox 2045 1372 2218 1433; x_wconf 86' lang='lat' dir='ltr'><strong>simul</strong></span> <span class='ocrx_word' id='word_1_261' title='bbox 2244 1390 2377 1432; x_wconf 91' lang='lat' dir='ltr'><strong>cum</strong></span> <span class='ocrx_word' id='word_1_262' title='bbox 2400 1377 2526 1452; x_wconf 91' lang='lat' dir='ltr'><strong>ipso</strong></span> <span class='ocrx_word' id='word_1_263' title='bbox 2542 1370 2830 1432; x_wconf 89' lang='lat' dir='ltr'><strong>adorandi</strong></span> <span class='ocrx_word' id='word_1_264' title='bbox 2863 1370 3115 1452; x_wconf 78' lang='lat' dir='ltr'><strong>Spiritus</strong></span> <span class='ocrx_word' id='word_1_265' title='bbox 3133 1372 3322 1435; x_wconf 88' lang='lat' dir='ltr'><strong>sancti</strong></span> <span class='ocrx_word' id='word_1_266' title='bbox 3346 1374 3593 1457; x_wconf 81' lang='lat' dir='ltr'><strong>fontem,</strong></span> 
     </span>
    </p>
   </div>
   <div class='ocr_carea' id='block_1_37' title="bbox 1955 1461 3599 1541">
    <p class='ocr_par' dir='ltr' id='par_1_37' title="bbox 1955 1461 3599 1541">
     <span class='ocr_line' id='line_1_37' title="bbox 1955 1461 3599 1541; baseline 0.003 -19"><span class='ocrx_word' id='word_1_267' title='bbox 1955 1479 2022 1522; x_wconf 91' lang='lat' dir='ltr'><strong>ac</strong></span> <span class='ocrx_word' id='word_1_268' title='bbox 2056 1461 2413 1541; x_wconf 87' lang='lat' dir='ltr'><strong>principium</strong></span> <span class='ocrx_word' id='word_1_269' title='bbox 2456 1468 2514 1521; x_wconf 93' lang='lat' dir='ltr'><strong>et</strong></span> <span class='ocrx_word' id='word_1_270' title='bbox 2542 1478 2803 1522; x_wconf 84' lang='lat' dir='ltr'><strong>causam.</strong></span> <span class='ocrx_word' id='word_1_271' title='bbox 2841 1461 3195 1523; x_wconf 87' lang='lat' dir='ltr'><strong>Fecunditas</strong></span> <span class='ocrx_word' id='word_1_272' title='bbox 3226 1471 3423 1525; x_wconf 87' lang='lat' dir='ltr'><strong>autem</strong></span> <span class='ocrx_word' id='word_1_273' title='bbox 3460 1465 3599 1526; x_wconf 91' lang='lat' dir='ltr'><strong>uni-</strong></span> 
     </span>
    </p>
   </div>
   <div class='ocr_carea' id='block_1_38' title="bbox 1958 1550 3601 1629">
    <p class='ocr_par' dir='ltr' id='par_1_38' title="bbox 1958 1550 3601 1629">
     <span class='ocr_line' id='line_1_38' title="bbox 1958 1550 3601 1629; baseline 0.004 -18"><span class='ocrx_word' id='word_1_274' title='bbox 1958 1560 2136 1623; x_wconf 87' lang='lat' dir='ltr'><strong>tasve,</strong></span> <span class='ocrx_word' id='word_1_275' title='bbox 2192 1558 2297 1613; x_wconf 90' lang='lat' dir='ltr'><strong>aut</strong></span> <span class='ocrx_word' id='word_1_276' title='bbox 2346 1550 2503 1612; x_wconf 86' lang='lat' dir='ltr'><strong>aliud</strong></span> <span class='ocrx_word' id='word_1_277' title='bbox 2553 1550 2797 1629; x_wconf 86' lang='lat' dir='ltr'><strong>aliquod</strong></span> <span class='ocrx_word' id='word_1_278' title='bbox 2851 1569 3089 1624; x_wconf 84' lang='lat' dir='ltr'><strong>nomen,</strong></span> <span class='ocrx_word' id='word_1_279' title='bbox 3126 1551 3470 1616; x_wconf 87' lang='lat' dir='ltr'><strong>hominibus</strong></span> <span class='ocrx_word' id='word_1_280' title='bbox 3498 1563 3601 1617; x_wconf 88' lang='lat' dir='ltr'><strong>aut</strong></span> 
     </span>
    </p>
   </div>
   <div class='ocr_carea' id='block_1_39' title="bbox 1957 1637 3593 1720">
    <p class='ocr_par' dir='ltr' id='par_1_39' title="bbox 1957 1637 3593 1720">
     <span class='ocr_line' id='line_1_39' title="bbox 1957 1637 3593 1720; baseline 0.002 -19"><span class='ocrx_word' id='word_1_281' title='bbox 1957 1643 2134 1701; x_wconf 83' lang='lat' dir='ltr'><strong>etiam</strong></span> <span class='ocrx_word' id='word_1_282' title='bbox 2199 1639 2466 1720; x_wconf 89' lang='lat' dir='ltr'><strong>ipsismet</strong></span> <span class='ocrx_word' id='word_1_283' title='bbox 2510 1637 2961 1701; x_wconf 89' lang='lat' dir='ltr'><strong>intellectilibus</strong></span> <span class='ocrx_word' id='word_1_284' title='bbox 3011 1640 3327 1703; x_wconf 80' lang='lat' dir='ltr'><strong>virtutibus</strong></span> <span class='ocrx_word' id='word_1_285' title='bbox 3362 1647 3593 1719; x_wconf 90' lang='lat' dir='ltr'><strong>notum,</strong></span> 
     </span>
    </p>
   </div>
   <div class='ocr_carea' id='block_1_40' title="bbox 1958 1727 3600 1812">
    <p class='ocr_par' dir='ltr' id='par_1_40' title="bbox 1958 1727 3600 1812">
     <span class='ocr_line' id='line_1_40' title="bbox 1958 1727 3600 1812; baseline 0.003 -23"><span class='ocrx_word' id='word_1_286' title='bbox 1958 1748 2079 1790; x_wconf 92' lang='lat' dir='ltr'><strong>non</strong></span> <span class='ocrx_word' id='word_1_287' title='bbox 2131 1736 2329 1809; x_wconf 87' lang='lat' dir='ltr'><strong>posset</strong></span> <span class='ocrx_word' id='word_1_288' title='bbox 2376 1728 2535 1790; x_wconf 82' lang='lat' dir='ltr'><strong>clare</strong></span> <span class='ocrx_word' id='word_1_289' title='bbox 2576 1729 2862 1789; x_wconf 82' lang='lat' dir='ltr'><strong>exhibere</strong></span> <span class='ocrx_word' id='word_1_290' title='bbox 2909 1728 3013 1789; x_wconf 91' lang='lat' dir='ltr'><strong>Dei</strong></span> <span class='ocrx_word' id='word_1_291' title='bbox 3044 1727 3392 1792; x_wconf 89' lang='lat' dir='ltr'><strong>abscondita</strong></span> <span class='ocrx_word' id='word_1_292' title='bbox 3426 1741 3600 1812; x_wconf 85' lang='lat' dir='ltr'><strong>prout</strong></span> 
     </span>
    </p>
   </div>
   <div class='ocr_carea' id='block_1_41' title="bbox 1901 1817 3596 1908">
    <p class='ocr_par' dir='ltr' id='par_1_41' title="bbox 1901 1817 3596 1908">
     <span class='ocr_line' id='line_1_41' title="bbox 1901 1817 3596 1908; baseline 0.002 -30"><span class='ocrx_word' id='word_1_293' title='bbox 1901 1859 1935 1908; x_wconf 72' lang='grc' dir='ltr'>Β</span> <span class='ocrx_word' id='word_1_294' title='bbox 1958 1825 2119 1881; x_wconf 90' lang='lat' dir='ltr'><strong>sunt.</strong></span> <span class='ocrx_word' id='word_1_295' title='bbox 2150 1818 2459 1891; x_wconf 79' lang='lat' dir='ltr'><strong>Quomodo</strong></span> <span class='ocrx_word' id='word_1_296' title='bbox 2513 1818 2669 1878; x_wconf 91' lang='lat' dir='ltr'><strong>enim</strong></span> <span class='ocrx_word' id='word_1_297' title='bbox 2725 1819 2900 1899; x_wconf 86' lang='lat' dir='ltr'><strong>Deus,</strong></span> <span class='ocrx_word' id='word_1_298' title='bbox 2936 1818 3039 1898; x_wconf 87' lang='lat' dir='ltr'><strong>qui</strong></span> <span class='ocrx_word' id='word_1_299' title='bbox 3072 1817 3219 1879; x_wconf 88' lang='lat' dir='ltr'><strong>nihil</strong></span> <span class='ocrx_word' id='word_1_300' title='bbox 3251 1837 3451 1882; x_wconf 90' lang='lat' dir='ltr'><strong>rerum</strong></span> <span class='ocrx_word' id='word_1_301' title='bbox 3484 1829 3596 1904; x_wconf 90' lang='lat' dir='ltr'><strong>est,</strong></span> 
     </span>
    </p>
   </div>
   <div class='ocr_carea' id='block_1_42' title="bbox 1958 1908 3599 1991">
    <p class='ocr_par' dir='ltr' id='par_1_42' title="bbox 1958 1908 3599 1991">
     <span class='ocr_line' id='line_1_42' title="bbox 1958 1908 3599 1991; baseline 0.002 -22"><span class='ocrx_word' id='word_1_302' title='bbox 1958 1908 2062 1970; x_wconf 85' lang='lat' dir='ltr'><strong>sed</strong></span> <span class='ocrx_word' id='word_1_303' title='bbox 2099 1926 2279 1987; x_wconf 87' lang='lat' dir='ltr'><strong>supra</strong></span> <span class='ocrx_word' id='word_1_304' title='bbox 2298 1926 2394 1968; x_wconf 91' lang='lat' dir='ltr'><strong>res</strong></span> <span class='ocrx_word' id='word_1_305' title='bbox 2424 1926 2656 1987; x_wconf 89' lang='lat' dir='ltr'><strong>omnes,</strong></span> <span class='ocrx_word' id='word_1_306' title='bbox 2674 1925 2743 1968; x_wconf 86' lang='lat' dir='ltr'><strong>ex</strong></span> <span class='ocrx_word' id='word_1_307' title='bbox 2765 1926 2830 1967; x_wconf 90' lang='lat' dir='ltr'><strong>re</strong></span> <span class='ocrx_word' id='word_1_308' title='bbox 2853 1908 3051 1987; x_wconf 87' lang='lat' dir='ltr'><strong>aliqua</strong></span> <span class='ocrx_word' id='word_1_309' title='bbox 3077 1927 3294 1970; x_wconf 90' lang='lat' dir='ltr'><strong>nomen</strong></span> <span class='ocrx_word' id='word_1_310' title='bbox 3317 1909 3599 1991; x_wconf 89' lang='lat' dir='ltr'><strong>accipere</strong></span> 
     </span>
    </p>
   </div>
   <div class='ocr_carea' id='block_1_43' title="bbox 1959 1995 3595 2078">
    <p class='ocr_par' dir='ltr' id='par_1_43' title="bbox 1959 1995 3595 2078">
     <span class='ocr_line' id='line_1_43' title="bbox 1959 1995 3595 2078; baseline 0.002 -21"><span class='ocrx_word' id='word_1_311' title='bbox 1959 1998 2173 2077; x_wconf 87' lang='lat' dir='ltr'><strong>possit?</strong></span> <span class='ocrx_word' id='word_1_312' title='bbox 2192 1995 2257 2057; x_wconf 86' lang='lat' dir='ltr'><strong>Et</strong></span> <span class='ocrx_word' id='word_1_313' title='bbox 2281 1996 2420 2077; x_wconf 88' lang='lat' dir='ltr'><strong>quid</strong></span> <span class='ocrx_word' id='word_1_314' title='bbox 2444 1996 2579 2057; x_wconf 87' lang='lat' dir='ltr'><strong>dico</strong></span> <span class='ocrx_word' id='word_1_315' title='bbox 2603 1995 2677 2056; x_wconf 88' lang='lat' dir='ltr'><strong>de</strong></span> <span class='ocrx_word' id='word_1_316' title='bbox 2700 1995 2829 2057; x_wconf 84' lang='lat' dir='ltr'><strong>aliis</strong></span> <span class='ocrx_word' id='word_1_317' title='bbox 2855 1996 3221 2078; x_wconf 82' lang='lat' dir='ltr'><strong>nominibus,</strong></span> <span class='ocrx_word' id='word_1_318' title='bbox 3252 2017 3386 2059; x_wconf 91' lang='lat' dir='ltr'><strong>cum</strong></span> <span class='ocrx_word' id='word_1_319' title='bbox 3418 1999 3595 2061; x_wconf 87' lang='lat' dir='ltr'><strong>etiam</strong></span> 
     </span>
    </p>
   </div>
   <div class='ocr_carea' id='block_1_44' title="bbox 1957 2086 3597 2167">
    <p class='ocr_par' dir='ltr' id='par_1_44' title="bbox 1957 2086 3597 2167">
     <span class='ocr_line' id='line_1_44' title="bbox 1957 2086 3597 2167; baseline 0.003 -20"><span class='ocrx_word' id='word_1_320' title='bbox 1957 2088 2148 2167; x_wconf 89' lang='lat' dir='ltr'><strong>ipsum</strong></span> <span class='ocrx_word' id='word_1_321' title='bbox 2162 2096 2276 2147; x_wconf 88' lang='lat' dir='ltr'><strong>met</strong></span> <span class='ocrx_word' id='word_1_322' title='bbox 2307 2086 2787 2164; x_wconf 84' lang='lat' dir='ltr'><strong>augustissimum</strong></span> <span class='ocrx_word' id='word_1_323' title='bbox 2817 2106 3031 2148; x_wconf 91' lang='lat' dir='ltr'><strong>nomen</strong></span> <span class='ocrx_word' id='word_1_324' title='bbox 3065 2086 3344 2150; x_wconf 87' lang='lat' dir='ltr'><strong>bonitatis</strong></span> <span class='ocrx_word' id='word_1_325' title='bbox 3373 2108 3490 2152; x_wconf 90' lang='lat' dir='ltr'><strong>non</strong></span> <span class='ocrx_word' id='word_1_326' title='bbox 3520 2089 3597 2152; x_wconf 87' lang='lat' dir='ltr'><strong>sit</strong></span> 
     </span>
    </p>
   </div>
   <div class='ocr_carea' id='block_1_45' title="bbox 1959 2175 3595 2258">
    <p class='ocr_par' dir='ltr' id='par_1_45' title="bbox 1959 2175 3595 2258">
     <span class='ocr_line' id='line_1_45' title="bbox 1959 2175 3595 2258; baseline 0.002 -21"><span class='ocrx_word' id='word_1_327' title='bbox 1959 2176 2196 2256; x_wconf 85' lang='lat' dir='ltr'><strong>proprie</strong></span> <span class='ocrx_word' id='word_1_328' title='bbox 2218 2176 2338 2237; x_wconf 91' lang='lat' dir='ltr'><strong>Deo</strong></span> <span class='ocrx_word' id='word_1_329' title='bbox 2374 2176 2676 2255; x_wconf 68' lang='lat' dir='ltr'><strong>premium</strong></span> <span class='ocrx_word' id='word_1_330' title='bbox 2700 2182 2727 2238; x_wconf 84' lang='lat'><strong><em>?</em></strong></span> <span class='ocrx_word' id='word_1_331' title='bbox 2756 2175 3038 2256; x_wconf 85' lang='lat' dir='ltr'><strong>Theologi</strong></span> <span class='ocrx_word' id='word_1_332' title='bbox 3067 2178 3251 2258; x_wconf 88' lang='lat' dir='ltr'><strong>enim,</strong></span> <span class='ocrx_word' id='word_1_333' title='bbox 3281 2185 3343 2239; x_wconf 91' lang='lat' dir='ltr'><strong>ut</strong></span> <span class='ocrx_word' id='word_1_334' title='bbox 3369 2178 3595 2257; x_wconf 86' lang='lat' dir='ltr'><strong>aliquid</strong></span> 
     </span>
    </p>
   </div>
   <div class='ocr_carea' id='block_1_46' title="bbox 1953 2264 3600 2347">
    <p class='ocr_par' dir='ltr' id='par_1_46' title="bbox 1953 2264 3600 2347">
     <span class='ocr_line' id='line_1_46' title="bbox 1953 2264 3600 2347; baseline 0.002 -21"><span class='ocrx_word' id='word_1_335' title='bbox 1953 2264 2198 2326; x_wconf 91' lang='lat' dir='ltr'><strong>omnino</strong></span> <span class='ocrx_word' id='word_1_336' title='bbox 2221 2265 2621 2344; x_wconf 47' lang='lat' dir='ltr'><strong>intelligerent</strong></span> <span class='ocrx_word' id='word_1_337' title='bbox 2638 2273 2698 2326; x_wconf 90' lang='lat' dir='ltr'><strong>et</strong></span> <span class='ocrx_word' id='word_1_338' title='bbox 2721 2264 2795 2326; x_wconf 90' lang='lat' dir='ltr'><strong>de</strong></span> <span class='ocrx_word' id='word_1_339' title='bbox 2818 2264 3256 2347; x_wconf 85' lang='lat' dir='ltr'><strong>Deo‘dicerent,</strong></span> <span class='ocrx_word' id='word_1_340' title='bbox 3287 2267 3475 2347; x_wconf 86' lang='lat' dir='ltr'><strong>ipsius</strong></span> <span class='ocrx_word' id='word_1_341' title='bbox 3496 2270 3600 2330; x_wconf 78' lang='lat' dir='ltr'><strong>de-</strong></span> 
     </span>
    </p>
   </div>
   <div class='ocr_carea' id='block_1_47' title="bbox 1954 2354 3597 2439">
    <p class='ocr_par' dir='ltr' id='par_1_47' title="bbox 1954 2354 3597 2439">
     <span class='ocr_line' id='line_1_47' title="bbox 1954 2354 3597 2439; baseline 0.004 -24"><span class='ocrx_word' id='word_1_342' title='bbox 1954 2354 2176 2416; x_wconf 87' lang='lat' dir='ltr'><strong>siderio</strong></span> <span class='ocrx_word' id='word_1_343' title='bbox 2196 2356 2710 2435; x_wconf 89' lang='lat' dir='ltr'><strong>correpti,nomen</strong></span> <span class='ocrx_word' id='word_1_344' title='bbox 2726 2354 3006 2417; x_wconf 87' lang='lat' dir='ltr'><strong>bonitatis</strong></span> <span class='ocrx_word' id='word_1_345' title='bbox 3026 2358 3144 2418; x_wconf 89' lang='lat' dir='ltr'><strong>Deo</strong></span> <span class='ocrx_word' id='word_1_346' title='bbox 3158 2358 3597 2439; x_wconf 88' lang='lat' dir='ltr'><strong>imposuerunt,</strong></span> 
     </span>
    </p>
   </div>
   <div class='ocr_carea' id='block_1_48' title="bbox 216 2441 1867 2529">
    <p class='ocr_par' dir='ltr' id='par_1_48' title="bbox 216 2447 1867 2529">
     <span class='ocr_line' id='line_1_48' title="bbox 216 2447 1867 2529; baseline -0.001 -25"><span class='ocrx_word' id='word_1_347' title='bbox 216 2448 519 2527; x_wconf 79' lang='grc' dir='ltr'>κοσμικῶν,</span> <span class='ocrx_word' id='word_1_348' title='bbox 556 2448 771 2527; x_wconf 82' lang='grc' dir='ltr'>(ταύτας</span> <span class='ocrx_word' id='word_1_349' title='bbox 829 2450 931 2527; x_wconf 80' lang='grc' dir='ltr'>γὰρ</span> <span class='ocrx_word' id='word_1_350' title='bbox 961 2450 1258 2529; x_wconf 71' lang='grc' dir='ltr'>συμφύλους</span> <span class='ocrx_word' id='word_1_351' title='bbox 1317 2448 1526 2529; x_wconf 72' lang='grc' dir='ltr'><strong>φησιν’)</strong></span> <span class='ocrx_word' id='word_1_352' title='bbox 1562 2447 1699 2506; x_wconf 71' lang='grc' dir='ltr'>οὕτω</span> <span class='ocrx_word' id='word_1_353' title='bbox 1748 2470 1867 2505; x_wconf 85' lang='grc' dir='ltr'>συν-</span> 
     </span>
    </p>
   </div>
   <div class='ocr_carea' id='block_1_49' title="bbox 1953 2441 3599 2529">
    <p class='ocr_par' dir='ltr' id='par_1_49' title="bbox 1954 2441 3599 2525">
     <span class='ocr_line' id='line_1_49' title="bbox 1954 2441 3599 2525; baseline 0.004 -21"><span class='ocrx_word' id='word_1_354' title='bbox 1954 2446 2224 2524; x_wconf 80' lang='lat' dir='ltr'><strong>quamvis</strong></span> <span class='ocrx_word' id='word_1_355' title='bbox 2257 2443 2496 2525; x_wconf 90' lang='lat' dir='ltr'><strong>proprie</strong></span> <span class='ocrx_word' id='word_1_356' title='bbox 2525 2441 2682 2507; x_wconf 88' lang='lat' dir='ltr'><strong>Deus</strong></span> <span class='ocrx_word' id='word_1_357' title='bbox 2708 2443 2786 2505; x_wconf 89' lang='lat' dir='ltr'><strong>sit</strong></span> <span class='ocrx_word' id='word_1_358' title='bbox 2814 2463 2996 2524; x_wconf 86' lang='lat' dir='ltr'><strong>supra</strong></span> <span class='ocrx_word' id='word_1_359' title='bbox 3020 2444 3366 2519; x_wconf 87' lang='lat' dir='ltr'><strong>bonitatem,</strong></span> <span class='ocrx_word' id='word_1_360' title='bbox 3400 2460 3461 2509; x_wconf 88' lang='lat' dir='ltr'><strong>et</strong></span> <span class='ocrx_word' id='word_1_361' title='bbox 3491 2465 3599 2509; x_wconf 85' lang='lat' dir='ltr'><strong>su-</strong></span> 
     </span>
    </p>
   </div>
   <div class='ocr_carea' id='block_1_50' title="bbox 218 2534 1867 2617">
    <p class='ocr_par' dir='ltr' id='par_1_50' title="bbox 218 2536 1867 2617">
     <span class='ocr_line' id='line_1_50' title="bbox 218 2536 1867 2617; baseline 0.001 -24"><span class='ocrx_word' id='word_1_362' title='bbox 218 2538 455 2593; x_wconf 81' lang='grc' dir='ltr'>ἁπτεται</span> <span class='ocrx_word' id='word_1_363' title='bbox 508 2543 584 2611; x_wconf 84' lang='grc' dir='ltr'>τῷ</span> <span class='ocrx_word' id='word_1_364' title='bbox 630 2537 911 2616; x_wconf 73' lang='grc' dir='ltr'>ἀκραιφνεῖ</span> <span class='ocrx_word' id='word_1_365' title='bbox 967 2545 1065 2605; x_wconf 79' lang='grc' dir='ltr'>τῆς</span> <span class='ocrx_word' id='word_1_366' title='bbox 1122 2540 1370 2617; x_wconf 74' lang='grc' dir='ltr'>γνώσεως</span> <span class='ocrx_word' id='word_1_367' title='bbox 1419 2546 1513 2596; x_wconf 79' lang='grc' dir='ltr'>τοὺ</span> <span class='ocrx_word' id='word_1_368' title='bbox 1557 2541 1709 2613; x_wconf 69' lang='grc' dir='ltr'>Θεοῦ,</span> <span class='ocrx_word' id='word_1_369' title='bbox 1755 2536 1867 2595; x_wconf 65' lang='grc' dir='ltr'>καθ’</span> 
     </span>
    </p>
   </div>
   <div class='ocr_carea' id='block_1_51' title="bbox 1953 2534 3600 2617">
    <p class='ocr_par' dir='ltr' id='par_1_51' title="bbox 1959 2534 3600 2614">
     <span class='ocr_line' id='line_1_51' title="bbox 1959 2534 3600 2614; baseline 0.003 -20"><span class='ocrx_word' id='word_1_370' title='bbox 1959 2550 2064 2613; x_wconf 90' lang='lat' dir='ltr'><strong>pra</strong></span> <span class='ocrx_word' id='word_1_371' title='bbox 2111 2534 2455 2595; x_wconf 85' lang='lat' dir='ltr'><strong>essentiam.</strong></span> <span class='ocrx_word' id='word_1_372' title='bbox 2503 2534 2828 2614; x_wconf 69' lang='grc' dir='ltr'><strong>Ἀποφέσεις</strong></span> <span class='ocrx_word' id='word_1_373' title='bbox 2878 2550 3039 2603; x_wconf 88' lang='lat' dir='ltr'><strong>vero.</strong></span> <span class='ocrx_word' id='word_1_374' title='bbox 3093 2534 3217 2597; x_wconf 88' lang='lat' dir='ltr'><strong>sive</strong></span> <span class='ocrx_word' id='word_1_375' title='bbox 3250 2535 3600 2614; x_wconf 85' lang='lat' dir='ltr'><strong>negationes</strong></span> 
     </span>
    </p>
   </div>
   <div class='ocr_carea' id='block_1_52' title="bbox 220 2621 1867 2708">
    <p class='ocr_par' dir='ltr' id='par_1_52' title="bbox 220 2624 1867 2708">
     <span class='ocr_line' id='line_1_52' title="bbox 220 2624 1867 2708; baseline 0.001 -26"><span class='ocrx_word' id='word_1_376' title='bbox 220 2628 349 2682; x_wconf 84' lang='grc' dir='ltr'><strong>ὅσον</strong></span> <span class='ocrx_word' id='word_1_377' title='bbox 395 2624 610 2683; x_wconf 83' lang='grc' dir='ltr'>δυνατόν</span> <span class='ocrx_word' id='word_1_378' title='bbox 639 2630 782 2683; x_wconf 69' lang='grc' dir='ltr'>ἔστιν</span> <span class='ocrx_word' id='word_1_379' title='bbox 811 2628 1108 2708; x_wconf 75' lang='grc' dir='ltr'>ἀνθρωπίνῃ</span> <span class='ocrx_word' id='word_1_380' title='bbox 1166 2629 1341 2708; x_wconf 77' lang='grc' dir='ltr'>φύσει,</span> <span class='ocrx_word' id='word_1_381' title='bbox 1373 2631 1448 2693; x_wconf 87' lang='grc' dir='ltr'><strong>ὡς</strong></span> <span class='ocrx_word' id='word_1_382' title='bbox 1500 2629 1587 2685; x_wconf 78' lang='grc' dir='ltr'><strong>καὶ</strong></span> <span class='ocrx_word' id='word_1_383' title='bbox 1617 2628 1665 2684; x_wconf 79' lang='lat'>6’</span> <span class='ocrx_word' id='word_1_384' title='bbox 1732 2629 1867 2684; x_wconf 82' lang='grc' dir='ltr'><strong>Λπό-</strong></span> 
     </span>
    </p>
   </div>
   <div class='ocr_carea' id='block_1_53' title="bbox 1953 2621 3601 2708">
    <p class='ocr_par' dir='ltr' id='par_1_53' title="bbox 1957 2621 3601 2705">
     <span class='ocr_line' id='line_1_53' title="bbox 1957 2621 3601 2705; baseline 0.002 -20"><span class='ocrx_word' id='word_1_385' title='bbox 1957 2632 2020 2685; x_wconf 88' lang='lat' dir='ltr'><strong>et</strong></span> <span class='ocrx_word' id='word_1_386' title='bbox 2051 2622 2432 2703; x_wconf 85' lang='lat' dir='ltr'><strong>privationes,</strong></span> <span class='ocrx_word' id='word_1_387' title='bbox 2464 2621 2526 2683; x_wconf 92' lang='lat' dir='ltr'><strong>in</strong></span> <span class='ocrx_word' id='word_1_388' title='bbox 2557 2622 2680 2684; x_wconf 90' lang='lat' dir='ltr'><strong>Deo</strong></span> <span class='ocrx_word' id='word_1_389' title='bbox 2712 2641 2829 2684; x_wconf 89' lang='lat' dir='ltr'><strong>non</strong></span> <span class='ocrx_word' id='word_1_390' title='bbox 2856 2623 3212 2704; x_wconf 88' lang='lat' dir='ltr'><strong>simpliciter</strong></span> <span class='ocrx_word' id='word_1_391' title='bbox 3240 2642 3272 2686; x_wconf 89' lang='lat' dir='ltr'><strong>a</strong></span> <span class='ocrx_word' id='word_1_392' title='bbox 3306 2624 3601 2705; x_wconf 75' lang='lat' dir='ltr'><strong>theologis</strong></span> 
     </span>
    </p>
   </div>
   <div class='ocr_carea' id='block_1_54' title="bbox 220 2711 1867 2796">
    <p class='ocr_par' dir='ltr' id='par_1_54' title="bbox 220 2715 1867 2796">
     <span class='ocr_line' id='line_1_54' title="bbox 220 2715 1867 2796; baseline -0.001 -23"><span class='ocrx_word' id='word_1_393' title='bbox 220 2715 419 2779; x_wconf 85' lang='grc' dir='ltr'>στολος</span> <span class='ocrx_word' id='word_1_394' title='bbox 492 2718 798 2793; x_wconf 78' lang='grc' dir='ltr'>αἰνίττεται,</span> <span class='ocrx_word' id='word_1_395' title='bbox 858 2717 1052 2796; x_wconf 84' lang='grc' dir='ltr'><strong>λέγων’</strong></span> <span class='ocrx_word' id='word_1_396' title='bbox 1124 2720 1231 2779; x_wconf 82' lang='grc' dir='ltr'><strong>Καὶ</strong></span> <span class='ocrx_word' id='word_1_397' title='bbox 1287 2717 1426 2775; x_wconf 67' lang='grc' dir='ltr'>οὕτω</span> <span class='ocrx_word' id='word_1_398' title='bbox 1497 2717 1724 2776; x_wconf 74' lang='grc' dir='ltr'>πάντοτε</span> <span class='ocrx_word' id='word_1_399' title='bbox 1783 2717 1867 2773; x_wconf 80' lang='grc' dir='ltr'><strong>σὺν</strong></span> 
     </span>
    </p>
   </div>
   <div class='ocr_carea' id='block_1_55' title="bbox 1953 2711 3597 2796">
    <p class='ocr_par' dir='ltr' id='par_1_55' title="bbox 1956 2711 3597 2794">
     <span class='ocr_line' id='line_1_55' title="bbox 1956 2711 3597 2794; baseline 0.002 -21"><span class='ocrx_word' id='word_1_400' title='bbox 1956 2712 2277 2790; x_wconf 85' lang='lat' dir='ltr'><strong>dicuntur;</strong></span> <span class='ocrx_word' id='word_1_401' title='bbox 2312 2729 2431 2773; x_wconf 92' lang='lat' dir='ltr'><strong>non</strong></span> <span class='ocrx_word' id='word_1_402' title='bbox 2464 2712 2623 2773; x_wconf 86' lang='lat' dir='ltr'><strong>enim</strong></span> <span class='ocrx_word' id='word_1_403' title='bbox 2654 2712 2806 2774; x_wconf 85' lang='lat' dir='ltr'><strong>sicut</strong></span> <span class='ocrx_word' id='word_1_404' title='bbox 2834 2711 3115 2775; x_wconf 88' lang='lat' dir='ltr'><strong>dicuntur</strong></span> <span class='ocrx_word' id='word_1_405' title='bbox 3144 2714 3224 2776; x_wconf 88' lang='lat' dir='ltr'><strong>ita</strong></span> <span class='ocrx_word' id='word_1_406' title='bbox 3250 2714 3597 2794; x_wconf 83' lang='lat' dir='ltr'><strong>intelligun-</strong></span> 
     </span>
    </p>
   </div>
   <div class='ocr_carea' id='block_1_56' title="bbox 221 2800 1867 2884">
    <p class='ocr_par' dir='ltr' id='par_1_56' title="bbox 221 2804 1867 2884">
     <span class='ocr_line' id='line_1_56' title="bbox 221 2804 1867 2884; baseline -0.002 -21"><span class='ocrx_word' id='word_1_407' title='bbox 221 2804 403 2883; x_wconf 76' lang='grc' dir='ltr'>Κυρίῳ</span> <span class='ocrx_word' id='word_1_408' title='bbox 469 2804 715 2879; x_wconf 76' lang='grc' dir='ltr'>ἐσόμεθα’</span> <span class='ocrx_word' id='word_1_409' title='bbox 779 2806 866 2862; x_wconf 79' lang='grc' dir='ltr'><strong>καὶ</strong></span> <span class='ocrx_word' id='word_1_410' title='bbox 941 2805 1094 2863; x_wconf 81' lang='grc' dir='ltr'>πέλιν</span> <span class='ocrx_word' id='word_1_411' title='bbox 1153 2816 1255 2866; x_wconf 86' lang='grc' dir='ltr'><strong>Νῦν</strong></span> <span class='ocrx_word' id='word_1_412' title='bbox 1322 2809 1398 2870; x_wconf 82' lang='grc' dir='ltr'>ὡς</span> <span class='ocrx_word' id='word_1_413' title='bbox 1464 2806 1519 2863; x_wconf 77' lang='grc' dir='ltr'><strong>ἐν</strong></span> <span class='ocrx_word' id='word_1_414' title='bbox 1604 2807 1867 2884; x_wconf 74' lang='grc' dir='ltr'>αἰνίγματι</span> 
     </span>
    </p>
   </div>
   <div class='ocr_carea' id='block_1_57' title="bbox 1953 2800 3597 2884">
    <p class='ocr_par' dir='ltr' id='par_1_57' title="bbox 1958 2800 3597 2878">
     <span class='ocr_line' id='line_1_57' title="bbox 1958 2800 3597 2878; baseline 0.002 -15"><span class='ocrx_word' id='word_1_415' title='bbox 1958 2809 2072 2878; x_wconf 88' lang='lat' dir='ltr'><strong>tur,</strong></span> <span class='ocrx_word' id='word_1_416' title='bbox 2088 2802 2193 2863; x_wconf 90' lang='lat' dir='ltr'><strong>sed</strong></span> <span class='ocrx_word' id='word_1_417' title='bbox 2220 2800 2395 2863; x_wconf 90' lang='lat' dir='ltr'><strong>modo</strong></span> <span class='ocrx_word' id='word_1_418' title='bbox 2420 2800 2922 2864; x_wconf 87' lang='lat' dir='ltr'><strong>transcendentali</strong></span> <span class='ocrx_word' id='word_1_419' title='bbox 2944 2802 3423 2867; x_wconf 86' lang='lat' dir='ltr'><strong>considerantur.</strong></span> <span class='ocrx_word' id='word_1_420' title='bbox 3446 2806 3597 2870; x_wconf 84' lang='lat' dir='ltr'><strong>Nam</strong></span> 
     </span>
    </p>
   </div>
   <div class='ocr_carea' id='block_1_58' title="bbox 221 2890 1867 2975">
    <p class='ocr_par' dir='ltr' id='par_1_58' title="bbox 221 2893 1867 2975">
     <span class='ocr_line' id='line_1_58' title="bbox 221 2893 1867 2975; baseline -0.001 -24"><span class='ocrx_word' id='word_1_421' title='bbox 221 2896 316 2951; x_wconf 80' lang='grc' dir='ltr'><strong>καὶ</strong></span> <span class='ocrx_word' id='word_1_422' title='bbox 374 2894 430 2949; x_wconf 79' lang='grc' dir='ltr'><strong>ἐν</strong></span> <span class='ocrx_word' id='word_1_423' title='bbox 487 2893 726 2972; x_wconf 76' lang='grc' dir='ltr'><strong>ἐσόπτρῳ</strong></span> <span class='ocrx_word' id='word_1_424' title='bbox 795 2897 1025 2974; x_wconf 84' lang='grc' dir='ltr'>ὁρῶμεν,</span> <span class='ocrx_word' id='word_1_425' title='bbox 1079 2896 1201 2952; x_wconf 83' lang='grc' dir='ltr'>τότε</span> <span class='ocrx_word' id='word_1_426' title='bbox 1258 2893 1312 2950; x_wconf 79' lang='grc' dir='ltr'><strong>δὲ</strong></span> <span class='ocrx_word' id='word_1_427' title='bbox 1371 2897 1655 2975; x_wconf 82' lang='grc' dir='ltr'><strong>πρόσωπον</strong></span> <span class='ocrx_word' id='word_1_428' title='bbox 1742 2897 1867 2973; x_wconf 83' lang='grc' dir='ltr'>πρὸς</span> 
     </span>
    </p>
   </div>
   <div class='ocr_carea' id='block_1_59' title="bbox 1953 2890 3592 2975">
    <p class='ocr_par' dir='ltr' id='par_1_59' title="bbox 1960 2890 3592 2974">
     <span class='ocr_line' id='line_1_59' title="bbox 1960 2890 3592 2974; baseline 0.003 -22"><span class='ocrx_word' id='word_1_429' title='bbox 1960 2891 2038 2952; x_wconf 88' lang='lat' dir='ltr'><strong>im</strong></span> <span class='ocrx_word' id='word_1_430' title='bbox 2051 2890 2405 2965; x_wconf 88' lang='lat' dir='ltr'><strong>mortalis,et</strong></span> <span class='ocrx_word' id='word_1_431' title='bbox 2430 2890 2772 2960; x_wconf 89' lang='lat' dir='ltr'><strong>invisibilis,</strong></span> <span class='ocrx_word' id='word_1_432' title='bbox 2799 2898 2857 2952; x_wconf 85' lang='lat' dir='ltr'><strong>et</strong></span> <span class='ocrx_word' id='word_1_433' title='bbox 2879 2891 3102 2954; x_wconf 89' lang='lat' dir='ltr'><strong>nullius</strong></span> <span class='ocrx_word' id='word_1_434' title='bbox 3129 2893 3392 2974; x_wconf 86' lang='lat' dir='ltr'><strong>indigus,</strong></span> <span class='ocrx_word' id='word_1_435' title='bbox 3422 2902 3482 2955; x_wconf 91' lang='lat' dir='ltr'><strong>et</strong></span> <span class='ocrx_word' id='word_1_436' title='bbox 3503 2894 3592 2957; x_wconf 88' lang='lat' dir='ltr'><strong>si-</strong></span> 
     </span>
    </p>
   </div>
   <div class='ocr_carea' id='block_1_60' title="bbox 223 2980 1867 3062">
    <p class='ocr_par' dir='ltr' id='par_1_60' title="bbox 223 2984 808 3061">
     <span class='ocr_line' id='line_1_60' title="bbox 223 2984 808 3061; baseline 0 -22"><span class='ocrx_word' id='word_1_437' title='bbox 223 2984 518 3061; x_wconf 82' lang='grc' dir='ltr'><strong>πρόσωπον</strong></span> <span class='ocrx_word' id='word_1_438' title='bbox 550 2984 808 3058; x_wconf 78' lang='grc' dir='ltr'>ὀψόμεθα,</span> 
     </span>
    </p>
   </div>
   <div class='ocr_carea' id='block_1_61' title="bbox 1953 2980 3601 3062">
    <p class='ocr_par' dir='ltr' id='par_1_61' title="bbox 1955 2980 3601 3062">
     <span class='ocr_line' id='line_1_61' title="bbox 1955 2980 3601 3062; baseline 0.003 -21"><span class='ocrx_word' id='word_1_439' title='bbox 1955 2980 2137 3062; x_wconf 89' lang='lat' dir='ltr'><strong>milia,</strong></span> <span class='ocrx_word' id='word_1_440' title='bbox 2161 2999 2357 3061; x_wconf 91' lang='lat' dir='ltr'><strong>nemo,</strong></span> <span class='ocrx_word' id='word_1_441' title='bbox 2388 2981 2488 3061; x_wconf 91' lang='lat' dir='ltr'><strong>qui</strong></span> <span class='ocrx_word' id='word_1_442' title='bbox 2520 2999 2765 3061; x_wconf 87' lang='lat' dir='ltr'><strong>compos</strong></span> <span class='ocrx_word' id='word_1_443' title='bbox 2797 2982 2871 3042; x_wconf 88' lang='lat' dir='ltr'><strong>sit</strong></span> <span class='ocrx_word' id='word_1_444' title='bbox 2901 2982 3229 3062; x_wconf 67' lang='lat' dir='ltr'><strong>sapientiae,</strong></span> <span class='ocrx_word' id='word_1_445' title='bbox 3265 2983 3439 3046; x_wconf 90' lang='lat' dir='ltr'><strong>modo</strong></span> <span class='ocrx_word' id='word_1_446' title='bbox 3475 2984 3601 3045; x_wconf 86' lang='lat' dir='ltr'><strong>vul-</strong></span> 
     </span>
    </p>
   </div>
   <div class='ocr_carea' id='block_1_62' title="bbox 220 3070 3595 3153">
    <p class='ocr_par' dir='ltr' id='par_1_62' title="bbox 220 3070 3595 3153">
     <span class='ocr_line' id='line_1_62' title="bbox 220 3070 3595 3153; baseline 0.001 -20"><span class='ocrx_word' id='word_1_447' title='bbox 220 3072 351 3148; x_wconf 85' lang='lat' dir='ltr'><strong>gari</strong></span> <span class='ocrx_word' id='word_1_448' title='bbox 404 3072 680 3151; x_wconf 89' lang='lat' dir='ltr'><strong>accipiet,</strong></span> <span class='ocrx_word' id='word_1_449' title='bbox 707 3073 811 3134; x_wconf 88' lang='lat' dir='ltr'><strong>sed</strong></span> <span class='ocrx_word' id='word_1_450' title='bbox 864 3091 897 3133; x_wconf 88' lang='lat' dir='ltr'><strong>a</strong></span> <span class='ocrx_word' id='word_1_451' title='bbox 926 3073 1107 3134; x_wconf 89' lang='lat' dir='ltr'><strong>rebus</strong></span> <span class='ocrx_word' id='word_1_452' title='bbox 1139 3092 1272 3149; x_wconf 60' lang='lat' dir='ltr'><strong>quae</strong></span> <span class='ocrx_word' id='word_1_453' title='bbox 1330 3073 1737 3153; x_wconf 84' lang='lat' dir='ltr'><strong>signiﬁcantur</strong></span> <span class='ocrx_word' id='word_1_454' title='bbox 1786 3070 2101 3143; x_wconf 87' lang='lat' dir='ltr'><strong>recedens,</strong></span> <span class='ocrx_word' id='word_1_455' title='bbox 2132 3070 2203 3131; x_wconf 91' lang='lat' dir='ltr'><strong>ad</strong></span> <span class='ocrx_word' id='word_1_456' title='bbox 2237 3072 2444 3132; x_wconf 80' lang='lat' dir='ltr'><strong>tacitas</strong></span> <span class='ocrx_word' id='word_1_457' title='bbox 2493 3070 2905 3133; x_wconf 84' lang='lat' dir='ltr'><strong>etdiviniores</strong></span> <span class='ocrx_word' id='word_1_458' title='bbox 2957 3072 3368 3151; x_wconf 82' lang='lat' dir='ltr'><strong>cogitationes,</strong></span> <span class='ocrx_word' id='word_1_459' title='bbox 3403 3076 3595 3137; x_wconf 89' lang='lat' dir='ltr'><strong>susci-</strong></span> 
     </span>
    </p>
   </div>
   <div class='ocr_carea' id='block_1_63' title="bbox 219 3161 3599 3242">
    <p class='ocr_par' dir='ltr' id='par_1_63' title="bbox 219 3161 3599 3242">
     <span class='ocr_line' id='line_1_63' title="bbox 219 3161 3599 3242; baseline 0.001 -20"><span class='ocrx_word' id='word_1_460' title='bbox 219 3162 347 3242; x_wconf 89' lang='lat' dir='ltr'><strong>piet</strong></span> <span class='ocrx_word' id='word_1_461' title='bbox 379 3179 396 3237; x_wconf 89' lang='lat'><strong>;</strong></span> <span class='ocrx_word' id='word_1_462' title='bbox 434 3172 672 3241; x_wconf 74' lang='lat' dir='ltr'><strong>propter</strong></span> <span class='ocrx_word' id='word_1_463' title='bbox 705 3163 858 3242; x_wconf 87' lang='lat' dir='ltr'><strong>quod</strong></span> <span class='ocrx_word' id='word_1_464' title='bbox 891 3162 1066 3224; x_wconf 84' lang='lat' dir='ltr'><strong>etiam</strong></span> <span class='ocrx_word' id='word_1_465' title='bbox 1100 3162 1463 3225; x_wconf 89' lang='lat' dir='ltr'><strong>intellectilis</strong></span> <span class='ocrx_word' id='word_1_466' title='bbox 1512 3163 1617 3225; x_wconf 89' lang='lat' dir='ltr'><strong>Dei</strong></span> <span class='ocrx_word' id='word_1_467' title='bbox 1650 3162 2168 3225; x_wconf 88' lang='lat' dir='ltr'><strong>denominationes</strong></span> <span class='ocrx_word' id='word_1_468' title='bbox 2197 3161 2479 3238; x_wconf 70' lang='lat' dir='ltr'><strong>deinceps</strong></span> <span class='ocrx_word' id='word_1_469' title='bbox 2511 3175 2673 3222; x_wconf 79' lang='lat' dir='ltr'><strong>reete</strong></span> <span class='ocrx_word' id='word_1_470' title='bbox 2705 3166 2861 3239; x_wconf 87' lang='lat' dir='ltr'><strong>ipsas</strong></span> <span class='ocrx_word' id='word_1_471' title='bbox 2891 3163 3171 3241; x_wconf 89' lang='lat' dir='ltr'><strong>appellat.</strong></span> <span class='ocrx_word' id='word_1_472' title='bbox 3207 3165 3355 3225; x_wconf 90' lang='lat' dir='ltr'><strong>Nam</strong></span> <span class='ocrx_word' id='word_1_473' title='bbox 3399 3164 3599 3228; x_wconf 81' lang='lat' dir='ltr'><strong>anima</strong></span> 
     </span>
    </p>
   </div>
   <div class='ocr_carea' id='block_1_64' title="bbox 218 3250 3595 3333">
    <p class='ocr_par' dir='ltr' id='par_1_64' title="bbox 218 3250 3595 3333">
     <span class='ocr_line' id='line_1_64' title="bbox 218 3250 3595 3333; baseline 0.001 -21"><span class='ocrx_word' id='word_1_474' title='bbox 218 3251 325 3312; x_wconf 89' lang='lat' dir='ltr'><strong>ubi</strong></span> <span class='ocrx_word' id='word_1_475' title='bbox 357 3253 663 3331; x_wconf 87' lang='lat' dir='ltr'><strong>corporeis</strong></span> <span class='ocrx_word' id='word_1_476' title='bbox 695 3252 970 3313; x_wconf 88' lang='lat' dir='ltr'><strong>omnibus</strong></span> <span class='ocrx_word' id='word_1_477' title='bbox 1002 3253 1274 3314; x_wconf 86' lang='lat' dir='ltr'><strong>sensibus</strong></span> <span class='ocrx_word' id='word_1_478' title='bbox 1307 3261 1366 3314; x_wconf 91' lang='lat' dir='ltr'><strong>et</strong></span> <span class='ocrx_word' id='word_1_479' title='bbox 1399 3252 1579 3314; x_wconf 90' lang='lat' dir='ltr'><strong>rebus</strong></span> <span class='ocrx_word' id='word_1_480' title='bbox 1633 3251 1947 3313; x_wconf 73' lang='lat' dir='ltr'><strong>mundanis</strong></span> <span class='ocrx_word' id='word_1_481' title='bbox 1978 3270 2043 3310; x_wconf 91' lang='lat' dir='ltr'><strong>se</strong></span> <span class='ocrx_word' id='word_1_482' title='bbox 2089 3250 2378 3311; x_wconf 85' lang='lat' dir='ltr'><strong>abdicarit</strong></span> <span class='ocrx_word' id='word_1_483' title='bbox 2413 3251 2544 3323; x_wconf 73' lang='lat' dir='ltr'><strong>(has</strong></span> <span class='ocrx_word' id='word_1_484' title='bbox 2570 3250 2728 3310; x_wconf 91' lang='lat' dir='ltr'><strong>enim</strong></span> <span class='ocrx_word' id='word_1_485' title='bbox 2758 3251 3085 3312; x_wconf 81' lang='lat' dir='ltr'><strong>familiares</strong></span> <span class='ocrx_word' id='word_1_486' title='bbox 3118 3254 3333 3333; x_wconf 77' lang='lat' dir='ltr'><strong>vocat),</strong></span> <span class='ocrx_word' id='word_1_487' title='bbox 3368 3261 3595 3316; x_wconf 87' lang='lat' dir='ltr'><strong>tantum</strong></span> 
     </span>
    </p>
   </div>
   <div class='ocr_carea' id='block_1_65' title="bbox 219 3339 3600 3421">
    <p class='ocr_par' dir='ltr' id='par_1_65' title="bbox 219 3339 3600 3421">
     <span class='ocr_line' id='line_1_65' title="bbox 219 3339 3600 3421; baseline 0.001 -20"><span class='ocrx_word' id='word_1_488' title='bbox 219 3343 562 3421; x_wconf 62' lang='lat' dir='ltr'><strong>purissima}</strong></span> <span class='ocrx_word' id='word_1_489' title='bbox 591 3342 695 3403; x_wconf 87' lang='lat' dir='ltr'><strong>Dei</strong></span> <span class='ocrx_word' id='word_1_490' title='bbox 736 3342 1079 3421; x_wconf 73' lang='lat' dir='ltr'><strong>cognitioni,</strong></span> <span class='ocrx_word' id='word_1_491' title='bbox 1117 3352 1396 3421; x_wconf 89' lang='lat' dir='ltr'><strong>quantum</strong></span> <span class='ocrx_word' id='word_1_492' title='bbox 1432 3351 1655 3403; x_wconf 66' lang='lat' dir='ltr'><strong>natura:</strong></span> <span class='ocrx_word' id='word_1_493' title='bbox 1683 3341 1957 3402; x_wconf 68' lang='lat' dir='ltr'><strong>humana:</strong></span> <span class='ocrx_word' id='word_1_494' title='bbox 2013 3340 2182 3411; x_wconf 88' lang='lat' dir='ltr'><strong>licet,</strong></span> <span class='ocrx_word' id='word_1_495' title='bbox 2218 3340 2621 3419; x_wconf 70' lang='lat' dir='ltr'><strong>coniungitur,</strong></span> <span class='ocrx_word' id='word_1_496' title='bbox 2655 3339 2807 3401; x_wconf 91' lang='lat' dir='ltr'><strong>sicut</strong></span> <span class='ocrx_word' id='word_1_497' title='bbox 2834 3341 3153 3421; x_wconf 83' lang='lat' dir='ltr'><strong>Apostolus</strong></span> <span class='ocrx_word' id='word_1_498' title='bbox 3195 3342 3475 3419; x_wconf 90' lang='lat' dir='ltr'><strong>insinuat,</strong></span> <span class='ocrx_word' id='word_1_499' title='bbox 3510 3343 3600 3404; x_wconf 80' lang='lat' dir='ltr'><strong>di.</strong></span> 
     </span>
    </p>
   </div>
   <div class='ocr_carea' id='block_1_66' title="bbox 216 3423 3597 3514">
    <p class='ocr_par' dir='ltr' id='par_1_66' title="bbox 216 3423 3597 3514">
     <span class='ocr_line' id='line_1_66' title="bbox 216 3423 3597 3514; baseline 0.001 -24"><span class='ocrx_word' id='word_1_500' title='bbox 216 3449 405 3492; x_wconf 89' lang='lat' dir='ltr'><strong>cens:</strong></span> <span class='ocrx_word' id='word_1_501' title='bbox 442 3430 520 3491; x_wconf 80' lang='lat' dir='ltr'><strong>Et</strong></span> <span class='ocrx_word' id='word_1_502' title='bbox 560 3438 647 3493; x_wconf 75' lang='lat' dir='ltr'><strong>sic</strong></span> <span class='ocrx_word' id='word_1_503' title='bbox 675 3450 908 3512; x_wconf 78' lang='lat' dir='ltr'><strong>semper</strong></span> <span class='ocrx_word' id='word_1_504' title='bbox 936 3450 1069 3492; x_wconf 83' lang='lat' dir='ltr'><strong>cum</strong></span> <span class='ocrx_word' id='word_1_505' title='bbox 1108 3433 1361 3493; x_wconf 81' lang='lat' dir='ltr'><strong>Domino</strong></span> <span class='ocrx_word' id='word_1_506' title='bbox 1391 3434 1625 3493; x_wconf 79' lang='lat' dir='ltr'><strong>erimus</strong></span> <span class='ocrx_word' id='word_1_507' title='bbox 1654 3446 1680 3475; x_wconf 79' lang='grc' dir='ltr'><strong>ιι</strong></span> <span class='ocrx_word' id='word_1_508' title='bbox 1711 3452 1725 3503; x_wconf 89' lang='grc'><strong>;</strong></span> <span class='ocrx_word' id='word_1_509' title='bbox 1762 3440 1818 3491; x_wconf 92' lang='lat' dir='ltr'><strong>et</strong></span> <span class='ocrx_word' id='word_1_510' title='bbox 1846 3428 2061 3492; x_wconf 90' lang='lat' dir='ltr'><strong>iterum</strong></span> <span class='ocrx_word' id='word_1_511' title='bbox 2096 3446 2109 3490; x_wconf 93' lang='lat'>:</span> <span class='ocrx_word' id='word_1_512' title='bbox 2192 3426 2473 3490; x_wconf 75' lang='lat' dir='ltr'><strong>Videmus</strong></span> <span class='ocrx_word' id='word_1_513' title='bbox 2506 3447 2668 3490; x_wconf 79' lang='lat' dir='ltr'><strong>nunc</strong></span> <span class='ocrx_word' id='word_1_514' title='bbox 2718 3423 2827 3507; x_wconf 54' lang='lat' dir='ltr'><strong>per</strong></span> <span class='ocrx_word' id='word_1_515' title='bbox 2852 3429 3163 3509; x_wconf 82' lang='lat' dir='ltr'><strong>speculum</strong></span> <span class='ocrx_word' id='word_1_516' title='bbox 3196 3439 3253 3492; x_wconf 85' lang='lat' dir='ltr'><strong>el</strong></span> <span class='ocrx_word' id='word_1_517' title='bbox 3284 3432 3351 3493; x_wconf 76' lang='lat' dir='ltr'><strong>in</strong></span> <span class='ocrx_word' id='word_1_518' title='bbox 3400 3434 3597 3514; x_wconf 77' lang='lat' dir='ltr'><strong>aenig-</strong></span> 
     </span>
    </p>
   </div>
   <div class='ocr_carea' id='block_1_67' title="bbox 216 3521 1837 3600">
    <p class='ocr_par' dir='ltr' id='par_1_67' title="bbox 216 3521 1837 3600">
     <span class='ocr_line' id='line_1_67' title="bbox 216 3521 1837 3600; baseline 0.001 -19"><span class='ocrx_word' id='word_1_519' title='bbox 216 3527 406 3599; x_wconf 83' lang='lat' dir='ltr'><strong>mate,</strong></span> <span class='ocrx_word' id='word_1_520' title='bbox 440 3529 582 3582; x_wconf 82' lang='lat' dir='ltr'><strong>tunc</strong></span> <span class='ocrx_word' id='word_1_521' title='bbox 605 3530 802 3583; x_wconf 74' lang='lat' dir='ltr'><strong>autem</strong></span> <span class='ocrx_word' id='word_1_522' title='bbox 831 3523 991 3599; x_wconf 75' lang='lat' dir='ltr'><strong>facie</strong></span> <span class='ocrx_word' id='word_1_523' title='bbox 1036 3522 1115 3583; x_wconf 81' lang='lat' dir='ltr'><strong>ad</strong></span> <span class='ocrx_word' id='word_1_524' title='bbox 1142 3522 1376 3600; x_wconf 55' lang='lat' dir='ltr'><strong>ﬂciem</strong></span> <span class='ocrx_word' id='word_1_525' title='bbox 1425 3521 1763 3582; x_wconf 71' lang='lat' dir='ltr'><strong>videbimus</strong></span> <span class='ocrx_word' id='word_1_526' title='bbox 1789 3534 1837 3582; x_wconf 92' lang='grc' dir='ltr'><strong>ο.</strong></span> 
     </span>
    </p>
   </div>
   <div class='ocr_carea' id='block_1_68' title="bbox 299 3607 1867 3690">
    <p class='ocr_par' dir='ltr' id='par_1_68' title="bbox 299 3608 1862 3688">
     <span class='ocr_line' id='line_1_68' title="bbox 299 3608 1862 3688; baseline -0.003 -17"><span class='ocrx_word' id='word_1_527' title='bbox 299 3609 329 3688; x_wconf 80' lang='lat'>§</span> <span class='ocrx_word' id='word_1_528' title='bbox 386 3608 482 3673; x_wconf 85' lang='lat' dir='ltr'><strong>1V.</strong></span> <span class='ocrx_word' id='word_1_529' title='bbox 544 3613 745 3675; x_wconf 79' lang='grc' dir='ltr'>Ταύτας</span> <span class='ocrx_word' id='word_1_530' title='bbox 806 3614 966 3683; x_wconf 70' lang='grc' dir='ltr'>ἡμεῒς</span> <span class='ocrx_word' id='word_1_531' title='bbox 1026 3613 1121 3674; x_wconf 82' lang='grc' dir='ltr'><strong>τὰς</strong></span> <span class='ocrx_word' id='word_1_532' title='bbox 1175 3614 1369 3679; x_wconf 82' lang='grc' dir='ltr'>νοητὰς</span> <span class='ocrx_word' id='word_1_533' title='bbox 1431 3613 1743 3686; x_wconf 83' lang='grc' dir='ltr'>θεωνυμίας.</span> <span class='ocrx_word' id='word_1_534' title='bbox 1790 3613 1862 3674; x_wconf 84' lang='grc' dir='ltr'>ὡς</span> 
     </span>
    </p>
   </div>
   <div class='ocr_carea' id='block_1_69' title="bbox 1953 3607 3596 3690">
    <p class='ocr_par' dir='ltr' id='par_1_69' title="bbox 2027 3607 3596 3690">
     <span class='ocr_line' id='line_1_69' title="bbox 2027 3607 3596 3690; baseline 0.003 -21"><span class='ocrx_word' id='word_1_535' title='bbox 2027 3609 2055 3687; x_wconf 84' lang='lat'>§</span> <span class='ocrx_word' id='word_1_536' title='bbox 2086 3607 2179 3669; x_wconf 88' lang='lat' dir='ltr'><strong>IV.</strong></span> <span class='ocrx_word' id='word_1_537' title='bbox 2215 3607 2351 3669; x_wconf 70' lang='lat' dir='ltr'><strong>Hrec</strong></span> <span class='ocrx_word' id='word_1_538' title='bbox 2384 3627 2490 3669; x_wconf 91' lang='lat' dir='ltr'><strong>nos</strong></span> <span class='ocrx_word' id='word_1_539' title='bbox 2523 3608 2719 3669; x_wconf 87' lang='lat' dir='ltr'><strong>divina</strong></span> <span class='ocrx_word' id='word_1_540' title='bbox 2744 3613 3002 3690; x_wconf 82' lang='lat' dir='ltr'><strong>nomina,</strong></span> <span class='ocrx_word' id='word_1_541' title='bbox 3038 3608 3230 3689; x_wconf 89' lang='lat' dir='ltr'><strong>quoad</strong></span> <span class='ocrx_word' id='word_1_542' title='bbox 3258 3609 3447 3681; x_wconf 88' lang='lat' dir='ltr'><strong>licuit,</strong></span> <span class='ocrx_word' id='word_1_543' title='bbox 3487 3629 3596 3673; x_wconf 83' lang='lat' dir='ltr'><strong>ex-</strong></span> 
     </span>
    </p>
   </div>
   <div class='ocr_carea' id='block_1_70' title="bbox 213 3700 1871 3781">
    <p class='ocr_par' dir='ltr' id='par_1_70' title="bbox 213 3700 1871 3781">
     <span class='ocr_line' id='line_1_70' title="bbox 213 3700 1871 3781; baseline 0 -26"><span class='ocrx_word' id='word_1_544' title='bbox 213 3701 460 3781; x_wconf 71' lang='grc' dir='ltr'>ἐςρικτὸν,</span> <span class='ocrx_word' id='word_1_545' title='bbox 493 3701 877 3775; x_wconf 74' lang='grc' dir='ltr'>ἁνεπτύξαμεν,</span> <span class='ocrx_word' id='word_1_546' title='bbox 909 3700 1153 3768; x_wconf 80' lang='grc' dir='ltr'><strong>δηλονότι</strong></span> <span class='ocrx_word' id='word_1_547' title='bbox 1202 3704 1305 3781; x_wconf 73' lang='grc' dir='ltr'>οὐχ</span> <span class='ocrx_word' id='word_1_548' title='bbox 1334 3701 1701 3780; x_wconf 70' lang='grc' dir='ltr'>ὑψηλοτέρως,</span> <span class='ocrx_word' id='word_1_549' title='bbox 1735 3700 1871 3757; x_wconf 74' lang='grc' dir='ltr'>ἀλλὰ</span> 
     </span>
    </p>
   </div>
   <div class='ocr_carea' id='block_1_71' title="bbox 211 3788 1870 3869">
    <p class='ocr_par' dir='ltr' id='par_1_71' title="bbox 211 3788 1870 3869">
     <span class='ocr_line' id='line_1_71' title="bbox 211 3788 1870 3869; baseline -0.001 -24"><span class='ocrx_word' id='word_1_550' title='bbox 211 3791 359 3845; x_wconf 60' lang='grc' dir='ltr'>’κατὰ</span> <span class='ocrx_word' id='word_1_551' title='bbox 436 3791 497 3845; x_wconf 78' lang='grc' dir='ltr'><strong>τὸ</strong></span> <span class='ocrx_word' id='word_1_552' title='bbox 566 3790 787 3868; x_wconf 80' lang='grc' dir='ltr'>γράμμα</span> <span class='ocrx_word' id='word_1_553' title='bbox 843 3788 1253 3866; x_wconf 71' lang='grc' dir='ltr'>ἀποδεδώκαμεν</span> <span class='ocrx_word' id='word_1_554' title='bbox 1320 3792 1731 3869; x_wconf 81' lang='grc' dir='ltr'>ταπεινοτέρως,</span> <span class='ocrx_word' id='word_1_555' title='bbox 1793 3791 1870 3864; x_wconf 76' lang='grc' dir='ltr'><strong>μὴ</strong></span> 
     </span>
    </p>
   </div>
   <div class='ocr_carea' id='block_1_72' title="bbox 214 3879 1869 3959">
    <p class='ocr_par' dir='ltr' id='par_1_72' title="bbox 214 3879 1869 3959">
     <span class='ocr_line' id='line_1_72' title="bbox 214 3879 1869 3959; baseline 0 -24"><span class='ocrx_word' id='word_1_556' title='bbox 214 3879 384 3954; x_wconf 84' lang='grc' dir='ltr'>μόνον</span> <span class='ocrx_word' id='word_1_557' title='bbox 442 3885 545 3935; x_wconf 83' lang='grc' dir='ltr'>τῶν</span> <span class='ocrx_word' id='word_1_558' title='bbox 574 3879 841 3959; x_wconf 74' lang='grc' dir='ltr'>ἀγγέλων,</span> <span class='ocrx_word' id='word_1_559' title='bbox 876 3883 903 3937; x_wconf 86' lang='lat'><strong>6</strong></span> <span class='ocrx_word' id='word_1_560' title='bbox 951 3881 1051 3959; x_wconf 80' lang='grc' dir='ltr'>γὰρ</span> <span class='ocrx_word' id='word_1_561' title='bbox 1100 3882 1299 3937; x_wconf 80' lang='grc' dir='ltr'>τούτων</span> <span class='ocrx_word' id='word_1_562' title='bbox 1328 3881 1632 3946; x_wconf 82' lang='grc' dir='ltr'>κατώτατος</span> <span class='ocrx_word' id='word_1_563' title='bbox 1680 3880 1869 3956; x_wconf 81' lang='grc' dir='ltr'>μείζων</span> 
     </span>
    </p>
   </div>
   <div class='ocr_carea' id='block_1_73' title="bbox 214 3970 1842 4049">
    <p class='ocr_par' dir='ltr' id='par_1_73' title="bbox 214 3970 1842 4049">
     <span class='ocr_line' id='line_1_73' title="bbox 214 3970 1842 4049; baseline 0 -24"><span class='ocrx_word' id='word_1_564' title='bbox 214 3971 433 4026; x_wconf 63' lang='grc' dir='ltr'>πάντων</span> <span class='ocrx_word' id='word_1_565' title='bbox 496 3972 600 4025; x_wconf 74' lang='grc' dir='ltr'><strong>τῶν</strong></span> <span class='ocrx_word' id='word_1_566' title='bbox 632 3970 685 4025; x_wconf 83' lang='grc' dir='ltr'>ἐν</span> <span class='ocrx_word' id='word_1_567' title='bbox 714 3976 782 4047; x_wconf 74' lang='grc' dir='ltr'>τῇ</span> <span class='ocrx_word' id='word_1_568' title='bbox 839 3970 1136 4043; x_wconf 67' lang='grc' dir='ltr'>Ἐκκλησία</span> <span class='ocrx_word' id='word_1_569' title='bbox 1163 3971 1427 4049; x_wconf 75' lang='grc' dir='ltr'>θεολόγων</span> <span class='ocrx_word' id='word_1_570' title='bbox 1472 3972 1601 4026; x_wconf 74' lang='grc' dir='ltr'>ἐστί·</span> <span class='ocrx_word' id='word_1_571' title='bbox 1664 3971 1741 4045; x_wconf 75' lang='grc' dir='ltr'>μὴ</span> <span class='ocrx_word' id='word_1_572' title='bbox 1772 3970 1842 4045; x_wconf 81' lang='grc' dir='ltr'>μό</span> 
     </span>
    </p>
   </div>
   <div class='ocr_carea' id='block_1_74' title="bbox 218 4058 1868 4139">
    <p class='ocr_par' dir='ltr' id='par_1_74' title="bbox 218 4058 1868 4139">
     <span class='ocr_line' id='line_1_74' title="bbox 218 4058 1868 4139; baseline 0 -25"><span class='ocrx_word' id='word_1_573' title='bbox 218 4083 311 4117; x_wconf 88' lang='grc' dir='ltr'><strong>νον</strong></span> <span class='ocrx_word' id='word_1_574' title='bbox 372 4060 478 4115; x_wconf 73' lang='grc' dir='ltr'>τῶν</span> <span class='ocrx_word' id='word_1_575' title='bbox 529 4058 819 4137; x_wconf 72' lang='grc' dir='ltr'>θεολόγων.</span> <span class='ocrx_word' id='word_1_576' title='bbox 875 4063 948 4115; x_wconf 79' lang='grc' dir='ltr'>ὧν</span> <span class='ocrx_word' id='word_1_577' title='bbox 1007 4082 1061 4115; x_wconf 87' lang='grc' dir='ltr'><strong>τε</strong></span> <span class='ocrx_word' id='word_1_578' title='bbox 1121 4060 1427 4117; x_wconf 76' lang='grc' dir='ltr'>συνοπαδῶν</span> <span class='ocrx_word' id='word_1_579' title='bbox 1486 4060 1654 4139; x_wconf 78' lang='grc' dir='ltr'>λέγει,</span> <span class='ocrx_word' id='word_1_580' title='bbox 1715 4060 1868 4116; x_wconf 81' lang='grc' dir='ltr'>οἱονεί</span> 
     </span>
    </p>
   </div>
   <div class='ocr_carea' id='block_1_75' title="bbox 218 4148 1863 4225">
    <p class='ocr_par' dir='ltr' id='par_1_75' title="bbox 218 4148 1863 4225">
     <span class='ocr_line' id='line_1_75' title="bbox 218 4148 1863 4225; baseline -0.001 -20"><span class='ocrx_word' id='word_1_581' title='bbox 218 4152 502 4225; x_wconf 70' lang='grc' dir='ltr'>μαθητῶν,</span> <span class='ocrx_word' id='word_1_582' title='bbox 534 4151 622 4205; x_wconf 84' lang='grc' dir='ltr'><strong>καὶ</strong></span> <span class='ocrx_word' id='word_1_583' title='bbox 673 4151 747 4204; x_wconf 82' lang='grc' dir='ltr'><strong>ὧν</strong></span> <span class='ocrx_word' id='word_1_584' title='bbox 793 4150 1063 4225; x_wconf 72' lang='grc' dir='ltr'><strong>ἂσκήτῶν,</strong></span> <span class='ocrx_word' id='word_1_585' title='bbox 1101 4148 1346 4216; x_wconf 80' lang='grc' dir='ltr'><strong>δηλονότι</strong></span> <span class='ocrx_word' id='word_1_586' title='bbox 1380 4151 1484 4207; x_wconf 80' lang='grc' dir='ltr'>τῶν</span> <span class='ocrx_word' id='word_1_587' title='bbox 1535 4152 1627 4215; x_wconf 80' lang='grc' dir='ltr'><strong>τὰς</strong></span> <span class='ocrx_word' id='word_1_588' title='bbox 1670 4148 1863 4224; x_wconf 77' lang='grc' dir='ltr'>ἐλλάμ-</span> 
     </span>
    </p>
   </div>
   <div class='ocr_carea' id='block_1_76' title="bbox 220 4237 1862 4316">
    <p class='ocr_par' dir='ltr' id='par_1_76' title="bbox 220 4237 1862 4316">
     <span class='ocr_line' id='line_1_76' title="bbox 220 4237 1862 4316; baseline 0 -21"><span class='ocrx_word' id='word_1_589' title='bbox 220 4245 345 4316; x_wconf 79' lang='grc' dir='ltr'>ψεις</span> <span class='ocrx_word' id='word_1_590' title='bbox 406 4240 499 4305; x_wconf 74' lang='grc' dir='ltr'>τὰς</span> <span class='ocrx_word' id='word_1_591' title='bbox 527 4240 666 4302; x_wconf 84' lang='grc' dir='ltr'>θείας</span> <span class='ocrx_word' id='word_1_592' title='bbox 725 4240 1074 4315; x_wconf 78' lang='grc' dir='ltr'>κτησαμένων</span> <span class='ocrx_word' id='word_1_593' title='bbox 1105 4237 1170 4296; x_wconf 86' lang='grc' dir='ltr'><strong>δι’</strong></span> <span class='ocrx_word' id='word_1_594' title='bbox 1222 4240 1529 4311; x_wconf 73' lang='grc' dir='ltr'>ἀσκήσεως,</span> <span class='ocrx_word' id='word_1_595' title='bbox 1560 4240 1649 4296; x_wconf 89' lang='grc' dir='ltr'><strong>καί</strong></span> <span class='ocrx_word' id='word_1_596' title='bbox 1681 4242 1739 4296; x_wconf 70' lang='grc' dir='ltr'>οὗ</span> <span class='ocrx_word' id='word_1_597' title='bbox 1796 4237 1862 4296; x_wconf 86' lang='grc' dir='ltr'>δι’</span> 
     </span>
    </p>
   </div>
   <div class='ocr_carea' id='block_1_77' title="bbox 217 4329 1865 4410">
    <p class='ocr_par' dir='ltr' id='par_1_77' title="bbox 217 4329 1865 4410">
     <span class='ocr_line' id='line_1_77' title="bbox 217 4329 1865 4410; baseline -0.001 -24"><span class='ocrx_word' id='word_1_598' title='bbox 217 4330 482 4406; x_wconf 67' lang='grc' dir='ltr'>ὁρέαεως,</span> <span class='ocrx_word' id='word_1_599' title='bbox 513 4331 649 4385; x_wconf 81' lang='grc' dir='ltr'>κατὰ</span> <span class='ocrx_word' id='word_1_600' title='bbox 675 4331 790 4394; x_wconf 80' lang='grc' dir='ltr'>τοὺς</span> <span class='ocrx_word' id='word_1_601' title='bbox 822 4330 1171 4394; x_wconf 73' lang='grc' dir='ltr'><strong>ἁποστόλους⁸</strong></span> <span class='ocrx_word' id='word_1_602' title='bbox 1207 4331 1284 4405; x_wconf 77' lang='grc' dir='ltr'>μὴ</span> <span class='ocrx_word' id='word_1_603' title='bbox 1331 4330 1493 4405; x_wconf 78' lang='grc' dir='ltr'>μόνον</span> <span class='ocrx_word' id='word_1_604' title='bbox 1525 4335 1651 4406; x_wconf 80' lang='grc' dir='ltr'>γοῦν</span> <span class='ocrx_word' id='word_1_605' title='bbox 1688 4329 1865 4410; x_wconf 78' lang='grc' dir='ltr'><strong>ἐσχά-</strong></span> 
     </span>
    </p>
   </div>
   <div class='ocr_carea' id='block_1_78' title="bbox 211 4418 1867 4498">
    <p class='ocr_par' dir='ltr' id='par_1_78' title="bbox 211 4418 1867 4498">
     <span class='ocr_line' id='line_1_78' title="bbox 211 4418 1867 4498; baseline -0.001 -20"><span class='ocrx_word' id='word_1_606' title='bbox 211 4442 321 4485; x_wconf 82' lang='grc' dir='ltr'><strong>τως</strong></span> <span class='ocrx_word' id='word_1_607' title='bbox 380 4419 473 4475; x_wconf 73' lang='grc' dir='ltr'>καὶ</span> <span class='ocrx_word' id='word_1_608' title='bbox 502 4419 884 4496; x_wconf 74' lang='grc' dir='ltr'>ταπεινοτέρως</span> <span class='ocrx_word' id='word_1_609' title='bbox 941 4420 1143 4477; x_wconf 66' lang='grc' dir='ltr'>τούτων</span> <span class='ocrx_word' id='word_1_610' title='bbox 1200 4418 1447 4498; x_wconf 80' lang='grc' dir='ltr'>εἴπομεν,</span> <span class='ocrx_word' id='word_1_611' title='bbox 1482 4418 1617 4475; x_wconf 73' lang='grc' dir='ltr'><strong>ἀλλὰ</strong></span> <span class='ocrx_word' id='word_1_612' title='bbox 1650 4422 1738 4475; x_wconf 80' lang='grc' dir='ltr'><strong>καί</strong></span> <span class='ocrx_word' id='word_1_613' title='bbox 1767 4423 1867 4477; x_wconf 73' lang='grc' dir='ltr'>αὒ-</span> 
     </span>
    </p>
   </div>
   <div class='ocr_carea' id='block_1_79' title="bbox 208 4508 1869 4588">
    <p class='ocr_par' dir='ltr' id='par_1_79' title="bbox 208 4508 1869 4588">
     <span class='ocr_line' id='line_1_79' title="bbox 208 4508 1869 4588; baseline -0.001 -23"><span class='ocrx_word' id='word_1_614' title='bbox 208 4515 321 4565; x_wconf 69' lang='grc' dir='ltr'><strong>τῶδ</strong></span> <span class='ocrx_word' id='word_1_615' title='bbox 374 4516 481 4565; x_wconf 82' lang='grc' dir='ltr'><strong>τῶν</strong></span> <span class='ocrx_word' id='word_1_616' title='bbox 511 4512 791 4588; x_wconf 78' lang='grc' dir='ltr'>ὁμοταγῶν</span> <span class='ocrx_word' id='word_1_617' title='bbox 830 4512 988 4584; x_wconf 75' lang='grc' dir='ltr'>ἡμῖν.</span> <span class='ocrx_word' id='word_1_618' title='bbox 1025 4516 1198 4567; x_wconf 79' lang='grc' dir='ltr'>Ταῦτα</span> <span class='ocrx_word' id='word_1_619' title='bbox 1254 4508 1306 4563; x_wconf 77' lang='grc' dir='ltr'><strong>δὲ</strong></span> <span class='ocrx_word' id='word_1_620' title='bbox 1340 4511 1427 4565; x_wconf 84' lang='grc' dir='ltr'><strong>καὶ</strong></span> <span class='ocrx_word' id='word_1_621' title='bbox 1488 4509 1553 4564; x_wconf 74' lang='grc' dir='ltr'>τὰ</span> <span class='ocrx_word' id='word_1_622' title='bbox 1609 4508 1732 4575; x_wconf 76' lang='grc' dir='ltr'><strong>ἒξῆς</strong></span> <span class='ocrx_word' id='word_1_623' title='bbox 1764 4531 1869 4583; x_wconf 72' lang='grc' dir='ltr'>με-</span> 
     </span>
    </p>
   </div>
   <div class='ocr_carea' id='block_1_80' title="bbox 208 4596 1870 4679">
    <p class='ocr_par' dir='ltr' id='par_1_80' title="bbox 208 4596 1870 4679">
     <span class='ocr_line' id='line_1_80' title="bbox 208 4596 1870 4679; baseline -0.002 -23"><span class='ocrx_word' id='word_1_624' title='bbox 208 4599 444 4677; x_wconf 60' lang='grc' dir='ltr'>τριάζων</span> <span class='ocrx_word' id='word_1_625' title='bbox 502 4600 841 4678; x_wconf 65' lang='grc' dir='ltr'>ἄφιοττρεπῶς</span> <span class='ocrx_word' id='word_1_626' title='bbox 879 4602 907 4655; x_wconf 86' lang='lat'><strong>6</strong></span> <span class='ocrx_word' id='word_1_627' title='bbox 963 4601 1141 4676; x_wconf 71' lang='grc' dir='ltr'>πατήρ</span> <span class='ocrx_word' id='word_1_628' title='bbox 1186 4622 1372 4679; x_wconf 79' lang='grc' dir='ltr'>φησιν,</span> <span class='ocrx_word' id='word_1_629' title='bbox 1427 4597 1639 4672; x_wconf 65' lang='lat' dir='ltr'><strong>&quot;state,</strong></span> <span class='ocrx_word' id='word_1_630' title='bbox 1671 4599 1713 4654; x_wconf 84' lang='grc' dir='ltr'>εἰ</span> <span class='ocrx_word' id='word_1_631' title='bbox 1774 4596 1870 4672; x_wconf 80' lang='grc' dir='ltr'>μέν</span> 
     </span>
    </p>
   </div>
   <div class='ocr_carea' id='block_1_81' title="bbox 205 4688 1871 4767">
    <p class='ocr_par' dir='ltr' id='par_1_81' title="bbox 205 4688 1871 4767">
     <span class='ocr_line' id='line_1_81' title="bbox 205 4688 1871 4767; baseline -0.002 -23"><span class='ocrx_word' id='word_1_632' title='bbox 205 4710 357 4752; x_wconf 80' lang='grc' dir='ltr'>τινος</span> <span class='ocrx_word' id='word_1_633' title='bbox 419 4689 960 4767; x_wconf 72' lang='grc' dir='ltr'>κατεστοχασάμεθα,</span> <span class='ocrx_word' id='word_1_634' title='bbox 996 4689 1155 4767; x_wconf 72' lang='grc' dir='ltr'>χάρις</span> <span class='ocrx_word' id='word_1_635' title='bbox 1188 4697 1263 4761; x_wconf 77' lang='grc' dir='ltr'>τῷ</span> <span class='ocrx_word' id='word_1_636' title='bbox 1321 4688 1471 4760; x_wconf 74' lang='grc' dir='ltr'>αἰτίῳ</span> <span class='ocrx_word' id='word_1_637' title='bbox 1501 4694 1603 4743; x_wconf 83' lang='grc' dir='ltr'>τῶν</span> <span class='ocrx_word' id='word_1_638' title='bbox 1660 4708 1871 4743; x_wconf 84' lang='grc' dir='ltr'>παντων</span> 
     </span>
    </p>
   </div>
   <div class='ocr_carea' id='block_1_82' title="bbox 204 4775 1871 4856">
    <p class='ocr_par' dir='ltr' id='par_1_82' title="bbox 204 4775 1871 4856">
     <span class='ocr_line' id='line_1_82' title="bbox 204 4775 1871 4856; baseline -0.001 -22"><span class='ocrx_word' id='word_1_639' title='bbox 204 4779 426 4855; x_wconf 68' lang='grc' dir='ltr'>ἀγαθῶν</span> <span class='ocrx_word' id='word_1_640' title='bbox 486 4784 622 4853; x_wconf 78' lang='grc' dir='ltr'>Θεῷ,</span> <span class='ocrx_word' id='word_1_641' title='bbox 668 4784 744 4850; x_wconf 77' lang='grc' dir='ltr'>τῷ</span> <span class='ocrx_word' id='word_1_642' title='bbox 808 4777 1123 4856; x_wconf 79' lang='grc' dir='ltr'><strong>δωρουμένῳ</strong></span> <span class='ocrx_word' id='word_1_643' title='bbox 1170 4780 1359 4834; x_wconf 76' lang='grc' dir='ltr'>καὶτὸ</span> <span class='ocrx_word' id='word_1_644' title='bbox 1420 4778 1595 4855; x_wconf 76' lang='grc' dir='ltr'>λέγειν</span> <span class='ocrx_word' id='word_1_645' title='bbox 1653 4775 1749 4833; x_wconf 70' lang='grc' dir='ltr'>καὶ</span> <span class='ocrx_word' id='word_1_646' title='bbox 1810 4778 1871 4832; x_wconf 78' lang='grc' dir='ltr'>τὸ</span> 
     </span>
    </p>
   </div>
   <div class='ocr_carea' id='block_1_83' title="bbox 206 4863 1869 4946">
    <p class='ocr_par' dir='ltr' id='par_1_83' title="bbox 206 4863 1869 4946">
     <span class='ocr_line' id='line_1_83' title="bbox 206 4863 1869 4946; baseline -0.001 -22"><span class='ocrx_word' id='word_1_647' title='bbox 206 4870 269 4925; x_wconf 76' lang='grc' dir='ltr'>εὖ</span> <span class='ocrx_word' id='word_1_648' title='bbox 298 4867 499 4945; x_wconf 76' lang='grc' dir='ltr'>λέγειν.</span> <span class='ocrx_word' id='word_1_649' title='bbox 538 4869 595 4924; x_wconf 69' lang='lat' dir='ltr'><strong>lii</strong></span> <span class='ocrx_word' id='word_1_650' title='bbox 626 4866 750 4945; x_wconf 75' lang='grc' dir='ltr'><strong>γοῦν</strong></span> <span class='ocrx_word' id='word_1_651' title='bbox 808 4869 1231 4946; x_wconf 83' lang='grc' dir='ltr'>κατωρθώσαμεν</span> <span class='ocrx_word' id='word_1_652' title='bbox 1262 4890 1337 4942; x_wconf 90' lang='grc' dir='ltr'><strong>τι,</strong></span> <span class='ocrx_word' id='word_1_653' title='bbox 1368 4869 1461 4923; x_wconf 81' lang='grc' dir='ltr'><strong>καί</strong></span> <span class='ocrx_word' id='word_1_654' title='bbox 1496 4866 1568 4922; x_wconf 81' lang='grc' dir='ltr'>ἔτι</span> <span class='ocrx_word' id='word_1_655' title='bbox 1623 4863 1869 4922; x_wconf 66' lang='grc' dir='ltr'><strong>διδάσκο-</strong></span> 
     </span>
    </p>
   </div>
   <div class='ocr_carea' id='block_1_84' title="bbox 1957 3696 3595 3778">
    <p class='ocr_par' dir='ltr' id='par_1_84' title="bbox 1957 3696 3595 3778">
     <span class='ocr_line' id='line_1_84' title="bbox 1957 3696 3595 3778; baseline 0.002 -20"><span class='ocrx_word' id='word_1_656' title='bbox 1957 3698 2292 3778; x_wconf 86' lang='lat' dir='ltr'><strong>plicuimus,</strong></span> <span class='ocrx_word' id='word_1_657' title='bbox 2316 3696 2593 3758; x_wconf 86' lang='lat' dir='ltr'><strong>videlicet</strong></span> <span class='ocrx_word' id='word_1_658' title='bbox 2628 3717 2745 3758; x_wconf 92' lang='lat' dir='ltr'><strong>non</strong></span> <span class='ocrx_word' id='word_1_659' title='bbox 2771 3698 3108 3775; x_wconf 88' lang='lat' dir='ltr'><strong>sublimius,</strong></span> <span class='ocrx_word' id='word_1_660' title='bbox 3140 3698 3242 3759; x_wconf 89' lang='lat' dir='ltr'><strong>sed</strong></span> <span class='ocrx_word' id='word_1_661' title='bbox 3269 3701 3595 3762; x_wconf 88' lang='lat' dir='ltr'><strong>secundum</strong></span> 
     </span>
    </p>
   </div>
   <div class='ocr_carea' id='block_1_85' title="bbox 1956 3786 3590 3872">
    <p class='ocr_par' dir='ltr' id='par_1_85' title="bbox 1956 3786 3590 3872">
     <span class='ocr_line' id='line_1_85' title="bbox 1956 3786 3590 3872; baseline 0.002 -24"><span class='ocrx_word' id='word_1_662' title='bbox 1956 3787 2211 3849; x_wconf 86' lang='lat' dir='ltr'><strong>litteram</strong></span> <span class='ocrx_word' id='word_1_663' title='bbox 2245 3786 2528 3848; x_wconf 82' lang='lat' dir='ltr'><strong>humilius</strong></span> <span class='ocrx_word' id='word_1_664' title='bbox 2574 3787 2922 3848; x_wconf 85' lang='lat' dir='ltr'><strong>tradidimus</strong></span> <span class='ocrx_word' id='word_1_665' title='bbox 2965 3807 3083 3849; x_wconf 89' lang='lat' dir='ltr'><strong>non</strong></span> <span class='ocrx_word' id='word_1_666' title='bbox 3116 3788 3305 3849; x_wconf 92' lang='lat' dir='ltr'><strong>solum</strong></span> <span class='ocrx_word' id='word_1_667' title='bbox 3339 3790 3590 3872; x_wconf 88' lang='lat' dir='ltr'><strong>angelis,</strong></span> 
     </span>
    </p>
   </div>
   <div class='ocr_carea' id='block_1_86' title="bbox 1956 3876 3597 3957">
    <p class='ocr_par' dir='ltr' id='par_1_86' title="bbox 1956 3876 3597 3957">
     <span class='ocr_line' id='line_1_86' title="bbox 1956 3876 3597 3957; baseline 0.002 -20"><span class='ocrx_word' id='word_1_668' title='bbox 1956 3896 2092 3939; x_wconf 89' lang='lat' dir='ltr'><strong>nam</strong></span> <span class='ocrx_word' id='word_1_669' title='bbox 2125 3878 2365 3938; x_wconf 83' lang='lat' dir='ltr'><strong>intimus</strong></span> <span class='ocrx_word' id='word_1_670' title='bbox 2393 3876 2568 3938; x_wconf 73' lang='lat' dir='ltr'><strong>etiam</strong></span> <span class='ocrx_word' id='word_1_671' title='bbox 2608 3878 2817 3938; x_wconf 90' lang='lat' dir='ltr'><strong>horum</strong></span> <span class='ocrx_word' id='word_1_672' title='bbox 2852 3878 3039 3957; x_wconf 87' lang='lat' dir='ltr'><strong>major</strong></span> <span class='ocrx_word' id='word_1_673' title='bbox 3068 3886 3158 3938; x_wconf 91' lang='lat' dir='ltr'><strong>est</strong></span> <span class='ocrx_word' id='word_1_674' title='bbox 3189 3878 3465 3939; x_wconf 91' lang='lat' dir='ltr'><strong>omnibus</strong></span> <span class='ocrx_word' id='word_1_675' title='bbox 3489 3879 3597 3940; x_wconf 86' lang='lat' dir='ltr'><strong>Ec-</strong></span> 
     </span>
    </p>
   </div>
   <div class='ocr_carea' id='block_1_87' title="bbox 1955 3967 3597 4048">
    <p class='ocr_par' dir='ltr' id='par_1_87' title="bbox 1955 3967 3597 4048">
     <span class='ocr_line' id='line_1_87' title="bbox 1955 3967 3597 4048; baseline 0.001 -20"><span class='ocrx_word' id='word_1_676' title='bbox 1955 3967 2154 4029; x_wconf 61' lang='lat' dir='ltr'><strong>clesiae</strong></span> <span class='ocrx_word' id='word_1_677' title='bbox 2180 3967 2506 4045; x_wconf 83' lang='lat' dir='ltr'><strong>theologis;</strong></span> <span class='ocrx_word' id='word_1_678' title='bbox 2532 3986 2647 4027; x_wconf 91' lang='lat' dir='ltr'><strong>non</strong></span> <span class='ocrx_word' id='word_1_679' title='bbox 2663 3968 2851 4027; x_wconf 88' lang='lat' dir='ltr'><strong>solum</strong></span> <span class='ocrx_word' id='word_1_680' title='bbox 2881 3967 3194 4048; x_wconf 82' lang='lat' dir='ltr'><strong>theologis,</strong></span> <span class='ocrx_word' id='word_1_681' title='bbox 3220 3967 3434 4047; x_wconf 88' lang='lat' dir='ltr'><strong>inquit,</strong></span> <span class='ocrx_word' id='word_1_682' title='bbox 3456 3988 3597 4031; x_wconf 72' lang='lat' dir='ltr'><strong>con~</strong></span> 
     </span>
    </p>
   </div>
   <div class='ocr_carea' id='block_1_88' title="bbox 1950 4055 3595 4137">
    <p class='ocr_par' dir='ltr' id='par_1_88' title="bbox 1950 4055 3595 4137">
     <span class='ocr_line' id='line_1_88' title="bbox 1950 4055 3595 4137; baseline 0.001 -19"><span class='ocrx_word' id='word_1_683' title='bbox 1950 4056 2251 4118; x_wconf 85' lang='lat' dir='ltr'><strong>sodalibus</strong></span> <span class='ocrx_word' id='word_1_684' title='bbox 2276 4066 2332 4117; x_wconf 91' lang='lat' dir='ltr'><strong>et</strong></span> <span class='ocrx_word' id='word_1_685' title='bbox 2353 4059 2520 4136; x_wconf 90' lang='lat' dir='ltr'><strong>quasi</strong></span> <span class='ocrx_word' id='word_1_686' title='bbox 2538 4055 2866 4135; x_wconf 84' lang='lat' dir='ltr'><strong>discipulis,</strong></span> <span class='ocrx_word' id='word_1_687' title='bbox 2895 4064 2952 4116; x_wconf 89' lang='lat' dir='ltr'><strong>et</strong></span> <span class='ocrx_word' id='word_1_688' title='bbox 2973 4058 3209 4137; x_wconf 87' lang='lat' dir='ltr'><strong>ascetis,</strong></span> <span class='ocrx_word' id='word_1_689' title='bbox 3234 4057 3337 4133; x_wconf 87' lang='lat' dir='ltr'><strong>qui</strong></span> <span class='ocrx_word' id='word_1_690' title='bbox 3362 4057 3595 4120; x_wconf 89' lang='lat' dir='ltr'><strong>scilicet</strong></span> 
     </span>
    </p>
   </div>
   <div class='ocr_carea' id='block_1_89' title="bbox 1949 4145 3587 4224">
    <p class='ocr_par' dir='ltr' id='par_1_89' title="bbox 1949 4145 3587 4224">
     <span class='ocr_line' id='line_1_89' title="bbox 1949 4145 3587 4224; baseline 0.001 -17"><span class='ocrx_word' id='word_1_691' title='bbox 1949 4146 2177 4208; x_wconf 88' lang='lat' dir='ltr'><strong>divinas</strong></span> <span class='ocrx_word' id='word_1_692' title='bbox 2194 4147 2615 4208; x_wconf 86' lang='lat' dir='ltr'><strong>illustrationes</strong></span> <span class='ocrx_word' id='word_1_693' title='bbox 2637 4145 3013 4220; x_wconf 87' lang='lat' dir='ltr'><strong>exercitio,et</strong></span> <span class='ocrx_word' id='word_1_694' title='bbox 3036 4163 3152 4206; x_wconf 88' lang='lat' dir='ltr'><strong>non</strong></span> <span class='ocrx_word' id='word_1_695' title='bbox 3182 4168 3205 4224; x_wconf 76' lang='grc' dir='ltr'>ι·</span> <span class='ocrx_word' id='word_1_696' title='bbox 3222 4165 3287 4207; x_wconf 90' lang='lat' dir='ltr'><strong>er</strong></span> <span class='ocrx_word' id='word_1_697' title='bbox 3307 4147 3587 4223; x_wconf 89' lang='lat' dir='ltr'><strong>visiones,</strong></span> 
     </span>
    </p>
   </div>
   <div class='ocr_carea' id='block_1_90' title="bbox 1947 4236 3590 4318">
    <p class='ocr_par' dir='ltr' id='par_1_90' title="bbox 1947 4236 3590 4318">
     <span class='ocr_line' id='line_1_90' title="bbox 1947 4236 3590 4318; baseline 0 -20"><span class='ocrx_word' id='word_1_698' title='bbox 1947 4245 2329 4318; x_wconf 91' lang='lat' dir='ltr'><strong>acceperunt,</strong></span> <span class='ocrx_word' id='word_1_699' title='bbox 2357 4244 2420 4297; x_wconf 92' lang='lat' dir='ltr'><strong>ut</strong></span> <span class='ocrx_word' id='word_1_700' title='bbox 2440 4236 2713 4316; x_wconf 87' lang='lat' dir='ltr'><strong>apostoli.</strong></span> <span class='ocrx_word' id='word_1_701' title='bbox 2744 4236 2870 4298; x_wconf 89' lang='lat' dir='ltr'><strong>Non</strong></span> <span class='ocrx_word' id='word_1_702' title='bbox 2896 4236 3087 4297; x_wconf 92' lang='lat' dir='ltr'><strong>solum</strong></span> <span class='ocrx_word' id='word_1_703' title='bbox 3118 4237 3314 4318; x_wconf 85' lang='lat' dir='ltr'><strong>itaque</strong></span> <span class='ocrx_word' id='word_1_704' title='bbox 3334 4237 3427 4299; x_wconf 87' lang='lat' dir='ltr'><strong>his</strong></span> <span class='ocrx_word' id='word_1_705' title='bbox 3446 4239 3590 4298; x_wconf 87' lang='lat' dir='ltr'><strong>sim-</strong></span> 
     </span>
    </p>
   </div>
   <div class='ocr_carea' id='block_1_91' title="bbox 1951 4326 3592 4408">
    <p class='ocr_par' dir='ltr' id='par_1_91' title="bbox 1951 4326 3592 4408">
     <span class='ocr_line' id='line_1_91' title="bbox 1951 4326 3592 4408; baseline 0.003 -23"><span class='ocrx_word' id='word_1_706' title='bbox 1951 4327 2160 4408; x_wconf 89' lang='lat' dir='ltr'><strong>plicius</strong></span> <span class='ocrx_word' id='word_1_707' title='bbox 2190 4334 2247 4388; x_wconf 93' lang='lat' dir='ltr'><strong>et</strong></span> <span class='ocrx_word' id='word_1_708' title='bbox 2275 4326 2558 4387; x_wconf 90' lang='lat' dir='ltr'><strong>humilius</strong></span> <span class='ocrx_word' id='word_1_709' title='bbox 2580 4326 2857 4406; x_wconf 85' lang='lat' dir='ltr'><strong>diximus,</strong></span> <span class='ocrx_word' id='word_1_710' title='bbox 2892 4343 3096 4387; x_wconf 80' lang='lat' dir='ltr'><strong>verum</strong></span> <span class='ocrx_word' id='word_1_711' title='bbox 3122 4326 3298 4387; x_wconf 89' lang='lat' dir='ltr'><strong>etiam</strong></span> <span class='ocrx_word' id='word_1_712' title='bbox 3322 4327 3592 4407; x_wconf 90' lang='lat' dir='ltr'><strong>ipsismet</strong></span> 
     </span>
    </p>
   </div>
   <div class='ocr_carea' id='block_1_92' title="bbox 1946 4413 3592 4497">
    <p class='ocr_par' dir='ltr' id='par_1_92' title="bbox 1946 4413 3592 4497">
     <span class='ocr_line' id='line_1_92' title="bbox 1946 4413 3592 4497; baseline 0 -19"><span class='ocrx_word' id='word_1_713' title='bbox 1946 4414 2272 4497; x_wconf 55' lang='lat' dir='ltr'><strong>aequalibus</strong></span> <span class='ocrx_word' id='word_1_714' title='bbox 2295 4415 2532 4476; x_wconf 88' lang='lat' dir='ltr'><strong>nostris.</strong></span> <span class='ocrx_word' id='word_1_715' title='bbox 2561 4413 2701 4476; x_wconf 69' lang='lat' dir='ltr'><strong>Haec</strong></span> <span class='ocrx_word' id='word_1_716' title='bbox 2723 4433 2883 4489; x_wconf 89' lang='lat' dir='ltr'><strong>vero,</strong></span> <span class='ocrx_word' id='word_1_717' title='bbox 2912 4424 2969 4476; x_wconf 90' lang='lat' dir='ltr'><strong>et</strong></span> <span class='ocrx_word' id='word_1_718' title='bbox 2990 4433 3121 4495; x_wconf 70' lang='lat' dir='ltr'><strong>qual</strong></span> <span class='ocrx_word' id='word_1_719' title='bbox 3143 4423 3499 4495; x_wconf 90' lang='lat' dir='ltr'><strong>sequuntur,</strong></span> <span class='ocrx_word' id='word_1_720' title='bbox 3528 4426 3592 4478; x_wconf 89' lang='lat' dir='ltr'><strong>ut</strong></span> 
     </span>
    </p>
   </div>
   <div class='ocr_carea' id='block_1_93' title="bbox 1950 4503 3588 4581">
    <p class='ocr_par' dir='ltr' id='par_1_93' title="bbox 1950 4503 3588 4581">
     <span class='ocr_line' id='line_1_93' title="bbox 1950 4503 3588 4581; baseline 0.001 -15"><span class='ocrx_word' id='word_1_721' title='bbox 1950 4513 2216 4567; x_wconf 86' lang='lat' dir='ltr'><strong>sanctum</strong></span> <span class='ocrx_word' id='word_1_722' title='bbox 2243 4505 2436 4581; x_wconf 91' lang='lat' dir='ltr'><strong>decet,</strong></span> <span class='ocrx_word' id='word_1_723' title='bbox 2459 4503 3107 4566; x_wconf 80' lang='lat' dir='ltr'><strong>hicPaterdixitstudio</strong></span> <span class='ocrx_word' id='word_1_724' title='bbox 3126 4505 3454 4567; x_wconf 67' lang='lat' dir='ltr'><strong>modestiae.</strong></span> <span class='ocrx_word' id='word_1_725' title='bbox 3482 4510 3588 4569; x_wconf 85' lang='lat' dir='ltr'><strong>Ita-</strong></span> 
     </span>
    </p>
   </div>
   <div class='ocr_carea' id='block_1_94' title="bbox 1954 4594 3592 4676">
    <p class='ocr_par' dir='ltr' id='par_1_94' title="bbox 1954 4594 3592 4676">
     <span class='ocr_line' id='line_1_94' title="bbox 1954 4594 3592 4676; baseline 0.001 -21"><span class='ocrx_word' id='word_1_726' title='bbox 1954 4614 2093 4676; x_wconf 85' lang='lat' dir='ltr'><strong>que,</strong></span> <span class='ocrx_word' id='word_1_727' title='bbox 2120 4594 2261 4655; x_wconf 70' lang='lat'><strong>538</strong></span> <span class='ocrx_word' id='word_1_728' title='bbox 2281 4596 2331 4655; x_wconf 89' lang='lat' dir='ltr'><strong>si</strong></span> <span class='ocrx_word' id='word_1_729' title='bbox 2354 4594 2600 4675; x_wconf 87' lang='lat' dir='ltr'><strong>quidem</strong></span> <span class='ocrx_word' id='word_1_730' title='bbox 2634 4604 2797 4655; x_wconf 82' lang='lat' dir='ltr'><strong>recte</strong></span> <span class='ocrx_word' id='word_1_731' title='bbox 2821 4594 2961 4675; x_wconf 92' lang='lat' dir='ltr'><strong>quid</strong></span> <span class='ocrx_word' id='word_1_732' title='bbox 2987 4594 3379 4674; x_wconf 87' lang='lat' dir='ltr'><strong>conjecimus,</strong></span> <span class='ocrx_word' id='word_1_733' title='bbox 3406 4598 3592 4674; x_wconf 76' lang='lat' dir='ltr'><strong>gratia</strong></span> 
     </span>
    </p>
   </div>
   <div class='ocr_carea' id='block_1_95' title="bbox 1954 4684 3591 4764">
    <p class='ocr_par' dir='ltr' id='par_1_95' title="bbox 1954 4684 3591 4764">
     <span class='ocr_line' id='line_1_95' title="bbox 1954 4684 3591 4764; baseline -0.001 -18"><span class='ocrx_word' id='word_1_734' title='bbox 1954 4687 2027 4746; x_wconf 92' lang='lat' dir='ltr'><strong>sit</strong></span> <span class='ocrx_word' id='word_1_735' title='bbox 2048 4686 2171 4746; x_wconf 80' lang='lat' dir='ltr'><strong>Deo</strong></span> <span class='ocrx_word' id='word_1_736' title='bbox 2198 4684 2489 4744; x_wconf 87' lang='lat' dir='ltr'><strong>honorum</strong></span> <span class='ocrx_word' id='word_1_737' title='bbox 2515 4685 2777 4744; x_wconf 91' lang='lat' dir='ltr'><strong>omnium</strong></span> <span class='ocrx_word' id='word_1_738' title='bbox 2811 4684 3060 4753; x_wconf 90' lang='lat' dir='ltr'><strong>auctori,</strong></span> <span class='ocrx_word' id='word_1_739' title='bbox 3090 4686 3191 4764; x_wconf 90' lang='lat' dir='ltr'><strong>qui</strong></span> <span class='ocrx_word' id='word_1_740' title='bbox 3219 4684 3383 4745; x_wconf 87' lang='lat' dir='ltr'><strong>dedit</strong></span> <span class='ocrx_word' id='word_1_741' title='bbox 3408 4694 3468 4745; x_wconf 91' lang='lat' dir='ltr'><strong>ut</strong></span> <span class='ocrx_word' id='word_1_742' title='bbox 3495 4686 3591 4745; x_wconf 90' lang='lat' dir='ltr'><strong>di-</strong></span> 
     </span>
    </p>
   </div>
   <div class='ocr_carea' id='block_1_96' title="bbox 1954 4773 3592 4854">
    <p class='ocr_par' dir='ltr' id='par_1_96' title="bbox 1954 4773 3592 4854">
     <span class='ocr_line' id='line_1_96' title="bbox 1954 4773 3592 4854; baseline 0.001 -18"><span class='ocrx_word' id='word_1_743' title='bbox 1954 4793 2250 4854; x_wconf 90' lang='lat' dir='ltr'><strong>ceremus,</strong></span> <span class='ocrx_word' id='word_1_744' title='bbox 2278 4782 2337 4835; x_wconf 92' lang='lat' dir='ltr'><strong>et</strong></span> <span class='ocrx_word' id='word_1_745' title='bbox 2369 4773 2521 4834; x_wconf 87' lang='lat' dir='ltr'><strong>bene</strong></span> <span class='ocrx_word' id='word_1_746' title='bbox 2543 4774 2905 4835; x_wconf 88' lang='lat' dir='ltr'><strong>diceremus.</strong></span> <span class='ocrx_word' id='word_1_747' title='bbox 2941 4776 3000 4836; x_wconf 85' lang='lat' dir='ltr'><strong>Si</strong></span> <span class='ocrx_word' id='word_1_748' title='bbox 3035 4773 3174 4853; x_wconf 86' lang='lat' dir='ltr'><strong>quid</strong></span> <span class='ocrx_word' id='word_1_749' title='bbox 3206 4774 3401 4854; x_wconf 87' lang='lat' dir='ltr'><strong>itaque</strong></span> <span class='ocrx_word' id='word_1_750' title='bbox 3433 4784 3592 4838; x_wconf 76' lang='lat' dir='ltr'><strong>recte</strong></span> 
     </span>
    </p>
   </div>
   <div class='ocr_carea' id='block_1_97' title="bbox 1953 4862 3593 4946">
    <p class='ocr_par' dir='ltr' id='par_1_97' title="bbox 1953 4862 3593 4946">
     <span class='ocr_line' id='line_1_97' title="bbox 1953 4862 3593 4946; baseline 0.001 -20"><span class='ocrx_word' id='word_1_751' title='bbox 1953 4865 2235 4939; x_wconf 76' lang='lat' dir='ltr'><strong>diximus,</strong></span> <span class='ocrx_word' id='word_1_752' title='bbox 2253 4864 2338 4924; x_wconf 89' lang='lat' dir='ltr'><strong>vel</strong></span> <span class='ocrx_word' id='word_1_753' title='bbox 2365 4862 2557 4925; x_wconf 83' lang='lat' dir='ltr'><strong>adhuc</strong></span> <span class='ocrx_word' id='word_1_754' title='bbox 2583 4862 2957 4936; x_wconf 86' lang='lat' dir='ltr'><strong>docemus,et</strong></span> <span class='ocrx_word' id='word_1_755' title='bbox 2979 4862 3030 4924; x_wconf 91' lang='lat' dir='ltr'><strong>si</strong></span> <span class='ocrx_word' id='word_1_756' title='bbox 3057 4863 3195 4943; x_wconf 88' lang='lat' dir='ltr'><strong>quid</strong></span> <span class='ocrx_word' id='word_1_757' title='bbox 3225 4883 3593 4946; x_wconf 77' lang='lat' dir='ltr'><strong>eorum,quze</strong></span> 
     </span>
    </p>
   </div>
   <div class='ocr_carea' id='block_1_98' title="bbox 208 4951 1867 5036">
    <p class='ocr_par' dir='ltr' id='par_1_98' title="bbox 208 4955 1867 5036">
     <span class='ocr_line' id='line_1_98' title="bbox 208 4955 1867 5036; baseline -0.002 -23"><span class='ocrx_word' id='word_1_758' title='bbox 208 4980 339 5035; x_wconf 88' lang='grc' dir='ltr'>μεν,</span> <span class='ocrx_word' id='word_1_759' title='bbox 374 4955 482 5029; x_wconf 79' lang='grc' dir='ltr'>ὅτι,</span> <span class='ocrx_word' id='word_1_760' title='bbox 516 4959 609 5014; x_wconf 70' lang='grc' dir='ltr'><strong>κᾶν</strong></span> <span class='ocrx_word' id='word_1_761' title='bbox 638 4955 807 5036; x_wconf 77' lang='grc' dir='ltr'>ἕτεραι</span> <span class='ocrx_word' id='word_1_762' title='bbox 842 4956 1165 5033; x_wconf 70' lang='grc' dir='ltr'>ὃμοδύναμοι</span> <span class='ocrx_word' id='word_1_763' title='bbox 1196 4958 1480 5031; x_wconf 85' lang='grc' dir='ltr'>θεωνυμίαι</span> <span class='ocrx_word' id='word_1_764' title='bbox 1506 4956 1559 5011; x_wconf 82' lang='grc' dir='ltr'>ἐν</span> <span class='ocrx_word' id='word_1_765' title='bbox 1589 4962 1655 5033; x_wconf 73' lang='grc' dir='ltr'>τῇ</span> <span class='ocrx_word' id='word_1_766' title='bbox 1688 4961 1867 5035; x_wconf 76' lang='grc' dir='ltr'>Γραφῇ</span> 
     </span>
    </p>
   </div>
   <div class='ocr_carea' id='block_1_99' title="bbox 1953 4951 3593 5036">
    <p class='ocr_par' dir='ltr' id='par_1_99' title="bbox 1956 4951 3593 5035">
     <span class='ocr_line' id='line_1_99' title="bbox 1956 4951 3593 5035; baseline 0 -20"><span class='ocrx_word' id='word_1_767' title='bbox 1956 4954 2047 5015; x_wconf 91' lang='lat' dir='ltr'><strong>his</strong></span> <span class='ocrx_word' id='word_1_768' title='bbox 2076 4953 2455 5034; x_wconf 73' lang='lat' dir='ltr'><strong>zequivalent,</strong></span> <span class='ocrx_word' id='word_1_769' title='bbox 2485 4952 2791 5013; x_wconf 91' lang='lat' dir='ltr'><strong>nominum</strong></span> <span class='ocrx_word' id='word_1_770' title='bbox 2819 4954 3154 5014; x_wconf 85' lang='lat' dir='ltr'><strong>divinorum</strong></span> <span class='ocrx_word' id='word_1_771' title='bbox 3180 4954 3237 5012; x_wconf 93' lang='lat' dir='ltr'><strong>in</strong></span> <span class='ocrx_word' id='word_1_772' title='bbox 3272 4951 3593 5035; x_wconf 86' lang='lat' dir='ltr'><strong>Scripturis</strong></span> 
     </span>
    </p>
   </div>
   <div class='ocr_carea' id='block_1_100' title="bbox 209 5046 1867 5126">
    <p class='ocr_par' dir='ltr' id='par_1_100' title="bbox 209 5046 1867 5126">
     <span class='ocr_line' id='line_1_100' title="bbox 209 5046 1867 5126; baseline -0.002 -22"><span class='ocrx_word' id='word_1_773' title='bbox 209 5050 490 5122; x_wconf 64' lang='grc' dir='ltr'>εδρεθῶσι,</span> <span class='ocrx_word' id='word_1_774' title='bbox 532 5048 643 5126; x_wconf 71' lang='grc' dir='ltr'><strong>χρὴ</strong></span> <span class='ocrx_word' id='word_1_775' title='bbox 691 5049 780 5103; x_wconf 79' lang='grc' dir='ltr'><strong>καὶ</strong></span> <span class='ocrx_word' id='word_1_776' title='bbox 832 5048 1026 5113; x_wconf 73' lang='grc' dir='ltr'>ταύτας</span> <span class='ocrx_word' id='word_1_777' title='bbox 1083 5048 1219 5103; x_wconf 74' lang='grc' dir='ltr'>κατὰ</span> <span class='ocrx_word' id='word_1_778' title='bbox 1262 5047 1354 5112; x_wconf 83' lang='grc' dir='ltr'>τὰς</span> <span class='ocrx_word' id='word_1_779' title='bbox 1403 5048 1560 5110; x_wconf 66' lang='grc' dir='ltr'>ασῦτας</span> <span class='ocrx_word' id='word_1_780' title='bbox 1608 5046 1867 5125; x_wconf 63' lang='grc' dir='ltr'>ἐκφαντο-</span> 
     </span>
    </p>
   </div>
   <div class='ocr_carea' id='block_1_101' title="bbox 209 5134 1865 5216">
    <p class='ocr_par' dir='ltr' id='par_1_101' title="bbox 209 5134 1865 5216">
     <span class='ocr_line' id='line_1_101' title="bbox 209 5134 1865 5216; baseline -0.001 -24"><span class='ocrx_word' id='word_1_781' title='bbox 209 5138 366 5215; x_wconf 79' lang='grc' dir='ltr'>ρικὰς</span> <span class='ocrx_word' id='word_1_782' title='bbox 414 5136 663 5210; x_wconf 73' lang='grc' dir='ltr'>μεθόδους</span> <span class='ocrx_word' id='word_1_783' title='bbox 694 5138 1139 5216; x_wconf 74' lang='grc' dir='ltr'>προσυφακούειν.</span> <span class='ocrx_word' id='word_1_784' title='bbox 1202 5139 1257 5194; x_wconf 77' lang='grc' dir='ltr'><strong>Εἰ</strong></span> <span class='ocrx_word' id='word_1_785' title='bbox 1288 5136 1342 5191; x_wconf 77' lang='grc' dir='ltr'><strong>δὲ</strong></span> <span class='ocrx_word' id='word_1_786' title='bbox 1374 5136 1469 5193; x_wconf 69' lang='grc' dir='ltr'>οὒκ</span> <span class='ocrx_word' id='word_1_787' title='bbox 1500 5137 1665 5214; x_wconf 77' lang='grc' dir='ltr'>ὀρθῶς</span> <span class='ocrx_word' id='word_1_788' title='bbox 1724 5134 1865 5215; x_wconf 78' lang='grc' dir='ltr'>ἔχει,</span> 
     </span>
    </p>
   </div>
   <div class='ocr_carea' id='block_1_102' title="bbox 207 5223 1864 5304">
    <p class='ocr_par' dir='ltr' id='par_1_102' title="bbox 207 5223 1864 5304">
     <span class='ocr_line' id='line_1_102' title="bbox 207 5223 1864 5304; baseline -0.002 -21"><span class='ocrx_word' id='word_1_789' title='bbox 207 5227 305 5283; x_wconf 81' lang='grc' dir='ltr'><strong>καὶ</strong></span> <span class='ocrx_word' id='word_1_790' title='bbox 361 5223 448 5280; x_wconf 70' lang='grc' dir='ltr'>δια</span> <span class='ocrx_word' id='word_1_791' title='bbox 499 5233 655 5283; x_wconf 78' lang='grc' dir='ltr'>τοῦτο</span> <span class='ocrx_word' id='word_1_792' title='bbox 686 5232 785 5294; x_wconf 73' lang='grc' dir='ltr'>τῆς</span> <span class='ocrx_word' id='word_1_793' title='bbox 843 5226 1090 5293; x_wconf 70' lang='grc' dir='ltr'>ἂληθείας</span> <span class='ocrx_word' id='word_1_794' title='bbox 1136 5224 1330 5288; x_wconf 84' lang='grc' dir='ltr'>ὁλικῶς</span> <span class='ocrx_word' id='word_1_795' title='bbox 1390 5224 1864 5304; x_wconf 77' lang='grc' dir='ltr'>ἀπεπλανήθημεν,</span> 
     </span>
    </p>
   </div>
   <div class='ocr_carea' id='block_1_103' title="bbox 208 5312 1865 5393">
    <p class='ocr_par' dir='ltr' id='par_1_103' title="bbox 208 5312 1865 5393">
     <span class='ocr_line' id='line_1_103' title="bbox 208 5312 1865 5393; baseline 0 -22"><span class='ocrx_word' id='word_1_796' title='bbox 208 5316 248 5385; x_wconf 74' lang='grc' dir='ltr'>ἢ</span> <span class='ocrx_word' id='word_1_797' title='bbox 299 5313 529 5391; x_wconf 76' lang='grc' dir='ltr'>ἀτελῶς,</span> <span class='ocrx_word' id='word_1_798' title='bbox 561 5317 648 5372; x_wconf 80' lang='grc' dir='ltr'>γαὶ</span> <span class='ocrx_word' id='word_1_799' title='bbox 676 5314 760 5371; x_wconf 79' lang='grc' dir='ltr'>διὰ</span> <span class='ocrx_word' id='word_1_800' title='bbox 817 5324 972 5373; x_wconf 80' lang='grc' dir='ltr'>τοῦτο</span> <span class='ocrx_word' id='word_1_801' title='bbox 1009 5322 1238 5391; x_wconf 72' lang='grc' dir='ltr'>μερικῶς</span> <span class='ocrx_word' id='word_1_802' title='bbox 1288 5315 1621 5393; x_wconf 76' lang='grc' dir='ltr'>ἡμάρτομεν,</span> <span class='ocrx_word' id='word_1_803' title='bbox 1666 5312 1758 5381; x_wconf 82' lang='grc' dir='ltr'><strong>εἴη</strong></span> <span class='ocrx_word' id='word_1_804' title='bbox 1805 5315 1865 5371; x_wconf 84' lang='grc' dir='ltr'>ἃν</span> 
     </span>
    </p>
   </div>
   <div class='ocr_carea' id='block_1_104' title="bbox 1952 5042 3588 5123">
    <p class='ocr_par' dir='ltr' id='par_1_104' title="bbox 1952 5042 3588 5123">
     <span class='ocr_line' id='line_1_104' title="bbox 1952 5042 3588 5123; baseline -0.001 -18"><span class='ocrx_word' id='word_1_805' title='bbox 1952 5045 2309 5123; x_wconf 87' lang='lat' dir='ltr'><strong>reperiatur,</strong></span> <span class='ocrx_word' id='word_1_806' title='bbox 2338 5050 2574 5122; x_wconf 82' lang='lat' dir='ltr'><strong>oportet</strong></span> <span class='ocrx_word' id='word_1_807' title='bbox 2610 5042 2793 5106; x_wconf 85' lang='lat' dir='ltr'><strong>etiam</strong></span> <span class='ocrx_word' id='word_1_808' title='bbox 2830 5042 2951 5104; x_wconf 71' lang='lat' dir='ltr'><strong>haec</strong></span> <span class='ocrx_word' id='word_1_809' title='bbox 2984 5044 3312 5104; x_wconf 82' lang='lat' dir='ltr'><strong>secundum</strong></span> <span class='ocrx_word' id='word_1_810' title='bbox 3349 5046 3588 5105; x_wconf 70' lang='lat' dir='ltr'><strong>easdem</strong></span> 
     </span>
    </p>
   </div>
   <div class='ocr_carea' id='block_1_105' title="bbox 1955 5132 3589 5214">
    <p class='ocr_par' dir='ltr' id='par_1_105' title="bbox 1955 5132 3589 5214">
     <span class='ocr_line' id='line_1_105' title="bbox 1955 5132 3589 5214; baseline 0 -19"><span class='ocrx_word' id='word_1_811' title='bbox 1955 5133 2287 5214; x_wconf 82' lang='lat' dir='ltr'><strong>explicandi</strong></span> <span class='ocrx_word' id='word_1_812' title='bbox 2318 5132 2581 5193; x_wconf 87' lang='lat' dir='ltr'><strong>rationes</strong></span> <span class='ocrx_word' id='word_1_813' title='bbox 2628 5132 3099 5212; x_wconf 84' lang='lat' dir='ltr'><strong>subintelligere.</strong></span> <span class='ocrx_word' id='word_1_814' title='bbox 3134 5133 3241 5194; x_wconf 83' lang='lat' dir='ltr'><strong>Sin</strong></span> <span class='ocrx_word' id='word_1_815' title='bbox 3274 5151 3411 5193; x_wconf 87' lang='lat' dir='ltr'><strong>vero</strong></span> <span class='ocrx_word' id='word_1_816' title='bbox 3462 5134 3589 5195; x_wconf 68' lang='lat' dir='ltr'><strong>hccc</strong></span> 
     </span>
    </p>
   </div>
   <div class='ocr_carea' id='block_1_106' title="bbox 1954 5222 3589 5302">
    <p class='ocr_par' dir='ltr' id='par_1_106' title="bbox 1954 5222 3589 5302">
     <span class='ocr_line' id='line_1_106' title="bbox 1954 5222 3589 5302; baseline 0 -19"><span class='ocrx_word' id='word_1_817' title='bbox 1954 5230 2150 5284; x_wconf 88' lang='lat' dir='ltr'><strong>minus</strong></span> <span class='ocrx_word' id='word_1_818' title='bbox 2181 5232 2344 5283; x_wconf 88' lang='lat' dir='ltr'><strong>recte</strong></span> <span class='ocrx_word' id='word_1_819' title='bbox 2375 5240 2440 5283; x_wconf 89' lang='lat' dir='ltr'><strong>se</strong></span> <span class='ocrx_word' id='word_1_820' title='bbox 2470 5222 2748 5301; x_wconf 87' lang='lat' dir='ltr'><strong>habeant,</strong></span> <span class='ocrx_word' id='word_1_821' title='bbox 2774 5232 2950 5302; x_wconf 90' lang='lat' dir='ltr'><strong>atque</strong></span> <span class='ocrx_word' id='word_1_822' title='bbox 2976 5222 3123 5283; x_wconf 88' lang='lat' dir='ltr'><strong>adeo</strong></span> <span class='ocrx_word' id='word_1_823' title='bbox 3154 5241 3189 5283; x_wconf 89' lang='lat' dir='ltr'><strong>a</strong></span> <span class='ocrx_word' id='word_1_824' title='bbox 3221 5224 3466 5282; x_wconf 88' lang='lat' dir='ltr'><strong>veritate</strong></span> <span class='ocrx_word' id='word_1_825' title='bbox 3498 5223 3589 5283; x_wconf 89' lang='lat' dir='ltr'><strong>vel</strong></span> 
     </span>
    </p>
   </div>
   <div class='ocr_carea' id='block_1_107' title="bbox 1950 5311 3591 5392">
    <p class='ocr_par' dir='ltr' id='par_1_107' title="bbox 1950 5311 3591 5392">
     <span class='ocr_line' id='line_1_107' title="bbox 1950 5311 3591 5392; baseline -0.001 -17"><span class='ocrx_word' id='word_1_826' title='bbox 1950 5312 2192 5375; x_wconf 80' lang='lat' dir='ltr'><strong>omnino</strong></span> <span class='ocrx_word' id='word_1_827' title='bbox 2208 5312 2295 5374; x_wconf 85' lang='lat' dir='ltr'><strong>vel</strong></span> <span class='ocrx_word' id='word_1_828' title='bbox 2318 5330 2386 5373; x_wconf 85' lang='lat' dir='ltr'><strong>ex</strong></span> <span class='ocrx_word' id='word_1_829' title='bbox 2404 5317 2577 5392; x_wconf 67' lang='lat' dir='ltr'><strong>parte</strong></span> <span class='ocrx_word' id='word_1_830' title='bbox 2602 5312 3031 5388; x_wconf 87' lang='lat' dir='ltr'><strong>aberravimus,</strong></span> <span class='ocrx_word' id='word_1_831' title='bbox 3060 5311 3173 5372; x_wconf 89' lang='lat' dir='ltr'><strong>erit</strong></span> <span class='ocrx_word' id='word_1_832' title='bbox 3206 5311 3591 5373; x_wconf 88' lang='lat' dir='ltr'><strong>humanitatis</strong></span> 
     </span>
    </p>
   </div>
   <div class='ocr_carea' id='block_1_108' title="bbox 205 5399 1867 5484">
    <p class='ocr_par' dir='ltr' id='par_1_108' title="bbox 205 5403 1862 5484">
     <span class='ocr_line' id='line_1_108' title="bbox 205 5403 1862 5484; baseline -0.002 -21"><span class='ocrx_word' id='word_1_833' title='bbox 205 5406 313 5473; x_wconf 74' lang='grc' dir='ltr'>τῆς</span> <span class='ocrx_word' id='word_1_834' title='bbox 369 5409 469 5471; x_wconf 79' lang='grc' dir='ltr'><strong>σῆς</strong></span> <span class='ocrx_word' id='word_1_835' title='bbox 537 5403 949 5484; x_wconf 74' lang='grc' dir='ltr'>φιλανθρωπίας,</span> <span class='ocrx_word' id='word_1_836' title='bbox 1009 5405 1123 5462; x_wconf 75' lang='grc' dir='ltr'>θεῖε</span> <span class='ocrx_word' id='word_1_837' title='bbox 1186 5407 1429 5481; x_wconf 79' lang='grc' dir='ltr'>Τιμόθεε,</span> <span class='ocrx_word' id='word_1_838' title='bbox 1491 5404 1862 5473; x_wconf 75' lang='grc' dir='ltr'>ἐπανορθώσα-</span> 
     </span>
    </p>
   </div>
   <div class='ocr_carea' id='block_1_109' title="bbox 1953 5399 3593 5484">
    <p class='ocr_par' dir='ltr' id='par_1_109' title="bbox 1953 5399 3593 5481">
     <span class='ocr_line' id='line_1_109' title="bbox 1953 5399 3593 5481; baseline -0.001 -17"><span class='ocrx_word' id='word_1_839' title='bbox 1953 5411 2083 5477; x_wconf 85' lang='lat' dir='ltr'><strong>tuae,</strong></span> <span class='ocrx_word' id='word_1_840' title='bbox 2121 5400 2317 5463; x_wconf 83' lang='lat' dir='ltr'><strong>divine</strong></span> <span class='ocrx_word' id='word_1_841' title='bbox 2347 5402 2998 5481; x_wconf 82' lang='lat' dir='ltr'><strong>Timothee,corrigere</strong></span> <span class='ocrx_word' id='word_1_842' title='bbox 3031 5416 3161 5465; x_wconf 50' lang='lat' dir='ltr'><strong>non.</strong></span> <span class='ocrx_word' id='word_1_843' title='bbox 3183 5408 3395 5478; x_wconf 90' lang='lat' dir='ltr'><strong>sponte</strong></span> <span class='ocrx_word' id='word_1_844' title='bbox 3419 5399 3593 5477; x_wconf 86' lang='lat' dir='ltr'><strong>igno-</strong></span> 
     </span>
    </p>
   </div>
   <div class='ocr_carea' id='block_1_110' title="bbox 202 5488 1867 5577">
    <p class='ocr_par' dir='ltr' id='par_1_110' title="bbox 202 5491 1861 5576">
     <span class='ocr_line' id='line_1_110' title="bbox 202 5491 1861 5576; baseline -0.002 -22"><span class='ocrx_word' id='word_1_845' title='bbox 202 5499 331 5554; x_wconf 79' lang='grc' dir='ltr'>σθαι</span> <span class='ocrx_word' id='word_1_846' title='bbox 384 5495 474 5551; x_wconf 81' lang='grc' dir='ltr'>τὸν</span> <span class='ocrx_word' id='word_1_847' title='bbox 506 5494 760 5561; x_wconf 77' lang='grc' dir='ltr'>ἀκουσίως</span> <span class='ocrx_word' id='word_1_848' title='bbox 806 5497 1093 5576; x_wconf 72' lang='grc' dir='ltr'>ἀγνοοῦντα</span> <span class='ocrx_word' id='word_1_849' title='bbox 1122 5496 1209 5552; x_wconf 87' lang='grc' dir='ltr'><strong>καὶ</strong></span> <span class='ocrx_word' id='word_1_850' title='bbox 1240 5497 1430 5572; x_wconf 79' lang='grc' dir='ltr'>μαθεῖν</span> <span class='ocrx_word' id='word_1_851' title='bbox 1462 5491 1741 5570; x_wconf 85' lang='grc' dir='ltr'>δεόμενον,</span> <span class='ocrx_word' id='word_1_852' title='bbox 1776 5494 1861 5551; x_wconf 83' lang='grc' dir='ltr'><strong>καὶ</strong></span> 
     </span>
    </p>
   </div>
   <div class='ocr_carea' id='block_1_111' title="bbox 1953 5488 3589 5577">
    <p class='ocr_par' dir='ltr' id='par_1_111' title="bbox 1953 5488 3589 5577">
     <span class='ocr_line' id='line_1_111' title="bbox 1953 5488 3589 5577; baseline -0.001 -20"><span class='ocrx_word' id='word_1_853' title='bbox 1953 5492 2506 5575; x_wconf 88' lang='lat' dir='ltr'><strong>rantem,etdiscere</strong></span> <span class='ocrx_word' id='word_1_854' title='bbox 2523 5492 2952 5577; x_wconf 88' lang='lat' dir='ltr'><strong>cupientem,et</strong></span> <span class='ocrx_word' id='word_1_855' title='bbox 2966 5488 3375 5552; x_wconf 78' lang='lat' dir='ltr'><strong>infirmitatem</strong></span> <span class='ocrx_word' id='word_1_856' title='bbox 3398 5508 3589 5555; x_wconf 88' lang='lat' dir='ltr'><strong>meam</strong></span> 
     </span>
    </p>
   </div>
   <div class='ocr_carea' id='block_1_112' title="bbox 295 5654 1501 5739">
    <p class='ocr_par' dir='ltr' id='par_1_112' title="bbox 295 5654 1501 5739">
     <span class='ocr_line' id='line_1_112' title="bbox 295 5654 1501 5739; baseline -0.001 -18"><span class='ocrx_word' id='word_1_857' title='bbox 295 5670 323 5703; x_wconf 84' lang='grc' dir='ltr'>ιι</span> <span class='ocrx_word' id='word_1_858' title='bbox 354 5655 379 5721; x_wconf 95' lang='lat' dir='ltr'><strong>I</strong></span> <span class='ocrx_word' id='word_1_859' title='bbox 409 5655 618 5721; x_wconf 88' lang='lat' dir='ltr'><strong>Thess.</strong></span> <span class='ocrx_word' id='word_1_860' title='bbox 651 5670 731 5739; x_wconf 83' lang='lat' dir='ltr'><strong>iv,</strong></span> <span class='ocrx_word' id='word_1_861' title='bbox 767 5657 867 5722; x_wconf 80' lang='grc'><strong>16.</strong></span> <span class='ocrx_word' id='word_1_862' title='bbox 954 5665 978 5696; x_wconf 77' lang='grc' dir='ltr'><strong><em>ο</em></strong></span> <span class='ocrx_word' id='word_1_863' title='bbox 1008 5654 1035 5720; x_wconf 88' lang='grc' dir='ltr'><strong>Ι</strong></span> <span class='ocrx_word' id='word_1_864' title='bbox 1065 5656 1201 5721; x_wconf 87' lang='lat' dir='ltr'><strong>Cor.</strong></span> <span class='ocrx_word' id='word_1_865' title='bbox 1235 5671 1362 5736; x_wconf 87' lang='lat' dir='ltr'><strong>xm,</strong></span> <span class='ocrx_word' id='word_1_866' title='bbox 1406 5656 1501 5721; x_wconf 75' lang='lat' dir='ltr'><strong>l2.</strong></span> 
     </span>
    </p>
   </div>
  </div>
