4066 6216
310 353 459 422 1017

769 351 869 420 DE
913 352 1249 420 MYSTICA
1327 351 1791 430 THEOLOGIA,
1835 351 2002 418 CAP.
2061 350 2112 417 Ι.
2160 384 2235 399 -
2280 348 2665 418 PARAPHR.
2714 338 3207 415 PACHYMEPUE

3524 332 3678 411 1018

299 488 530 571 ἂκλάὸῃς
560 488 726 570 ἁφὴν,
758 487 895 546 ἀλΛά
952 489 1088 547 κατά
1126 492 1228 559 τὴν
1288 488 1512 560 νοητὴν,
1567 488 1679 558 ἣτις
1739 490 1881 548 ἐστὶν
1910 489 1944 557 ἡ

2034 494 2263 568 captum
2294 487 2786 559 excedentis,alio
2818 487 2993 551 modo
3018 484 3219 550 multis
3242 483 3430 550 oculis
3460 479 3680 562 instrue

297 588 518 661 γνῶσις.
548 580 641 639 Ἐν
671 585 794 659 γοῦν
821 579 900 656 τῷ
928 579 1148 660 ἀναιρεῖ,Δ
1196 579 1359 658 ἢγουν
1413 579 1491 642 τῶ
1539 576 1799 657 ἀγνώστῳ
1853 579 1942 635 καὶ

295 671 528 746 ἀοράτῳ.
588 673 647 730 ού
702 669 860 726 παύει
932 671 1022 726 τὸν
1094 669 1254 727 πόθον
1330 668 1439 726 τῶν
1495 668 1938 748 ἀνατεινομὲνων,

296 759 437 817 ἀλλά
491 757 696 835 μᾶλλον
755 758 1117 838 ἀναζωπυρεῖ,
1202 757 1283 815 διὸ
1365 759 1452 814 καὶ
1512 764 1619 814 τῶν
1667 756 1943 814 καλλονῶν

297 846 609 927 ξρπίπλησι.
666 847 741 904 Σὺ
795 845 873 921 δὲ,
914 849 961 903 ὦ
1054 846 1187 904 καλὲ
1246 846 1468 922 τιμόθεε
1503 894 1520 927 ,
1553 846 1797 912 σύντονος
1854 845 1945 903 ’ἐσο

296 939 429 1016 πρὸς
487 959 553 995 τα
602 937 833 1012 μυστικά
889 936 1151 1017 θεάματα,
1217 938 1290 1003 ὡς
1354 934 1418 993 ἂν
1476 934 1572 992 κάν
1633 936 1770 993 οὕτω
1826 948 1944 999 τοῖς

294 1027 453 1090 θείοις
519 1028 594 1091 ὡς
652 1026 869 1105 εφικτόν
938 1026 1275 1104 ὶντρανίσῃς,
1332 1025 1427 1089 Ὠς
1495 1026 1593 1104 γὰρ
1650 1024 1736 1083 ἐπὶ
1804 1046 1948 1090 τινος

298 1115 489 1191 ὁλκῆς,
548 1115 669 1195 φέρε
748 1117 919 1173 εἰπεῖν
975 1111 1060 1173 διὰ
1114 1116 1334 1195 σχοίνου
1361 1114 1550 1195 βάρους
1578 1116 1721 1178 τινος
1752 1113 1950 1192 ὀφείλει

300 1207 543 1272 σύντονος
573 1219 711 1262 εἶναι
743 1208 772 1262 ὁ
803 1204 996 1283 ἓλκων,
1029 1206 1118 1262 καὶ
1147 1202 1313 1280 μηδὲν
1342 1204 1536 1281 μεταξὺ
1564 1206 1663 1272 τῆς
1696 1204 1941 1261 ἐλειυστι-

298 1297 401 1362 κῆς
458 1293 730 1368 δυνάμεως
799 1295 1108 1373 γαθυερεῖναι
1166 1292 1278 1374 (ἒαν
1342 1295 1442 1374 γὰρ
1495 1298 1724 1374 καθυφῇ,
1783 1294 1942 1351 πάλιν

299 1382 536 1465 ἀρχῆθεν
587 1386 743 1465 χρεία
794 1387 1110 1461 συναγωγῆς
1169 1382 1285 1451 τῆς
1322 1382 1617 1461 δυνάμεως,
1658 1383 1745 1441 καὶ
1785 1381 1942 1440 πάλιν

298 1473 501 1538 τάσεως
580 1474 826 1530 συντόνου
859 1489 875 1504 ⁸
935 1472 1032 1529 καί
1079 1473 1167 1531 ἐὰν
1243 1473 1404 1531 πέἱλιν
1460 1477 1665 1553 καθυφῇ
1738 1475 1825 1531 ἐπι
1880 1475 1945 1531 τὸ

294 1561 526 1642 ἔξαρχῆς
581 1561 717 1635 ἡξει,
764 1561 858 1619 καί
903 1558 1048 1622 0'33?»
1098 1563 1345 1623 εὖοδώσει
1391 1578 1405 1594 ⁸
1457 1565 1491 1633 ἡ
1551 1572 1652 1642 γὰρ
1711 1563 1797 1620 ἐπὶ
1847 1586 1940 1639 μι-

295 1654 418 1730 κρὸν
474 1651 654 1734 ὕφεσις
711 1653 771 1710 τὸ
846 1658 950 1708 πᾶν
1032 1650 1377 1728 ἀπόλλυσινθ)
1439 1652 1575 1710 οὕτω
1656 1651 1785 1710 λάϐε
1855 1655 1944 1710 καὶ

294 1739 382 1799 ἰπὶ
433 1741 531 1810 τῆς
584 1742 723 1806 θείας
781 1742 1219 1821 ἐπεντρανίσεως,
1285 1741 1349 1811 ἦν
1382 1744 1470 1801 καὶ
1519 1740 1788 1822 διατριϐὴν
1848 1741 1941 1798 λέ-

2025 586 2157 649 clm,
2183 586 2463 661 tanquam
2487 578 2801 644 multisriaa
2818 577 3012 661 quoad
3042 576 3413 656 cognitiones
3436 588 3681 661 earum-

2027 665 2161 728 dem
2194 660 2387 748 captui
2418 660 2917 746 accommodatas,
2954 666 3187 730 divinas
3213 671 3501 747 expetunt
3533 660 3675 723 illu-

2026 755 2386 832 strationes;
2444 776 2557 822 nec
2612 758 2843 821 idcirco
2900 757 3059 840 quod
3119 774 3220 821 eas
3279 758 3676 840 assequantur

2026 845 2209 907 etiam
2241 856 2652 928 contemnunt,
2686 849 2792 911 sed
2818 838 2976 930 quod
3008 866 3107 910 eas
3137 845 3506 916 desiderent,
3534 838 3679 920 pol-

2029 935 2474 999 chritudinubis
2527 938 2860 1020 replentur.
2897 936 3047 1002 [llud
3096 948 3295 1000 autem
3339 933 3534 1014 ἀναφὲς
3605 946 3683 990 ne

2030 1025 2360 1087 secundum
2381 1034 2599 1089 tactum
2649 1026 2932 1091 sensilem
2980 1026 3266 1106 accipias,
3324 1022 3432 1086 sed
3456 1037 3676 1082 secun-

2034 1113 2177 1175 dum
2235 1115 2673 1193 intellectilem,
2708 1135 2840 1199 quos
2897 1124 2989 1179 est
3042 1122 3223 1179 notio.
3258 1113 3459 1195 Itaque
3489 1116 3548 1172 in
3581 1109 3679 1199 in-

2023 1202 2210 1269 tactili
2234 1222 2341 1267 seu
2364 1206 2563 1286 ignoto
2596 1218 2653 1268 et
2695 1196 3133 1283 inaspectabili,
3169 1224 3288 1268 non
3322 1202 3478 1266 sistit
3508 1196 3676 1260 desi-

2024 1291 2258 1355 derium
2279 1312 2480 1357 rerum
2540 1294 2920 1377 optabilium,
2953 1295 3057 1358 sed
3092 1295 3286 1373 potius
3326 1289 3678 1365 exsuscitat,

2028 1381 2184 1444 unde
2216 1384 2393 1447 etiam
2418 1384 2966 1465 pulchritudinibus
3008 1385 3320 1464 adimplet.
3354 1381 3443 1444 Tu
3475 1395 3681 1453 ver0,0

2028 1470 2184 1533 bone
2214 1471 2549 1556 Timothee,
2581 1476 2840 1556 mysticis
2903 1474 3261 1555 spectaculis
3292 1469 3563 1541 intende,
3620 1471 3688 1528 ut

2026 1561 2116 1624 vel
2145 1566 2232 1624 sic
2263 1563 2490 1626 divinas
2520 1582 2618 1626 res
2678 1566 2757 1625 uti
2790 1564 2986 1641 decet,
3025 1571 3325 1643 penetres.
3376 1556 3684 1633 Quemad-

2028 1650 2269 1714 modum
2330 1654 2486 1714 enim
2518 1659 2569 1715 si
2616 1655 2711 1716 cui
2757 1654 2922 1735 fune,
2982 1652 3164 1716 utsic
3226 1650 3442 1721 dicam,
3503 1663 3686 1728 grave

2026 1741 2258 1819 pondus
2285 1742 2527 1824 aliquod
2581 1743 3025 1817 attrahendum,
3073 1742 3337 1804 intentus
3380 1754 3538 1818 esse,
3570 1751 3686 1796 nec
3752 1790 3762 1808 ,

296 1853 403 1909 γει.
456 1830 600 1895 Τέως
655 1830 709 1888 δὲ
764 1834 853 1889 καὶ
905 1832 1001 1895 τὰς
1057 1833 1323 1902 αἰσθήσεις
1369 1832 1625 1907 ἀπόλιπε,
1697 1832 1777 1890 ὄτι
1813 1832 1941 1911 ὑπὲρ

2034 1830 2346 1912 quidquam
2381 1833 2703 1894 attractivre
2737 1834 3030 1895 facultatis
3092 1831 3338 1894 interim
3382 1827 3686 1890 remittere

294 1919 570 2000 αἴσθησιν,
629 1922 715 1978 καὶ
770 1922 867 1986 τὰς
922 1922 1157 1995 νοήσεις,
1219 1921 1299 1979 ὅτι
1351 1923 1481 2000 ὑπὲρ
1536 1922 1722 1989 νόησιν
1769 1938 1784 1954 ⁸
1847 1924 1943 1979 καὶ

296 2010 469 2068 πάντα
511 2011 731 2077 αἰσθητά
780 2011 867 2068 καὶ
910 2012 1077 2080 νοητά
1119 2008 1382 2084 σύμϐολα,
1439 2012 1530 2068 καὶ
1582 2012 1659 2084 μὴ
1688 2011 1816 2069 ὅντα
1859 2004 1949 2068 καὶ

299 2100 447 2176 ὂντα,
507 2099 569 2156 ἐκ
624 2099 972 2179 παραλλήλου
1011 2101 1066 2157 τὰ
1123 2102 1278 2159 αὐτὰ.
1328 2102 1402 2159 Τὰ
1446 2101 1545 2179 γὰρ
1576 2101 1799 2167 αἰσθητά
1828 2100 1949 2157 ἐκέ·

300 2187 424 2245 λουν
455 2190 532 2265 μη
580 2189 731 2260 ὄντα,
785 2189 878 2246 ἅτε
936 2187 1239 2264 μεταϐολῆς
1295 2191 1510 2258 ἀπάσης
1556 2191 1781 2247 πάντοτε
1812 2211 1948 2265 μετ-

306 2278 527 2357 έχοντα,
558 2280 647 2336 καὶ
703 2279 781 2356 μὴ
850 2281 1103 2344 ὡσαύτως
1162 2279 1242 2335 ἀεί
1301 2279 1428 2337 ὅντα
1462 2298 1477 2315 '
1536 2281 1603 2337 τα
1658 2278 1710 2336 δὲ
1785 2279 1951 2347 νοητά

307 2367 456 2442 ὅντα,
490 2370 563 2432 ὡς
588 2368 642 2423 ἐν
687 2368 970 2435 ταῦτὸτητι
1020 2368 1269 2444 μένοντα,
1325 2372 1414 2426 καὶ
1471 2371 1600 2447 πρὸς
1656 2371 1753 2437 τὴν
1812 2367 1951 2425 ἕνω-

307 2480 415 2538 σιν,
444 2459 545 2525 τὴν
585 2458 780 2515 ἑνιαίαν
823 2458 1031 2526 ἐκείνην
1061 2459 1147 2515 καὶ
1202 2458 1377 2536 ἀμερῆ
1433 2480 1523 2515 και
1583 2459 1724 2516 θείαν
1784 2459 1953 2515 ὡσαν-

305 2548 351 2606 ιὶ
395 2547 605 2615 νόησιν.
638 2548 802 2607 Τοῦτο
859 2547 959 2627 γὰρ
1004 2550 1148 2604 ἐστιν
1199 2549 1235 2616 ἡ
1289 2547 1498 2623 ἑνωσις,
1533 2548 1651 2605 καθ’
1709 2547 1773 2617 ἦν
1800 2547 1952 2607 ἐνοῦ-

300 2658 391 2696 ται
422 2639 452 2694 ὁ
494 2647 636 2712 νοῦς,
714 2639 803 2695 καί
854 2637 1133 2716 συνάγεται
1207 2639 1282 2702 εἷς
1359 2640 1421 2694 τὸ
1501 2637 1827 2707 κατανοῆσαι
1875 2659 1947 2699 τι.

303 2727 621 2805 Ἀγνώστως
678 2727 990 2794 ἀνατάθητι·
1049 2727 1198 2795 πλὴν
1253 2725 1309 2783 δὲ
1367 2730 1469 2807 μὴ,
1518 2727 1600 2784 δτι
1662 2727 1952 2807 ἀγνώστως

302 2812 468 2897 λέγω,
527 2814 767 2895 ὑπολάϐῃ
820 2815 1070 2889 τις,“ἲιτε
1114 2814 1178 2873 σύ
1235 2817 1359 2893 μὲν,
1422 2818 1496 2881 ὡς
1555 2817 1635 2892 μὴ
1705 2817 1953 2895 ἐφικνούσ

302 2926 461 2982 μενος
519 2907 687 2987 τυχὸν
743 2911 851 2964 τῶν
907 2904 1061 2963 θείων
1110 2906 1466 2984 πραγμάτων,
1500 2906 1717 2985 ἄγνοιαν
1774 2906 1951 2987 ἔχεις,

302 2993 465 3058 ἄλλος
493 2994 549 3052 δὲ
578 3019 659 3061 τις
710 2993 994 3075 γνώσεται,
1052 2993 1174 3053 ἀλλ’
1234 2995 1365 3074 ὑπὲρ
1423 3001 1600 3053 πᾶσαν
1658 2996 1837 3053 οὐσίαν
1866 2996 1954 3053 καὶ

303 3085 508 3163 γνῶσιν
554 3086 621 3143 τά
668 3086 789 3143 θεῖά
819 3086 943 3160 ετσι,
988 3086 1078 3142 καὶ
1134 3082 1412 3152 ἀπολύτους
1476 3091 1636 3142 πᾶσιν
1677 3083 1951 3165 ἄγνωστα,

2032 1919 2208 1981 debet
2242 1920 2401 2002 (nam
2435 1922 2485 1983 si
2517 1923 2664 2004 quid
2719 1923 3043 1997 remiserit,
3076 1938 3284 1984 rursus
3330 1918 3404 1981 ab
3435 1918 3603 1979 initio
3627 1921 3691 1975 ut

2031 2009 2186 2072 vires
2216 2011 2458 2090 colligat
2494 2019 2554 2074 et
2601 2010 2875 2074 intendat
2927 2028 3175 2073 necesse
3223 2017 3336 2091 est,
3383 2016 3441 2070 et
3491 2006 3540 2069 si
3571 2005 3687 2066 ite-

2032 2116 2163 2160 rum
2214 2102 2501 2177 remittat,
2555 2100 2753 2163 denuo
2799 2101 2869 2163 ad
2927 2102 3282 2182 principium
3341 2095 3582 2171 redibit,
3631 2100 3687 2155 et

2032 2189 2182 2252 nihil
2232 2200 2396 2253 recte
2452 2199 2713 2273 peraget,
2760 2195 3041 2274 quoniam
3071 2192 3162 2254 vel
3197 2208 3372 2272 parva
3399 2184 3686 2250 remissio

2034 2289 2219 2343 totum
2272 2281 2546 2355 destruit)
2580 2303 2594 2356 ;
2627 2282 2715 2344 sic
2736 2283 2914 2344 etiam
2960 2284 3164 2360 accipe
3197 2281 3258 2342 in
3318 2277 3515 2340 divina
3549 2292 3682 2356 per-

2036 2370 2420 2447 scrutatione,
2455 2391 2633 2453 quam
2683 2379 2742 2434 et
2791 2373 3285 2437 exercitationem
3335 2375 3526 2430 vocat.
3576 2365 3691 2427 Eo-

2040 2478 2225 2541 usque
2254 2469 2450 2522 autem
2484 2479 2695 2523 sensus
2727 2462 3022 2543 relinque,
3054 2459 3335 2543 quoniam
3360 2474 3537 2537 supra
3558 2471 3695 2516 sen-

2038 2567 2165 2611 sum
2202 2598 2219 2624 ,
2255 2559 2315 2611 et
2336 2550 2795 2633 intellectiones,
2841 2552 2981 2634 quia
3029 2568 3207 2632 supra
3258 2547 3631 2610 intellectum
3665 2561 3683 2603 :

2036 2638 2357 2719 omniaque
2368 2641 2613 2703 sensilia
2626 2642 3111 2722 intellectiliaque
3123 2636 3541 2720 symbolaﬁam
3556 2650 3690 2716 (11ιεῦ

2038 2745 2155 2789 non
2168 2738 2489 2809 suntquam
2513 2750 2647 2812 qua)
2667 2741 2906 2806 sunt,ex
2922 2731 3195 2813 opposito
3226 2725 3529 2809 ipsa.Nam
3554 2740 3689 2786 sen-

2035 2817 2167 2879 silia
2194 2820 2567 2882 vocabantea
2584 2840 2716 2903 qua)
2732 2841 2848 2883 non
2881 2826 3115 2893 sunt,ut
3136 2837 3269 2901 qua;
3291 2835 3532 2880 omnem
3561 2833 3691 2876 mu-

2035 2906 2323 2971 tationem
2359 2910 2806 2993 particlpant,et
2836 2929 2955 2972 non
3002 2918 3141 2972 sunt
3187 2924 3429 2988 semper
3469 2903 3682 2993 eodem

2037 2996 2256 3071 modo;
2305 2998 2669 3063 intellectilia
2705 2992 2841 3063 vero
2872 3017 2945 3063 ea
2985 3016 3121 3080 qua:
3162 3005 3323 3076 sunt,
3382 3002 3596 3073 utpote
3626 2992 3690 3055 in

2036 3086 2342 3150 identitate
2388 3090 2820 3169 permanentia,
2857 3098 2916 3152 et
2972 3105 3156 3170 penes
3198 3087 3481 3149 unionem
3522 3083 3681 3144 illam

303 3172 589 3255 ’Ἃσχετον
640 3172 694 3231 δὲ
724 3172 971 3232 ἔκστασιν
1026 3172 1170 3252 λέγει
1226 3174 1326 3241 τὴν
1382 3173 1728 3254 ἀναχώρησιν
1772 3176 1949 3241 πάσης

394 3263 406 3279 ι
636 3270 703 3279 --.
846 3270 869 3279 -
962 3262 983 3279 ..
1270 3262 1283 3279 .
1540 3263 1553 3279 ς
1700 3264 1711 3279 ς
1892 3264 1906 3279 ε

2036 3178 2262 3279 mittam
2286 3183 2349 3241 et
2377 3179 2686 3279 indi-visam
2718 3179 2791 3242 ad
2822 3179 3079 3242 divinam
3113 3173 3554 3279 quodammodo
3589 3172 3689 3235 iu-

303 3263 572 3345 σχέσεως.
636 3270 722 3332 Mn
776 3270 902 3342 γοῦν
961 3262 1108 3341 ἔχων
1187 3262 1377 3342 σχέσιν
1452 3263 1590 3337 τινὰ,
1649 3264 1787 3335 μὴτε
1843 3264 1949 3338 μὴν

2037 3265 2606 3332 tellectionemﬂmc
2637 3270 2798 3330 enim
2830 3277 2923 3330 est
2945 3268 3110 3347 unio,
3139 3265 3471 3328 secundum
3499 3279 3677 3345 quam

306 3352 433 3431 πρός
492 3353 700 3433 ἑαυτὸν,
761 3354 900 3429 μήτε
957 3353 1067 3428 μὴν
1144 3354 1274 3432 πρὸς
1333 3373 1384 3409 τι
1444 3352 1550 3409 τῶν
1619 3352 1949 3427 κτισμάτωθ,

2040 3374 2209 3416 mens
2237 3356 2441 3419 unitur
2466 3406 2481 3430 ,
2513 3366 2573 3418 et
2601 3358 2917 3419 adducitur
2945 3358 3019 3419 ad
3082 3355 3307 3436 aliquid
3339 3353 3685 3431 intelligen-

307 3440 394 3499 καὶ
436 3440 593 3507 αὐτὸς
642 3442 817 3499 πάντα
874 3439 927 3507 ἐξ
986 3441 1173 3498 ἑαυτοῦ
1212 3438 1449 3520 ἀφελὼν,
1508 3440 1596 3496 καὶ
1656 3440 1717 3496 ἐκ
1746 3440 1949 3496 πάντων

2042 3443 2208 3507 dum.
2266 3443 2410 3506 Sine
2445 3447 2711 3511 motione
2739 3464 2986 3524 assurge
3018 3468 3035 3527 ;
3068 3454 3473 3508 verumtamen
3507 3459 3684 3503 nemo

309 3529 607 3607 ἀπολυθεὶς,
660 3534 735 3597 ὡς
788 3532 927 3605 μήτε
990 3529 1242 3610 κατέχειν
1295 3551 1344 3586 τι
1398 3535 1503 3587 τῶι.
1566 3529 1716 3585 κάτω
1763 3527 1949 3601 συμϐό‹

2043 3533 2522 3616 esistimet,quod
2553 3536 2684 3598 sine
2714 3537 2976 3598 motione
3005 3535 3226 3608 dicam,
3274 3545 3330 3595 te
3360 3532 3514 3595 forte
3549 3540 3688 3591 tan-

308 3619 417 3678 λων
472 3621 559 3677 καὶ
640 3622 926 3693 αἰσθητῶν,
997 3620 1276 3678 καντεῦθεν
1365 3618 1665 3698 ἐδράζεσθαι
1723 3616 1949 3699 οἴεσθαι1

2042 3640 2222 3701 quam
2252 3641 2350 3684 res
2381 3625 2605 3687 divinas
2658 3625 2908 3686 minima
2948 3632 3311 3693 assecutum,
3363 3640 3465 3682 eas
3513 3620 3690 3695 igno-

308 3711 447 3786 μήτε
494 3710 605 3785 μὴν
658 3710 978 3791 κατέχεσθαι
1030 3711 1171 3788 παρά
1230 3731 1374 3773 τινος
1431 3715 1540 3766 τῶν
1597 3708 1851 3766 τοιούτων
1896 3708 1949 3766 ἐκ

2039 3726 2336 3793 ratorum,
2371 3715 2552 3776 alium
2585 3731 2728 3777 vero
2782 3716 3122 3796 quempiam
3155 3714 3286 3776 illas
3342 3708 3688 3772 intellectu-

307 3807 400 3858 τοῦ
422 3801 540 3876 περὶ
571 3800 636 3856 τά
656 3807 873 3857 τοιαῦτα
916 3800 1246 3879 στρέφεσθαι,
1301 3798 1393 3856 οὔτ
1412 3820 1468 3866 ος
1499 3797 1585 3856 ἐπὶ
1629 3798 1730 3865 τὴν
1760 3797 1949 3856 ἀκτῖνα

2039 3802 2338 3875 rum;sed
2389 3803 2591 3866 divina
2635 3823 2814 3884 supra
2846 3823 3085 3867 omnem
3117 3804 3435 3865 essentiam
3468 3812 3530 3862 et
3576 3816 3690 3859 no-

306 3894 408 3956 τῆς
436 3890 576 3952 θείας
606 3887 980 3965 ἀκαταληψίας
1016 3887 1325 3968 ἀναχθήσῄ.

2040 3890 2261 3953 tionem
2295 3893 2598 3958 exsistere.
2634 3904 2809 3975 atque
2845 3894 3118 3956 absolute
3163 3890 3444 3954 omnibus
3493 3888 3695 3968 ignota

307 3993 464 4038 esse.
517 3975 659 4038 554
688 3976 969 4041 Liberum
1022 3994 1160 4038 vero
1205 3992 1515 4040 excessum
1571 3974 2065 4057 dicit,'recessum
2098 3980 2170 4040 ab
2228 3982 2393 4045 omni
2450 3984 2787 4045 affectione.
2828 3984 3069 4047 Nullam
3126 4000 3267 4060 ergo
3300 3979 3528 4042 habens
3593 3977 3687 4038 af-

309 4065 652 4149 fectionem,
685 4085 763 4128 ne
812 4065 1054 4147 quidem
1084 4064 1157 4126 ad
1206 4065 1614 4144 temetipsum,
1641 4084 1753 4128 nec
1802 4067 1974 4128 aliam
2010 4069 2083 4129 ad
2114 4070 2373 4151 aliquam
2411 4083 2766 4154 creaturam,
2804 4084 2866 4136 et
2894 4072 3272 4152 temetipsum
3303 4070 3378 4131 ab
3408 4065 3691 4130 omnibus

304 4153 690 4238 abstrahens,
721 4164 781 4218 et
809 4157 884 4218 ab
934 4154 1213 4217 omnibus
1270 4154 1599 4233 absolutus,
1635 4164 1702 4219 ut
1750 4155 1899 4219 nihil
1950 4158 2127 4220 etiam
2191 4161 2598 4243 symbolorum
2660 4153 3011 4225 inferiorum
3069 4173 3126 4224 et
3184 4159 3497 4223 sensilium
3554 4156 3702 4219 reti-

304 4261 449 4306 neas
500 4246 661 4308 unde
690 4244 916 4325 puteris
965 4243 1353 4324 conﬁrmari;
1414 4262 1612 4324 neque
1671 4246 1849 4306 etiam
1912 4246 2230 4312 retinearis
2284 4252 2359 4312 ab
2413 4253 2613 4333 aliquo
2658 4252 2970 4328 similium,
3006 4261 3063 4314 te
3120 4249 3194 4313 ad
3247 4248 3383 4312 talia
3441 4262 3696 4310 conver-

315 4334 520 4412 tendo;
548 4335 635 4397 sic
667 4335 908 4397 demum
943 4335 1017 4397 ad
1053 4335 1270 4397 divinae
1300 4334 2033 4414 incctnprebensibilitatis
2060 4341 2295 4403 radium
2331 4341 2671 4408 adduceris.

386 4424 514 4505 δη.
602 4426 913 4502 Σημείωσαι
973 4424 1055 4483 ὅτι
1141 4427 1408 4495 ἀμυήτους
1458 4423 1601 4502 λέγει
1668 4427 1757 4482 καὶ
1835 4428 1949 4487 τοὺς

2121 4430 2255 4510 §II.
2291 4434 2442 4497 Nota
2468 4443 2671 4495 autem
2715 4442 2779 4497 ut
2817 4434 3084 4509 ἀμυήτους
3145 4431 3244 4494 hic
3301 4429 3478 4493 etiam
3537 4427 3695 4490 dicat

308 4515 407 4572 οὒκ
474 4514 778 4596 ἀμετᾶχόυς
851 4515 957 4573 ’τῶν
1017 4520 1315 4589 μυστικῶν,
1374 4526 1496 4578 τοῖς
1573 4511 1628 4570 δὲ
1688 4515 1949 4582 αἰσθητοῖς

2048 4539 2175 4594 eos,
2223 4523 2323 4602 qui
2354 4522 2618 4604 alioquin
2649 4524 2825 4586 etiam
2856 4541 2975 4585 non
3005 4530 3146 4585 sunt
3175 4526 3442 4583 exsortes
3477 4527 3702 4601 myste-

310 4600 730 4680 ἃνειλουμένους,
790 4605 880 4662 καὶ
936 4600 1084 4661 οὐδὲν
1167 4603 1296 4680 ὑπὲρ
1353 4603 1419 4661 τά
1503 4604 1632 4661 ὂντα
1701 4607 1843 4662 εἶναι
1904 4606 1949 4661 τε

2047 4600 2298 4685 riorum,
2321 4611 2426 4674 sed
2454 4600 2636 4675 rebus
2664 4613 2859 4676 adhuc
2903 4610 3229 4675 sensilibus
3257 4608 3507 4672 involuti
3537 4600 3697 4688 sunt,

315 4699 475 4750 Θετον
541 4692 986 4773 φανταζομένους,
1067 4691 1317 4759 δηλονότι
1389 4691 1512 4757 τοὺς
1579 4692 1949 4752 πιστεύσαντας

2049 4716 2245 4781 neque
2276 4700 2703 4780 imaginantur,
2736 4701 2925 4765 Deum
2977 4701 3300 4783 quidquam
3332 4716 3466 4762 esse
3522 4713 3703 4777 supra

314 4780 414 4859 μὲν
471 4788 550 4871 τῷ
608 4783 831 4859 ὀνόματι
885 4781 980 4840 τού
1037 4789 1292 4863 Χριστοῦ,
1342 4782 1420 4871 μή
1448 4781 1558 4871 μὴν
1589 4780 1676 4839 ἰπὶ
1704 4779 1949 4841 τελεωτέ-

2048 4804 2116 4850 ea
2148 4779 2279 4871 quae
2307 4779 2627 4866 exsistunt,
2649 4791 2755 4869 qui
2779 4779 3056 4854 videlicet
3090 4779 3161 4852 in
3184 4789 3427 4852 nomine
3457 4785 3696 4868 quidem

315 4891 412 4963 ραν
469 4869 716 4963 ἐλθόντας
775 4877 991 4952 γνῶσιν⁸
1052 4871 1348 4963 ἀμύστουςΔ
1370 4869 1427 4928 δὲ
1477 4869 1622 4949 λέγει
1683 4871 1808 4963 τοξκ⁸
1823 4894 1949 4930 παν-

2046 4869 2265 4941 Christi
2295 4878 2583 4961 credunt,
2628 4880 2702 4943 ad
2750 4880 3170 4963 perfectiorem
3202 4886 3399 4941 tamen
3429 4874 3697 4938 notitiam

317 4958 515 5017 τᾶπασι
572 4961 785 5018 πάντων
835 4966 941 5018 τῶν
1002 4962 1272 5036 μυστικῶν
1327 4959 1631 5040 ἀμετόχους
1687 4956 1962 5019 εἰδολολά-

315 5069 465 5125 τρας,
508 5050 652 5118 Φησὶ
697 5049 892 5107 τοίνυνο
927 5048 1077 5128 ’Ὅρα
1105 5050 1185 5121 μὴ
1212 5071 1293 5116 τις
1324 5049 1385 5107 ἑκ
1406 5049 1603 5106 τούτων
1634 5054 1738 5105 τῶν
1768 5072 1963 5125 μυστι-

316 5136 426 5195 κῶν
501 5136 864 5207 ὶπικούσηται
924 5157 942 5178 ⁸
992 5140 1039 5196 εἰ
1080 5139 1182 5219 γάρ
1230 5140 1279 5196 οἱ
1308 5137 1537 5214 ἀμύητοι
1601 5134 1749 5195 οὖδέν
1805 5137 1963 5222 ἔχου-

317 5248 400 5283 σιν
496 5226 829 5307 ὑψηλότερον
927 5230 1338 5307 φαντασθῆναι,
1451 5225 1591 5284 ἀλλά
1698 5229 1965 5304 νομίζουσι

309 5320 551 5374 τοιοῦτον
579 5329 722 5375 εῖναι
777 5318 871 5374 τὸν
957 5319 1087 5375 Θεὸν
1126 5318 1301 5383 καθὼς
1346 5315 1588 5375 δύνανται
1619 5317 1764 5375 αὒτοὶ
1794 5332 1963 5396 νοεῖν,

311 5405 411 5462 τὸν
487 5404 706 5483 θέμενον
816 5405 1006 5472 σκότος
1089 5405 1402 5487 ἀποκρυφὴν
1512 5408 1671 5464 αὐτοῦ
1725 5453 1742 5486 ,
1829 5411 1964 5467 κατά

310 5494 413 5564 τὴν
443 5495 677 5577 Γραφῆν.
724 5492 971 5564 δηλονότι
1014 5497 1105 5570 τὸν
1186 5496 1242 5554 ὲν
1286 5500 1353 5574 τῇ
1437 5493 1698 5575 δπέρτᾶτῃ
1781 5494 1959 5581 ἀγνω.

410 5680 442 5719 ιι
476 5668 632 5738 Psal.
668 5684 804 5747 χιιι,
836 5667 935 5734 12.

2045 4984 2166 5030 non
2219 4976 2534 5049 assurgunt
2578 4988 2596 5047 ;
2658 4971 2923 5045 ἀμύστους
2955 4987 3097 5033 vero
3121 4976 3289 5030 vocat
3330 4965 3695 5036 idololatras.

2043 5056 2312 5120 omnium
2331 5076 2576 5140 prorsus
2601 5065 3012 5139 mysteriorum
3036 5055 3430 5122 exsortes.Ait
3450 5054 3695 5133 itaque;

2045 5141 2191 5207 Vide
2221 5166 2299 5211 ne
2339 5148 2473 5230 quis
2498 5165 2707 5211 eorum
2766 5149 3049 5230 mysteria
3100 5148 3229 5211 haec
3257 5146 3459 5209 audiat
3515 5161 3697 5221 ;nam

2047 5237 2098 5296 si
2117 5233 2206 5297 illi
2234 5237 2338 5317 qui
2369 5256 2491 5299 non
2524 5247 2664 5300 sunt
2698 5237 3000 5320 instructi,
3029 5237 3174 5300 nihil
3207 5234 3525 5299 sublimius
3546 5230 3697 5294 ima-

2044 5322 2237 5404 ginari
2303 5327 2552 5409 possint,
2599 5326 2705 5389 sed
2759 5326 3107 5391 existiment
3158 5320 3499 5387 istiusmodi
3559 5339 3697 5384 esse

2044 5411 2258 5497 Deum,
2292 5416 2530 5500 qualem
2553 5415 2666 5500 ipsi
2687 5415 3013 5495 concipere
3043 5420 3314 5496 possunt,
3347 5412 3452 5489 qui
3474 5427 3696 5473 secun-

2044 5502 2185 5572 dum
2201 5503 2572 5591 Scripturam
2595 5508 2798 5595 posuit
2820 5505 3102 5570 tenebras
3118 5502 3445 5575 latibulum
3462 5513 3694 5588 suumn,
