4064 6212
442 249 595 348 1019
1601 250 1664 324 s.
1709 257 2050 324 DIONYSII
2091 256 2620 327 AREOPAGIT/E.
3644 260 3797 338 1020

424 392 484 458 id
511 403 600 458 est
629 391 731 472 qui
762 392 818 457 in
845 390 1268 458 sublimissima
1314 390 1686 476 ignoratione
1737 397 2008 460 absconsu

2095 393 2235 482 Ασίᾳ
2290 391 2711 471 καλυπτόμενον⁸
2771 390 2938 454 τίᾶν
3000 420 3082 466 τις
3131 397 3260 481 φαίη
3321 399 3438 482 περὶ
3483 415 3589 464 τῶν
3645 407 3797 465 uil-

423 494 538 562 est;
559 485 703 563 quid
729 486 883 548 dicat
908 485 1047 576 quis
1073 485 1148 546 de
1174 484 1252 576 iis
1283 485 1384 566 qui
1428 486 1608 565 magis
1645 489 1871 566 profani
1894 507 2004 551 sun

2141 481 2233 540 λον
2292 483 2566 564 ἀμύστων,
2622 488 2707 542 καὶ
2751 487 3196 568 εἰδωλολατρῶνς
3253 495 3326 551 Τὸ
3367 481 3444 571 δέ,
3478 499 3606 576 ὑπὲρ
3665 498 3798 555 τοῦ-

423 584 479 637 et
513 577 832 638 idololatrse
884 574 1191 668 existunt?
1231 577 1375 638 Cum
1411 593 1552 668 vero
1585 577 1729 668 dicit
1751 597 1929 658 supra
1950 579 2008 641 hc

2138 593 2257 638 το-ις
2325 574 2459 630 εἶσίν
2539 577 2590 631 αἱ
2659 579 2798 633 θεῖαι
2871 582 3262 659 μυσταγωγίαι,
3339 590 3399 644 οὗ
3466 574 3636 668 λέγει,
3703 587 3793 645 ὅτε

421 683 553 754 esse
584 665 808 726 divinas
852 663 1262 754 mystagogias,
1297 684 1414 726 non
1444 667 1576 728 ideo
1603 667 1744 729 dicit
1766 670 1924 750 quod
1957 670 2008 732 di

2137 664 2302 741 ταχὺν
2346 664 2476 741 ὑπὲρ
2519 665 2706 729 αὖτοὺς
2738 665 2834 741 μέν
2890 670 2988 724 εἰσι
3019 670 3085 725 τὰ
3131 674 3272 751 θεῖα,
3306 675 3434 754 ὑπὲρ
3483 663 3676 741 ἄλλοῦς
3735 677 3791 734 δὲ

417 753 548 816 vina
573 755 724 816 forte
753 773 929 833 supra
959 754 1067 816 bos
1116 753 1356 834 quidem
1389 755 1526 836 sint,
1560 775 1678 818 non
1721 758 2008 821 sintautei

2135 749 2229 806 οῦκ
2285 754 2407 808 εἰσν
2438 755 2525 810 καὶ
2573 755 2623 810 τί
2656 756 2755 832 γὰρ
2817 755 2960 821 ξένον
3001 759 3090 839 ἦν,
3125 760 3179 816 εἴ
3222 785 3321 840 περ
3370 767 3544 844 αὐτοὶ,
3581 781 3791 846 παγεῖς

411 863 590 923 supra
615 844 762 907 alios
788 865 802 921 ;
827 843 1046 906 etenim
1079 844 1217 924 quid
1251 845 1382 906 novi
1405 854 1553 919 erat,
1583 847 1878 927 siquidem
1911 851 2001 930 ips

2133 839 2302 916 ὄντες,
2338 843 2396 897 οὗ
2456 842 2912 919 κατελάμϐανον;
2971 849 3044 906 Οῦ
3102 850 3200 927 γὰρ
3249 853 3428 927 εἶπεν,
3473 846 3633 932 Ὑπὲρ
3692 859 3790 925 τὴν

2210 931 2221 947 1
2467 939 2490 947 ι.
2673 932 2786 947 ονε.
2848 927 2904 947 ε--
2952 937 2965 947 ι
3103 943 3115 947 -
3193 940 3203 947 .
3350 944 3360 947 Α
3519 946 3524 947 ,
3593 945 3599 947 _

413 953 545 998 eum
577 935 759 996 rudes
788 943 1008 1010 essent,
1063 953 1132 996 ea
1176 954 1290 998 non
1343 937 1823 1014 caperent?Non
1887 941 2008 1002 enii

2130 931 2331 986 τούτων
2389 939 2608 1011 γνῶσιν,
2664 932 2786 989 ἀλλ’
2848 931 3007 999 ’Υπὲρ
3064 940 3274 1014 αὐτοὺς,
3335 944 3534 1001 ὡσανεῖ
3590 931 3789 1025 λέγων,

413 1025 602 1088 dixit:
652 1023 846 1105 Supra
898 1025 1107 1087 horum
1178 1025 1596 1105 cognitionem,
1650 1029 1803 1092 sed:
1858 1033 2008 1112 Supr

2133 1017 2248 1074 οῦδὲ
2303 1028 2450 1077 τοῦτο
2482 1020 2800 1098 κατέλαϐον,
2833 1023 2913 1080 ὅτι
2975 1029 3002 1082 6
3058 1030 3188 1092 Θεὸς
3218 1033 3348 1110 ὑπὲρ
3391 1035 3419 1088 ὃ
3471 1041 3661 1102 νοῆσαι
3693 1036 3788 1093 δῦ-

410 1114 570 1194 ipsos
605 1135 712 1191 ;ac
743 1114 792 1176 si
818 1115 1087 1188 diceret;
1144 1115 1421 1177 Nondum
1456 1121 1648 1178 sciunt
1701 1117 1888 1189 Deum
1919 1110 2008 1183 ess

2139 1129 2312 1164 νανται
2391 1112 2533 1167 οὗτοι
2594 1110 2760 1167 ἔστιν·
2815 1113 2953 1170 ἀλλὰ
3020 1119 3107 1173 καὶ
3165 1128 3321 1178 τοῦτο
3387 1123 3518 1202 ὑπὲρ
3594 1130 3784 1192 αὖτοὺς

408 1223 586 1285 supra
631 1204 690 1265 id
718 1205 872 1285 quod
914 1213 1156 1285 possunt
1207 1204 1582 1281 intelligere;
1646 1207 1788 1286 quin
1832 1218 1889 1270 et
1937 1211 2008 1272 ho

2131 1197 2389 1276 ἐγεγόνει,
2448 1202 2534 1257 καὶ
2593 1202 2797 1258 οἴονται
2857 1210 2925 1280 τῇ
2968 1207 3168 1263 ἑαυτῶν
3240 1211 3434 1288 γνώσει
3506 1216 3566 1270 τὸ
3625 1223 3787 1275 Θετον

407 1312 611 1356 eorum
636 1302 868 1374 captum
895 1292 1146 1370 excedit,
1178 1298 1238 1355 et
1269 1293 1634 1356 arbitrantur
1665 1315 1770 1358 sua
1803 1299 2008 1361 notion

2132 1287 2342 1369 εἰδέναι,
2415 1297 2687 1357 νοσοῦντες
2760 1293 2859 1361 τὴν
2939 1293 3130 1364 διπλῆν
3215 1297 3454 1377 ἄγνοιαν,
3535 1303 3784 1370 δηλονότι

405 1404 469 1447 se
528 1388 711 1448 Deum
761 1402 958 1463 nosse,
1019 1383 1239 1462 duplici
1311 1383 1645 1446 laborantes
1689 1387 2008 1465 ignorantia

2128 1380 2227 1446 τὴν
2279 1381 2414 1435 κατὰ
2457 1379 2704 1456 διάθεσιν,
2738 1387 2827 1440 καὶ
2884 1385 2950 1440 τα
3007 1390 3129 1443 θεῖα
3182 1389 3514 1467 ἀγνοοῦντες,
3551 1398 3641 1451 καὶ
3699 1398 3785 1453 ὅτι

402 1473 630 1536 scilicet
656 1473 983 1536 secundum
1025 1474 1323 1547 affectum,
1358 1485 1417 1561 et
1450 1473 1646 1535 divina
1679 1475 2008 1554 ignorantes

2127 1469 2399 1546 ἀγνοοῦσιν
2467 1472 2558 1526 οὒκ
2619 1470 2836 1536 εἰδότες·
2899 1477 2958 1532 Τί
3011 1476 3137 1553 γοῦν
3194 1481 3440 1555 εἴποιμεν
3500 1486 3626 1561 περί
3673 1494 3782 1543 τῶν

405 1573 462 1626 et
491 1563 645 1644 quod
694 1563 969 1642 ignorent
1010 1562 1361 1624 nescientes.
1386 1560 1534 1635 Quid
1572 1565 1748 1642 igitur
1774 1565 2006 1628 dicemu

2124 1560 2391 1636 ἀρύστων,
2452 1560 2565 1618 ὅσοι
2625 1563 2714 1618 τὸν
2775 1565 2904 1620 Θεὸν
2962 1563 3021 1621 ἐκ
3097 1575 3202 1624 τῶν
3258 1575 3440 1636 αὖτοϊς
3496 1574 3776 1656 ἐσχάτων,

402 1662 478 1724 de
502 1661 786 1743 profanis,
819 1663 917 1742 qui
951 1664 1136 1725 Deum
1177 1681 1245 1724 ex
1302 1661 1482 1724 rebus
1515 1663 1754 1738 inlimis,
1808 1665 2008 1729 scilice

2095 1645 2371 1767 ιδηλονὸτι
2427 1657 2534 1706 τῶν
2597 1651 2824 1732 ἀψύχων
2881 1653 3019 1711 ὑλῶν
3090 1659 3178 1714 καί
3236 1645 3606 1740 μορφωμᾶτιῦν
3662 1645 3782 1745 χαις

2130 1741 2488 1770 -....-..-ξγ-..-.
2529 1755 2542 1770 ο
2608 1742 2727 1770 ΑΔ-..
2775 1742 2856 1770 Ἇ-⁹
2915 1747 3042 1770 μ’-η-
3095 1769 3100 1770 ,
3169 1749 3180 1770 ρ
3275 1756 3299 1766 α-
3497 1760 3522 1769 ..
3612 1756 3634 1770 η

399 1752 735 1814 inanimatis
767 1751 1034 1814 materiis
1067 1760 1125 1814 et
1171 1752 1374 1814 formis
1423 1752 1819 1818 describunt?
1848 1759 2007 1835 Opor

2095 1743 2545 1816 ’ρακτηρῑζουσι;
2600 1743 2728 1798 Δέον
2774 1743 2856 1799 ἐπ’
2909 1747 3052 1819 αὖτῷ
3092 1749 3180 1804 καί
3229 1756 3401 1807 πᾶσαν
3456 1760 3559 1811 τῶν
3610 1743 3781 1811 ὅντων

403 1849 488 1904 tet
517 1842 691 1904 etiam
747 1842 864 1924 ipsi
919 1861 1156 1904 omnem
1206 1860 1405 1904 rerum
1467 1843 1819 1921 positionem
1871 1849 2042 1910 attri-

403 1931 614 2010 buere,
647 1933 796 1994 sicut
827 1933 882 1994 in
915 1931 1064 1994 libro
1099 1931 1188 1993 De
1217 1933 1448 1994 divinis
1475 1935 1817 1998 nominibus
1851 1937 2038 2000 tradi-

402 2021 624 2096 dimus,
658 2022 938 2104 quoniam
973 2041 1040 2084 ex
1084 2022 1362 2084 omnibus
1393 2023 1652 2084 divinum
1679 2025 1910 2089 Numen
1936 2046 2039 2090 no-

402 2111 686 2187 minatur,
732 2120 1008 2194 tanquam
1051 2129 1229 2173 causa
1284 2130 1358 2174 ex
1402 2112 1635 2175 eﬂ‘ectis
1668 2134 1683 2194 ;
1718 2123 1776 2176 et
1833 2117 2034 2179 omnia

394 2200 507 2281 ipsi
529 2202 928 2276 attribuenda,
952 2212 1227 2283 tanquam
1263 2201 1567 2264 exsistenti
1599 2221 1778 2284 supra
1805 2206 2028 2271 omnia.

391 2299 522 2362 Non
555 2301 712 2364 enim
736 2301 967 2365 axioma
1012 2301 1494 2363 contradictionis
1552 2303 1632 2362 ibi
1676 2302 1871 2364 locum
1917 2304 2028 2367 ba-

387 2387 511 2465 bet,
535 2389 689 2454 sicut
712 2391 831 2466 hic;
863 2392 1143 2474 quoniam
1169 2391 1265 2454 hic
1294 2391 1354 2451 in
1377 2408 1444 2451 re
1477 2395 1638 2454 omni
1664 2393 1754 2454 vel
1778 2392 2031 2457 afﬁrma-

388 2478 467 2540 tio
498 2488 586 2543 est
631 2481 720 2543 vel
757 2485 1011 2560 negatio,
1062 2489 1121 2543 et
1171 2480 1222 2542 si
1251 2481 1560 2542 afﬁrmatio
1593 2500 1730 2544 vera
1784 2487 1878 2556 sit,
1918 2503 2028 2546 ne-

389 2574 542 2645 gatio
573 2569 719 2633 falsa
765 2577 878 2646 est,
916 2571 1005 2634 vel
1039 2579 1240 2634 contra
1275 2591 1291 2647 ;
1324 2569 1406 2631 ibi
1430 2588 1567 2632 vero
1606 2579 1725 2633 tam
1757 2572 2024 2635 afﬁrma-

386 2657 466 2720 tio
523 2678 698 2739 quam
750 2661 891 2724 554
927 2662 1158 2741 negatio
1190 2678 1323 2723 vera
1366 2668 1470 2736 est.
1512 2663 1840 2724 secundum
1895 2682 2027 2726 sen-

381 2765 486 2808 sus
509 2747 722 2815 dictos.
756 2752 902 2814 Cum
933 2771 1069 2814 vero
1103 2751 1260 2813 Deus
1283 2751 1357 2811 sit
1395 2765 1577 2830 supra
1619 2769 1852 2813 omnem
1889 2771 2023 2814 cum

382 2835 737 2902 oblationem
775 2849 894 2902 tum
930 2840 1373 2921 positionem,et
1402 2857 1579 2918 supra
1613 2841 1670 2902 id
1705 2841 1860 2922 quod
1907 2859 2021 2905 non

381 2936 495 2999 est.
521 2935 579 2989 et
599 2947 777 3008 supra
806 2931 862 2992 id
891 2930 1048 3011 quod
1081 2939 1194 3009 est,
1249 2937 1309 2992 et
1329 2947 1506 3011 supra
1532 2931 1931 3009 cognitionem
1967 2942 2025 2995 et

381 3017 1218 3100 supraignorationem,multo
1241 3020 1422 3097 magis
1440 3027 1525 3080 est
1544 3037 1725 3100 supra
1747 3021 2026 3099 privatio-

2126 1829 2484 1908 καταφάσκειν
2541 1830 2703 1906 θέσιν,
2739 1834 2812 1894 ὡς
2872 1832 2925 1889 ἒν
2980 1842 3057 1910 τῷ
3115 1839 3240 1916 Περί
3293 1842 3442 1896 θείων
3501 1844 3781 1920 ὀνομάτων

2124 1915 2400 1998 ἐλέγομεν,
2466 1917 2546 1976 ὅτι
2604 1920 2662 1977 ἐκ
2718 1923 2933 1978 πάντων
2979 1926 3036 1981 τὸ
3083 1915 3238 1984 Θεῖον
3297 1915 3634 2012 ὀνομάζεται,
3695 1937 3775 2001 ὡς

2121 2005 2294 2074 αἴτιος
2363 2011 2425 2065 εκ
2491 2015 2596 2066 τῶν
2677 2012 2947 2072 αἱτιατῶνο
3027 2015 3116 2072 καί
3196 2023 3298 2074 πᾶν
3371 2022 3399 2076 ὃ
3469 2024 3774 2104 κατέφησεν

2119 2096 2471 2177 ἀποφάσκων,
2532 2101 2604 2164 ὡς
2680 2100 2810 2180 ὑπὲρ
2869 2102 2935 2159 τὰ
2994 2104 3119 2161 ὄντα
3193 2106 3326 2168 ὄντι.
3385 2111 3458 2167 Οῦ
3541 2096 3652 2194 γάἑρ
3707 2116 3775 2172 τὸ

2117 2185 2320 2262 ἀξίωμα
2376 2193 2474 2255 τῆς
2531 2190 2858 2270 ἀντιφάσεως
2911 2191 3087 2250 ἔιιεϊσε
3146 2196 3332 2276 χώραν
3377 2199 3515 2281 ἔχει,
3675 2202 3772 2260 ἒν-

2114 2280 2298 2336 ταῦθα·
2358 2276 2576 2371 ἐνταῦθα
2630 2281 2730 2371 γὰρ
2785 2279 2873 2337 ἐπί
2931 2285 3126 2350 παντὸς
3196 2288 3230 2355 ἡ
3300 2276 3592 2371 κατᾶιρασις
3635 2292 3672 2362 ἢ
3731 2294 3769 2362 ἡ

2113 2365 2400 2448 ἀπόφασις,
2466 2370 2553 2426 καὶ
2614 2370 2659 2427 εἰ
2713 2371 2749 2438 ἡ
2820 2372 3117 2453 κατάφασις
3191 2375 3415 2454 ἀλήθιὶς,
3449 2365 3674 2456 ῠψευδὴς
3731 2385 3770 2451 ἢ

2111 2453 2397 2536 ἀπόφασις,
2452 2458 2488 2527 ἢ
2542 2459 2604 2517 τὸ
2658 2459 2941 2518 ἀνάπαλιν⁹
3003 2463 3181 2522 ἐνετσε
3247 2467 3301 2524 δὲ
3357 2473 3447 2527 καὶ
3492 2453 3539 2541 *ἡ
3587 2474 3762 2530 κατά·

2109 2567 2265 2641 φασις
2323 2547 2416 2641 διαί
2475 2550 2510 2618 ἡ
2568 2549 2834 2641 ἀπόφασις
2892 2551 3121 2621 ἀληθεῖς
3169 2559 3300 2637 πρὸς
3355 2561 3450 2623 τὰς
3507 2583 3768 2641 προειρη-

2109 2635 2270 2710 μένας
2327 2636 2545 2702 ἑννοίας.
2609 2639 2759 2697 Ἐπεὶ
2811 2640 2866 2698 δὲ
2919 2643 2980 2698 τὸ
3032 2635 3376 2728 Θεῐοννῦπέρ
3433 2635 3612 2707 πᾶσαν
3662 2635 3769 2709 ’καὶ

2108 2724 2378 2805 ἀφαίρεσιν
2433 2729 2520 2784 καὶ
2575 2728 2715 2785 θέσιν
2764 2728 2896 2807 ἐστὶ,
2958 2733 3044 2789 καὶ
3104 2735 3236 2806 ὑπὲρ
3291 2724 3359 2794 τὸ⁷
3405 2740 3484 2815 μὴ
3537 2741 3627 2815 ὃν,
3673 2743 3767 2799 καὶ

2107 2813 2235 2878 ὑπὲρ
2289 2818 2350 2871 τὸ
2399 2816 2482 2896 ὃν,
2541 2819 2626 2874 καὶ
2683 2820 2812 2898 ὑπερ
2864 2827 3088 2903 γνῶσιν,
3134 2827 3226 2882 καὶ
3281 2813 3415 2908 ὑπὲρ
3463 2829 3759 2908 ἀγνωσίαν,

2107 2901 2294 2978 πολλῷ
2325 2902 2485 2962 πλέον
2528 2904 2638 2963 ἐστὶ
2667 2907 2726 2963 τὸ
2777 2908 2906 2986 ὑπὲρ
2937 2911 3030 2972 τὰς
3074 2901 3436 2991 στερήσειςῆ
3476 2901 3609 2994 ὑπὲρ
3660 2901 3763 2983 τάξ

2106 2991 2300 3066 θέσεις,
2367 2992 2422 3050 Ὀ
2499 2995 2599 3073 γὰρ
2656 2997 2883 3074 ἀναιρῶν
2941 2998 3084 3056 θέσιν
3142 3003 3435 3079 ὡρισμένον
3486 3028 3538 3062 τι
3596 3005 3761 3062 ἄναι-

380 3081 806 3190 ηθὲ,νθῘέυρη
829 3081 1443 3190 positiones.Namqui
1467 3081 2008 3193 tollitlpos'ilionem,

2106 3095 2212 3162 ρετ,
2247 3084 2332 3139 καὶ
2379 3081 2512 3145 ἴσως
2546 3087 2574 3140 6
2605 3093 2722 3149 νοῦς
2769 3087 2854 3142 ἐπ’
2885 3086 3015 3144 ἄλλο
3046 3097 3425 3165 μεταπεσεῖται
3484 3095 3759 3170 οἰόμενος,

2108 3171 2122 3193 2
2201 3173 2214 3192 ἱ
2279 3171 2292 3192 ν
2364 3172 2392 3193 Ὗ
2546 3175 2560 3193 1
2634 3175 2662 3193 τ’
2821 3184 2843 3193 ε.
2996 3178 3022 3193 ευ
3167 3180 3192 3193 η
3457 3182 3482 3193 ιι
3637 3186 3648 3193 .

380 3195 686 3262 definitum
717 3200 859 3281 quid
893 3200 1063 3276 tollit,
1097 3209 1156 3263 et
1187 3199 1337 3261 forte
1370 3218 1538 3261 meus
1566 3201 1638 3261 ad
1693 3201 1832 3281 quid
1861 3201 2020 3264 aliud

381 3285 1090 3362 delabetur,existimans,
1112 3309 1244 3352 cum
1278 3290 1423 3352 illud
1448 3308 1573 3372 non,
1592 3291 2019 3369 esset,hoc,vel

378 3385 563 3462 aliud;
591 3397 647 3449 et
668 3389 718 3451 si
738 3390 939 3452 omnia
963 3391 1094 3471 quis
1117 3390 1588 3466 tollat,occurret
1605 3390 1689 3452 illi
1714 3391 1869 3472 quod
1893 3409 2020 3452 om-

378 3480 518 3536 nino
550 3495 666 3538 non
699 3489 825 3555 est;
858 3481 956 3562 qui
982 3499 1118 3544 vero
1147 3481 1301 3544 tollit
1331 3481 1812 3561 privationemjn
1845 3481 2008 3543 hisin

372 3565 592 3646 quibus
613 3587 782 3631 mens
799 3589 916 3633 non
950 3579 1142 3652 potest
1164 3573 1481 3650 concipere
1503 3572 1760 3650 aliquam
1779 3569 2010 3633 habitu-

370 3655 596 3732 dinem,
653 3662 895 3722 omnino
955 3661 1178 3739 praebet
1207 3661 1653 3742 suspicandum.
1689 3661 1832 3722 illud
1879 3679 2010 3724 esse

373 3744 595 3827 aliquid
618 3749 1226 3829 incomprehensibile
1243 3752 1403 3832 quod
1417 3751 1570 3812 dico.
1599 3754 1752 3814 Ecce
1769 3751 2005 3830 positio,

376 3839 648 3916 quoniam
674 3841 930 3920 praedico
963 3841 1037 3902 de
1065 3842 1186 3904 Deo
1209 3841 1659 3920 lumeu;aliquis
1679 3859 1816 3902 vero
1839 3849 2011 3919 negat

373 3923 688 4008 illud,quia
712 3929 864 3992 Deus
890 3949 1005 3991 non
1029 3939 1118 3992 est
1139 3931 1362 3991 lumen:
1387 3931 1658 4009 suspicor
1689 3929 1851 3991 illum
1877 3947 2008 3991 esse

368 4015 510 4089 quid
542 4017 699 4080 aliud
723 4038 755 4080 a
785 4019 1032 4101 lumine;
1054 4031 1229 4098 negat
1259 4020 1434 4082 etiam
1464 4020 1627 4094 illud,
1665 4028 1723 4081 et
1752 4020 1820 4080 ad
1847 4016 2005 4080 aliud

368 4103 599 4167 dilabor
622 4108 706 4186 ;si
738 4116 913 4186 neget
940 4110 1158 4181 omnia,
1193 4109 1372 4171 etiam
1403 4109 1552 4172 nihil
1579 4109 1821 4171 omnino
1841 4109 2004 4187 cogi-

367 4203 683 4269 tabo.Veni
709 4208 883 4269 etiam
909 4209 982 4270 ad
1021 4208 1430 4291 privationem.
1460 4208 1610 4271 Ecce
1631 4207 1775 4270 dicit
1800 4208 2000 4289 priva-

365 4302 611 4386 tionem,
694 4306 970 4387 quoniam
1031 4326 1300 4368 summus
1353 4316 1551 4369 vertex
1588 4308 1823 4386 ignotus
1854 4314 1992 4366 est:

2104 3171 2217 3227 ὲπεὶ
2275 3171 2454 3228 ἐκεῖνο
2511 3175 2604 3230 οῦκ
2632 3175 2720 3250 ἧν,
2755 3184 2908 3234 τοῦτο
2967 3178 3134 3257 εἶναι,
3167 3180 3366 3260 ἕτερον’
3418 3182 3514 3240 κᾶν
3576 3186 3761 3244 πάντα

2103 3260 2292 3340 ἀναιρῇ
2328 3283 2437 3341 τις,
2473 3267 2791 3334 καταντήσει
2847 3267 2920 3330 εἰς
2951 3267 3010 3322 τὸ
3071 3267 3294 3346 μῆδαμῆ
3339 3270 3605 3349 μηδαμῶς
3665 3275 3758 3332 ὅν·

2101 3351 2129 3406 ὁ
2185 3349 2240 3406 δὲ
2270 3352 2514 3428 στέρησιν
2567 3351 2793 3432 ἀναιρῶν
2843 3354 2929 3412 ἐπί
2958 3357 3186 3440 τούτοις,
3223 3359 3308 3440 ἐρ’
3365 3365 3447 3428 οἷς
3478 3365 3573 3420 οὔκ
3628 3365 3754 3446 ἔχει

2101 3441 2128 3494 6
2176 3447 2296 3504 νοῦς
2345 3440 2450 3506 ἕξιν
2503 3443 2751 3508 ἒννοῆσαί
2796 3466 2937 3525 τινα,
2968 3448 3177 3512 πάντως
3207 3451 3456 3508 ὑπονοεῖν
3509 3440 3750 3534 δίδωσίν,

2092 3528 2170 3586 ὅτι
2231 3530 2342 3586 ἐστί
2402 3553 2441 3587 τι
2492 3530 2872 3601 ἀκατάληπτον
2917 3537 3032 3594 οἷόν
3086 3560 3135 3595 τι
3180 3537 3347 3617 λέγω⁸
3394 3539 3526 3598 Ἰδοὺ
3570 3545 3744 3616 θέσις,

2093 3610 2172 3675 ὅτι
2223 3618 2365 3696 λέγω
2407 3619 2492 3677 ἐπὶ
2550 3629 2679 3678 Θεοῦ
2737 3628 2872 3702 φῶς³
2931 3625 3140 3706 ἀναιρεῖ
3190 3610 3272 3692 τις
3330 3637 3508 3706 τοῦτο,
3539 3632 3623 3690 δτι
3681 3610 3750 3694 ὦ

2093 3711 2227 3788 φώς,
2293 3712 2502 3766 ὁπονοῶ
2559 3710 2829 3801 ὅτιηίὶλλο
2896 3735 2944 3769 τι
3023 3718 3164 3794 παρὰ
3216 3720 3276 3775 τὸ
3333 3728 3473 3798 φῶς·
3530 3723 3753 3801 ἀναιρεῖ

2093 3800 2336 3873 κὰκετνο,
2392 3799 2484 3856 καί
2522 3801 2595 3865 εἷς
2653 3800 2786 3858 ἄλλο
2837 3809 3259 3881 μεταπεσοῦμαι·
3307 3809 3487 3866 ἀνεῖλε
3538 3799 3742 3892 πάντα,

2090 3891 2178 3947 καὶ
2226 3890 2284 3945 τὸ
2335 3887 2559 3964 μηδαμῆ
2624 3888 2888 3966 μηδαμῶς
2946 3894 3237 3963 δπενόησα,
3302 3897 3450 3956 Ἐλθὲ
3506 3903 3597 3958 καί
3653 3887 3751 3960 ἐπὶ

2089 3984 2188 4046 τῆς
2236 3980 2555 4056 στερήσεως.
2617 3979 2750 4038 Ἰδοὺ
2804 3981 2946 4060 λέγει
3004 3985 3275 4064 στέρησιν,
3338 3988 3416 4044 ὅτι
3472 3992 3506 4058 ἦ
3566 3991 3741 4069 ἀκρο-

2089 4070 2223 4136 τάτη
2270 4069 2468 4148 κορψρὴ
2526 4069 2793 4146 ἄγνωστός
2844 4071 3006 4129 ἐστιν·
3065 4075 3277 4152 ἀναιρεῖ
3323 4100 3403 4143 τις
3451 4081 3508 4136 τὸ
3547 4079 3735 4158 ἄγνω-

2085 4181 2234 4239 στον,
2268 4161 2365 4215 σῦκ
2411 4156 2526 4238 ἔχει
2569 4161 2602 4214 ‘6
2657 4182 2772 4223 νους
2806 4160 3114 4240 ἑδρασθῆναι
3170 4165 3250 4222 ὅτι
3282 4170 3493 4246 γνωστή
3546 4156 3734 4246 (τοῦτο

2086 4250 2184 4327 γὰρ
2268 4248 2471 4310 κοίναῖς
2538 4249 2754 4313 ἑννοίαις
2841 4250 3298 4334 διωμολόγηται)⁶
3376 4257 3730 4339 ἒναπελεξφθη

2016 4339 2272 4433 οτοίν.›ν,
2334 4337 2407 4400 ὥς
2479 4337 2588 4394 ἐστι
2644 4359 2695 4394 τι
2771 4339 2850 4412 μὴ
2909 4342 3069 4416 μόνον
3143 4345 3272 4424 ὅπερ
3330 4347 3426 4415 τὴν
3500 4337 3724 4427 γνῶσιν,

362 4403 685 4484 uegatquis
705 4404 994 4484 ignotum,
1046 4425 1164 4468 non
1198 4415 1389 4486 potest
1412 4407 1747 4469 intellectus
1781 4407 1992 4468 conﬁr-

2095 4425 2212 4483 ὶλλὰ
2257 4403 2366 4484 ’καὶ
2415 4403 2848 4504 ὑπεράγνωστονί
2906 4403 2993 4488 iui
3047 4403 3292 4514 συνήχθη
3352 4403 3427 4510 rip
3491 4403 3728 4511 ἑεῷὲιί

358 4501 508 4561 mari
530 4503 685 4581 quod
710 4509 885 4567 notus
900 4505 972 4566 sit
998 4505 1135 4586 (hoc
1158 4506 1315 4568 enim
1343 4509 1400 4568 in
1420 4505 1989 4588 conceptibnscom-

360 4600 641 4663 munibus
673 4608 762 4667 est
820 4605 1565 4687 manifestum)concipitur
1592 4607 1793 4683 itaque
1823 4604 1989 4687 quasi

353 4698 430 4761 sit
458 4699 678 4780 aliquid
702 4703 856 4784 quod
875 4704 950 4765 sit
984 4722 1099 4764 non
1121 4704 1314 4765 solum
1349 4723 1527 4784 supra
1545 4707 1985 4777 notionem,ve-

2074 4518 2272 4574 τούτων
2308 4518 2368 4573 τὸ
2426 4515 2824 4584 ἀκατάληπτον.
2865 4521 2963 4576 Διὰ
3003 4529 3150 4579 τοῦτο
3179 4525 3268 4580 καὶ
3298 4527 3325 4581 6
3360 4527 3530 4598 πατὴρ
3575 4551 3724 4606 -προ-

2071 4611 2348 4683 τιμότερον
2427 4606 2597 4672 τίθησι
2654 4608 2716 4662 τὸ
2769 4608 2900 4687 ὑπὲρ
2955 4611 3049 4674 τὰς
3110 4615 3392 4691 στερήσεις
3445 4617 3506 4672 τὸ
3564 4623 3722 4675 Θεϊον

2069 4697 2210 4754 εἶναι
2241 4698 2330 4753 καὶ
2355 4695 2622 4773 λέγεσθαι,
2657 4696 2691 4764 ἢ
2725 4697 2855 4776 ὑπὲρ
2887 4699 2979 4764 τὰς
3007 4700 3198 4767 θέσεις,

351 4805 481 4850 rum
535 4789 708 4852 etiam
741 4809 921 4874 supra
966 4783 1440 4874 ignorationem;
1490 4804 1554 4859 et
1583 4812 1653 4856 ex
1702 4794 1795 4856 his
1828 4793 1948 4856 Deo
1991 4783 2674 4887 incomprehensibilia:
2725 4785 3094 4887 attribuitur.
3127 4789 3356 4887 Idcirco
3387 4792 3570 4854 etiam
3624 4793 3722 4887 hic

350 4876 526 4940 Pater
579 4873 852 4962 tanquam
911 4883 1054 4964 quid
1115 4873 1487 4964 praestantius
1545 4885 1732 4966 ponit,
1797 4884 1987 4947 Deum
2045 4893 2176 4942 esse
2235 4891 2303 4937 ac
2361 4873 2478 4935 dici
2535 4890 2714 4954 supra
2773 4875 3162 4957 privatioues,
3194 4879 3286 4943 vel
3333 4898 3514 4961 supra
3552 4882 3721 4963 posi-

351 4969 566 5029 tiones.

431 5057 460 5137 §
492 5057 828 5121 Ill.Deinde
845 5060 1214 5124 traditionem
1235 5063 1548 5142 quamdam
1565 5085 1679 5128 non
1703 5071 1982 5148 scriptam

347 5148 536 5209 sancti
569 5148 984 5212 Bartholomazi
1014 5152 1259 5232 apostoli
1295 5154 1481 5233 ponit,
1515 5156 1792 5238 dicentis,
1829 5157 1983 5219 mul-

349 5243 464 5300 tam
486 5256 618 5300 esse
651 5238 1002 5320 theologiam
1028 5249 1085 5303 et
1110 5245 1576 5321 perexiguam.et
1598 5244 1981 5324 Evangelium

348 5344 481 5390 esse
529 5328 712 5391 latum
763 5337 823 5391 et
876 5347 1175 5410 magnum.
1225 5331 1539 5413 Reliquum
1577 5334 1855 5398 existimo
1886 5336 1984 5400 hic

346 5417 518 5478 etiam
544 5418 779 5480 silentio
809 5422 1532 5501 suppressummportebat
1550 5423 1709 5486 enim
1742 5424 1838 5486 hic
1861 5427 1976 5487 ite-

344 5522 477 5568 rum
502 5505 705 5569 dicere
733 5517 1045 5586 angustum
1077 5519 1135 5571 et
1188 5529 1450 5592 parvum,
1481 5521 1539 5574 et
1581 5512 1837 5575 arbitror
1867 5515 1979 5577 hoc

344 5593 582 5683 silentio
625 5614 1034 5681 suppressum,
1069 5600 1158 5666 vel
1212 5601 1285 5664 ab
1318 5603 1572 5683 ipsomet
1599 5617 1802 5669 sancto
1827 5607 1977 5670 Bar-

346 5681 683 5763 tholomaeo,
708 5685 943 5768 quando
965 5705 1095 5753 eam
1124 5681 1479 5759 sententiam
1517 5694 1982 5777 proferebat,vel

2146 5055 2175 5136 ἕ
2252 5065 2343 5118 lll.
2405 5053 2550 5110 Μετὰ
2625 5060 2789 5116 ταῦτα
2845 5059 2932 5113 καὶ
3002 5057 3254 5140 ἀγράφων
3328 5059 3720 5138 παραδοθεῖσαν

2065 5148 2261 5229 χρῆσιν
2318 5143 2408 5202 τοῦ
2460 5142 2633 5234 ᾄγίουν
2695 5144 2994 5204 ἀποστόλου
3063 5148 3454 5227 Βαρθολομαίου
3515 5154 3714 5234 τίθησι,

2066 5236 2272 5303 πολλὴν
2329 5235 2416 5292 καὶ
2475 5232 2769 5313 ἐλαχίστην
2821 5236 2920 5303 τὴν
2970 5236 3246 5318 θεολογίαν
3301 5239 3580 5321 λέγοντος,
3634 5232 3718 5300 καὶ

2064 5326 2125 5384 τὸ
2187 5323 2508 5403 Εὖαγγέλιον
2567 5322 2737 5379 πὶατὺ
2769 5324 2856 5381 καὶ
2913 5326 3074 5404 μέγα.
3139 5331 3237 5389 Καὶ
3294 5329 3461 5404 αὖθις,
3525 5332 3715 5413 οἶμαι,

2061 5416 2278 5473 ἐνταῦθα
2337 5417 2397 5471 τὸ
2455 5413 2650 5471 λεῖπον
2723 5419 3110 5495 παρεσιωπήθῃ
3145 5435 3159 5449 ⁸
3215 5417 3318 5476 ἔδει
3377 5422 3477 5500 γὰρ
3538 5424 3714 5479 εἰπεῖν

2060 5506 2154 5563 καί
2233 5508 2374 5568 αὖθις
2433 5504 2614 5562 στενὸν
2691 5505 2778 5560 καὶ
2848 5507 3061 5588 μικρὸν,
3118 5509 3206 5566 καὶ
3283 5512 3466 5585 οἶμαι,
3537 5533 3710 5591 παρε-

2062 5597 2333 5675 σιωπήθη,
2395 5594 2430 5663 ἢ
2488 5593 2572 5650 καὶ
2629 5598 2706 5667 τῷ
2774 5595 2907 5674 ἁγίῳ
2977 5596 3352 5677 Βαρθολομαίῳ
3408 5600 3557 5675 τότε,
3623 5601 3709 5658 ὅτε

2061 5694 2160 5767 τὴν
2216 5687 2368 5770 ῥῆσιν
2415 5683 2618 5764 ἓλεγεν,
2674 5685 2710 5758 ἢ
2764 5683 2955 5767 ἀρτίως
3019 5692 3096 5768 τῷ
3151 5689 3328 5774 πατρὶ,
3373 5685 3455 5750 διὰ
3510 5692 3576 5750 τὸ
3616 5700 3708 5754 τοῦ
