4066 6216
381 301 522 375 1021

826 303 924 369 DE
968 301 1303 368 MYSTIGA
1348 301 1808 376 THEOLOGIA,
1856 299 2021 365 CAP.
2069 296 2120 364 I.
2159 333 2224 346 --
2279 293 2709 367 PARPAHPR.
2757 293 3272 364 PACHYMERE.

3587 289 3738 361 1022

367 440 678 524 πράγματοξ
728 439 1088 521 ἀπεμφατνον.
1148 442 1270 503 Πῶς
1323 439 1423 519 γὰρ
1480 440 1662 496 στενὸν
1719 439 1780 495 τὸ
1837 445 2005 497 πᾶσαν

2097 434 2271 498 modo
2301 434 2374 498 ab
2401 435 2515 500 hoc
2535 433 2734 508 Patre,
2772 441 3010 516 propter
3032 434 3218 518 ipsius
3235 435 3323 500 rei
3367 432 3742 500 dissimilitu-

363 540 690 613 σαγηνεῡσαν
765 533 864 599 τὴν
922 529 1289 604 οἱκουμένηνς
1363 531 1449 585 καί
1520 531 1632 594 πῶς
1701 530 1888 608 μικρὸν
1947 530 2008 585 τὸ

360 623 609 703 περιέχον
652 623 714 679 τὸ
773 620 912 698 μέγα
968 625 1066 687 τῆς
1129 615 1393 681 εὒσεϐείας
1455 619 1792 695 μυστήριον,
1846 618 2008 674 Τοῦτο

357 720 484 791 γοῦν
539 709 770 790 ἐγένετο,
804 711 878 773 ὡς
939 713 1115 785 οἶμαι,
1150 707 1217 765 δι’
1276 705 1573 769 εὐλάϐειαν,
1639 706 1748 765 ’Ἕν
1807 729 1910 762 τισι
1955 706 2009 763 δὲ

355 803 567 879 εὕρηται
611 802 672 857 τὸ
727 802 815 857 καὶ
872 801 1010 864 αὖθις
1069 797 1518 873 συντετμημένον.
1585 797 1651 855 1‘6
1707 795 1760 852 δὲ
1801 795 2000 872 προτέ-

356 913 444 971 ρος
485 889 656 946 γῶλον
700 892 728 945 6
780 888 930 967 ἄγιςς
991 887 1343 966 ἐξηγούμενος
1400 885 1567 964 λέγει,
1599 884 1679 942 ὅτι
1731 887 1848 962 ἐμοί
1908 884 2001 942 δο-

354 992 467 1051 κεῖ,
520 981 591 1045 ὥς
643 979 820 1035 ἐκεῖνο
875 977 1127 1047 ἐννοήσας
1188 979 1215 1032 6
1260 980 1404 1040 θεῖος
1463 973 1812 1050 Ἀπόστολος,
1844 983 2006 1032 ταῦτα

359 1067 664 1150 ἐφθέγξατο,
716 1067 803 1124 ὅτι
858 1069 892 1135 ἡ
954 1066 1092 1123 αἰτία
1151 1065 1388 1144 πάντων,
1436 1066 1524 1122 καὶ
1582 1064 1796 1122 πολλῶν
1834 1063 2004 1122 δέεται

357 1158 556 1238 λόγων,
588 1160 675 1215 καὶ
732 1155 926 1234 ἄλογος
957 1157 1045 1212 καὶ
1087 1153 1451 1234 βραχύλεκτός
1509 1154 1676 1210 ἐστιν·
1739 1152 1853 1213 οὐδὲ
1911 1155 2010 1232 γὰρ

359 1247 518 1326 λόγον
549 1247 671 1326 ’έχει
705 1248 741 1315 ἢ
775 1247 958 1310 νόησιν
990 1245 1387 1322 παραστατικήν
1418 1249 1516 1310 τῆς
1553 1244 1746 1309 οἰκείας
1778 1245 2007 1324 φύσεως.

359 1339 431 1394 Τὸ
488 1334 541 1392 δὲ
617 1335 914 1400 πολύλογος
993 1332 1488 1412 προπαροξυτόνως,
1543 1332 1840 1411 πολυλόγος
1914 1335 2012 1409 γὰρ

357 1425 393 1482 ὅ
416 1424 591 1484 πολλὰ
633 1425 830 1504 λέγων,
864 1422 1160 1502 πολύλογος
1206 1421 1260 1478 δὲ
1321 1425 1346 1480 6
1401 1421 1611 1479 πολλῶν
1655 1421 1830 1500 λόγων
1889 1420 2009 1478 δεό-

357 1532 536 1591 μενος’
613 1517 684 1579 ὡς
745 1515 1082 1590 πρωτότοκος
1143 1511 1617 1591 προπαροξυτόνως
1692 1514 1718 1568 6
1801 1512 2010 1589 πρῶτος

355 1607 587 1685 τεχθείς·
677 1604 1008 1682 πριρτονόκος
1094 1601 1150 1658 δὲ
1224 1601 1587 1681 παροξυτόνως
1667 1604 1695 1657 λ
1783 1606 2008 1680 πρώτως

353 1703 576 1752 τεκοῦσα
608 1696 765 1774 γυνη,
801 1696 874 1755 ὡς
910 1694 996 1749 καὶ
1032 1691 1294 1771 ’Ὅμηρος
1324 1690 1506 1759 δηλοῖ³

2093 526 2319 589 dinem.
2355 525 2664 599 Quomodo
2691 525 2850 588 enim
2911 534 3222 604 angustum
3254 527 3514 608 sit,qnod
3550 532 3739 590 totum

2095 615 2382 676 mundum
2424 615 2636 697 capit?
2684 625 2743 676 et
2787 615 3088 693 quomodo
3135 632 3380 696 parvum
3433 616 3516 696 id,
3582 615 3743 694 quod

2096 723 2371 783 magnum
2431 703 2674 784 pietatis
2722 703 3066 785 mysterium
3115 705 3528 785 complectitur
3557 705 3588 766 ?
3617 706 3742 768 Hoc

2092 797 2295 874 utique
2330 793 2547 855 factum
2596 802 2707 866 est,
2743 794 2826 855 uti
2875 803 3037 872 puto,
3090 803 3333 876 propter
3363 794 3739 877 religionem,

2085 882 2144 942 in
2198 882 2550 962 quibusdam
2599 901 2738 944 vero
2791 884 3006 945 iterum
3058 885 3366 965 reperitur
3407 886 3740 958 concisum,

2087 970 2352 1033 Priorem
2385 981 2580 1033 autem
2643 973 2949 1053 periodum
2998 975 3095 1037 hic
3139 983 3380 1036 sanctus
3410 975 3736 1054 explicans,

2087 1060 2168 1122 ait
2218 1069 2280 1121 ut
2309 1062 2457 1122 mihi
2488 1061 2740 1138 videtur,
2773 1065 2943 1140 quasi
2975 1064 3210 1126 divinus
3233 1064 3555 1143 Apostolus
3588 1065 3739 1126 illud

2097 1150 2461 1232 intelligens,
2491 1151 2619 1212 hac
2651 1153 2864 1214 dixerit
2898 1157 3218 1234 gquoniam
3267 1155 3532 1216 omnium
3566 1173 3744 1216 causa

2097 1239 2299 1300 multis
2322 1239 2497 1301 etiam
2531 1240 2733 1302 verbis
2764 1261 2915 1321 opus
2961 1243 3164 1318 habet,
3207 1252 3263 1306 et
3293 1244 3456 1306 nullo
3489 1253 3549 1306 et
3577 1245 3740 1306 brevi

2099 1329 2276 1390 verbo
2305 1328 2523 1391 dicitur
2555 1351 2574 1400 ,'
2606 1340 2765 1392 caret
2789 1332 2948 1392 enim
2981 1334 3161 1394 verbo
3195 1343 3254 1395 et
3288 1341 3581 1416 conceptu
3610 1353 3740 1413 pro-

2099 1419 2282 1498 priam
2339 1420 2468 1499 ejus
2525 1428 2795 1482 naturam
2844 1422 3174 1502 eXplicante
3229 1423 3370 1484 555
3439 1424 3738 1502 πολύλογος

2092 1513 2290 1570 autem
2341 1508 2627 1571 scribitur
2684 1529 2817 1572 cum
2853 1522 3100 1573 accentu
3147 1514 3207 1574 in
3238 1515 3737 1593 antepenultima,

2093 1616 2226 1659 nam
2276 1598 2570 1678 πολυλόγος
2622 1619 2760 1660 cum
2808 1611 3053 1663 accentu
3115 1603 3174 1663 in
3252 1602 3595 1682 penultima,
3649 1612 3742 1664 est

2091 1689 2284 1749 multa
2303 1689 2536 1764 dicens,
2568 1691 2863 1768 πολύλογος
2899 1709 3040 1753 vero
3089 1692 3295 1754 multis
3327 1692 3526 1755 verbis
3568 1693 3741 1755 indi-

351 1801 550 1864 gens:
613 1784 763 1846 sicut
796 1781 974 1845 etiam
1033 1783 1372 1861 πρωτότοκος
1421 1787 1671 1844 accentu
1732 1781 1794 1843 in
1846 1787 2005 1859 ante]

2092 1777 2338 1853 lultima,
2373 1786 2463 1839 est
2518 1785 2621 1858 qui
2681 1780 2870 1862 primo
2931 1782 3175 1863 paritur,
3211 1784 3551 1861 πρωτοτόκος
3599 1802 3738 1847 vero

353 1865 414 1934 in
449 1874 782 1953 perultima,
820 1871 1037 1933 mulier
1063 1890 1195 1951 quae
1229 1870 1419 1951 primo
1447 1871 1622 1952 parit,
1660 1871 1745 1933 uti
1779 1871 1953 1932 etiam
1989 1869 2282 1930 Homerus
2311 1867 2572 1940 declarat
2607 1890 2620 1932 :

439 1964 778 2041 Πρωτοτόκος
814 1962 1034 2040 Κινύρη,
1083 1966 1142 2020 οὔ
1171 1964 1289 2040 πρὶν
1319 1960 1488 2017 εἰδυῖα
1517 1964 1720 2020 τόκοιο.

434 2063 613 2121 Εἰπὼν
687 2061 799 2136 οὖν,
864 2062 943 2117 ὅτι
1014 2059 1173 2139 λόγον
1245 2060 1359 2142 ἔχει
1421 2059 1536 2118 οὔτε
1589 2063 1798 2141 νόησιν,
1843 2059 2001 2127 ἐπεξ-

352 2177 391 2221 η
408 2153 650 2230 [ούμενος
709 2150 879 2229 λέγει,
909 2151 968 2207 οὗ
1019 2148 1103 2205 δια
1133 2151 1193 2206 τὸ
1251 2147 1476 2226 μαδημῆ
1507 2148 1770 2227 μηδαμῦς
1822 2151 1996 2230 εἶναι,

2035 1969 2069 2018 Β
2092 1956 2277 2018 Nunc
2293 1963 2557 2037 primum
2573 1966 2826 2040 pariens
2844 1960 3279 2042 Cinyremrius
3293 1964 3488 2026 inscia
3500 1969 3738 2043 partus.

2166 2054 2310 2119 Cum
2336 2056 2541 2136 itaque
2573 2059 2845 2134 dixisset,
2872 2060 3026 2140 quod
3065 2079 3259 2142 neque
3281 2079 3620 2123 sermonem
3635 2061 3740 2122 ba-

2081 2149 2252 2207 beret
2309 2164 2502 2226 neque
2537 2158 2920 2228 conceptum,
2975 2149 3034 2211 id
3088 2150 3394 2230 explicans
3443 2152 3552 2222 ait,
3615 2168 3737 2213 non

353 2241 491 2299 ἀλλὰ
539 2239 624 2297 διὰ
671 2241 732 2298 τὸ
791 2239 1242 2319 ύπερειτείνεσθαι
1293 2240 1638 2317 ὕπερουσίως,
1676 2242 1764 2296 καὶ
1816 2240 1998 2316 μόνοις

2092 2242 2247 2317 quasi
2281 2235 2444 2297 nullo
2477 2238 2654 2299 modo
2685 2237 2782 2312 sit,
2821 2239 2927 2300 sed
2970 2238 3130 2319 quod
3161 2240 3740 2321 supraessentialiter

352 2331 683 2411 ἐκφαίνεσθαι
730 2342 850 2394 τοῖς
909 2327 1258 2386 διαϐαίνουσιν
1310 2330 1498 2397 επίσης
1552 2331 1641 2387 καὶ
1685 2331 1750 2386 τὰ
1795 2329 2000 2405 μυσαρὰ

351 2423 439 2478 καὶ
470 2423 535 2476 τὰ
581 2420 799 2498 καθαρὰ,
836 2420 921 2476 καὶ
972 2415 1342 2498 ὑπερϐαίνουσι
1373 2424 1548 2476 πᾶσαν
1598 2419 1888 2497 ἀκρότητα,
1922 2419 2008 2476 καὶ

349 2509 775 2586 ἀπολιμπάνουσι
806 2509 894 2566 καὶ
921 2508 1093 2565 πάντα
1141 2508 1313 2587 φῶτα,
1347 2505 1591 2575 δηλονότι
1635 2515 1810 2566 πᾶσαν
1860 2515 2005 2587 γνῶ-

349 2622 459 2674 σιν,
489 2601 578 2656 καὶ
631 2598 833 2661 πάντας
863 2597 1035 2677 ἤχους
1085 2597 1174 2653 καὶ
1232 2595 1451 2676 λόγως,
1483 2595 1728 2665 δηλονότι
1771 2600 1838 2655 τὰ
1891 2601 2003 2679 περὶ

351 2697 484 2749 Θεοῦ
532 2689 587 2745 ἐν
639 2701 760 2752 ταῖς
801 2694 1036 2765 Γραφαῖς
1081 2687 1356 2762 εἷρημενα.
1419 2688 1698 2768 Οὖρανίους
1743 2685 1798 2744 δὲ
1855 2686 1999 2766 λέγει

349 2779 564 2840 τούτους
607 2779 678 2838 ὡς
711 2779 787 2854 μή
849 2777 987 2832 κατὰ
1015 2777 1115 2844 τὴν
1162 2776 1492 2854 ἀνθρωπίνην
1523 2780 1608 2834 καὶ
1637 2779 1840 2856 γηίνην
1877 2778 1998 2834 ἐπί-

349 2890 522 2945 νοιαν,
555 2865 691 2923 ἀλλὰ
746 2867 883 2924 κατά
913 2868 1054 2922 θείαν
1101 2865 1378 2923 ἐπίπνοιαν
1424 2867 1511 2924 καὶ
1568 2866 1878 2947 λεχθέντας,
1914 2869 2001 2924 καὶ

348 2956 760 3037 παραδοθέντας,
820 2957 908 3012 καὶ
965 2953 1326 3030 εἰσδυομένους
1398 2957 1470 3021 εἷς
1539 2957 1627 3012 τὸν
1683 2960 1829 3014 θεῖον
1899 2959 1997 3024 τῆς

350 3047 612 3126 ἀγνωσίας
666 3046 884 3126 γνόφον,
919 3047 980 3102 οὗ
1038 3043 1214 3101 ἐστινὸ
1270 3045 1484 3104 πάντων
1541 3045 1805 3103 ἐπέκεινα.
1845 3045 2004 3125 "Op:

351 3135 430 3210 δὲ,
477 3143 593 3201 πῶς
624 3137 771 3192 εἷπε’
833 3147 948 3198 τοῖς
982 3133 1304 3192 διαϐαίνουσι
1361 3135 1538 3191 καὶτὰ
1592 3136 1755 3214 ἔναγῆ
1800 3137 1887 3192 καὶ
1941 3137 2006 3193 τὰ

350 3226 574 3305 καθαρὰ,
605 3226 685 3282 ὃτι
729 3226 816 3281 καὶ
868 3223 934 3280 τα
982 3222 1213 3300 ἡμέτερα
1261 3227 1466 3303 καθαρὰ
1523 3227 1650 3302 πρὸς
1711 3225 1816 3292 τὴν
1866 3225 2004 3282 θείαν

350 3314 556 3382 ἐκείνην
617 3311 1062 3392 παραϐαλλόμενα
1123 3315 1479 3390 καθαρότητα,
1543 3314 1710 3390 ἐναγῆ
1761 3313 2006 3392 λογίζον-

349 3425 460 3484 ται,
523 3405 657 3460 κατὰ
718 3405 780 3459 τὸ
851 3402 1153 3481 εἰρημένον·
1230 3408 1382 3459 Πᾶσα
1437 3401 1744 3470 δικαιοσύνη
1803 3404 2006 3481 ἀνθρώ-

351 3515 478 3572 που,
558 3494 632 3557 ὡς
717 3492 875 3570 ῥακος
947 3491 1392 3566 ἀποκαθημένης,
1466 3496 1534 3566 τῇ
1620 3492 1732 3564 θείᾳ
1798 3493 2008 3557 πάντως

353 3580 661 3658 δικαιοσύνῃ
716 3579 1194 3661 παραϐαλλομένη,
1253 3581 1320 3647 ἧς
1381 3581 1473 3638 οὒκ
1542 3578 1685 3637 ἔστιν
1761 3580 2002 3659 ἀριθμός.

354 3669 507 3748 "Op:
566 3669 622 3726 δὲ
663 3671 752 3727 καὶ
802 3672 888 3751 τὸ,
922 3676 1104 3725 Πᾶσαν
1147 3670 1417 3748 ἀκρότητα
1469 3667 1753 3746 ὑπερϐῆναι
1786 3673 1874 3728 καὶ
1916 3673 2002 3727 al-

352 3763 562 3827 σθητῶν
617 3761 704 3816 καὶ
760 3764 964 3826 νοητῶν
1022 3760 1101 3833 μὴ
1134 3759 1292 3834 μόνον
1350 3761 1540 3815 ὡσανεὶ
1571 3761 1700 3817 αὐτὰ
1742 3761 1808 3816 τὰ
1859 3762 2002 3836 πρά-

346 3871 554 3929 γματα,
585 3847 723 3904 ἀλλά
780 3851 868 3905 καὶ
924 3849 1022 3916 τὴν
1089 3849 1290 3904 τούτων
1336 3846 1627 3926 ἀκρότητα.
1677 3851 2004 3917 Ἀκρότητας

343 3940 446 4018 γὰρ
477 3937 697 3996 ἐκάλοῦν
735 3940 793 4000 ,οἱ
825 3937 1049 3994 παλαιοὶ
1081 3938 1313 4004 ἑκάστης
1370 3937 1548 3995 οὐσίας
1579 3939 1640 3994 τὸ
1688 3940 2002 4017 καθαρώτα-

344 4049 463 4104 τον,
516 4027 569 4092 ἐξ
613 4029 673 4084 οὗ
729 4025 957 4105 ἤρτηται
1019 4033 1328 4107 προσεχῶς,
1373 4025 1640 4085 τουτέστιν
1701 4027 2002 4108 ἐχομένως,

345 4119 385 4187 ἦ
445 4119 616 4176 οὐσία.
673 4120 773 4179 Ὦς
806 4118 993 4197 ψυχῆς
1052 4117 1281 4196 ἀκρότης
1331 4119 1359 4173 6
1409 4119 1550 4179 νοῦς·
1611 4118 1698 4174 καὶ
1729 4117 1922 4194 ἔρωτος
1981 4119 2008 4174 6

345 4206 456 4263 τῶν
484 4203 896 4272 ἀναϐεϐηκοτων
939 4203 1184 4284 διάπυρος
1235 4205 1403 4280 πόθῳ⁶
1441 4208 1528 4263 καὶ
1574 4206 1670 4274 τῆς
1701 4204 1816 4263 καθ’
1866 4209 2007 4281 ἡμᾶς

345 4295 626 4375 ἱεραρχίας
684 4297 745 4351 τὸ
777 4295 933 4374 ἐγγὺς
989 4307 1258 4352 συντεῖνον
1316 4293 1526 4358 ἆϋλίας.
1595 4298 1692 4361 ⁶Ως
1722 4295 1882 4353 πάλιν
1923 4297 2009 4353 επὶ

345 4388 455 4442 τῶν
508 4386 791 4460 αἰσθητῶν,
829 4386 992 4464 πυρὸς
1036 4386 1097 4442 τὸ
1143 4383 1539 4464 λαμπρότατον,
1572 4389 1660 4442 καὶ
1707 4384 1891 4450 ὕδατος
1950 4388 2010 4443 τὸ

347 4472 616 4555 ἀχνῶδες,
685 4475 774 4531 καὶ
848 4475 914 4532 τὰ
979 4473 1142 4531 λοιπὰ
1214 4473 1514 4552 ἀναλόγως.
1593 4475 2009 4555 Παρακελεύεται

347 4571 626 4643 τοιγαροῦν
686 4566 714 4621 6
759 4563 920 4643 λόγος
981 4565 1068 4620 καὶ
1102 4563 1274 4620 αὐτῶν
1322 4569 1428 4619 τῶν
1484 4565 1644 4642 ἁγίων
1702 4567 2010 4644 ἀκροτήτων

348 4655 448 4720 νήν
511 4650 764 4709 ἀνάϐασιν
819 4651 1140 4732 ὑπερϐῆναι,
1197 4654 1284 4709 καὶ
1341 4651 1478 4708 οὕτω
1535 4653 1860 4711 καταλαϐεῖν
1918 4657 2008 4712 τὸν

347 4743 512 4800 τόπον
542 4741 595 4796 ἐν
637 4743 682 4816 ᾧ
712 4745 740 4798 6
789 4745 943 4815 Θεὸς,
978 4743 1006 4799 ὃ
1059 4745 1147 4798 καὶ
1183 4741 1266 4798 ἐπὶ
1325 4742 1588 4808 Μωυσέως
1619 4743 1827 4822 γέγονε,
1889 4752 2006 4813 Ση-

351 4832 574 4909 μείωσαι
620 4833 716 4898 τήν
749 4829 893 4896 τάξιν
950 4837 1055 4888 τῶν
1092 4830 1446 4888 τελεσθέντων
1490 4832 1575 4888 ἐπὶ
1635 4840 1854 4910 Μωυσῇ,
1890 4835 2008 4912 πρὶν

351 4921 636 4987 ἂξιωθηναι
707 4922 778 4986 εἷς
855 4923 944 4978 τὸν
1015 4920 1210 5000 γνόφον
1295 4920 1573 4984 εἰσελθεῖν,
1637 4928 1849 5000 Πρῶτον
1909 4925 2008 5000 γὰρ

350 5010 717 5088 ἀπεκαθάρθη,
749 5010 835 5066 καὶ
889 5009 1027 5067 οὕτω
1078 5017 1182 5066 τῶν
1232 5008 1407 5068 ἄλλων
1451 5011 1740 5090 ἀφωρίσθη,
1808 5012 1942 5074 Μεθ’
1979 5014 2007 5068 ὃ

349 5100 452 5178 γὰρ
504 5101 637 5174 μετὰ
693 5105 800 5154 τῶν
857 5095 1035 5155 ἄλλων
1093 5105 1198 5155 τῶν
1265 5099 1572 5179 σαλφίγγων
1632 5101 1857 5177 ἀκήκοε,
1920 5105 2007 5161 καὶ

349 5190 419 5246 τὰ
474 5191 592 5244 θεῖα
651 5193 803 5266 φῶτα
853 5185 1122 5265 κατεῖδεν,
1173 5189 1503 5268 ἀφορίζεται,
1559 5190 1654 5246 καῖ
1710 5193 1843 5264 μετὰ
1902 5197 2007 5247 τῶν

347 5276 532 5355 ἱερέων
582 5275 835 5332 ἵσταται·
871 5279 957 5333 καὶ
1007 5279 1079 5340 εἰς
1125 5280 1216 5334 τὸν
1263 5282 1408 5334 θεῖον
1451 5279 1645 5358 γνόφον
1695 5278 1884 5360 εἰσδὺς,
1916 5282 2006 5337 τὸν

2091 2323 2367 2386 omnibus
2396 2325 2804 2400 antecellat,et
2835 2329 2977 2390 solis
2997 2327 3071 2390 iis
3099 2337 3402 2410 appareat,
3425 2349 3556 2410 quae
3594 2348 3741 2392 cun-

2090 2422 2206 2489 cta,
2245 2434 2375 2496 quae
2400 2415 2916 2499 impura,quzeque
2938 2435 3084 2496 pura
3113 2427 3270 2494 sunt,
3299 2425 3738 2500 pertranseunt,

2091 2513 2146 2567 et
2193 2505 2294 2586 qui
2343 2523 2582 2567 omnem
2619 2513 2900 2571 verticem
2936 2509 3389 2584 transcendunt,
3424 2509 3743 2590 omniaque

2089 2592 2338 2675 lumina,
2370 2594 2430 2656 id
2462 2605 2554 2656 est
2575 2615 2816 2659 omnem
2848 2598 3172 2673 notionem,
3205 2617 3534 2681 omnesque
3564 2617 3744 2661 sonos

2087 2701 2156 2745 ac
2186 2701 2734 2765 sermones,eorum
2768 2686 3052 2750 videlicet
3069 2705 3200 2770 quae
3221 2688 3296 2751 de
3317 2691 3442 2753 Deo
3460 2688 3522 2750 in
3543 2687 3744 2769 Scrip-

2091 2772 2236 2834 turis
2287 2773 2446 2835 dicta
2500 2780 2661 2856 sunt,
2721 2776 3090 2857 relinquunt.
3153 2780 3340 2841 Vocat
3394 2788 3588 2840 autem
3634 2777 3745 2840 hos

2087 2861 2670 2944 caelestes,tanquam
2706 2885 2823 2927 non
2845 2868 3176 2928 secundum
3207 2868 3523 2930 humanam
3558 2875 3744 2930 terre-

2087 2971 2343 3034 namque
2360 2954 2952 3035 intelligentiam,sed
2970 2957 3302 3018 secundum
3329 2957 3588 3018 divinam
3610 2957 3738 3019 ins-

2088 3042 2533 3124 pirationem,et
2566 3045 2756 3106 dictos
2787 3055 2844 3106 et
2875 3045 3122 3108 traditos
3145 3054 3203 3108 et
3225 3045 3422 3110 divina
3445 3045 3547 3108 illa
3567 3053 3738 3126 igno-

2087 3133 2332 3196 rationis
2355 3134 2611 3212 caligine
2641 3135 2959 3210 involutos,
2998 3133 3098 3198 ubi
3129 3146 3222 3198 est
3251 3135 3301 3197 is
3333 3136 3431 3216 qui
3463 3136 3741 3200 omnibus

2090 3223 2366 3304 superior
2395 3223 2613 3286 existit.
2649 3225 2914 3287 Observa
2945 3227 3416 3306 vero,quomodo
3447 3226 3628 3288 dixit:
3665 3225 3744 3288 lis

2093 3312 2193 3391 qui
2225 3319 2337 3372 tam
2364 3311 2595 3392 impura
2620 3332 2794 3394 quam
2833 3332 2978 3394 pura
2999 3323 3437 3395 pertranseunt;
3457 3315 3743 3396 quoniam

2093 3398 2195 3462 illa
2225 3401 2400 3461 etiam
2427 3420 2562 3478 qua;
2595 3401 2751 3480 apud
2787 3421 2895 3463 nos
2927 3421 3070 3482 pura
3099 3413 3400 3477 sunt,cum
3425 3403 3623 3466 divina
3644 3404 3745 3467 illa

2093 3490 2348 3568 puritate
2377 3499 2737 3571 comparata,
2802 3491 3111 3554 immunda
3156 3499 3527 3573 reputantur,
3578 3495 3746 3573 juxta

2091 3579 2246 3660 quod
2278 3579 2499 3640 dictum
2527 3587 2620 3641 est
2657 3599 2670 3644 :
2715 3579 2933 3643 Omnis
2983 3583 3230 3656 iustitia
3263 3583 3530 3644 hominis
3563 3588 3746 3663 quasi

2088 3686 2336 3749 pannus
2357 3678 2748 3732 menstruam
2777 3688 2832 3745 ο,
2868 3688 3003 3731 cum
3049 3670 3246 3732 divina
3291 3671 3535 3733 omnino
3559 3673 3742 3751 justi-

2090 3757 2170 3820 tia
2198 3767 2558 3838 comparata,
2607 3759 2780 3839 cujus
2810 3778 2930 3820 non
2990 3772 3076 3822 est
3109 3778 3416 3824 numerus.
3479 3758 3741 3824 Observa

2088 3846 2230 3908 item
2293 3847 2479 3910 illud:
2513 3847 2624 3919 Qui
2655 3867 2894 3910 omnem
2940 3850 3225 3912 verticem
3278 3850 3733 3926 transcendunt,

2089 3955 2220 3997 cum
2251 3937 2714 4011 sensilium,tum
2748 3938 3210 4012 intellectilium,
3232 3957 3350 4000 non
3372 3939 3562 4000 solum
3585 3959 3736 4015 quo-

2090 4026 2406 4088 dummodo
2421 4045 2517 4088 res
2530 4026 2918 4107 ipsas.verum
2936 4027 3109 4090 etiam
3125 4047 3326 4090 earum
3342 4029 3737 4094 summitates.

2090 4115 2474 4179 Summitates
2513 4117 2670 4178 enim
2711 4125 2946 4179 veteres
2984 4117 3363 4198 appellabant
3394 4118 3450 4178 id
3488 4119 3645 4199 quod
3676 4119 3739 4182 in

2091 4205 2357 4284 qualibet
2372 4206 2629 4268 essentia
2645 4207 3022 4286 purissimum
3038 4208 3360 4288 exsistit,ex
3372 4209 3741 4290 quoassidue

2091 4313 2198 4357 seu
2221 4296 2599 4358 continenter
2617 4297 2876 4358 essentia
2895 4296 3356 4378 dependeat.Sic
3385 4300 3596 4360 animae
3613 4315 3743 4361 ver-

2097 4391 2188 4446 tex
2222 4404 2325 4447 seu
2350 4386 2660 4448 summitas
2681 4394 2769 4448 est
2802 4396 3061 4460 mens,et
3088 4387 3744 4468 amoris,quisuperno-

2093 4491 2224 4536 rum
2252 4474 2548 4536 desiderio
2563 4475 3043 4547 succenditur;et
3071 4485 3286 4538 nostrae
3300 4476 3740 4559 hierarchiae,id

2095 4564 2250 4644 quod
2287 4564 2828 4645 proximeintendit
2860 4565 3444 4627 immaterialitatem.
3473 4566 3569 4629 Sic
3599 4585 3738 4628 rur-

2093 4672 2222 4715 sum
2267 4654 2326 4715 in
2360 4655 2706 4735 sensilibus,
2743 4654 2918 4732 ignis,
2958 4653 3017 4715 id
3042 4656 3198 4734 quod
3218 4656 3743 4731 lucidissimum;et

2091 4743 2343 4824 aqum,id
2369 4745 2526 4818 quod
2560 4745 2976 4805 tenuissimum
3012 4753 3126 4818 est,
3162 4753 3218 4805 et
3248 4752 3467 4806 caetera
3498 4763 3740 4826 propor-

2092 4834 2252 4894 tione
2276 4852 2404 4896 sua.
2441 4833 2722 4894 Hortatur
2747 4833 2950 4913 itaque
2986 4833 3082 4895 hic
3117 4852 3337 4906 sermo,
3394 4843 3740 4898 sanctorum

2091 4941 2328 5003 quoque
2345 4930 2626 4984 verticum
2665 4940 2976 4984 ascensum
3010 4941 3315 5003 superare,
3351 4931 3409 4984 et
3438 4925 3520 4985 sic
3545 4925 3739 4986 locum

2088 5011 2538 5090 apprehendere
2560 5012 2620 5072 in
2649 5031 2762 5091 quo
2797 5021 2885 5073 est
2903 5012 3146 5086 Deus,id
3167 5013 3324 5092 quod
3360 5014 3535 5076 etiam
3555 5015 3739 5094 Moysi

2089 5102 2323 5163 accidit.
2376 5100 2522 5163 Nota
2574 5101 2842 5163 ordinem
2905 5120 3114 5163 eorum
3163 5121 3295 5182 quas
3343 5104 3524 5182 Moysi
3591 5121 3742 5163 con-

2092 5189 2376 5272 tigerunt,
2430 5191 2774 5271 priusquam
2811 5191 3026 5270 dignus
3070 5201 3159 5253 est
3204 5191 3442 5254 habitus
3487 5192 3546 5251 in
3591 5191 3741 5252 cali-

2088 5281 2284 5357 ginem
2319 5280 2568 5358 ingredi.
2608 5279 2868 5341 Primum
2920 5281 3078 5343 enim
3115 5280 3383 5360 expiatus
3407 5280 3534 5345 fuit.
3571 5289 3626 5341 et
3655 5280 3740 5342 sic

351 5368 484 5424 Θεὸν
531 5366 628 5441 μὲν
658 5369 762 5445 οὐχ
793 5367 910 5444 ὁρᾷ,
945 5368 1098 5441 (Θεὸν
1141 5369 1237 5445 γὰρ
1273 5367 1446 5431 οὐδεὶς
1499 5370 1700 5448 ἑώρακε
1729 5369 2002 5450 πώποτε),

2092 5369 2158 5431 ab
2189 5369 2320 5431 aliis
2349 5378 2692 5448 segregatus
2722 5369 2868 5429 556
2895 5369 3006 5433 Ubi
3055 5371 3216 5431 enim
3262 5387 3377 5430 una
3421 5387 3559 5430 cum
3603 5369 3740 5432 aliis

346 5458 443 5513 τὸν
472 5455 634 5512 τόπον
665 5452 720 5510 δὲ
751 5455 805 5511 ἐν
839 5459 884 5527 ᾦ
914 5453 1070 5524 ἕστηο
1106 5456 1158 5524 ἐξ
1204 5460 1262 5518 οὔ
1291 5455 1566 5538 δηλοῦται,
1600 5460 1666 5520 τὰ
1708 5465 1814 5520 τῶν
1844 5483 1999 5529 νοουη

2092 5459 2258 5529 tubas
2288 5459 2636 5536 audivisset,
2673 5471 2732 5528 et
2754 5459 2952 5527 divina
2974 5459 3197 5526 lumina
3229 5458 3496 5532 vidisset,
3536 5475 3740 5542 segre-

435 5641 464 5676 ο
491 5622 623 5692 Isai.
669 5639 832 5710 ulv,
861 5623 927 5689 6.
