  <div class='ocr_page' id='page_1' title='image "/cluster/home/n/w/nwhite01/storage/ocr_20150623/3/hvd.32044029831450/538.png"; bbox 0 0 4064 6212; ppageno 0'>
   <div class='ocr_carea' id='block_1_1' title="bbox 289 360 442 442">
    <p class='ocr_par' dir='ltr' id='par_1_1' title="bbox 289 360 442 442">
     <span class='ocr_line' id='line_1_1' title="bbox 289 360 442 442; baseline 0.007 -2"><span class='ocrx_word' id='word_1_1' title='bbox 289 360 442 442; x_wconf 66' lang='grc'><strong>1029</strong></span> 
     </span>
    </p>
   </div>
   <div class='ocr_carea' id='block_1_2' title="bbox 736 350 1895 457">
    <p class='ocr_par' dir='ltr' id='par_1_2' title="bbox 736 360 1895 457">
     <span class='ocr_line' id='line_1_2' title="bbox 736 360 1895 457; baseline -0.004 -15"><span class='ocrx_word' id='word_1_2' title='bbox 736 364 835 444; x_wconf 83' lang='lat' dir='ltr'><strong>DE</strong></span> <span class='ocrx_word' id='word_1_3' title='bbox 880 364 1214 443; x_wconf 76' lang='lat' dir='ltr'><strong>MYS’I‘IGA</strong></span> <span class='ocrx_word' id='word_1_4' title='bbox 1259 360 1721 457; x_wconf 77' lang='lat' dir='ltr'><strong>THEOLOGIA,</strong></span> <span class='ocrx_word' id='word_1_5' title='bbox 1767 367 1895 438; x_wconf 74' lang='lat' dir='ltr'><strong>CAF</strong></span> 
     </span>
    </p>
   </div>
   <div class='ocr_carea' id='block_1_3' title="bbox 1980 350 3179 457">
    <p class='ocr_par' dir='ltr' id='par_1_3' title="bbox 1980 350 3179 439">
     <span class='ocr_line' id='line_1_3' title="bbox 1980 350 3179 439; baseline -0.001 -1"><span class='ocrx_word' id='word_1_6' title='bbox 1980 352 2056 438; x_wconf 81' lang='lat' dir='ltr'><strong>ii.</strong></span> <span class='ocrx_word' id='word_1_7' title='bbox 2105 407 2183 418; x_wconf 89' lang='grc'><strong><em>-</em></strong></span> <span class='ocrx_word' id='word_1_8' title='bbox 2225 350 2612 439; x_wconf 66' lang='grc' dir='ltr'><strong>ΡΑΗΑῙἯΒ.</strong></span> <span class='ocrx_word' id='word_1_9' title='bbox 2662 356 3179 438; x_wconf 62' lang='grc' dir='ltr'><strong>ΡΑοΗΥΜΕΜξ.</strong></span> 
     </span>
    </p>
   </div>
   <div class='ocr_carea' id='block_1_4' title="bbox 3486 352 3643 440">
    <p class='ocr_par' dir='ltr' id='par_1_4' title="bbox 3486 352 3643 440">
     <span class='ocr_line' id='line_1_4' title="bbox 3486 352 3643 440; baseline 0.013 -2"><span class='ocrx_word' id='word_1_10' title='bbox 3486 352 3643 440; x_wconf 77' lang='grc'><strong>1030</strong></span> 
     </span>
    </p>
   </div>
   <div class='ocr_carea' id='block_1_5' title="bbox 279 505 1895 596">
    <p class='ocr_par' dir='ltr' id='par_1_5' title="bbox 279 514 1895 596">
     <span class='ocr_line' id='line_1_5' title="bbox 279 514 1895 596; baseline -0.006 -23"><span class='ocrx_word' id='word_1_11' title='bbox 279 515 407 595; x_wconf 84' lang='grc' dir='ltr'>παρ’</span> <span class='ocrx_word' id='word_1_12' title='bbox 460 520 617 576; x_wconf 72' lang='grc' dir='ltr'>αὒτοῦ</span> <span class='ocrx_word' id='word_1_13' title='bbox 675 514 1058 592; x_wconf 74' lang='grc' dir='ltr'>ἐλλάμπεσθαι.</span> <span class='ocrx_word' id='word_1_14' title='bbox 1119 515 1206 573; x_wconf 82' lang='grc' dir='ltr'><strong>’Ἢ</strong></span> <span class='ocrx_word' id='word_1_15' title='bbox 1239 517 1340 594; x_wconf 77' lang='grc' dir='ltr'>γὰρ</span> <span class='ocrx_word' id='word_1_16' title='bbox 1397 516 1529 596; x_wconf 73' lang='grc' dir='ltr'>οὒχῖ</span> <span class='ocrx_word' id='word_1_17' title='bbox 1575 516 1663 571; x_wconf 84' lang='grc' dir='ltr'><strong>καὶ</strong></span> <span class='ocrx_word' id='word_1_18' title='bbox 1704 514 1895 571; x_wconf 47' lang='grc' dir='ltr'>ἐνταῦθη</span> 
     </span>
    </p>
   </div>
   <div class='ocr_carea' id='block_1_6' title="bbox 1980 505 3683 596">
    <p class='ocr_par' dir='ltr' id='par_1_6' title="bbox 2006 505 3683 589">
     <span class='ocr_line' id='line_1_6' title="bbox 2006 505 3683 589; baseline -0.001 -21"><span class='ocrx_word' id='word_1_19' title='bbox 2006 509 2288 589; x_wconf 82' lang='lat' dir='ltr'><strong>optimam</strong></span> <span class='ocrx_word' id='word_1_20' title='bbox 2315 507 2405 569; x_wconf 92' lang='lat' dir='ltr'><strong>sui</strong></span> <span class='ocrx_word' id='word_1_21' title='bbox 2435 516 2657 588; x_wconf 90' lang='lat' dir='ltr'><strong>partem</strong></span> <span class='ocrx_word' id='word_1_22' title='bbox 2679 508 2863 584; x_wconf 87' lang='lat' dir='ltr'><strong>unita,</strong></span> <span class='ocrx_word' id='word_1_23' title='bbox 2885 514 3103 570; x_wconf 85' lang='lat' dir='ltr'><strong>statum</strong></span> <span class='ocrx_word' id='word_1_24' title='bbox 3128 505 3567 588; x_wconf 86' lang='lat' dir='ltr'><strong>quodammodo</strong></span> <span class='ocrx_word' id='word_1_25' title='bbox 3592 517 3649 570; x_wconf 92' lang='lat' dir='ltr'><strong>et</strong></span> <span class='ocrx_word' id='word_1_26' title='bbox 3680 570 3683 575; x_wconf 69' lang='grc'><strong>,</strong></span> 
     </span>
    </p>
   </div>
   <div class='ocr_carea' id='block_1_7' title="bbox 277 596 1895 685">
    <p class='ocr_par' dir='ltr' id='par_1_7' title="bbox 277 602 1895 685">
     <span class='ocr_line' id='line_1_7' title="bbox 277 602 1895 685; baseline -0.003 -23"><span class='ocrx_word' id='word_1_27' title='bbox 277 606 366 662; x_wconf 58' lang='grc' dir='ltr'><strong>επὶ</strong></span> <span class='ocrx_word' id='word_1_28' title='bbox 417 607 515 673; x_wconf 80' lang='grc' dir='ltr'><strong>τῆς</strong></span> <span class='ocrx_word' id='word_1_29' title='bbox 571 605 833 682; x_wconf 74' lang='grc' dir='ltr'>ἡμετέρας</span> <span class='ocrx_word' id='word_1_30' title='bbox 891 607 1121 685; x_wconf 73' lang='grc' dir='ltr'>ὁράσεως</span> <span class='ocrx_word' id='word_1_31' title='bbox 1201 603 1442 683; x_wconf 74' lang='grc' dir='ltr'>ἀμυδρῶς</span> <span class='ocrx_word' id='word_1_32' title='bbox 1501 624 1618 660; x_wconf 73' lang='grc' dir='ltr'><strong>πως</strong></span> <span class='ocrx_word' id='word_1_33' title='bbox 1688 602 1895 658; x_wconf 64' lang='grc' dir='ltr'>τελεῖτε</span> 
     </span>
    </p>
   </div>
   <div class='ocr_carea' id='block_1_8' title="bbox 1980 596 3643 685">
    <p class='ocr_par' dir='ltr' id='par_1_8' title="bbox 2010 596 3643 685">
     <span class='ocr_line' id='line_1_8' title="bbox 2010 596 3643 685; baseline 0.002 -28"><span class='ocrx_word' id='word_1_34' title='bbox 2010 596 2487 660; x_wconf 87' lang='lat' dir='ltr'><strong>immobilitatem</strong></span> <span class='ocrx_word' id='word_1_35' title='bbox 2510 598 2813 673; x_wconf 88' lang='lat' dir='ltr'><strong>obtinens,</strong></span> <span class='ocrx_word' id='word_1_36' title='bbox 2839 597 2981 657; x_wconf 90' lang='lat' dir='ltr'><strong>dum</strong></span> <span class='ocrx_word' id='word_1_37' title='bbox 3014 596 3091 658; x_wconf 86' lang='lat' dir='ltr'><strong>ab</strong></span> <span class='ocrx_word' id='word_1_38' title='bbox 3126 597 3255 676; x_wconf 91' lang='lat' dir='ltr'><strong>ipso</strong></span> <span class='ocrx_word' id='word_1_39' title='bbox 3290 597 3643 685; x_wconf 67' lang='lat' dir='ltr'><strong>illustratur.</strong></span> 
     </span>
    </p>
   </div>
   <div class='ocr_carea' id='block_1_9' title="bbox 277 696 1567 773">
    <p class='ocr_par' dir='ltr' id='par_1_9' title="bbox 277 696 1567 773">
     <span class='ocr_line' id='line_1_9' title="bbox 277 696 1567 773; baseline -0.002 -21"><span class='ocrx_word' id='word_1_40' title='bbox 277 698 457 769; x_wconf 88' lang='grc' dir='ltr'>τοῦτο,</span> <span class='ocrx_word' id='word_1_41' title='bbox 513 696 601 753; x_wconf 80' lang='grc' dir='ltr'>’δτε</span> <span class='ocrx_word' id='word_1_42' title='bbox 658 697 757 752; x_wconf 85' lang='grc' dir='ltr'>τινὶ</span> <span class='ocrx_word' id='word_1_43' title='bbox 810 696 1331 773; x_wconf 76' lang='grc' dir='ltr'><strong>προκατειλημμένοι</strong></span> <span class='ocrx_word' id='word_1_44' title='bbox 1398 696 1567 769; x_wconf 81' lang='grc' dir='ltr'>πὸθῳ,</span> 
     </span>
    </p>
   </div>
   <div class='ocr_carea' id='block_1_10' title="bbox 278 782 1919 864">
    <p class='ocr_par' dir='ltr' id='par_1_10' title="bbox 278 782 1919 864">
     <span class='ocr_line' id='line_1_10' title="bbox 278 782 1919 864; baseline -0.003 -23"><span class='ocrx_word' id='word_1_45' title='bbox 278 786 407 842; x_wconf 69' lang='grc' dir='ltr'>αὐτὸ</span> <span class='ocrx_word' id='word_1_46' title='bbox 447 784 736 864; x_wconf 70' lang='grc' dir='ltr'><strong>ἐφιέμενοι,</strong></span> <span class='ocrx_word' id='word_1_47' title='bbox 802 785 1000 864; x_wconf 63' lang='grc' dir='ltr'>αἴφνης</span> <span class='ocrx_word' id='word_1_48' title='bbox 1058 782 1367 841; x_wconf 68' lang='grc' dir='ltr'>ἐπιστέντος</span> <span class='ocrx_word' id='word_1_49' title='bbox 1426 791 1518 840; x_wconf 89' lang='grc' dir='ltr'><strong>τοῦ</strong></span> <span class='ocrx_word' id='word_1_50' title='bbox 1578 784 1919 861; x_wconf 78' lang='grc' dir='ltr'>ποθουμένου,</span> 
     </span>
    </p>
   </div>
   <div class='ocr_carea' id='block_1_11' title="bbox 280 873 1920 952">
    <p class='ocr_par' dir='ltr' id='par_1_11' title="bbox 280 873 1920 952">
     <span class='ocr_line' id='line_1_11' title="bbox 280 873 1920 952; baseline -0.002 -22"><span class='ocrx_word' id='word_1_51' title='bbox 280 874 574 952; x_wconf 71' lang='grc' dir='ltr'>ῆῆμετέρα</span> <span class='ocrx_word' id='word_1_52' title='bbox 616 876 704 931; x_wconf 58' lang='lat' dir='ltr'><strong>in!</strong></span> <span class='ocrx_word' id='word_1_53' title='bbox 745 874 916 946; x_wconf 79' lang='grc' dir='ltr'>τούτῳ</span> <span class='ocrx_word' id='word_1_54' title='bbox 972 874 1252 952; x_wconf 77' lang='grc' dir='ltr'>συνάγεται</span> <span class='ocrx_word' id='word_1_55' title='bbox 1313 873 1517 952; x_wconf 84' lang='grc' dir='ltr'>ὅρασις,</span> <span class='ocrx_word' id='word_1_56' title='bbox 1575 874 1636 928; x_wconf 78' lang='grc' dir='ltr'><strong>οῦ</strong></span> <span class='ocrx_word' id='word_1_57' title='bbox 1691 877 1920 950; x_wconf 79' lang='grc' dir='ltr'>μερικῶς</span> 
     </span>
    </p>
   </div>
   <div class='ocr_carea' id='block_1_12' title="bbox 276 962 1920 1041">
    <p class='ocr_par' dir='ltr' id='par_1_12' title="bbox 276 962 1920 1041">
     <span class='ocr_line' id='line_1_12' title="bbox 276 962 1920 1041; baseline -0.003 -21"><span class='ocrx_word' id='word_1_58' title='bbox 276 962 579 1041; x_wconf 72' lang='grc' dir='ltr'>ἐνεργοῦσα,</span> <span class='ocrx_word' id='word_1_59' title='bbox 658 962 779 1020; x_wconf 84' lang='grc' dir='ltr'>ἀλλ’</span> <span class='ocrx_word' id='word_1_60' title='bbox 838 963 1056 1038; x_wconf 85' lang='grc' dir='ltr'>ὁλικῶς,</span> <span class='ocrx_word' id='word_1_61' title='bbox 1126 965 1208 1019; x_wconf 65' lang='grc' dir='ltr'>καὶ</span> <span class='ocrx_word' id='word_1_62' title='bbox 1264 964 1401 1019; x_wconf 85' lang='grc' dir='ltr'><strong>κατά</strong></span> <span class='ocrx_word' id='word_1_63' title='bbox 1465 970 1619 1018; x_wconf 88' lang='grc' dir='ltr'>τοῦτο</span> <span class='ocrx_word' id='word_1_64' title='bbox 1673 962 1920 1027; x_wconf 80' lang='grc' dir='ltr'>ἀκινῆτί-</span> 
     </span>
    </p>
   </div>
   <div class='ocr_carea' id='block_1_13' title="bbox 273 1051 1917 1131">
    <p class='ocr_par' dir='ltr' id='par_1_13' title="bbox 273 1051 1917 1131">
     <span class='ocr_line' id='line_1_13' title="bbox 273 1051 1917 1131; baseline -0.004 -20"><span class='ocrx_word' id='word_1_65' title='bbox 273 1059 480 1128; x_wconf 72' lang='grc' dir='ltr'>ζουσας</span> <span class='ocrx_word' id='word_1_66' title='bbox 518 1051 772 1120; x_wconf 76' lang='grc' dir='ltr'>πολλάκις</span> <span class='ocrx_word' id='word_1_67' title='bbox 816 1052 987 1111; x_wconf 75' lang='grc' dir='ltr'>δὲκαὶ</span> <span class='ocrx_word' id='word_1_68' title='bbox 1035 1074 1175 1118; x_wconf 86' lang='grc' dir='ltr'>τινες</span> <span class='ocrx_word' id='word_1_69' title='bbox 1232 1059 1299 1129; x_wconf 82' lang='grc' dir='ltr'><strong>τῇ</strong></span> <span class='ocrx_word' id='word_1_70' title='bbox 1352 1051 1454 1125; x_wconf 68' lang='grc' dir='ltr'>ἰδίᾳ</span> <span class='ocrx_word' id='word_1_71' title='bbox 1485 1052 1627 1131; x_wconf 67' lang='grc' dir='ltr'>χειρὶ</span> <span class='ocrx_word' id='word_1_72' title='bbox 1658 1055 1917 1126; x_wconf 73' lang='grc' dir='ltr'>καταψῶσ-</span> 
     </span>
    </p>
   </div>
   <div class='ocr_carea' id='block_1_14' title="bbox 273 1139 1916 1224">
    <p class='ocr_par' dir='ltr' id='par_1_14' title="bbox 273 1139 1916 1224">
     <span class='ocr_line' id='line_1_14' title="bbox 273 1139 1916 1224; baseline -0.002 -25"><span class='ocrx_word' id='word_1_73' title='bbox 273 1164 326 1224; x_wconf 64' lang='lat' dir='ltr'><strong>tu</strong></span> <span class='ocrx_word' id='word_1_74' title='bbox 357 1145 480 1206; x_wconf 84' lang='grc' dir='ltr'>τοὺς</span> <span class='ocrx_word' id='word_1_75' title='bbox 530 1142 850 1224; x_wconf 76' lang='grc' dir='ltr'>ὀφθαλμοὺς,</span> <span class='ocrx_word' id='word_1_76' title='bbox 893 1144 956 1199; x_wconf 81' lang='grc' dir='ltr'>τὸ</span> <span class='ocrx_word' id='word_1_77' title='bbox 998 1144 1248 1224; x_wconf 76' lang='grc' dir='ltr'>ὁρατικὸν</span> <span class='ocrx_word' id='word_1_78' title='bbox 1292 1141 1491 1224; x_wconf 70' lang='grc' dir='ltr'>ᾥσανεί</span> <span class='ocrx_word' id='word_1_79' title='bbox 1547 1139 1916 1217; x_wconf 79' lang='grc' dir='ltr'>διεγείροντες.</span> 
     </span>
    </p>
   </div>
   <div class='ocr_carea' id='block_1_15' title="bbox 274 1221 1913 1302">
    <p class='ocr_par' dir='ltr' id='par_1_15' title="bbox 274 1221 1913 1302">
     <span class='ocr_line' id='line_1_15' title="bbox 274 1221 1913 1302; baseline -0.004 -21"><span class='ocrx_word' id='word_1_80' title='bbox 274 1221 360 1280; x_wconf 86' lang='grc' dir='ltr'><strong>’Ἦ</strong></span> <span class='ocrx_word' id='word_1_81' title='bbox 392 1226 549 1281; x_wconf 82' lang='grc' dir='ltr'>πόθεν</span> <span class='ocrx_word' id='word_1_82' title='bbox 576 1221 645 1280; x_wconf 59' lang='grc' dir='ltr'>ἀἱ</span> <span class='ocrx_word' id='word_1_83' title='bbox 688 1224 960 1286; x_wconf 69' lang='grc' dir='ltr'>ἐκστάσεις</span> <span class='ocrx_word' id='word_1_84' title='bbox 992 1225 1080 1279; x_wconf 83' lang='grc' dir='ltr'><strong>καὶ</strong></span> <span class='ocrx_word' id='word_1_85' title='bbox 1133 1221 1437 1302; x_wconf 71' lang='grc' dir='ltr'>ἐκπλήξεις,</span> <span class='ocrx_word' id='word_1_86' title='bbox 1489 1222 1532 1277; x_wconf 84' lang='grc' dir='ltr'>εἷ</span> <span class='ocrx_word' id='word_1_87' title='bbox 1589 1223 1665 1297; x_wconf 83' lang='grc' dir='ltr'>μὴ</span> <span class='ocrx_word' id='word_1_88' title='bbox 1716 1224 1744 1277; x_wconf 81' lang='grc' dir='ltr'>ὁ</span> <span class='ocrx_word' id='word_1_89' title='bbox 1798 1227 1913 1282; x_wconf 91' lang='grc' dir='ltr'>νοῦς</span> 
     </span>
    </p>
   </div>
   <div class='ocr_carea' id='block_1_16' title="bbox 272 1310 1917 1394">
    <p class='ocr_par' dir='ltr' id='par_1_16' title="bbox 272 1310 1917 1394">
     <span class='ocr_line' id='line_1_16' title="bbox 272 1310 1917 1394; baseline -0.003 -24"><span class='ocrx_word' id='word_1_90' title='bbox 272 1315 609 1394; x_wconf 75' lang='grc' dir='ltr'>συμπάσχύν</span> <span class='ocrx_word' id='word_1_91' title='bbox 667 1327 784 1376; x_wconf 76' lang='grc' dir='ltr'>τοῖς</span> <span class='ocrx_word' id='word_1_92' title='bbox 838 1312 1024 1378; x_wconf 78' lang='grc' dir='ltr'>ἔξωθεν</span> <span class='ocrx_word' id='word_1_93' title='bbox 1074 1315 1144 1377; x_wconf 81' lang='grc' dir='ltr'>εἷς</span> <span class='ocrx_word' id='word_1_94' title='bbox 1197 1314 1382 1369; x_wconf 65' lang='grc' dir='ltr'>ἑαυτὸν</span> <span class='ocrx_word' id='word_1_95' title='bbox 1439 1310 1630 1376; x_wconf 67' lang='grc' dir='ltr'>ολικῶς</span> <span class='ocrx_word' id='word_1_96' title='bbox 1704 1312 1917 1387; x_wconf 75' lang='grc' dir='ltr'>συστρέο</span> 
     </span>
    </p>
   </div>
   <div class='ocr_carea' id='block_1_17' title="bbox 270 1399 1913 1485">
    <p class='ocr_par' dir='ltr' id='par_1_17' title="bbox 270 1399 1913 1485">
     <span class='ocr_line' id='line_1_17' title="bbox 270 1399 1913 1485; baseline -0.003 -25"><span class='ocrx_word' id='word_1_97' title='bbox 270 1425 445 1485; x_wconf 72' lang='grc' dir='ltr'>φεται,</span> <span class='ocrx_word' id='word_1_98' title='bbox 506 1405 593 1461; x_wconf 83' lang='grc' dir='ltr'><strong>καὶ</strong></span> <span class='ocrx_word' id='word_1_99' title='bbox 637 1404 732 1469; x_wconf 77' lang='grc' dir='ltr'><strong>τὰς</strong></span> <span class='ocrx_word' id='word_1_100' title='bbox 792 1404 1010 1480; x_wconf 82' lang='grc' dir='ltr'>μερικάς</span> <span class='ocrx_word' id='word_1_101' title='bbox 1054 1404 1272 1467; x_wconf 82' lang='grc' dir='ltr'>νοώσεις</span> <span class='ocrx_word' id='word_1_102' title='bbox 1332 1403 1681 1475; x_wconf 68' lang='grc' dir='ltr'>ἀποθέμενος,</span> <span class='ocrx_word' id='word_1_103' title='bbox 1720 1399 1913 1462; x_wconf 82' lang='grc' dir='ltr'>ὂλικῶς</span> 
     </span>
    </p>
   </div>
   <div class='ocr_carea' id='block_1_18' title="bbox 268 1490 1909 1571">
    <p class='ocr_par' dir='ltr' id='par_1_18' title="bbox 268 1490 1909 1571">
     <span class='ocr_line' id='line_1_18' title="bbox 268 1490 1909 1571; baseline -0.004 -21"><span class='ocrx_word' id='word_1_104' title='bbox 268 1494 559 1565; x_wconf 81' lang='grc' dir='ltr'>ἀκινητίζει</span> <span class='ocrx_word' id='word_1_105' title='bbox 605 1495 737 1566; x_wconf 84' lang='grc' dir='ltr'>πρὸς</span> <span class='ocrx_word' id='word_1_106' title='bbox 793 1495 870 1566; x_wconf 84' lang='grc' dir='ltr'>τῷ</span> <span class='ocrx_word' id='word_1_107' title='bbox 924 1493 1195 1571; x_wconf 75' lang='grc' dir='ltr'>πράγματι</span> <span class='ocrx_word' id='word_1_108' title='bbox 1252 1490 1376 1554; x_wconf 66' lang='grc' dir='ltr'>ὅλος</span> <span class='ocrx_word' id='word_1_109' title='bbox 1447 1491 1765 1568; x_wconf 74' lang='grc' dir='ltr'>γινόμενοςς</span> <span class='ocrx_word' id='word_1_110' title='bbox 1817 1492 1909 1545; x_wconf 82' lang='grc' dir='ltr'>καὶ</span> 
     </span>
    </p>
   </div>
   <div class='ocr_carea' id='block_1_19' title="bbox 267 1579 1916 1658">
    <p class='ocr_par' dir='ltr' id='par_1_19' title="bbox 267 1579 1916 1658">
     <span class='ocr_line' id='line_1_19' title="bbox 267 1579 1916 1658; baseline -0.003 -19"><span class='ocrx_word' id='word_1_111' title='bbox 267 1580 353 1639; x_wconf 82' lang='grc' dir='ltr'><strong>διὰ</strong></span> <span class='ocrx_word' id='word_1_112' title='bbox 402 1591 553 1641; x_wconf 79' lang='grc' dir='ltr'>τοῦτο</span> <span class='ocrx_word' id='word_1_113' title='bbox 607 1582 954 1649; x_wconf 77' lang='grc' dir='ltr'>ἐξεστηκὼςὸ</span> <span class='ocrx_word' id='word_1_114' title='bbox 1013 1579 1285 1658; x_wconf 76' lang='grc' dir='ltr'>ἄνθρωπος</span> <span class='ocrx_word' id='word_1_115' title='bbox 1347 1580 1609 1658; x_wconf 76' lang='grc' dir='ltr'>φαίνεται,</span> <span class='ocrx_word' id='word_1_116' title='bbox 1679 1590 1776 1637; x_wconf 81' lang='grc' dir='ltr'>Δεῖ</span> <span class='ocrx_word' id='word_1_117' title='bbox 1815 1579 1916 1658; x_wconf 81' lang='grc' dir='ltr'><strong>γὰρ</strong></span> 
     </span>
    </p>
   </div>
   <div class='ocr_carea' id='block_1_20' title="bbox 265 1670 1913 1749">
    <p class='ocr_par' dir='ltr' id='par_1_20' title="bbox 265 1670 1913 1749">
     <span class='ocr_line' id='line_1_20' title="bbox 265 1670 1913 1749; baseline -0.002 -20"><span class='ocrx_word' id='word_1_118' title='bbox 265 1670 480 1749; x_wconf 76' lang='grc' dir='ltr'>εἰδέναι,</span> <span class='ocrx_word' id='word_1_119' title='bbox 540 1674 620 1729; x_wconf 84' lang='grc' dir='ltr'>ὃτι</span> <span class='ocrx_word' id='word_1_120' title='bbox 678 1672 900 1746; x_wconf 83' lang='grc' dir='ltr'>μίμημα</span> <span class='ocrx_word' id='word_1_121' title='bbox 947 1678 1038 1727; x_wconf 87' lang='grc' dir='ltr'><strong>τοῦ</strong></span> <span class='ocrx_word' id='word_1_122' title='bbox 1108 1672 1302 1734; x_wconf 74' lang='grc' dir='ltr'>παντὸς</span> <span class='ocrx_word' id='word_1_123' title='bbox 1364 1673 1391 1725; x_wconf 89' lang='grc' dir='ltr'>ὁ</span> <span class='ocrx_word' id='word_1_124' title='bbox 1444 1677 1562 1735; x_wconf 69' lang='grc' dir='ltr'>νοῦς</span> <span class='ocrx_word' id='word_1_125' title='bbox 1620 1672 1789 1749; x_wconf 79' lang='grc' dir='ltr'>φέρει.</span> <span class='ocrx_word' id='word_1_126' title='bbox 1847 1672 1913 1728; x_wconf 78' lang='grc' dir='ltr'><strong>Τὸ</strong></span> 
     </span>
    </p>
   </div>
   <div class='ocr_carea' id='block_1_21' title="bbox 264 1758 1911 1841">
    <p class='ocr_par' dir='ltr' id='par_1_21' title="bbox 264 1758 1911 1841">
     <span class='ocr_line' id='line_1_21' title="bbox 264 1758 1911 1841; baseline -0.002 -23"><span class='ocrx_word' id='word_1_127' title='bbox 264 1769 393 1841; x_wconf 83' lang='grc' dir='ltr'>γοῦν</span> <span class='ocrx_word' id='word_1_128' title='bbox 444 1768 548 1819; x_wconf 84' lang='grc' dir='ltr'><strong>πᾶν</strong></span> <span class='ocrx_word' id='word_1_129' title='bbox 579 1764 715 1819; x_wconf 85' lang='grc' dir='ltr'><strong>κατά</strong></span> <span class='ocrx_word' id='word_1_130' title='bbox 770 1762 837 1816; x_wconf 74' lang='grc' dir='ltr'><strong>τὰ</strong></span> <span class='ocrx_word' id='word_1_131' title='bbox 885 1760 1021 1838; x_wconf 86' lang='grc' dir='ltr'>μέρη</span> <span class='ocrx_word' id='word_1_132' title='bbox 1077 1761 1383 1835; x_wconf 81' lang='grc' dir='ltr'>κινούμενόν</span> <span class='ocrx_word' id='word_1_133' title='bbox 1440 1758 1580 1816; x_wconf 77' lang='grc' dir='ltr'>ἐστιν</span> <span class='ocrx_word' id='word_1_134' title='bbox 1613 1759 1667 1815; x_wconf 80' lang='grc' dir='ltr'>ἐν</span> <span class='ocrx_word' id='word_1_135' title='bbox 1696 1764 1773 1834; x_wconf 78' lang='grc' dir='ltr'>τῷ</span> <span class='ocrx_word' id='word_1_136' title='bbox 1826 1769 1911 1817; x_wconf 87' lang='grc' dir='ltr'><strong>νῦν</strong></span> 
     </span>
    </p>
   </div>
   <div class='ocr_carea' id='block_1_22' title="bbox 1654 689 1924 749">
    <p class='ocr_par' dir='ltr' id='par_1_22' title="bbox 1654 689 1924 749">
     <span class='ocr_line' id='line_1_22' title="bbox 1654 689 1924 749; baseline 0.004 -2"><span class='ocrx_word' id='word_1_137' title='bbox 1654 695 1733 749; x_wconf 59' lang='grc' dir='ltr'>καθ</span> <span class='ocrx_word' id='word_1_138' title='bbox 1794 689 1924 748; x_wconf 75' lang='grc' dir='ltr'>ἰδεῖν</span> 
     </span>
    </p>
   </div>
   <div class='ocr_carea' id='block_1_23' title="bbox 2007 684 3647 764">
    <p class='ocr_par' dir='ltr' id='par_1_23' title="bbox 2007 684 3647 764">
     <span class='ocr_line' id='line_1_23' title="bbox 2007 684 3647 764; baseline -0.001 -15"><span class='ocrx_word' id='word_1_139' title='bbox 2007 685 2294 764; x_wconf 81' lang='lat' dir='ltr'><strong>Nunquid</strong></span> <span class='ocrx_word' id='word_1_140' title='bbox 2321 687 2480 749; x_wconf 90' lang='lat' dir='ltr'><strong>enim</strong></span> <span class='ocrx_word' id='word_1_141' title='bbox 2507 688 2679 749; x_wconf 82' lang='lat' dir='ltr'><strong>etiam</strong></span> <span class='ocrx_word' id='word_1_142' title='bbox 2710 686 2803 748; x_wconf 86' lang='lat' dir='ltr'><strong>hic</strong></span> <span class='ocrx_word' id='word_1_143' title='bbox 2833 689 2892 747; x_wconf 93' lang='lat' dir='ltr'><strong>in</strong></span> <span class='ocrx_word' id='word_1_144' title='bbox 2916 695 3118 749; x_wconf 86' lang='lat' dir='ltr'><strong>nostra</strong></span> <span class='ocrx_word' id='word_1_145' title='bbox 3140 686 3367 747; x_wconf 86' lang='lat' dir='ltr'><strong>visione</strong></span> <span class='ocrx_word' id='word_1_146' title='bbox 3401 686 3511 747; x_wconf 89' lang='lat' dir='ltr'><strong>hoc</strong></span> <span class='ocrx_word' id='word_1_147' title='bbox 3542 684 3647 747; x_wconf 88' lang='lat' dir='ltr'><strong>oh-</strong></span> 
     </span>
    </p>
   </div>
   <div class='ocr_carea' id='block_1_24' title="bbox 2008 774 3642 857">
    <p class='ocr_par' dir='ltr' id='par_1_24' title="bbox 2008 774 3642 857">
     <span class='ocr_line' id='line_1_24' title="bbox 2008 774 3642 857; baseline -0.001 -21"><span class='ocrx_word' id='word_1_148' title='bbox 2008 794 2151 838; x_wconf 90' lang='lat' dir='ltr'><strong>cure</strong></span> <span class='ocrx_word' id='word_1_149' title='bbox 2192 775 2635 857; x_wconf 88' lang='lat' dir='ltr'><strong>quodammodo</strong></span> <span class='ocrx_word' id='word_1_150' title='bbox 2663 775 2804 836; x_wconf 72' lang='lat'><strong>560</strong></span> <span class='ocrx_word' id='word_1_151' title='bbox 2834 776 2921 850; x_wconf 79' lang='lat' dir='ltr'><strong>tit,</strong></span> <span class='ocrx_word' id='word_1_152' title='bbox 2956 774 3217 855; x_wconf 85' lang='lat' dir='ltr'><strong>quando,</strong></span> <span class='ocrx_word' id='word_1_153' title='bbox 3251 774 3447 852; x_wconf 89' lang='lat' dir='ltr'><strong>aliquo</strong></span> <span class='ocrx_word' id='word_1_154' title='bbox 3476 774 3642 835; x_wconf 83' lang='lat' dir='ltr'><strong>desi-</strong></span> 
     </span>
    </p>
   </div>
   <div class='ocr_carea' id='block_1_25' title="bbox 2006 864 3640 946">
    <p class='ocr_par' dir='ltr' id='par_1_25' title="bbox 2006 864 3640 946">
     <span class='ocr_line' id='line_1_25' title="bbox 2006 864 3640 946; baseline -0.001 -21"><span class='ocrx_word' id='word_1_155' title='bbox 2006 864 2172 928; x_wconf 87' lang='lat' dir='ltr'><strong>derio</strong></span> <span class='ocrx_word' id='word_1_156' title='bbox 2206 866 2621 946; x_wconf 58' lang='lat' dir='ltr'><strong>praeoccupati,</strong></span> <span class='ocrx_word' id='word_1_157' title='bbox 2659 875 2716 927; x_wconf 89' lang='lat' dir='ltr'><strong>et</strong></span> <span class='ocrx_word' id='word_1_158' title='bbox 2747 866 2804 926; x_wconf 88' lang='lat' dir='ltr'><strong>id</strong></span> <span class='ocrx_word' id='word_1_159' title='bbox 2832 865 3031 946; x_wconf 89' lang='lat' dir='ltr'><strong>ipsum</strong></span> <span class='ocrx_word' id='word_1_160' title='bbox 3064 865 3267 926; x_wconf 90' lang='lat' dir='ltr'><strong>videre</strong></span> <span class='ocrx_word' id='word_1_161' title='bbox 3296 870 3640 941; x_wconf 75' lang='lat' dir='ltr'><strong>gestientes,</strong></span> 
     </span>
    </p>
   </div>
   <div class='ocr_carea' id='block_1_26' title="bbox 2003 952 3643 1035">
    <p class='ocr_par' dir='ltr' id='par_1_26' title="bbox 2003 952 3643 1035">
     <span class='ocr_line' id='line_1_26' title="bbox 2003 952 3643 1035; baseline 0 -21"><span class='ocrx_word' id='word_1_162' title='bbox 2003 972 2070 1016; x_wconf 91' lang='lat' dir='ltr'><strong>re</strong></span> <span class='ocrx_word' id='word_1_163' title='bbox 2096 955 2427 1016; x_wconf 88' lang='lat' dir='ltr'><strong>desiderata</strong></span> <span class='ocrx_word' id='word_1_164' title='bbox 2455 955 2581 1035; x_wconf 89' lang='lat' dir='ltr'><strong>jam</strong></span> <span class='ocrx_word' id='word_1_165' title='bbox 2615 964 2934 1033; x_wconf 67' lang='lat' dir='ltr'><strong>praesente,</strong></span> <span class='ocrx_word' id='word_1_166' title='bbox 2984 953 3143 1016; x_wconf 83' lang='lat' dir='ltr'><strong>illico</strong></span> <span class='ocrx_word' id='word_1_167' title='bbox 3177 962 3376 1015; x_wconf 86' lang='lat' dir='ltr'><strong>nostra</strong></span> <span class='ocrx_word' id='word_1_168' title='bbox 3405 952 3549 1014; x_wconf 87' lang='lat' dir='ltr'><strong>visio</strong></span> <span class='ocrx_word' id='word_1_169' title='bbox 3581 953 3643 1014; x_wconf 91' lang='lat' dir='ltr'><strong>in</strong></span> 
     </span>
    </p>
   </div>
   <div class='ocr_carea' id='block_1_27' title="bbox 2002 1042 3641 1123">
    <p class='ocr_par' dir='ltr' id='par_1_27' title="bbox 2002 1042 3641 1123">
     <span class='ocr_line' id='line_1_27' title="bbox 2002 1042 3641 1123; baseline 0 -19"><span class='ocrx_word' id='word_1_170' title='bbox 2002 1043 2129 1122; x_wconf 90' lang='lat' dir='ltr'><strong>ipsa</strong></span> <span class='ocrx_word' id='word_1_171' title='bbox 2151 1043 2470 1123; x_wconf 76' lang='lat' dir='ltr'><strong>colligitur,</strong></span> <span class='ocrx_word' id='word_1_172' title='bbox 2488 1062 2606 1105; x_wconf 92' lang='lat' dir='ltr'><strong>non</strong></span> <span class='ocrx_word' id='word_1_173' title='bbox 2632 1043 3074 1122; x_wconf 88' lang='lat' dir='ltr'><strong>partialitersed</strong></span> <span class='ocrx_word' id='word_1_174' title='bbox 3106 1042 3365 1104; x_wconf 89' lang='lat' dir='ltr'><strong>totaliter</strong></span> <span class='ocrx_word' id='word_1_175' title='bbox 3388 1042 3641 1122; x_wconf 90' lang='lat' dir='ltr'><strong>intenta,</strong></span> 
     </span>
    </p>
   </div>
   <div class='ocr_carea' id='block_1_28' title="bbox 1999 1132 3645 1213">
    <p class='ocr_par' dir='ltr' id='par_1_28' title="bbox 1999 1132 3645 1213">
     <span class='ocr_line' id='line_1_28' title="bbox 1999 1132 3645 1213; baseline -0.001 -19"><span class='ocrx_word' id='word_1_176' title='bbox 1999 1142 2176 1213; x_wconf 88' lang='lat' dir='ltr'><strong>atque</strong></span> <span class='ocrx_word' id='word_1_177' title='bbox 2193 1133 2343 1195; x_wconf 88' lang='lat' dir='ltr'><strong>adeo</strong></span> <span class='ocrx_word' id='word_1_178' title='bbox 2366 1132 2647 1195; x_wconf 87' lang='lat' dir='ltr'><strong>immota?</strong></span> <span class='ocrx_word' id='word_1_179' title='bbox 2672 1134 2827 1206; x_wconf 87' lang='lat' dir='ltr'><strong>Quin</strong></span> <span class='ocrx_word' id='word_1_180' title='bbox 2855 1132 3030 1195; x_wconf 87' lang='lat' dir='ltr'><strong>etiam</strong></span> <span class='ocrx_word' id='word_1_181' title='bbox 3059 1150 3474 1212; x_wconf 66' lang='lat' dir='ltr'><strong>saepenumero</strong></span> <span class='ocrx_word' id='word_1_182' title='bbox 3501 1150 3645 1194; x_wconf 88' lang='lat' dir='ltr'><strong>non-</strong></span> 
     </span>
    </p>
   </div>
   <div class='ocr_carea' id='block_1_29' title="bbox 2001 1222 3642 1303">
    <p class='ocr_par' dir='ltr' id='par_1_29' title="bbox 2001 1222 3642 1303">
     <span class='ocr_line' id='line_1_29' title="bbox 2001 1222 3642 1303; baseline 0 -20"><span class='ocrx_word' id='word_1_183' title='bbox 2001 1223 2147 1284; x_wconf 90' lang='lat' dir='ltr'><strong>nulli</strong></span> <span class='ocrx_word' id='word_1_184' title='bbox 2179 1241 2359 1284; x_wconf 89' lang='lat' dir='ltr'><strong>manu</strong></span> <span class='ocrx_word' id='word_1_185' title='bbox 2391 1241 2497 1284; x_wconf 88' lang='lat' dir='ltr'><strong>sua</strong></span> <span class='ocrx_word' id='word_1_186' title='bbox 2520 1223 2724 1284; x_wconf 81' lang='lat' dir='ltr'><strong>oculos</strong></span> <span class='ocrx_word' id='word_1_187' title='bbox 2745 1222 3331 1303; x_wconf 88' lang='lat' dir='ltr'><strong>obstruunt,videndi</strong></span> <span class='ocrx_word' id='word_1_188' title='bbox 3359 1222 3474 1282; x_wconf 88' lang='lat' dir='ltr'><strong>vim</strong></span> <span class='ocrx_word' id='word_1_189' title='bbox 3498 1240 3642 1302; x_wconf 85' lang='lat' dir='ltr'><strong>quo-</strong></span> 
     </span>
    </p>
   </div>
   <div class='ocr_carea' id='block_1_30' title="bbox 1998 1309 3638 1373">
    <p class='ocr_par' dir='ltr' id='par_1_30' title="bbox 1998 1309 3638 1373">
     <span class='ocr_line' id='line_1_30' title="bbox 1998 1309 3638 1373; baseline 0.001 -3"><span class='ocrx_word' id='word_1_190' title='bbox 1998 1309 2318 1372; x_wconf 71' lang='lat' dir='ltr'><strong>dammodo</strong></span> <span class='ocrx_word' id='word_1_191' title='bbox 2343 1311 2690 1373; x_wconf 83' lang='lat' dir='ltr'><strong>excitantes.</strong></span> <span class='ocrx_word' id='word_1_192' title='bbox 2718 1310 2888 1373; x_wconf 89' lang='lat' dir='ltr'><strong>Unde</strong></span> <span class='ocrx_word' id='word_1_193' title='bbox 2921 1310 3098 1372; x_wconf 90' lang='lat' dir='ltr'><strong>etiam</strong></span> <span class='ocrx_word' id='word_1_194' title='bbox 3127 1320 3388 1372; x_wconf 83' lang='lat' dir='ltr'><strong>exstases</strong></span> <span class='ocrx_word' id='word_1_195' title='bbox 3417 1320 3475 1371; x_wconf 90' lang='lat' dir='ltr'><strong>et</strong></span> <span class='ocrx_word' id='word_1_196' title='bbox 3508 1318 3638 1371; x_wconf 82' lang='lat' dir='ltr'><strong>stu-</strong></span> 
     </span>
    </p>
   </div>
   <div class='ocr_carea' id='block_1_31' title="bbox 1999 1399 3641 1481">
    <p class='ocr_par' dir='ltr' id='par_1_31' title="bbox 1999 1399 3641 1481">
     <span class='ocr_line' id='line_1_31' title="bbox 1999 1399 3641 1481; baseline 0.002 -23"><span class='ocrx_word' id='word_1_197' title='bbox 1999 1417 2196 1480; x_wconf 88' lang='lat' dir='ltr'><strong>pores.</strong></span> <span class='ocrx_word' id='word_1_198' title='bbox 2227 1400 2340 1460; x_wconf 90' lang='lat' dir='ltr'><strong>nisi</strong></span> <span class='ocrx_word' id='word_1_199' title='bbox 2363 1400 2520 1480; x_wconf 89' lang='lat' dir='ltr'><strong>quod</strong></span> <span class='ocrx_word' id='word_1_200' title='bbox 2547 1419 2713 1463; x_wconf 88' lang='lat' dir='ltr'><strong>mens</strong></span> <span class='ocrx_word' id='word_1_201' title='bbox 2737 1401 3108 1462; x_wconf 80' lang='lat' dir='ltr'><strong>extrinsecus</strong></span> <span class='ocrx_word' id='word_1_202' title='bbox 3128 1399 3438 1481; x_wconf 81' lang='lat' dir='ltr'><strong>deﬁciens,</strong></span> <span class='ocrx_word' id='word_1_203' title='bbox 3461 1399 3522 1461; x_wconf 89' lang='lat' dir='ltr'><strong>in</strong></span> <span class='ocrx_word' id='word_1_204' title='bbox 3546 1418 3641 1461; x_wconf 87' lang='lat' dir='ltr'><strong>se-</strong></span> 
     </span>
    </p>
   </div>
   <div class='ocr_carea' id='block_1_32' title="bbox 1999 1487 3638 1560">
    <p class='ocr_par' dir='ltr' id='par_1_32' title="bbox 1999 1487 3638 1560">
     <span class='ocr_line' id='line_1_32' title="bbox 1999 1487 3638 1560; baseline 0.001 -15"><span class='ocrx_word' id='word_1_205' title='bbox 1999 1491 2295 1559; x_wconf 85' lang='lat' dir='ltr'><strong>melipsam</strong></span> <span class='ocrx_word' id='word_1_206' title='bbox 2326 1498 2435 1547; x_wconf 84' lang='lat' dir='ltr'><strong>tota</strong></span> <span class='ocrx_word' id='word_1_207' title='bbox 2459 1491 2834 1556; x_wconf 79' lang='lat' dir='ltr'><strong>convertitur,</strong></span> <span class='ocrx_word' id='word_1_208' title='bbox 2860 1500 2914 1546; x_wconf 86' lang='lat' dir='ltr'><strong>et</strong></span> <span class='ocrx_word' id='word_1_209' title='bbox 2936 1487 3205 1560; x_wconf 77' lang='lat' dir='ltr'><strong>pardales</strong></span> <span class='ocrx_word' id='word_1_210' title='bbox 3228 1488 3638 1546; x_wconf 84' lang='lat' dir='ltr'><strong>intellectiones</strong></span> 
     </span>
    </p>
   </div>
   <div class='ocr_carea' id='block_1_33' title="bbox 2000 1577 3639 1660">
    <p class='ocr_par' dir='ltr' id='par_1_33' title="bbox 2000 1577 3639 1660">
     <span class='ocr_line' id='line_1_33' title="bbox 2000 1577 3639 1660; baseline 0.003 -22"><span class='ocrx_word' id='word_1_211' title='bbox 2000 1577 2304 1651; x_wconf 81' lang='lat' dir='ltr'><strong>deserens,</strong></span> <span class='ocrx_word' id='word_1_212' title='bbox 2343 1580 2602 1641; x_wconf 90' lang='lat' dir='ltr'><strong>totaliter</strong></span> <span class='ocrx_word' id='word_1_213' title='bbox 2631 1579 2913 1660; x_wconf 80' lang='lat' dir='ltr'><strong>quiescit,</strong></span> <span class='ocrx_word' id='word_1_214' title='bbox 2947 1578 3008 1639; x_wconf 89' lang='lat' dir='ltr'><strong>in</strong></span> <span class='ocrx_word' id='word_1_215' title='bbox 3040 1596 3166 1639; x_wconf 89' lang='lat' dir='ltr'><strong>rem</strong></span> <span class='ocrx_word' id='word_1_216' title='bbox 3209 1586 3465 1640; x_wconf 87' lang='lat' dir='ltr'><strong>amatam</strong></span> <span class='ocrx_word' id='word_1_217' title='bbox 3515 1586 3639 1643; x_wconf 83' lang='lat' dir='ltr'><strong>tota</strong></span> 
     </span>
    </p>
   </div>
   <div class='ocr_carea' id='block_1_34' title="bbox 1998 1667 3636 1732">
    <p class='ocr_par' dir='ltr' id='par_1_34' title="bbox 1998 1667 3636 1732">
     <span class='ocr_line' id='line_1_34' title="bbox 1998 1667 3636 1732; baseline 0.002 -3"><span class='ocrx_word' id='word_1_218' title='bbox 1998 1667 2310 1731; x_wconf 80' lang='lat' dir='ltr'><strong>translata?</strong></span> <span class='ocrx_word' id='word_1_219' title='bbox 2335 1670 2492 1731; x_wconf 89' lang='lat' dir='ltr'><strong>unde</strong></span> <span class='ocrx_word' id='word_1_220' title='bbox 2525 1673 2700 1731; x_wconf 86' lang='lat' dir='ltr'><strong>etiam</strong></span> <span class='ocrx_word' id='word_1_221' title='bbox 2737 1670 2916 1730; x_wconf 87' lang='lat' dir='ltr'><strong>homo</strong></span> <span class='ocrx_word' id='word_1_222' title='bbox 2943 1669 3177 1729; x_wconf 89' lang='lat' dir='ltr'><strong>videtur</strong></span> <span class='ocrx_word' id='word_1_223' title='bbox 3204 1676 3359 1729; x_wconf 90' lang='lat' dir='ltr'><strong>totus</strong></span> <span class='ocrx_word' id='word_1_224' title='bbox 3386 1675 3549 1730; x_wconf 82' lang='lat' dir='ltr'><strong>extra</strong></span> <span class='ocrx_word' id='word_1_225' title='bbox 3571 1687 3636 1732; x_wconf 85' lang='lat' dir='ltr'><strong>se</strong></span> 
     </span>
    </p>
   </div>
   <div class='ocr_carea' id='block_1_35' title="bbox 1998 1757 3638 1838">
    <p class='ocr_par' dir='ltr' id='par_1_35' title="bbox 1998 1757 3638 1838">
     <span class='ocr_line' id='line_1_35' title="bbox 1998 1757 3638 1838; baseline 0.002 -21"><span class='ocrx_word' id='word_1_226' title='bbox 1998 1757 2246 1837; x_wconf 90' lang='lat' dir='ltr'><strong>positus.</strong></span> <span class='ocrx_word' id='word_1_227' title='bbox 2283 1758 2605 1819; x_wconf 87' lang='lat' dir='ltr'><strong>Sciendum</strong></span> <span class='ocrx_word' id='word_1_228' title='bbox 2640 1758 2824 1838; x_wconf 86' lang='lat' dir='ltr'><strong>enim,</strong></span> <span class='ocrx_word' id='word_1_229' title='bbox 2874 1767 3133 1819; x_wconf 85' lang='lat' dir='ltr'><strong>mentem</strong></span> <span class='ocrx_word' id='word_1_230' title='bbox 3167 1758 3427 1820; x_wconf 86' lang='lat' dir='ltr'><strong>universi</strong></span> <span class='ocrx_word' id='word_1_231' title='bbox 3461 1757 3638 1838; x_wconf 87' lang='lat' dir='ltr'><strong>hujus</strong></span> 
     </span>
    </p>
   </div>
   <div class='ocr_carea' id='block_1_36' title="bbox 261 1847 1895 1945">
    <p class='ocr_par' dir='ltr' id='par_1_36' title="bbox 261 1847 1895 1931">
     <span class='ocr_line' id='line_1_36' title="bbox 261 1847 1895 1931; baseline -0.003 -23"><span class='ocrx_word' id='word_1_232' title='bbox 261 1852 528 1931; x_wconf 83' lang='grc' dir='ltr'>γενέσθαι,</span> <span class='ocrx_word' id='word_1_233' title='bbox 560 1853 727 1930; x_wconf 81' lang='grc' dir='ltr'>τυχὸν</span> <span class='ocrx_word' id='word_1_234' title='bbox 785 1858 939 1907; x_wconf 88' lang='grc' dir='ltr'>τοῦτο</span> <span class='ocrx_word' id='word_1_235' title='bbox 1007 1852 1070 1906; x_wconf 81' lang='grc' dir='ltr'>τὸ</span> <span class='ocrx_word' id='word_1_236' title='bbox 1102 1849 1260 1926; x_wconf 91' lang='grc' dir='ltr'>μέρος</span> <span class='ocrx_word' id='word_1_237' title='bbox 1319 1849 1371 1905; x_wconf 80' lang='grc' dir='ltr'>ἐν</span> <span class='ocrx_word' id='word_1_238' title='bbox 1431 1856 1498 1924; x_wconf 80' lang='grc' dir='ltr'><strong>τῇ</strong></span> <span class='ocrx_word' id='word_1_239' title='bbox 1558 1848 1721 1928; x_wconf 82' lang='grc' dir='ltr'>δύσει,</span> <span class='ocrx_word' id='word_1_240' title='bbox 1781 1847 1895 1926; x_wconf 69' lang='grc' dir='ltr'>ὅπεξ</span> 
     </span>
    </p>
   </div>
   <div class='ocr_carea' id='block_1_37' title="bbox 1980 1847 3636 1945">
    <p class='ocr_par' dir='ltr' id='par_1_37' title="bbox 1995 1847 3636 1945">
     <span class='ocr_line' id='line_1_37' title="bbox 1995 1847 3636 1945; baseline 0.001 -42"><span class='ocrx_word' id='word_1_241' title='bbox 1995 1847 2431 1945; x_wconf 60' lang='lat' dir='ltr'><strong>similitudinem</strong></span> <span class='ocrx_word' id='word_1_242' title='bbox 2459 1863 2573 1916; x_wconf 61' lang='lat' dir='ltr'><strong>prae</strong></span> <span class='ocrx_word' id='word_1_243' title='bbox 2594 1863 2653 1906; x_wconf 90' lang='lat' dir='ltr'><strong>se</strong></span> <span class='ocrx_word' id='word_1_244' title='bbox 2684 1848 2850 1905; x_wconf 76' lang='lat' dir='ltr'><strong>ferre.</strong></span> <span class='ocrx_word' id='word_1_245' title='bbox 2878 1848 3172 1945; x_wconf 72' lang='lat' dir='ltr'><strong>Siquidem</strong></span> <span class='ocrx_word' id='word_1_246' title='bbox 3197 1849 3526 1945; x_wconf 57' lang='lat' dir='ltr'><strong>universum</strong></span> <span class='ocrx_word' id='word_1_247' title='bbox 3551 1862 3636 1906; x_wconf 89' lang='lat' dir='ltr'><strong>se-</strong></span> 
     </span>
    </p>
   </div>
   <div class='ocr_carea' id='block_1_38' title="bbox 261 1928 1895 2019">
    <p class='ocr_par' dir='ltr' id='par_1_38' title="bbox 261 1928 1895 2019">
     <span class='ocr_line' id='line_1_38' title="bbox 261 1928 1895 2019; baseline -0.002 -22"><span class='ocrx_word' id='word_1_248' title='bbox 261 1928 369 2019; x_wconf 79' lang='grc' dir='ltr'>πρὸ</span> <span class='ocrx_word' id='word_1_249' title='bbox 418 1928 524 1998; x_wconf 43' lang='grc' dir='ltr'>τοῦ-</span> <span class='ocrx_word' id='word_1_250' title='bbox 559 1928 694 1997; x_wconf 71' lang='grc' dir='ltr'>κατὰ</span> <span class='ocrx_word' id='word_1_251' title='bbox 745 1940 845 2007; x_wconf 76' lang='grc' dir='ltr'>τὴν</span> <span class='ocrx_word' id='word_1_252' title='bbox 901 1938 1167 2005; x_wconf 74' lang='grc' dir='ltr'>ἀνατολὴν</span> <span class='ocrx_word' id='word_1_253' title='bbox 1198 1939 1289 2011; x_wconf 80' lang='grc' dir='ltr'>ἦν,</span> <span class='ocrx_word' id='word_1_254' title='bbox 1323 1940 1411 1995; x_wconf 84' lang='grc' dir='ltr'><strong>καὶ</strong></span> <span class='ocrx_word' id='word_1_255' title='bbox 1441 1937 1572 1994; x_wconf 81' lang='grc' dir='ltr'>ἄλλο</span> <span class='ocrx_word' id='word_1_256' title='bbox 1616 1938 1860 2018; x_wconf 72' lang='grc' dir='ltr'>ἀλλαχοῦ</span> <span class='ocrx_word' id='word_1_257' title='bbox 1892 1960 1895 1972; x_wconf 70' lang='grc'><em>⁴</em></span> 
     </span>
    </p>
   </div>
   <div class='ocr_carea' id='block_1_39' title="bbox 1980 1928 3639 2019">
    <p class='ocr_par' dir='ltr' id='par_1_39' title="bbox 1997 1928 3639 2019">
     <span class='ocr_line' id='line_1_39' title="bbox 1997 1928 3639 2019; baseline 0.001 -30"><span class='ocrx_word' id='word_1_258' title='bbox 1997 1928 2255 1989; x_wconf 90' lang='lat' dir='ltr'><strong>cundum</strong></span> <span class='ocrx_word' id='word_1_259' title='bbox 2282 1937 2483 2019; x_wconf 86' lang='lat' dir='ltr'><strong>partes</strong></span> <span class='ocrx_word' id='word_1_260' title='bbox 2503 1931 2768 2019; x_wconf 73' lang='lat' dir='ltr'><strong>movetur</strong></span> <span class='ocrx_word' id='word_1_261' title='bbox 2792 1930 2851 2019; x_wconf 85' lang='lat' dir='ltr'><strong>in</strong></span> <span class='ocrx_word' id='word_1_262' title='bbox 2878 1948 2948 1989; x_wconf 91' lang='lat' dir='ltr'><strong>eo</strong></span> <span class='ocrx_word' id='word_1_263' title='bbox 2974 1928 3132 2009; x_wconf 90' lang='lat' dir='ltr'><strong>quod</strong></span> <span class='ocrx_word' id='word_1_264' title='bbox 3165 1947 3324 1989; x_wconf 91' lang='lat' dir='ltr'><strong>nunc</strong></span> <span class='ocrx_word' id='word_1_265' title='bbox 3350 1928 3547 2019; x_wconf 74' lang='lat' dir='ltr'><strong>tit,_it_a</strong></span> <span class='ocrx_word' id='word_1_266' title='bbox 3573 1936 3639 1991; x_wconf 89' lang='lat' dir='ltr'><strong>ut</strong></span> 
     </span>
    </p>
   </div>
   <div class='ocr_carea' id='block_1_40' title="bbox 259 2014 1895 2109">
    <p class='ocr_par' dir='ltr' id='par_1_40' title="bbox 259 2026 1895 2109">
     <span class='ocr_line' id='line_1_40' title="bbox 259 2026 1895 2109; baseline -0.002 -22"><span class='ocrx_word' id='word_1_267' title='bbox 259 2031 360 2087; x_wconf 76' lang='grc' dir='ltr'><strong>καΐ</strong></span> <span class='ocrx_word' id='word_1_268' title='bbox 402 2031 568 2095; x_wconf 78' lang='grc' dir='ltr'>οὕτως</span> <span class='ocrx_word' id='word_1_269' title='bbox 624 2030 708 2087; x_wconf 77' lang='grc' dir='ltr'>ἐπὶ</span> <span class='ocrx_word' id='word_1_270' title='bbox 761 2036 889 2087; x_wconf 78' lang='grc' dir='ltr'>πᾶσι</span> <span class='ocrx_word' id='word_1_271' title='bbox 920 2043 1037 2092; x_wconf 78' lang='grc' dir='ltr'>τοῖς</span> <span class='ocrx_word' id='word_1_272' title='bbox 1070 2027 1276 2109; x_wconf 78' lang='grc' dir='ltr'>μέρεσι,</span> <span class='ocrx_word' id='word_1_273' title='bbox 1313 2028 1426 2085; x_wconf 73' lang='grc' dir='ltr'>καθ’</span> <span class='ocrx_word' id='word_1_274' title='bbox 1465 2028 1526 2096; x_wconf 72' lang='grc' dir='ltr'><strong>ῆν</strong></span> <span class='ocrx_word' id='word_1_275' title='bbox 1569 2026 1634 2096; x_wconf 73' lang='grc' dir='ltr'>δὴ</span> <span class='ocrx_word' id='word_1_276' title='bbox 1696 2028 1786 2085; x_wconf 65' lang='grc' dir='ltr'>καί</span> <span class='ocrx_word' id='word_1_277' title='bbox 1822 2051 1895 2084; x_wconf 88' lang='grc' dir='ltr'>κι-</span> 
     </span>
    </p>
   </div>
   <div class='ocr_carea' id='block_1_41' title="bbox 1980 2014 3635 2109">
    <p class='ocr_par' dir='ltr' id='par_1_41' title="bbox 1995 2014 3635 2097">
     <span class='ocr_line' id='line_1_41' title="bbox 1995 2014 3635 2097; baseline 0.002 -22"><span class='ocrx_word' id='word_1_278' title='bbox 1995 2035 2049 2091; x_wconf 84' lang='lat' dir='ltr'><strong>v,</strong></span> <span class='ocrx_word' id='word_1_279' title='bbox 2073 2037 2129 2097; x_wconf 86' lang='lat' dir='ltr'><strong>g.</strong></span> <span class='ocrx_word' id='word_1_280' title='bbox 2159 2036 2292 2097; x_wconf 91' lang='lat' dir='ltr'><strong>pars</strong></span> <span class='ocrx_word' id='word_1_281' title='bbox 2314 2016 2416 2079; x_wconf 87' lang='lat' dir='ltr'><strong>illa</strong></span> <span class='ocrx_word' id='word_1_282' title='bbox 2440 2018 2514 2078; x_wconf 89' lang='lat' dir='ltr'><strong>sit</strong></span> <span class='ocrx_word' id='word_1_283' title='bbox 2538 2018 2597 2078; x_wconf 92' lang='lat' dir='ltr'><strong>in</strong></span> <span class='ocrx_word' id='word_1_284' title='bbox 2623 2015 2975 2089; x_wconf 82' lang='lat' dir='ltr'><strong>Occidente,</strong></span> <span class='ocrx_word' id='word_1_285' title='bbox 3000 2036 3130 2097; x_wconf 65' lang='lat' dir='ltr'><strong>qua;</strong></span> <span class='ocrx_word' id='word_1_286' title='bbox 3149 2027 3323 2078; x_wconf 82' lang='lat' dir='ltr'><strong>antea</strong></span> <span class='ocrx_word' id='word_1_287' title='bbox 3346 2018 3404 2077; x_wconf 88' lang='lat' dir='ltr'><strong>in</strong></span> <span class='ocrx_word' id='word_1_288' title='bbox 3428 2014 3635 2080; x_wconf 85' lang='lat' dir='ltr'><strong>Orien-</strong></span> 
     </span>
    </p>
   </div>
   <div class='ocr_carea' id='block_1_42' title="bbox 260 2106 1895 2197">
    <p class='ocr_par' dir='ltr' id='par_1_42' title="bbox 260 2116 1895 2197">
     <span class='ocr_line' id='line_1_42' title="bbox 260 2116 1895 2197; baseline -0.004 -19"><span class='ocrx_word' id='word_1_289' title='bbox 260 2123 524 2178; x_wconf 80' lang='grc' dir='ltr'>νεῖσθαιὸ</span> <span class='ocrx_word' id='word_1_290' title='bbox 572 2120 787 2197; x_wconf 72' lang='grc' dir='ltr'>οὖρανὸς</span> <span class='ocrx_word' id='word_1_291' title='bbox 843 2118 1079 2197; x_wconf 80' lang='grc' dir='ltr'>λέγεται,</span> <span class='ocrx_word' id='word_1_292' title='bbox 1133 2120 1269 2174; x_wconf 78' lang='grc' dir='ltr'>κατὰ</span> <span class='ocrx_word' id='word_1_293' title='bbox 1326 2118 1378 2173; x_wconf 77' lang='grc' dir='ltr'>δὲ</span> <span class='ocrx_word' id='word_1_294' title='bbox 1435 2120 1494 2173; x_wconf 80' lang='grc' dir='ltr'>τὸ</span> <span class='ocrx_word' id='word_1_295' title='bbox 1548 2116 1674 2173; x_wconf 76' lang='grc' dir='ltr'>ὅλον</span> <span class='ocrx_word' id='word_1_296' title='bbox 1718 2118 1895 2185; x_wconf 76' lang='grc' dir='ltr'>ἀκίνη-</span> 
     </span>
    </p>
   </div>
   <div class='ocr_carea' id='block_1_43' title="bbox 1980 2106 3633 2197">
    <p class='ocr_par' dir='ltr' id='par_1_43' title="bbox 1995 2106 3633 2187">
     <span class='ocr_line' id='line_1_43' title="bbox 1995 2106 3633 2187; baseline 0 -19"><span class='ocrx_word' id='word_1_297' title='bbox 1995 2115 2074 2181; x_wconf 92' lang='lat' dir='ltr'><strong>te,</strong></span> <span class='ocrx_word' id='word_1_298' title='bbox 2109 2117 2166 2168; x_wconf 91' lang='lat' dir='ltr'><strong>et</strong></span> <span class='ocrx_word' id='word_1_299' title='bbox 2196 2106 2312 2168; x_wconf 87' lang='lat' dir='ltr'><strong>alia</strong></span> <span class='ocrx_word' id='word_1_300' title='bbox 2340 2107 2516 2187; x_wconf 84' lang='lat' dir='ltr'><strong>alibi;</strong></span> <span class='ocrx_word' id='word_1_301' title='bbox 2563 2116 2621 2168; x_wconf 94' lang='lat' dir='ltr'><strong>et</strong></span> <span class='ocrx_word' id='word_1_302' title='bbox 2660 2107 2746 2168; x_wconf 90' lang='lat' dir='ltr'><strong>sic</strong></span> <span class='ocrx_word' id='word_1_303' title='bbox 2787 2107 2862 2169; x_wconf 91' lang='lat' dir='ltr'><strong>de</strong></span> <span class='ocrx_word' id='word_1_304' title='bbox 2888 2106 3171 2168; x_wconf 90' lang='lat' dir='ltr'><strong>omnibus</strong></span> <span class='ocrx_word' id='word_1_305' title='bbox 3202 2106 3494 2186; x_wconf 90' lang='lat' dir='ltr'><strong>partibus,</strong></span> <span class='ocrx_word' id='word_1_306' title='bbox 3531 2125 3633 2168; x_wconf 84' lang='lat' dir='ltr'><strong>se-</strong></span> 
     </span>
    </p>
   </div>
   <div class='ocr_carea' id='block_1_44' title="bbox 259 2194 1895 2286">
    <p class='ocr_par' dir='ltr' id='par_1_44' title="bbox 259 2194 1895 2286">
     <span class='ocr_line' id='line_1_44' title="bbox 259 2194 1895 2286; baseline -0.001 -21"><span class='ocrx_word' id='word_1_307' title='bbox 259 2231 354 2273; x_wconf 81' lang='grc' dir='ltr'><strong>τος</strong></span> <span class='ocrx_word' id='word_1_308' title='bbox 390 2210 536 2283; x_wconf 83' lang='grc' dir='ltr'>μένει</span> <span class='ocrx_word' id='word_1_309' title='bbox 594 2194 649 2265; x_wconf 79' lang='grc' dir='ltr'>ἐν</span> <span class='ocrx_word' id='word_1_310' title='bbox 680 2209 870 2283; x_wconf 78' lang='grc' dir='ltr'>ἑαυτῳ,</span> <span class='ocrx_word' id='word_1_311' title='bbox 920 2194 1005 2272; x_wconf 37' lang='grc' dir='ltr'><strong>’ὡς</strong></span> <span class='ocrx_word' id='word_1_312' title='bbox 1063 2209 1117 2263; x_wconf 83' lang='grc' dir='ltr'>ἐν</span> <span class='ocrx_word' id='word_1_313' title='bbox 1170 2207 1282 2280; x_wconf 70' lang='grc' dir='ltr'>ἰδίῳ</span> <span class='ocrx_word' id='word_1_314' title='bbox 1347 2209 1495 2280; x_wconf 76' lang='grc' dir='ltr'>τόπῳ</span> <span class='ocrx_word' id='word_1_315' title='bbox 1525 2207 1895 2286; x_wconf 76' lang='grc' dir='ltr'>στρεφόμενος.</span> 
     </span>
    </p>
   </div>
   <div class='ocr_carea' id='block_1_45' title="bbox 1980 2194 3628 2286">
    <p class='ocr_par' dir='ltr' id='par_1_45' title="bbox 1993 2195 3628 2278">
     <span class='ocr_line' id='line_1_45' title="bbox 1993 2195 3628 2278; baseline -0.001 -21"><span class='ocrx_word' id='word_1_316' title='bbox 1993 2197 2251 2258; x_wconf 88' lang='lat' dir='ltr'><strong>cundum</strong></span> <span class='ocrx_word' id='word_1_317' title='bbox 2272 2215 2419 2274; x_wconf 87' lang='lat' dir='ltr'><strong>quas</strong></span> <span class='ocrx_word' id='word_1_318' title='bbox 2436 2198 2635 2277; x_wconf 88' lang='lat' dir='ltr'><strong>utique</strong></span> <span class='ocrx_word' id='word_1_319' title='bbox 2661 2197 2881 2258; x_wconf 89' lang='lat' dir='ltr'><strong>moveri</strong></span> <span class='ocrx_word' id='word_1_320' title='bbox 2901 2214 3134 2278; x_wconf 76' lang='lat' dir='ltr'><strong>quoque</strong></span> <span class='ocrx_word' id='word_1_321' title='bbox 3154 2197 3365 2257; x_wconf 64' lang='lat' dir='ltr'><strong>caelum</strong></span> <span class='ocrx_word' id='word_1_322' title='bbox 3386 2195 3628 2271; x_wconf 78' lang='lat' dir='ltr'><strong>dicitur,</strong></span> 
     </span>
    </p>
   </div>
   <div class='ocr_carea' id='block_1_46' title="bbox 1984 2284 3633 2366">
    <p class='ocr_par' dir='ltr' id='par_1_46' title="bbox 1984 2284 3633 2366">
     <span class='ocr_line' id='line_1_46' title="bbox 1984 2284 3633 2366; baseline 0.004 -26"><span class='ocrx_word' id='word_1_323' title='bbox 1984 2286 2261 2366; x_wconf 82' lang='lat' dir='ltr'><strong>quoniam</strong></span> <span class='ocrx_word' id='word_1_324' title='bbox 2296 2285 2621 2346; x_wconf 87' lang='lat' dir='ltr'><strong>secundum</strong></span> <span class='ocrx_word' id='word_1_325' title='bbox 2661 2304 2725 2346; x_wconf 92' lang='lat' dir='ltr'><strong>se</strong></span> <span class='ocrx_word' id='word_1_326' title='bbox 2759 2293 2940 2345; x_wconf 88' lang='lat' dir='ltr'><strong>totum</strong></span> <span class='ocrx_word' id='word_1_327' title='bbox 2976 2284 3282 2345; x_wconf 86' lang='lat' dir='ltr'><strong>immobile</strong></span> <span class='ocrx_word' id='word_1_328' title='bbox 3318 2293 3515 2346; x_wconf 88' lang='lat' dir='ltr'><strong>manet</strong></span> <span class='ocrx_word' id='word_1_329' title='bbox 3546 2284 3633 2346; x_wconf 79' lang='lat' dir='ltr'><strong>in—</strong></span> 
     </span>
    </p>
   </div>
   <div class='ocr_carea' id='block_1_47' title="bbox 1986 2372 3631 2454">
    <p class='ocr_par' dir='ltr' id='par_1_47' title="bbox 1986 2372 3631 2454">
     <span class='ocr_line' id='line_1_47' title="bbox 1986 2372 3631 2454; baseline 0 -18"><span class='ocrx_word' id='word_1_330' title='bbox 1986 2374 2501 2454; x_wconf 82' lang='lat' dir='ltr'><strong>seipso,tanqnam</strong></span> <span class='ocrx_word' id='word_1_331' title='bbox 2519 2376 2575 2435; x_wconf 93' lang='lat' dir='ltr'><strong>in</strong></span> <span class='ocrx_word' id='word_1_332' title='bbox 2596 2373 2838 2454; x_wconf 84' lang='lat' dir='ltr'><strong>proprio</strong></span> <span class='ocrx_word' id='word_1_333' title='bbox 2867 2379 2989 2436; x_wconf 86' lang='lat' dir='ltr'><strong>loco</strong></span> <span class='ocrx_word' id='word_1_334' title='bbox 3012 2372 3631 2436; x_wconf 87' lang='lat' dir='ltr'><strong>conversum.ldcirco</strong></span> 
     </span>
    </p>
   </div>
   <div class='ocr_carea' id='block_1_48' title="bbox 1988 2462 3629 2539">
    <p class='ocr_par' dir='ltr' id='par_1_48' title="bbox 1988 2462 3629 2539">
     <span class='ocr_line' id='line_1_48' title="bbox 1988 2462 3629 2539; baseline 0 -14"><span class='ocrx_word' id='word_1_335' title='bbox 1988 2463 2164 2526; x_wconf 88' lang='lat' dir='ltr'><strong>etiam</strong></span> <span class='ocrx_word' id='word_1_336' title='bbox 2189 2463 2534 2525; x_wconf 84' lang='lat' dir='ltr'><strong>dicebamus</strong></span> <span class='ocrx_word' id='word_1_337' title='bbox 2557 2473 2847 2537; x_wconf 87' lang='lat' dir='ltr'><strong>mentem,</strong></span> <span class='ocrx_word' id='word_1_338' title='bbox 2880 2462 3229 2539; x_wconf 85' lang='lat' dir='ltr'><strong>partialibus</strong></span> <span class='ocrx_word' id='word_1_339' title='bbox 3263 2463 3629 2526; x_wconf 89' lang='lat' dir='ltr'><strong>intellectio-</strong></span> 
     </span>
    </p>
   </div>
   <div class='ocr_carea' id='block_1_49' title="bbox 1990 2552 3630 2634">
    <p class='ocr_par' dir='ltr' id='par_1_49' title="bbox 1990 2552 3630 2634">
     <span class='ocr_line' id='line_1_49' title="bbox 1990 2552 3630 2634; baseline 0.001 -20"><span class='ocrx_word' id='word_1_340' title='bbox 1990 2555 2163 2615; x_wconf 82' lang='lat' dir='ltr'><strong>nibus</strong></span> <span class='ocrx_word' id='word_1_341' title='bbox 2178 2552 2480 2634; x_wconf 84' lang='lat' dir='ltr'><strong>sepositis,</strong></span> <span class='ocrx_word' id='word_1_342' title='bbox 2502 2554 2762 2616; x_wconf 85' lang='lat' dir='ltr'><strong>totaliter</strong></span> <span class='ocrx_word' id='word_1_343' title='bbox 2782 2552 3117 2634; x_wconf 78' lang='lat' dir='ltr'><strong>quiescere.</strong></span> <span class='ocrx_word' id='word_1_344' title='bbox 3141 2555 3285 2616; x_wconf 85' lang='lat' dir='ltr'><strong>Cum</strong></span> <span class='ocrx_word' id='word_1_345' title='bbox 3302 2553 3413 2615; x_wconf 89' lang='lat' dir='ltr'><strong>hoc</strong></span> <span class='ocrx_word' id='word_1_346' title='bbox 3428 2555 3630 2630; x_wconf 86' lang='lat' dir='ltr'><strong>itaque</strong></span> 
     </span>
    </p>
   </div>
   <div class='ocr_carea' id='block_1_50' title="bbox 1986 2641 3629 2724">
    <p class='ocr_par' dir='ltr' id='par_1_50' title="bbox 1986 2641 3629 2724">
     <span class='ocr_line' id='line_1_50' title="bbox 1986 2641 3629 2724; baseline 0.001 -22"><span class='ocrx_word' id='word_1_347' title='bbox 1986 2642 2047 2703; x_wconf 92' lang='lat' dir='ltr'><strong>in</strong></span> <span class='ocrx_word' id='word_1_348' title='bbox 2072 2642 2254 2704; x_wconf 89' lang='lat' dir='ltr'><strong>rebus</strong></span> <span class='ocrx_word' id='word_1_349' title='bbox 2276 2642 2494 2704; x_wconf 90' lang='lat' dir='ltr'><strong>nostris</strong></span> <span class='ocrx_word' id='word_1_350' title='bbox 2517 2643 2605 2705; x_wconf 89' lang='lat' dir='ltr'><strong>sic</strong></span> <span class='ocrx_word' id='word_1_351' title='bbox 2636 2662 2703 2704; x_wconf 89' lang='lat' dir='ltr'><strong>se</strong></span> <span class='ocrx_word' id='word_1_352' title='bbox 2727 2643 2966 2714; x_wconf 79' lang='lat' dir='ltr'><strong>habeat,</strong></span> <span class='ocrx_word' id='word_1_353' title='bbox 2990 2641 3130 2723; x_wconf 83' lang='lat' dir='ltr'><strong>quid</strong></span> <span class='ocrx_word' id='word_1_354' title='bbox 3156 2643 3370 2705; x_wconf 80' lang='lat' dir='ltr'><strong>dixerit</strong></span> <span class='ocrx_word' id='word_1_355' title='bbox 3398 2643 3531 2724; x_wconf 87' lang='lat' dir='ltr'><strong>quis</strong></span> <span class='ocrx_word' id='word_1_356' title='bbox 3554 2642 3629 2704; x_wconf 89' lang='lat' dir='ltr'><strong>de</strong></span> 
     </span>
    </p>
   </div>
   <div class='ocr_carea' id='block_1_51' title="bbox 1985 2732 3630 2815">
    <p class='ocr_par' dir='ltr' id='par_1_51' title="bbox 1985 2732 3630 2815">
     <span class='ocr_line' id='line_1_51' title="bbox 1985 2732 3630 2815; baseline 0.002 -24"><span class='ocrx_word' id='word_1_357' title='bbox 1985 2732 2186 2792; x_wconf 88' lang='lat' dir='ltr'><strong>divina</strong></span> <span class='ocrx_word' id='word_1_358' title='bbox 2211 2734 2320 2793; x_wconf 89' lang='lat' dir='ltr'><strong>ista</strong></span> <span class='ocrx_word' id='word_1_359' title='bbox 2343 2732 2993 2815; x_wconf 86' lang='lat' dir='ltr'><strong>pulchritudine.quam</strong></span> <span class='ocrx_word' id='word_1_360' title='bbox 3022 2751 3130 2794; x_wconf 91' lang='lat' dir='ltr'><strong>nec</strong></span> <span class='ocrx_word' id='word_1_361' title='bbox 3149 2733 3311 2795; x_wconf 75' lang='lat' dir='ltr'><strong>etfari</strong></span> <span class='ocrx_word' id='word_1_362' title='bbox 3336 2751 3448 2795; x_wconf 89' lang='lat' dir='ltr'><strong>nec</strong></span> <span class='ocrx_word' id='word_1_363' title='bbox 3465 2752 3630 2796; x_wconf 79' lang='lat' dir='ltr'><strong>men-</strong></span> 
     </span>
    </p>
   </div>
   <div class='ocr_carea' id='block_1_52' title="bbox 1985 2822 3630 2906">
    <p class='ocr_par' dir='ltr' id='par_1_52' title="bbox 1985 2822 3630 2906">
     <span class='ocr_line' id='line_1_52' title="bbox 1985 2822 3630 2906; baseline 0.001 -23"><span class='ocrx_word' id='word_1_364' title='bbox 1985 2830 2042 2885; x_wconf 88' lang='lat' dir='ltr'><strong>te</strong></span> <span class='ocrx_word' id='word_1_365' title='bbox 2074 2822 2394 2902; x_wconf 86' lang='lat' dir='ltr'><strong>concipere</strong></span> <span class='ocrx_word' id='word_1_366' title='bbox 2424 2823 2737 2902; x_wconf 83' lang='lat' dir='ltr'><strong>quisquam</strong></span> <span class='ocrx_word' id='word_1_367' title='bbox 2766 2824 3005 2904; x_wconf 82' lang='lat' dir='ltr'><strong>potest?</strong></span> <span class='ocrx_word' id='word_1_368' title='bbox 3052 2824 3206 2900; x_wconf 85' lang='lat' dir='ltr'><strong>Lege</strong></span> <span class='ocrx_word' id='word_1_369' title='bbox 3237 2822 3415 2886; x_wconf 88' lang='lat' dir='ltr'><strong>etiam</strong></span> <span class='ocrx_word' id='word_1_370' title='bbox 3446 2840 3630 2906; x_wconf 89' lang='lat' dir='ltr'><strong>super</strong></span> 
     </span>
    </p>
   </div>
   <div class='ocr_carea' id='block_1_53' title="bbox 1983 2910 3628 2992">
    <p class='ocr_par' dir='ltr' id='par_1_53' title="bbox 1983 2910 3628 2992">
     <span class='ocr_line' id='line_1_53' title="bbox 1983 2910 3628 2992; baseline 0 -19"><span class='ocrx_word' id='word_1_371' title='bbox 1983 2910 2093 2973; x_wconf 80' lang='lat' dir='ltr'><strong>hac</strong></span> <span class='ocrx_word' id='word_1_372' title='bbox 2136 2929 2202 2973; x_wconf 90' lang='lat' dir='ltr'><strong>re</strong></span> <span class='ocrx_word' id='word_1_373' title='bbox 2249 2910 2558 2992; x_wconf 85' lang='lat' dir='ltr'><strong>epistolam</strong></span> <span class='ocrx_word' id='word_1_374' title='bbox 2594 2912 2769 2991; x_wconf 87' lang='lat' dir='ltr'><strong>hujus</strong></span> <span class='ocrx_word' id='word_1_375' title='bbox 2800 2910 2992 2974; x_wconf 86' lang='lat' dir='ltr'><strong>sancti</strong></span> <span class='ocrx_word' id='word_1_376' title='bbox 3034 2912 3105 2974; x_wconf 84' lang='lat' dir='ltr'><strong>ad</strong></span> <span class='ocrx_word' id='word_1_377' title='bbox 3142 2910 3529 2987; x_wconf 89' lang='lat' dir='ltr'><strong>Dorotheum,</strong></span> <span class='ocrx_word' id='word_1_378' title='bbox 3565 2922 3628 2974; x_wconf 95' lang='lat' dir='ltr'><strong>ut</strong></span> 
     </span>
    </p>
   </div>
   <div class='ocr_carea' id='block_1_54' title="bbox 1980 2998 3627 3084">
    <p class='ocr_par' dir='ltr' id='par_1_54' title="bbox 1980 2998 3627 3084">
     <span class='ocr_line' id='line_1_54' title="bbox 1980 2998 3627 3084; baseline 0.001 -21"><span class='ocrx_word' id='word_1_379' title='bbox 1980 2999 2181 3082; x_wconf 87' lang='lat' dir='ltr'><strong>aliquo</strong></span> <span class='ocrx_word' id='word_1_380' title='bbox 2216 2998 2390 3062; x_wconf 88' lang='lat' dir='ltr'><strong>modo</strong></span> <span class='ocrx_word' id='word_1_381' title='bbox 2420 3001 2527 3062; x_wconf 89' lang='lat' dir='ltr'><strong>tibi</strong></span> <span class='ocrx_word' id='word_1_382' title='bbox 2557 3000 2918 3073; x_wconf 86' lang='lat' dir='ltr'><strong>declaretur,</strong></span> <span class='ocrx_word' id='word_1_383' title='bbox 2953 3020 3083 3084; x_wconf 64' lang='lat' dir='ltr'><strong>quae</strong></span> <span class='ocrx_word' id='word_1_384' title='bbox 3113 3011 3172 3064; x_wconf 91' lang='lat' dir='ltr'><strong>et</strong></span> <span class='ocrx_word' id='word_1_385' title='bbox 3215 3001 3409 3083; x_wconf 87' lang='lat' dir='ltr'><strong>qualis</strong></span> <span class='ocrx_word' id='word_1_386' title='bbox 3430 3001 3627 3082; x_wconf 84' lang='lat' dir='ltr'><strong>cogni-</strong></span> 
     </span>
    </p>
   </div>
   <div class='ocr_carea' id='block_1_55' title="bbox 1980 3089 3626 3172">
    <p class='ocr_par' dir='ltr' id='par_1_55' title="bbox 1980 3089 3626 3172">
     <span class='ocr_line' id='line_1_55' title="bbox 1980 3089 3626 3172; baseline 0.001 -19"><span class='ocrx_word' id='word_1_387' title='bbox 1980 3089 2068 3154; x_wconf 81' lang='lat' dir='ltr'><strong>tio</strong></span> <span class='ocrx_word' id='word_1_388' title='bbox 2098 3092 2173 3152; x_wconf 87' lang='lat' dir='ltr'><strong>sit</strong></span> <span class='ocrx_word' id='word_1_389' title='bbox 2201 3090 2314 3152; x_wconf 90' lang='lat' dir='ltr'><strong>ista</strong></span> <span class='ocrx_word' id='word_1_390' title='bbox 2341 3091 2648 3167; x_wconf 82' lang='lat' dir='ltr'><strong>ignoratio.</strong></span> <span class='ocrx_word' id='word_1_391' title='bbox 2685 3091 2837 3154; x_wconf 84' lang='lat' dir='ltr'><strong>illud</strong></span> <span class='ocrx_word' id='word_1_392' title='bbox 2867 3092 3027 3153; x_wconf 84' lang='lat' dir='ltr'><strong>enini</strong></span> <span class='ocrx_word' id='word_1_393' title='bbox 3077 3110 3197 3153; x_wconf 89' lang='lat' dir='ltr'><strong>non</strong></span> <span class='ocrx_word' id='word_1_394' title='bbox 3227 3090 3454 3172; x_wconf 86' lang='lat' dir='ltr'><strong>videre,</strong></span> <span class='ocrx_word' id='word_1_395' title='bbox 3487 3109 3626 3154; x_wconf 89' lang='lat' dir='ltr'><strong>vere</strong></span> 
     </span>
    </p>
   </div>
   <div class='ocr_carea' id='block_1_56' title="bbox 1981 3180 3626 3262">
    <p class='ocr_par' dir='ltr' id='par_1_56' title="bbox 1981 3180 3626 3262">
     <span class='ocr_line' id='line_1_56' title="bbox 1981 3180 3626 3262; baseline 0.001 -20"><span class='ocrx_word' id='word_1_396' title='bbox 1981 3189 2070 3242; x_wconf 90' lang='lat' dir='ltr'><strong>est</strong></span> <span class='ocrx_word' id='word_1_397' title='bbox 2100 3180 2324 3258; x_wconf 82' lang='lat' dir='ltr'><strong>videre;</strong></span> <span class='ocrx_word' id='word_1_398' title='bbox 2350 3190 2409 3242; x_wconf 89' lang='lat' dir='ltr'><strong>et</strong></span> <span class='ocrx_word' id='word_1_399' title='bbox 2436 3180 2591 3245; x_wconf 85' lang='lat' dir='ltr'><strong>istud</strong></span> <span class='ocrx_word' id='word_1_400' title='bbox 2615 3182 2914 3261; x_wconf 88' lang='lat' dir='ltr'><strong>ignorare,</strong></span> <span class='ocrx_word' id='word_1_401' title='bbox 2946 3198 3086 3243; x_wconf 86' lang='lat' dir='ltr'><strong>vere</strong></span> <span class='ocrx_word' id='word_1_402' title='bbox 3113 3188 3202 3242; x_wconf 86' lang='lat' dir='ltr'><strong>est</strong></span> <span class='ocrx_word' id='word_1_403' title='bbox 3225 3199 3423 3255; x_wconf 89' lang='lat' dir='ltr'><strong>nosse,</strong></span> <span class='ocrx_word' id='word_1_404' title='bbox 3447 3190 3626 3262; x_wconf 76' lang='lat' dir='ltr'><strong>atque</strong></span> 
     </span>
    </p>
   </div>
   <div class='ocr_carea' id='block_1_57' title="bbox 264 2295 1899 2374">
    <p class='ocr_par' dir='ltr' id='par_1_57' title="bbox 264 2295 1899 2374">
     <span class='ocr_line' id='line_1_57' title="bbox 264 2295 1899 2374; baseline -0.002 -19"><span class='ocrx_word' id='word_1_405' title='bbox 264 2299 364 2355; x_wconf 89' lang='grc' dir='ltr'>Διά</span> <span class='ocrx_word' id='word_1_406' title='bbox 418 2307 575 2355; x_wconf 86' lang='grc' dir='ltr'>τοῦτο</span> <span class='ocrx_word' id='word_1_407' title='bbox 621 2297 719 2353; x_wconf 69' lang='grc' dir='ltr'>καὶ</span> <span class='ocrx_word' id='word_1_408' title='bbox 767 2299 857 2354; x_wconf 82' lang='grc' dir='ltr'>τὸν</span> <span class='ocrx_word' id='word_1_409' title='bbox 910 2305 1024 2355; x_wconf 82' lang='grc' dir='ltr'>νοῦν</span> <span class='ocrx_word' id='word_1_410' title='bbox 1055 2296 1332 2374; x_wconf 78' lang='grc' dir='ltr'>ἐλέγομεν,</span> <span class='ocrx_word' id='word_1_411' title='bbox 1367 2298 1458 2361; x_wconf 79' lang='grc' dir='ltr'><strong>τὰς</strong></span> <span class='ocrx_word' id='word_1_412' title='bbox 1505 2295 1724 2373; x_wconf 73' lang='grc' dir='ltr'>μερικᾶἱς</span> <span class='ocrx_word' id='word_1_413' title='bbox 1766 2299 1899 2366; x_wconf 78' lang='grc' dir='ltr'>νοή-</span> 
     </span>
    </p>
   </div>
   <div class='ocr_carea' id='block_1_58' title="bbox 257 2384 1905 2462">
    <p class='ocr_par' dir='ltr' id='par_1_58' title="bbox 257 2384 1905 2462">
     <span class='ocr_line' id='line_1_58' title="bbox 257 2384 1905 2462; baseline -0.001 -19"><span class='ocrx_word' id='word_1_414' title='bbox 257 2409 372 2451; x_wconf 87' lang='grc' dir='ltr'>σεις</span> <span class='ocrx_word' id='word_1_415' title='bbox 420 2387 821 2462; x_wconf 87' lang='grc' dir='ltr'>ἀποτιθέμενον,</span> <span class='ocrx_word' id='word_1_416' title='bbox 878 2384 1077 2449; x_wconf 77' lang='grc' dir='ltr'>ὁλικῶς</span> <span class='ocrx_word' id='word_1_417' title='bbox 1130 2385 1475 2455; x_wconf 76' lang='grc' dir='ltr'>ἀκινητίζειν.</span> <span class='ocrx_word' id='word_1_418' title='bbox 1538 2386 1593 2441; x_wconf 79' lang='grc' dir='ltr'>Εἰ</span> <span class='ocrx_word' id='word_1_419' title='bbox 1637 2392 1760 2462; x_wconf 84' lang='grc' dir='ltr'>γοῦν</span> <span class='ocrx_word' id='word_1_420' title='bbox 1818 2384 1905 2441; x_wconf 81' lang='grc' dir='ltr'><strong>ἐπὶ</strong></span> 
     </span>
    </p>
   </div>
   <div class='ocr_carea' id='block_1_59' title="bbox 254 2471 1903 2555">
    <p class='ocr_par' dir='ltr' id='par_1_59' title="bbox 254 2471 1903 2555">
     <span class='ocr_line' id='line_1_59' title="bbox 254 2471 1903 2555; baseline -0.004 -21"><span class='ocrx_word' id='word_1_421' title='bbox 254 2490 374 2543; x_wconf 80' lang='grc' dir='ltr'>τοῖς</span> <span class='ocrx_word' id='word_1_422' title='bbox 407 2476 530 2555; x_wconf 85' lang='grc' dir='ltr'>παρ’</span> <span class='ocrx_word' id='word_1_423' title='bbox 588 2478 727 2549; x_wconf 73' lang='grc' dir='ltr'>ἡμῖν</span> <span class='ocrx_word' id='word_1_424' title='bbox 770 2473 958 2554; x_wconf 73' lang='grc' dir='ltr'>οὕτως,</span> <span class='ocrx_word' id='word_1_425' title='bbox 1017 2477 1068 2532; x_wconf 88' lang='grc' dir='ltr'><strong>τί</strong></span> <span class='ocrx_word' id='word_1_426' title='bbox 1123 2473 1183 2530; x_wconf 84' lang='grc' dir='ltr'><strong>ἄν</strong></span> <span class='ocrx_word' id='word_1_427' title='bbox 1237 2497 1317 2538; x_wconf 88' lang='grc' dir='ltr'><strong>τις</strong></span> <span class='ocrx_word' id='word_1_428' title='bbox 1381 2474 1509 2553; x_wconf 71' lang='grc' dir='ltr'>φαίη</span> <span class='ocrx_word' id='word_1_429' title='bbox 1554 2471 1638 2530; x_wconf 77' lang='grc' dir='ltr'><strong>ἐπ’</strong></span> <span class='ocrx_word' id='word_1_430' title='bbox 1698 2474 1903 2540; x_wconf 70' lang='grc' dir='ltr'>ἐκείνης</span> 
     </span>
    </p>
   </div>
   <div class='ocr_carea' id='block_1_60' title="bbox 250 2562 1905 2643">
    <p class='ocr_par' dir='ltr' id='par_1_60' title="bbox 250 2562 1905 2643">
     <span class='ocr_line' id='line_1_60' title="bbox 250 2562 1905 2643; baseline -0.002 -19"><span class='ocrx_word' id='word_1_431' title='bbox 250 2571 352 2634; x_wconf 76' lang='grc' dir='ltr'><strong>τῆς</strong></span> <span class='ocrx_word' id='word_1_432' title='bbox 407 2568 546 2630; x_wconf 85' lang='grc' dir='ltr'>θείας</span> <span class='ocrx_word' id='word_1_433' title='bbox 603 2564 895 2637; x_wconf 55' lang='grc' dir='ltr'>καλλονῆς,</span> <span class='ocrx_word' id='word_1_434' title='bbox 952 2566 1044 2620; x_wconf 79' lang='grc' dir='ltr'><strong>καί</strong></span> <span class='ocrx_word' id='word_1_435' title='bbox 1090 2565 1219 2643; x_wconf 71' lang='grc' dir='ltr'>ὅπερ</span> <span class='ocrx_word' id='word_1_436' title='bbox 1270 2563 1297 2619; x_wconf 84' lang='grc' dir='ltr'>ὅ</span> <span class='ocrx_word' id='word_1_437' title='bbox 1357 2563 1503 2621; x_wconf 77' lang='grc' dir='ltr'>εἴποι</span> <span class='ocrx_word' id='word_1_438' title='bbox 1562 2586 1642 2628; x_wconf 89' lang='grc' dir='ltr'><strong>τις</strong></span> <span class='ocrx_word' id='word_1_439' title='bbox 1700 2562 1763 2619; x_wconf 79' lang='grc' dir='ltr'><strong>ἄν</strong></span> <span class='ocrx_word' id='word_1_440' title='bbox 1818 2566 1905 2621; x_wconf 75' lang='grc' dir='ltr'><strong>καὶ</strong></span> 
     </span>
    </p>
   </div>
   <div class='ocr_carea' id='block_1_61' title="bbox 520 2653 1782 2675">
    <p class='ocr_par' dir='ltr' id='par_1_61' title="bbox 520 2653 1782 2675">
     <span class='ocr_line' id='line_1_61' title="bbox 520 2653 1782 2675; baseline -0.002 0"><span class='ocrx_word' id='word_1_441' title='bbox 520 2654 564 2675; x_wconf 68' lang='grc' dir='ltr'><strong>,Α</strong></span> <span class='ocrx_word' id='word_1_442' title='bbox 628 2655 641 2673; x_wconf 78' lang='grc'><strong><em>1</em></strong></span> <span class='ocrx_word' id='word_1_443' title='bbox 761 2658 786 2675; x_wconf 76' lang='grc' dir='ltr'><strong>Λ</strong></span> <span class='ocrx_word' id='word_1_444' title='bbox 884 2656 897 2673; x_wconf 63' lang='grc' dir='ltr'><strong>τ</strong></span> <span class='ocrx_word' id='word_1_445' title='bbox 1059 2653 1084 2664; x_wconf 64' lang='grc' dir='ltr'><em>υ</em></span> <span class='ocrx_word' id='word_1_446' title='bbox 1266 2655 1279 2674; x_wconf 82' lang='lat'><strong><em>\</em></strong></span> <span class='ocrx_word' id='word_1_447' title='bbox 1365 2654 1378 2670; x_wconf 57' lang='grc' dir='ltr'>ἶ</span> <span class='ocrx_word' id='word_1_448' title='bbox 1545 2654 1557 2669; x_wconf 62' lang='grc'><strong><em>³</em></strong></span> <span class='ocrx_word' id='word_1_449' title='bbox 1644 2667 1659 2675; x_wconf 79' lang='grc'><em>,</em></span> <span class='ocrx_word' id='word_1_450' title='bbox 1772 2654 1782 2673; x_wconf 80' lang='grc' dir='ltr'><strong>Ι</strong></span> 
     </span>
    </p>
   </div>
   <div class='ocr_carea' id='block_1_62' title="bbox 250 2656 1915 2734">
    <p class='ocr_par' dir='ltr' id='par_1_62' title="bbox 250 2656 1915 2734">
     <span class='ocr_line' id='line_1_62' title="bbox 250 2656 1915 2734; baseline -0.002 -24"><span class='ocrx_word' id='word_1_451' title='bbox 250 2656 437 2726; x_wconf 69' lang='grc' dir='ltr'>νοήσοι</span> <span class='ocrx_word' id='word_1_452' title='bbox 476 2700 493 2731; x_wconf 84' lang='grc'><strong>,</strong></span> <span class='ocrx_word' id='word_1_453' title='bbox 520 2656 808 2734; x_wconf 81' lang='grc' dir='ltr'>Ἀνάγνιυθι</span> <span class='ocrx_word' id='word_1_454' title='bbox 857 2656 930 2717; x_wconf 89' lang='grc' dir='ltr'><strong>εἰς</strong></span> <span class='ocrx_word' id='word_1_455' title='bbox 993 2656 1148 2710; x_wconf 79' lang='grc' dir='ltr'>τοῦτο</span> <span class='ocrx_word' id='word_1_456' title='bbox 1197 2656 1282 2710; x_wconf 87' lang='grc' dir='ltr'><strong>καὶ</strong></span> <span class='ocrx_word' id='word_1_457' title='bbox 1327 2656 1425 2720; x_wconf 81' lang='grc' dir='ltr'><strong>τὴν</strong></span> <span class='ocrx_word' id='word_1_458' title='bbox 1468 2656 1599 2730; x_wconf 82' lang='grc' dir='ltr'>πρὸς</span> <span class='ocrx_word' id='word_1_459' title='bbox 1634 2656 1915 2731; x_wconf 79' lang='grc' dir='ltr'>Δωρόθεον</span> 
     </span>
    </p>
   </div>
   <div class='ocr_carea' id='block_1_63' title="bbox 250 2741 1898 2822">
    <p class='ocr_par' dir='ltr' id='par_1_63' title="bbox 250 2741 1898 2822">
     <span class='ocr_line' id='line_1_63' title="bbox 250 2741 1898 2822; baseline -0.002 -22"><span class='ocrx_word' id='word_1_460' title='bbox 250 2741 536 2812; x_wconf 65' lang='grc' dir='ltr'>ἀπιστολῆν</span> <span class='ocrx_word' id='word_1_461' title='bbox 591 2749 687 2802; x_wconf 84' lang='grc' dir='ltr'><strong>τοῦ</strong></span> <span class='ocrx_word' id='word_1_462' title='bbox 738 2743 990 2822; x_wconf 75' lang='grc' dir='ltr'>ἀγίου,ὡς</span> <span class='ocrx_word' id='word_1_463' title='bbox 1040 2742 1102 2798; x_wconf 82' lang='grc' dir='ltr'><strong>ἅν</strong></span> <span class='ocrx_word' id='word_1_464' title='bbox 1164 2748 1342 2807; x_wconf 82' lang='grc' dir='ltr'>ποσῶς</span> <span class='ocrx_word' id='word_1_465' title='bbox 1394 2743 1740 2822; x_wconf 78' lang='grc' dir='ltr'>σαφηνισθείη</span> <span class='ocrx_word' id='word_1_466' title='bbox 1792 2765 1898 2803; x_wconf 82' lang='grc' dir='ltr'>σοι.</span> 
     </span>
    </p>
   </div>
   <div class='ocr_carea' id='block_1_64' title="bbox 249 2831 1901 2911">
    <p class='ocr_par' dir='ltr' id='par_1_64' title="bbox 249 2831 1901 2911">
     <span class='ocr_line' id='line_1_64' title="bbox 249 2831 1901 2911; baseline -0.002 -20"><span class='ocrx_word' id='word_1_467' title='bbox 249 2834 333 2899; x_wconf 82' lang='grc' dir='ltr'><strong>τίς</strong></span> <span class='ocrx_word' id='word_1_468' title='bbox 362 2836 448 2892; x_wconf 80' lang='grc' dir='ltr'><strong>καὶ</strong></span> <span class='ocrx_word' id='word_1_469' title='bbox 503 2835 660 2890; x_wconf 76' lang='grc' dir='ltr'>ὁποία</span> <span class='ocrx_word' id='word_1_470' title='bbox 708 2831 850 2889; x_wconf 71' lang='grc' dir='ltr'>ἐστιν</span> <span class='ocrx_word' id='word_1_471' title='bbox 882 2834 919 2901; x_wconf 79' lang='grc' dir='ltr'><strong>ἡ</strong></span> <span class='ocrx_word' id='word_1_472' title='bbox 976 2832 1029 2888; x_wconf 80' lang='grc' dir='ltr'>ἐν</span> <span class='ocrx_word' id='word_1_473' title='bbox 1059 2831 1290 2909; x_wconf 81' lang='grc' dir='ltr'>ἀγνωσίᾳ</span> <span class='ocrx_word' id='word_1_474' title='bbox 1314 2832 1532 2911; x_wconf 81' lang='grc' dir='ltr'>γνῶσις.</span> <span class='ocrx_word' id='word_1_475' title='bbox 1588 2831 1753 2889; x_wconf 73' lang='grc' dir='ltr'>Τοῦτο</span> <span class='ocrx_word' id='word_1_476' title='bbox 1801 2832 1901 2910; x_wconf 81' lang='grc' dir='ltr'><strong>γὰρ</strong></span> 
     </span>
    </p>
   </div>
   <div class='ocr_carea' id='block_1_65' title="bbox 247 2920 1898 3001">
    <p class='ocr_par' dir='ltr' id='par_1_65' title="bbox 247 2920 1898 3001">
     <span class='ocr_line' id='line_1_65' title="bbox 247 2920 1898 3001; baseline -0.002 -19"><span class='ocrx_word' id='word_1_477' title='bbox 247 2922 362 2982; x_wconf 65' lang='grc' dir='ltr'>ιστι</span> <span class='ocrx_word' id='word_1_478' title='bbox 389 2927 452 2980; x_wconf 80' lang='grc' dir='ltr'>τὸ</span> <span class='ocrx_word' id='word_1_479' title='bbox 480 2924 648 2986; x_wconf 79' lang='grc' dir='ltr'>ὅντως</span> <span class='ocrx_word' id='word_1_480' title='bbox 677 2920 832 3001; x_wconf 76' lang='grc' dir='ltr'>ἰδεῖν,</span> <span class='ocrx_word' id='word_1_481' title='bbox 864 2925 927 2979; x_wconf 83' lang='grc' dir='ltr'>τὸ</span> <span class='ocrx_word' id='word_1_482' title='bbox 986 2922 1063 2997; x_wconf 79' lang='grc' dir='ltr'>μὴ</span> <span class='ocrx_word' id='word_1_483' title='bbox 1092 2920 1228 2978; x_wconf 79' lang='grc' dir='ltr'>ἰδεῖν</span> <span class='ocrx_word' id='word_1_484' title='bbox 1268 2937 1282 2951; x_wconf 81' lang='grc'><strong><em>⁸</em></strong></span> <span class='ocrx_word' id='word_1_485' title='bbox 1320 2922 1406 2977; x_wconf 80' lang='grc' dir='ltr'><strong>καὶ</strong></span> <span class='ocrx_word' id='word_1_486' title='bbox 1460 2923 1522 2978; x_wconf 83' lang='grc' dir='ltr'>τὸ</span> <span class='ocrx_word' id='word_1_487' title='bbox 1553 2928 1776 2998; x_wconf 86' lang='grc' dir='ltr'>γνῶναι,</span> <span class='ocrx_word' id='word_1_488' title='bbox 1837 2923 1898 2978; x_wconf 79' lang='grc' dir='ltr'>τὸ</span> 
     </span>
    </p>
   </div>
   <div class='ocr_carea' id='block_1_66' title="bbox 247 3009 1898 3093">
    <p class='ocr_par' dir='ltr' id='par_1_66' title="bbox 247 3009 1898 3093">
     <span class='ocr_line' id='line_1_66' title="bbox 247 3009 1898 3093; baseline -0.001 -23"><span class='ocrx_word' id='word_1_489' title='bbox 247 3014 332 3089; x_wconf 78' lang='grc' dir='ltr'><strong>μῆ</strong></span> <span class='ocrx_word' id='word_1_490' title='bbox 360 3034 580 3093; x_wconf 78' lang='grc' dir='ltr'>γνωναι,</span> <span class='ocrx_word' id='word_1_491' title='bbox 615 3013 712 3069; x_wconf 74' lang='grc' dir='ltr'>καί</span> <span class='ocrx_word' id='word_1_492' title='bbox 767 3011 906 3069; x_wconf 77' lang='grc' dir='ltr'>οὕτω</span> <span class='ocrx_word' id='word_1_493' title='bbox 959 3013 1051 3068; x_wconf 84' lang='grc' dir='ltr'>τὸν</span> <span class='ocrx_word' id='word_1_494' title='bbox 1109 3011 1413 3088; x_wconf 70' lang='grc' dir='ltr'>ὅπερούσιον</span> <span class='ocrx_word' id='word_1_495' title='bbox 1442 3009 1800 3080; x_wconf 75' lang='grc' dir='ltr'>καταλλῆλως</span> <span class='ocrx_word' id='word_1_496' title='bbox 1828 3017 1898 3087; x_wconf 83' lang='grc' dir='ltr'>τῇ</span> 
     </span>
    </p>
   </div>
   <div class='ocr_carea' id='block_1_67' title="bbox 245 3090 1895 3172">
    <p class='ocr_par' dir='ltr' id='par_1_67' title="bbox 245 3090 1895 3172">
     <span class='ocr_line' id='line_1_67' title="bbox 245 3090 1895 3172; baseline -0.002 -21"><span class='ocrx_word' id='word_1_497' title='bbox 245 3090 405 3153; x_wconf 71' lang='grc' dir='ltr'>αὖτοῦ</span> <span class='ocrx_word' id='word_1_498' title='bbox 470 3090 871 3172; x_wconf 73' lang='grc' dir='ltr'>ὓπερουσιότητι</span> <span class='ocrx_word' id='word_1_499' title='bbox 916 3092 1174 3167; x_wconf 75' lang='grc' dir='ltr'>ὑμνῆσαι,</span> <span class='ocrx_word' id='word_1_500' title='bbox 1257 3091 1377 3155; x_wconf 83' lang='grc' dir='ltr'>Πῶς</span> <span class='ocrx_word' id='word_1_501' title='bbox 1429 3100 1468 3169; x_wconf 71' lang='grc' dir='ltr'>ςξ</span> <span class='ocrx_word' id='word_1_502' title='bbox 1509 3090 1570 3148; x_wconf 73' lang='grc' dir='ltr'>ἐκ</span> <span class='ocrx_word' id='word_1_503' title='bbox 1625 3103 1726 3165; x_wconf 60' lang='grc' dir='ltr'>τῖέτ</span> <span class='ocrx_word' id='word_1_504' title='bbox 1790 3094 1895 3148; x_wconf 86' lang='grc' dir='ltr'><strong>τῶν</strong></span> 
     </span>
    </p>
   </div>
   <div class='ocr_carea' id='block_1_68' title="bbox 243 3179 1897 3262">
    <p class='ocr_par' dir='ltr' id='par_1_68' title="bbox 243 3179 1897 3262">
     <span class='ocr_line' id='line_1_68' title="bbox 243 3179 1897 3262; baseline -0.001 -23"><span class='ocrx_word' id='word_1_505' title='bbox 243 3182 493 3241; x_wconf 77' lang='grc' dir='ltr'>ἁπάντων</span> <span class='ocrx_word' id='word_1_506' title='bbox 590 3180 912 3262; x_wconf 69' lang='grc' dir='ltr'>ἀφαιρέσεως</span> <span class='ocrx_word' id='word_1_507' title='bbox 938 3226 954 3242; x_wconf 94' lang='grc'><strong>.</strong></span> <span class='ocrx_word' id='word_1_508' title='bbox 1044 3181 1132 3249; x_wconf 78' lang='grc' dir='ltr'><strong>Μὴ</strong></span> <span class='ocrx_word' id='word_1_509' title='bbox 1189 3181 1289 3261; x_wconf 79' lang='grc' dir='ltr'>γὰρ</span> <span class='ocrx_word' id='word_1_510' title='bbox 1375 3179 1593 3262; x_wconf 79' lang='grc' dir='ltr'>ἔχοντες</span> <span class='ocrx_word' id='word_1_511' title='bbox 1673 3185 1897 3247; x_wconf 83' lang='grc' dir='ltr'>θετικῶς</span> 
     </span>
    </p>
   </div>
   <div class='ocr_carea' id='block_1_69' title="bbox 244 3258 1895 3351">
    <p class='ocr_par' dir='ltr' id='par_1_69' title="bbox 244 3258 1891 3350">
     <span class='ocr_line' id='line_1_69' title="bbox 244 3258 1891 3350; baseline -0.002 -20"><span class='ocrx_word' id='word_1_512' title='bbox 244 3274 369 3330; x_wconf 74' lang='grc' dir='ltr'>κατ’</span> <span class='ocrx_word' id='word_1_513' title='bbox 401 3271 547 3338; x_wconf 78' lang='grc' dir='ltr'>ἀξίαν</span> <span class='ocrx_word' id='word_1_514' title='bbox 598 3258 791 3346; x_wconf 64' lang='grc' dir='ltr'>εἰπεῖν,</span> <span class='ocrx_word' id='word_1_515' title='bbox 828 3272 913 3328; x_wconf 75' lang='grc' dir='ltr'><strong>διὰ</strong></span> <span class='ocrx_word' id='word_1_516' title='bbox 940 3282 1004 3328; x_wconf 84' lang='grc' dir='ltr'><strong>το</strong></span> <span class='ocrx_word' id='word_1_517' title='bbox 1052 3258 1219 3347; x_wconf 82' lang='grc' dir='ltr'>μηδέν</span> <span class='ocrx_word' id='word_1_518' title='bbox 1263 3258 1381 3327; x_wconf 62' lang='grc' dir='ltr'><strong>⁷τῶν</strong></span> <span class='ocrx_word' id='word_1_519' title='bbox 1406 3258 1690 3327; x_wconf 46' lang='grc' dir='ltr'><strong>⁷’ἁπάντων</strong></span> <span class='ocrx_word' id='word_1_520' title='bbox 1720 3293 1891 3350; x_wconf 86' lang='grc' dir='ltr'>προσ-</span> 
     </span>
    </p>
   </div>
   <div class='ocr_carea' id='block_1_70' title="bbox 1980 3258 3624 3351">
    <p class='ocr_par' dir='ltr' id='par_1_70' title="bbox 1980 3258 3624 3351">
     <span class='ocr_line' id='line_1_70' title="bbox 1980 3258 3624 3351; baseline 0 -19"><span class='ocrx_word' id='word_1_521' title='bbox 1980 3271 2056 3332; x_wconf 91' lang='lat' dir='ltr'><strong>ita</strong></span> <span class='ocrx_word' id='word_1_522' title='bbox 2075 3258 2708 3351; x_wconf 72' lang='lat' dir='ltr'><strong>suprasubstantialein</strong></span> <span class='ocrx_word' id='word_1_523' title='bbox 2735 3258 2998 3348; x_wconf 84' lang='lat' dir='ltr'><strong>congrue</strong></span> <span class='ocrx_word' id='word_1_524' title='bbox 3021 3288 3125 3350; x_wconf 89' lang='lat' dir='ltr'><strong>pro</strong></span> <span class='ocrx_word' id='word_1_525' title='bbox 3159 3288 3265 3332; x_wconf 92' lang='lat' dir='ltr'><strong>sua</strong></span> <span class='ocrx_word' id='word_1_526' title='bbox 3296 3258 3624 3351; x_wconf 82' lang='lat' dir='ltr'><strong>suprasub-</strong></span> 
     </span>
    </p>
   </div>
   <div class='ocr_carea' id='block_1_71' title="bbox 244 3357 1890 3441">
    <p class='ocr_par' dir='ltr' id='par_1_71' title="bbox 244 3357 1890 3441">
     <span class='ocr_line' id='line_1_71' title="bbox 244 3357 1890 3441; baseline 0 -24"><span class='ocrx_word' id='word_1_527' title='bbox 244 3360 372 3441; x_wconf 75' lang='grc' dir='ltr'><strong>φῦὲς</strong></span> <span class='ocrx_word' id='word_1_528' title='bbox 453 3364 596 3437; x_wconf 72' lang='grc' dir='ltr'>αὒτῷ</span> <span class='ocrx_word' id='word_1_529' title='bbox 676 3360 877 3419; x_wconf 71' lang='grc' dir='ltr'>ἔννοεῒθ</span> <span class='ocrx_word' id='word_1_530' title='bbox 936 3363 1201 3435; x_wconf 81' lang='grc' dir='ltr'>ὒμνοῦμεν</span> <span class='ocrx_word' id='word_1_531' title='bbox 1261 3359 1313 3425; x_wconf 79' lang='grc' dir='ltr'><strong>ἐξ</strong></span> <span class='ocrx_word' id='word_1_532' title='bbox 1382 3357 1726 3438; x_wconf 76' lang='grc' dir='ltr'>-ἀφαιρέσεως</span> <span class='ocrx_word' id='word_1_533' title='bbox 1786 3360 1890 3417; x_wconf 77' lang='grc' dir='ltr'><strong>τῶν</strong></span> 
     </span>
    </p>
   </div>
   <div class='ocr_carea' id='block_1_72' title="bbox 234 3448 1890 3530">
    <p class='ocr_par' dir='ltr' id='par_1_72' title="bbox 234 3448 1890 3530">
     <span class='ocr_line' id='line_1_72' title="bbox 234 3448 1890 3530; baseline -0.002 -23"><span class='ocrx_word' id='word_1_534' title='bbox 234 3449 495 3507; x_wconf 64' lang='grc' dir='ltr'>’ἀπάντων</span> <span class='ocrx_word' id='word_1_535' title='bbox 528 3497 545 3528; x_wconf 90' lang='grc'><strong>,</strong></span> <span class='ocrx_word' id='word_1_536' title='bbox 579 3451 664 3507; x_wconf 80' lang='grc' dir='ltr'><strong>καὶ</strong></span> <span class='ocrx_word' id='word_1_537' title='bbox 712 3451 969 3524; x_wconf 73' lang='grc' dir='ltr'>ποιοῦμεν</span> <span class='ocrx_word' id='word_1_538' title='bbox 1026 3448 1156 3528; x_wconf 82' lang='grc' dir='ltr'>ὅπερ</span> <span class='ocrx_word' id='word_1_539' title='bbox 1187 3458 1396 3507; x_wconf 83' lang='grc' dir='ltr'>ποιοῦσι</span> <span class='ocrx_word' id='word_1_540' title='bbox 1427 3450 1513 3505; x_wconf 88' lang='grc' dir='ltr'><strong>καὶ</strong></span> <span class='ocrx_word' id='word_1_541' title='bbox 1559 3450 1605 3505; x_wconf 77' lang='lat' dir='ltr'><strong>0i</strong></span> <span class='ocrx_word' id='word_1_542' title='bbox 1636 3449 1890 3530; x_wconf 69' lang='grc' dir='ltr'>αὐτοφυὲς</span> 
     </span>
    </p>
   </div>
   <div class='ocr_carea' id='block_1_73' title="bbox 242 3536 1889 3619">
    <p class='ocr_par' dir='ltr' id='par_1_73' title="bbox 242 3536 1889 3619">
     <span class='ocr_line' id='line_1_73' title="bbox 242 3536 1889 3619; baseline -0.001 -24"><span class='ocrx_word' id='word_1_543' title='bbox 242 3538 461 3619; x_wconf 74' lang='grc' dir='ltr'>ἄγαλμα</span> <span class='ocrx_word' id='word_1_544' title='bbox 519 3538 919 3618; x_wconf 74' lang='grc' dir='ltr'>ὃιαγλύφοντες⁸</span> <span class='ocrx_word' id='word_1_545' title='bbox 981 3538 1183 3597; x_wconf 76' lang='grc' dir='ltr'>ἐκεῖνοι</span> <span class='ocrx_word' id='word_1_546' title='bbox 1260 3539 1381 3618; x_wconf 80' lang='grc' dir='ltr'>γὰρ,</span> <span class='ocrx_word' id='word_1_547' title='bbox 1442 3536 1768 3611; x_wconf 69' lang='grc' dir='ltr'>ἐξαιροῦντες</span> <span class='ocrx_word' id='word_1_548' title='bbox 1826 3540 1889 3594; x_wconf 80' lang='grc' dir='ltr'>τὰ</span> 
     </span>
    </p>
   </div>
   <div class='ocr_carea' id='block_1_74' title="bbox 240 3628 1885 3709">
    <p class='ocr_par' dir='ltr' id='par_1_74' title="bbox 240 3628 1885 3709">
     <span class='ocr_line' id='line_1_74' title="bbox 240 3628 1885 3709; baseline -0.001 -22"><span class='ocrx_word' id='word_1_549' title='bbox 240 3631 481 3709; x_wconf 81' lang='grc' dir='ltr'>περιττὰ,</span> <span class='ocrx_word' id='word_1_550' title='bbox 546 3630 669 3687; x_wconf 73' lang='grc' dir='ltr'>αὒτό</span> <span class='ocrx_word' id='word_1_551' title='bbox 727 3629 808 3708; x_wconf 69' lang='grc' dir='ltr'><strong>ἐφ’</strong></span> <span class='ocrx_word' id='word_1_552' title='bbox 874 3630 1062 3688; x_wconf 78' lang='grc' dir='ltr'>ἑαυτοῦ</span> <span class='ocrx_word' id='word_1_553' title='bbox 1117 3629 1176 3684; x_wconf 81' lang='grc' dir='ltr'>τὸ</span> <span class='ocrx_word' id='word_1_554' title='bbox 1223 3628 1693 3706; x_wconf 79' lang='grc' dir='ltr'>ἀποκεκρυμμένον</span> <span class='ocrx_word' id='word_1_555' title='bbox 1750 3628 1885 3685; x_wconf 74' lang='grc' dir='ltr'>ἀνα-</span> 
     </span>
    </p>
   </div>
   <div class='ocr_carea' id='block_1_75' title="bbox 239 3716 1885 3801">
    <p class='ocr_par' dir='ltr' id='par_1_75' title="bbox 239 3716 1885 3801">
     <span class='ocr_line' id='line_1_75' title="bbox 239 3716 1885 3801; baseline -0.002 -25"><span class='ocrx_word' id='word_1_556' title='bbox 239 3720 474 3801; x_wconf 72' lang='grc' dir='ltr'>φαίνουσι</span> <span class='ocrx_word' id='word_1_557' title='bbox 524 3718 740 3782; x_wconf 81' lang='grc' dir='ltr'>κάλλος·</span> <span class='ocrx_word' id='word_1_558' title='bbox 776 3718 1040 3798; x_wconf 76' lang='grc' dir='ltr'>Αὗτοφυές</span> <span class='ocrx_word' id='word_1_559' title='bbox 1106 3719 1203 3796; x_wconf 81' lang='grc' dir='ltr'><strong>γὰρ</strong></span> <span class='ocrx_word' id='word_1_560' title='bbox 1261 3716 1476 3795; x_wconf 68' lang='grc' dir='ltr'>ἄγαλμά</span> <span class='ocrx_word' id='word_1_561' title='bbox 1519 3740 1706 3797; x_wconf 74' lang='grc' dir='ltr'>φησιν,</span> <span class='ocrx_word' id='word_1_562' title='bbox 1739 3719 1767 3775; x_wconf 88' lang='grc' dir='ltr'><strong>ὃ</strong></span> <span class='ocrx_word' id='word_1_563' title='bbox 1798 3719 1885 3798; x_wconf 83' lang='grc' dir='ltr'><strong>γί-</strong></span> 
     </span>
    </p>
   </div>
   <div class='ocr_carea' id='block_1_76' title="bbox 239 3804 1888 3885">
    <p class='ocr_par' dir='ltr' id='par_1_76' title="bbox 239 3804 1888 3885">
     <span class='ocr_line' id='line_1_76' title="bbox 239 3804 1888 3885; baseline -0.001 -20"><span class='ocrx_word' id='word_1_564' title='bbox 239 3830 385 3865; x_wconf 84' lang='grc' dir='ltr'>νεται</span> <span class='ocrx_word' id='word_1_565' title='bbox 444 3808 497 3864; x_wconf 79' lang='grc' dir='ltr'>ἒν</span> <span class='ocrx_word' id='word_1_566' title='bbox 555 3807 656 3877; x_wconf 76' lang='grc' dir='ltr'><strong>ὒλῆ</strong></span> <span class='ocrx_word' id='word_1_567' title='bbox 707 3807 950 3883; x_wconf 63' lang='grc' dir='ltr'>ἀτμάτῳ,</span> <span class='ocrx_word' id='word_1_568' title='bbox 987 3808 1105 3865; x_wconf 75' lang='grc' dir='ltr'>οἷον</span> <span class='ocrx_word' id='word_1_569' title='bbox 1137 3806 1190 3863; x_wconf 82' lang='grc' dir='ltr'>ἐν</span> <span class='ocrx_word' id='word_1_570' title='bbox 1237 3807 1399 3883; x_wconf 71' lang='grc' dir='ltr'>πέτρᾳ</span> <span class='ocrx_word' id='word_1_571' title='bbox 1431 3804 1732 3885; x_wconf 73' lang='grc' dir='ltr'>ὁλοκλήρῷ,</span> <span class='ocrx_word' id='word_1_572' title='bbox 1768 3808 1823 3863; x_wconf 77' lang='grc' dir='ltr'>ἐν</span> <span class='ocrx_word' id='word_1_573' title='bbox 1853 3808 1888 3875; x_wconf 80' lang='grc' dir='ltr'><strong>ῆ</strong></span> 
     </span>
    </p>
   </div>
   <div class='ocr_carea' id='block_1_77' title="bbox 236 3895 1887 3975">
    <p class='ocr_par' dir='ltr' id='par_1_77' title="bbox 236 3895 1887 3975">
     <span class='ocr_line' id='line_1_77' title="bbox 236 3895 1887 3975; baseline -0.002 -20"><span class='ocrx_word' id='word_1_574' title='bbox 236 3920 321 3962; x_wconf 84' lang='grc' dir='ltr'><strong>τις</strong></span> <span class='ocrx_word' id='word_1_575' title='bbox 367 3896 589 3975; x_wconf 70' lang='grc' dir='ltr'>γλύψειέ</span> <span class='ocrx_word' id='word_1_576' title='bbox 643 3920 692 3953; x_wconf 85' lang='grc' dir='ltr'><strong>τι</strong></span> <span class='ocrx_word' id='word_1_577' title='bbox 732 3896 941 3973; x_wconf 86' lang='grc' dir='ltr'>ζώδιον,</span> <span class='ocrx_word' id='word_1_578' title='bbox 1003 3899 1077 3959; x_wconf 84' lang='grc' dir='ltr'>ὡς</span> <span class='ocrx_word' id='word_1_579' title='bbox 1131 3895 1290 3964; x_wconf 79' lang='grc' dir='ltr'>δηλοῖ</span> <span class='ocrx_word' id='word_1_580' title='bbox 1349 3897 1435 3953; x_wconf 77' lang='grc' dir='ltr'><strong>καὶ</strong></span> <span class='ocrx_word' id='word_1_581' title='bbox 1495 3895 1775 3975; x_wconf 73' lang='grc' dir='ltr'>Εὗριπίδῃς</span> <span class='ocrx_word' id='word_1_582' title='bbox 1832 3900 1887 3952; x_wconf 71' lang='grc' dir='ltr'>ὲν</span> 
     </span>
    </p>
   </div>
   <div class='ocr_carea' id='block_1_78' title="bbox 238 3978 1885 4067">
    <p class='ocr_par' dir='ltr' id='par_1_78' title="bbox 238 3978 1885 4067">
     <span class='ocr_line' id='line_1_78' title="bbox 238 3978 1885 4067; baseline 0.001 -25"><span class='ocrx_word' id='word_1_583' title='bbox 238 3986 567 4067; x_wconf 72' lang='grc' dir='ltr'>Ἀνδρομέδᾳ</span> <span class='ocrx_word' id='word_1_584' title='bbox 621 3986 707 4067; x_wconf 74' lang='grc'><strong>96,</strong></span> <span class='ocrx_word' id='word_1_585' title='bbox 773 3988 859 4054; x_wconf 81' lang='grc' dir='ltr'><strong>Ἐξ</strong></span> <span class='ocrx_word' id='word_1_586' title='bbox 916 3978 1248 4067; x_wconf 63' lang='grc' dir='ltr'>αὒτομόρφου</span> <span class='ocrx_word' id='word_1_587' title='bbox 1325 3985 1528 4042; x_wconf 69' lang='grc' dir='ltr'>λαΐνων</span> <span class='ocrx_word' id='word_1_588' title='bbox 1587 3989 1885 4066; x_wconf 75' lang='grc' dir='ltr'>τειχισμά-</span> 
     </span>
    </p>
   </div>
   <div class='ocr_carea' id='block_1_79' title="bbox 236 4075 1885 4158">
    <p class='ocr_par' dir='ltr' id='par_1_79' title="bbox 236 4075 1885 4158">
     <span class='ocr_line' id='line_1_79' title="bbox 236 4075 1885 4158; baseline -0.002 -23"><span class='ocrx_word' id='word_1_589' title='bbox 236 4100 343 4135; x_wconf 87' lang='grc' dir='ltr'><strong>των</strong></span> <span class='ocrx_word' id='word_1_590' title='bbox 407 4083 574 4158; x_wconf 71' lang='grc' dir='ltr'>σοφῆς</span> <span class='ocrx_word' id='word_1_591' title='bbox 657 4076 872 4157; x_wconf 82' lang='grc' dir='ltr'>ἄγαλμα</span> <span class='ocrx_word' id='word_1_592' title='bbox 952 4082 1157 4158; x_wconf 83' lang='grc' dir='ltr'>χεὶρος,</span> <span class='ocrx_word' id='word_1_593' title='bbox 1256 4075 1451 4154; x_wconf 78' lang='grc' dir='ltr'>λέγων.</span> <span class='ocrx_word' id='word_1_594' title='bbox 1541 4078 1885 4157; x_wconf 69' lang='grc' dir='ltr'>Αὖτόμορφοθ</span> 
     </span>
    </p>
   </div>
   <div class='ocr_carea' id='block_1_80' title="bbox 236 4165 1884 4246">
    <p class='ocr_par' dir='ltr' id='par_1_80' title="bbox 236 4165 1884 4246">
     <span class='ocr_line' id='line_1_80' title="bbox 236 4165 1884 4246; baseline -0.001 -22"><span class='ocrx_word' id='word_1_595' title='bbox 236 4168 338 4246; x_wconf 77' lang='grc' dir='ltr'><strong>γὰρ</strong></span> <span class='ocrx_word' id='word_1_596' title='bbox 396 4166 611 4245; x_wconf 79' lang='grc' dir='ltr'>ἄγαλμα</span> <span class='ocrx_word' id='word_1_597' title='bbox 666 4169 728 4224; x_wconf 82' lang='grc' dir='ltr'>τὸ</span> <span class='ocrx_word' id='word_1_598' title='bbox 789 4173 886 4236; x_wconf 86' lang='grc' dir='ltr'><strong>τῆς</strong></span> <span class='ocrx_word' id='word_1_599' title='bbox 954 4167 1150 4244; x_wconf 77' lang='grc' dir='ltr'>πέτρας</span> <span class='ocrx_word' id='word_1_600' title='bbox 1194 4165 1449 4246; x_wconf 75' lang='grc' dir='ltr'>αὒτοφυὲς</span> <span class='ocrx_word' id='word_1_601' title='bbox 1493 4168 1667 4226; x_wconf 83' lang='grc' dir='ltr'>εἶπεν.</span> <span class='ocrx_word' id='word_1_602' title='bbox 1718 4166 1884 4223; x_wconf 82' lang='grc' dir='ltr'>Ἀλλά</span> 
     </span>
    </p>
   </div>
   <div class='ocr_carea' id='block_1_81' title="bbox 237 4255 1881 4336">
    <p class='ocr_par' dir='ltr' id='par_1_81' title="bbox 237 4255 1881 4336">
     <span class='ocr_line' id='line_1_81' title="bbox 237 4255 1881 4336; baseline 0.001 -23"><span class='ocrx_word' id='word_1_603' title='bbox 237 4259 325 4313; x_wconf 81' lang='grc' dir='ltr'>καὶ</span> <span class='ocrx_word' id='word_1_604' title='bbox 381 4256 504 4313; x_wconf 74' lang='grc' dir='ltr'>ὅταν</span> <span class='ocrx_word' id='word_1_605' title='bbox 555 4256 712 4335; x_wconf 86' lang='grc' dir='ltr'>μέρος</span> <span class='ocrx_word' id='word_1_606' title='bbox 769 4278 845 4323; x_wconf 86' lang='grc' dir='ltr'><strong>τις</strong></span> <span class='ocrx_word' id='word_1_607' title='bbox 890 4255 1097 4336; x_wconf 84' lang='grc' dir='ltr'>δένδρου</span> <span class='ocrx_word' id='word_1_608' title='bbox 1154 4258 1359 4336; x_wconf 80' lang='grc' dir='ltr'>γλύψας</span> <span class='ocrx_word' id='word_1_609' title='bbox 1391 4255 1619 4320; x_wconf 77' lang='grc' dir='ltr'>ἑστῶτος</span> <span class='ocrx_word' id='word_1_610' title='bbox 1651 4256 1740 4313; x_wconf 81' lang='grc' dir='ltr'><strong>καὶ</strong></span> <span class='ocrx_word' id='word_1_611' title='bbox 1782 4257 1881 4314; x_wconf 85' lang='grc' dir='ltr'>ἁν-</span> 
     </span>
    </p>
   </div>
   <div class='ocr_carea' id='block_1_82' title="bbox 234 4337 1881 4428">
    <p class='ocr_par' dir='ltr' id='par_1_82' title="bbox 234 4337 1881 4428">
     <span class='ocr_line' id='line_1_82' title="bbox 234 4337 1881 4428; baseline -0.001 -25"><span class='ocrx_word' id='word_1_612' title='bbox 234 4347 448 4408; x_wconf 87' lang='grc' dir='ltr'>θοῦντος</span> <span class='ocrx_word' id='word_1_613' title='bbox 507 4347 707 4422; x_wconf 73' lang='grc' dir='ltr'>ποιήσῃ</span> <span class='ocrx_word' id='word_1_614' title='bbox 751 4368 826 4426; x_wconf 76' lang='grc' dir='ltr'><strong>τι,</strong></span> <span class='ocrx_word' id='word_1_615' title='bbox 884 4346 958 4411; x_wconf 80' lang='grc' dir='ltr'><strong>ὥς</strong></span> <span class='ocrx_word' id='word_1_616' title='bbox 987 4369 1151 4428; x_wconf 76' lang='grc' dir='ltr'>φησιν</span> <span class='ocrx_word' id='word_1_617' title='bbox 1209 4337 1464 4423; x_wconf 76' lang='grc' dir='ltr'>’Ὄμηρος</span> <span class='ocrx_word' id='word_1_618' title='bbox 1511 4347 1601 4402; x_wconf 85' lang='grc' dir='ltr'>τὸν</span> <span class='ocrx_word' id='word_1_619' title='bbox 1629 4343 1881 4404; x_wconf 78' lang='grc' dir='ltr'>Ὀδύσσέα</span> 
     </span>
    </p>
   </div>
   <div class='ocr_carea' id='block_1_83' title="bbox 234 4433 1880 4515">
    <p class='ocr_par' dir='ltr' id='par_1_83' title="bbox 234 4433 1880 4515">
     <span class='ocr_line' id='line_1_83' title="bbox 234 4433 1880 4515; baseline -0.001 -23"><span class='ocrx_word' id='word_1_620' title='bbox 234 4440 481 4509; x_wconf 79' lang='grc' dir='ltr'>ποιῆσαι,</span> <span class='ocrx_word' id='word_1_621' title='bbox 513 4435 602 4492; x_wconf 76' lang='grc' dir='ltr'>’διε</span> <span class='ocrx_word' id='word_1_622' title='bbox 644 4434 699 4491; x_wconf 79' lang='grc' dir='ltr'>ἐν</span> <span class='ocrx_word' id='word_1_623' title='bbox 742 4433 933 4515; x_wconf 83' lang='grc' dir='ltr'>δενδρῳ</span> <span class='ocrx_word' id='word_1_624' title='bbox 986 4436 1286 4504; x_wconf 81' lang='grc' dir='ltr'>κατέστησε</span> <span class='ocrx_word' id='word_1_625' title='bbox 1340 4437 1430 4492; x_wconf 80' lang='grc' dir='ltr'><strong>καί</strong></span> <span class='ocrx_word' id='word_1_626' title='bbox 1472 4434 1670 4515; x_wconf 71' lang='grc' dir='ltr'>ἔγλυψε</span> <span class='ocrx_word' id='word_1_627' title='bbox 1695 4435 1880 4504; x_wconf 81' lang='grc' dir='ltr'>κλίνην</span> 
     </span>
    </p>
   </div>
   <div class='ocr_carea' id='block_1_84' title="bbox 234 4523 1877 4605">
    <p class='ocr_par' dir='ltr' id='par_1_84' title="bbox 234 4523 1877 4605">
     <span class='ocr_line' id='line_1_84' title="bbox 234 4523 1877 4605; baseline 0.001 -24"><span class='ocrx_word' id='word_1_628' title='bbox 234 4525 488 4605; x_wconf 75' lang='grc' dir='ltr'>αῦτοφυῆ.</span> <span class='ocrx_word' id='word_1_629' title='bbox 554 4523 758 4583; x_wconf 69' lang='grc' dir='ltr'>’Ἄλλοι</span> <span class='ocrx_word' id='word_1_630' title='bbox 805 4524 858 4581; x_wconf 72' lang='grc' dir='ltr'>δὲ</span> <span class='ocrx_word' id='word_1_631' title='bbox 890 4548 984 4591; x_wconf 65' lang='grc' dir='ltr'><strong>τας</strong></span> <span class='ocrx_word' id='word_1_632' title='bbox 1040 4527 1220 4600; x_wconf 77' lang='grc' dir='ltr'>τιμίας</span> <span class='ocrx_word' id='word_1_633' title='bbox 1251 4524 1420 4588; x_wconf 86' lang='grc' dir='ltr'>λίθους</span> <span class='ocrx_word' id='word_1_634' title='bbox 1478 4524 1764 4604; x_wconf 81' lang='grc' dir='ltr'>ἀγάλματα</span> <span class='ocrx_word' id='word_1_635' title='bbox 1793 4526 1877 4582; x_wconf 66' lang='grc' dir='ltr'>λέ-</span> 
     </span>
    </p>
   </div>
   <div class='ocr_carea' id='block_1_85' title="bbox 1786 4579 1949 4630">
    <p class='ocr_par' dir='ltr' id='par_1_85' title="bbox 1786 4579 1949 4630">
     <span class='ocr_line' id='line_1_85' title="bbox 1786 4579 1949 4630; baseline 0.012 -2"><span class='ocrx_word' id='word_1_636' title='bbox 1786 4579 1949 4630; x_wconf 69' lang='grc' dir='ltr'><strong>ζ.Ἰ)</strong></span> 
     </span>
    </p>
   </div>
   <div class='ocr_carea' id='block_1_86' title="bbox 1974 3357 3621 3431">
    <p class='ocr_par' dir='ltr' id='par_1_86' title="bbox 1974 3357 3621 3431">
     <span class='ocr_line' id='line_1_86' title="bbox 1974 3357 3621 3431; baseline 0.001 -10"><span class='ocrx_word' id='word_1_637' title='bbox 1974 3358 2354 3422; x_wconf 88' lang='lat' dir='ltr'><strong>stantialitate</strong></span> <span class='ocrx_word' id='word_1_638' title='bbox 2372 3360 2733 3423; x_wconf 88' lang='lat' dir='ltr'><strong>collaudare.</strong></span> <span class='ocrx_word' id='word_1_639' title='bbox 2762 3357 3071 3431; x_wconf 88' lang='lat' dir='ltr'><strong>Quomodo</strong></span> <span class='ocrx_word' id='word_1_640' title='bbox 3096 3359 3239 3422; x_wconf 86' lang='lat' dir='ltr'><strong>hoc?</strong></span> <span class='ocrx_word' id='word_1_641' title='bbox 3256 3378 3324 3421; x_wconf 81' lang='lat' dir='ltr'><strong>ex</strong></span> <span class='ocrx_word' id='word_1_642' title='bbox 3350 3359 3621 3422; x_wconf 89' lang='lat' dir='ltr'><strong>omnium</strong></span> 
     </span>
    </p>
   </div>
   <div class='ocr_carea' id='block_1_87' title="bbox 1973 3448 3618 3529">
    <p class='ocr_par' dir='ltr' id='par_1_87' title="bbox 1973 3448 3618 3529">
     <span class='ocr_line' id='line_1_87' title="bbox 1973 3448 3618 3529; baseline 0.001 -19"><span class='ocrx_word' id='word_1_643' title='bbox 1973 3448 2294 3512; x_wconf 88' lang='lat' dir='ltr'><strong>ablatione.</strong></span> <span class='ocrx_word' id='word_1_644' title='bbox 2327 3452 2472 3512; x_wconf 89' lang='lat' dir='ltr'><strong>Cum</strong></span> <span class='ocrx_word' id='word_1_645' title='bbox 2496 3451 2654 3511; x_wconf 88' lang='lat' dir='ltr'><strong>enim</strong></span> <span class='ocrx_word' id='word_1_646' title='bbox 2686 3467 2807 3511; x_wconf 88' lang='lat' dir='ltr'><strong>non</strong></span> <span class='ocrx_word' id='word_1_647' title='bbox 2839 3448 3139 3529; x_wconf 88' lang='lat' dir='ltr'><strong>possimus</strong></span> <span class='ocrx_word' id='word_1_648' title='bbox 3161 3449 3468 3529; x_wconf 89' lang='lat' dir='ltr'><strong>quidpiam</strong></span> <span class='ocrx_word' id='word_1_649' title='bbox 3504 3468 3618 3528; x_wconf 88' lang='lat' dir='ltr'><strong>po-</strong></span> 
     </span>
    </p>
   </div>
   <div class='ocr_carea' id='block_1_88' title="bbox 1973 3537 3616 3621">
    <p class='ocr_par' dir='ltr' id='par_1_88' title="bbox 1973 3537 3616 3621">
     <span class='ocr_line' id='line_1_88' title="bbox 1973 3537 3616 3621; baseline 0 -22"><span class='ocrx_word' id='word_1_650' title='bbox 1973 3538 2144 3599; x_wconf 88' lang='lat' dir='ltr'><strong>sitive</strong></span> <span class='ocrx_word' id='word_1_651' title='bbox 2172 3558 2279 3621; x_wconf 92' lang='lat' dir='ltr'><strong>pro</strong></span> <span class='ocrx_word' id='word_1_652' title='bbox 2305 3540 2439 3620; x_wconf 91' lang='lat' dir='ltr'><strong>ejus</strong></span> <span class='ocrx_word' id='word_1_653' title='bbox 2460 3539 2747 3620; x_wconf 79' lang='lat' dir='ltr'><strong>dignitate</strong></span> <span class='ocrx_word' id='word_1_654' title='bbox 2773 3538 2998 3615; x_wconf 80' lang='lat' dir='ltr'><strong>dicere,</strong></span> <span class='ocrx_word' id='word_1_655' title='bbox 3025 3557 3097 3600; x_wconf 89' lang='lat' dir='ltr'><strong>eo</strong></span> <span class='ocrx_word' id='word_1_656' title='bbox 3125 3538 3283 3619; x_wconf 90' lang='lat' dir='ltr'><strong>quod</strong></span> <span class='ocrx_word' id='word_1_657' title='bbox 3317 3556 3387 3599; x_wconf 83' lang='lat' dir='ltr'><strong>ex</strong></span> <span class='ocrx_word' id='word_1_658' title='bbox 3415 3537 3616 3599; x_wconf 89' lang='lat' dir='ltr'><strong>omni-</strong></span> 
     </span>
    </p>
   </div>
   <div class='ocr_carea' id='block_1_89' title="bbox 1974 3627 3615 3710">
    <p class='ocr_par' dir='ltr' id='par_1_89' title="bbox 1974 3627 3615 3710">
     <span class='ocr_line' id='line_1_89' title="bbox 1974 3627 3615 3710; baseline -0.001 -21"><span class='ocrx_word' id='word_1_659' title='bbox 1974 3628 2084 3690; x_wconf 88' lang='lat' dir='ltr'><strong>bus</strong></span> <span class='ocrx_word' id='word_1_660' title='bbox 2116 3629 2299 3691; x_wconf 90' lang='lat' dir='ltr'><strong>rebus</strong></span> <span class='ocrx_word' id='word_1_661' title='bbox 2332 3630 2479 3692; x_wconf 86' lang='lat' dir='ltr'><strong>nihil</strong></span> <span class='ocrx_word' id='word_1_662' title='bbox 2514 3630 2668 3710; x_wconf 75' lang='lat' dir='ltr'><strong>quod</strong></span> <span class='ocrx_word' id='word_1_663' title='bbox 2703 3627 2819 3709; x_wconf 87' lang='lat' dir='ltr'><strong>ipsi</strong></span> <span class='ocrx_word' id='word_1_664' title='bbox 2850 3627 3029 3689; x_wconf 75' lang='lat' dir='ltr'><strong>affine</strong></span> <span class='ocrx_word' id='word_1_665' title='bbox 3061 3630 3137 3688; x_wconf 91' lang='lat' dir='ltr'><strong>sit</strong></span> <span class='ocrx_word' id='word_1_666' title='bbox 3165 3629 3501 3704; x_wconf 85' lang='lat' dir='ltr'><strong>excogitare</strong></span> <span class='ocrx_word' id='word_1_667' title='bbox 3523 3644 3615 3688; x_wconf 87' lang='lat' dir='ltr'><strong>va-</strong></span> 
     </span>
    </p>
   </div>
   <div class='ocr_carea' id='block_1_90' title="bbox 1974 3715 3614 3799">
    <p class='ocr_par' dir='ltr' id='par_1_90' title="bbox 1974 3715 3614 3799">
     <span class='ocr_line' id='line_1_90' title="bbox 1974 3715 3614 3799; baseline -0.001 -20"><span class='ocrx_word' id='word_1_668' title='bbox 1974 3717 2225 3794; x_wconf 90' lang='lat' dir='ltr'><strong>leamus,</strong></span> <span class='ocrx_word' id='word_1_669' title='bbox 2253 3720 2633 3781; x_wconf 87' lang='lat' dir='ltr'><strong>celebramus</strong></span> <span class='ocrx_word' id='word_1_670' title='bbox 2656 3719 2852 3799; x_wconf 90' lang='lat' dir='ltr'><strong>ipsum</strong></span> <span class='ocrx_word' id='word_1_671' title='bbox 2886 3735 2955 3778; x_wconf 86' lang='lat' dir='ltr'><strong>ex</strong></span> <span class='ocrx_word' id='word_1_672' title='bbox 2989 3715 3254 3777; x_wconf 91' lang='lat' dir='ltr'><strong>omnium</strong></span> <span class='ocrx_word' id='word_1_673' title='bbox 3286 3715 3614 3798; x_wconf 89' lang='lat' dir='ltr'><strong>ablatione,</strong></span> 
     </span>
    </p>
   </div>
   <div class='ocr_carea' id='block_1_91' title="bbox 1971 3806 3619 3889">
    <p class='ocr_par' dir='ltr' id='par_1_91' title="bbox 1971 3806 3619 3889">
     <span class='ocr_line' id='line_1_91' title="bbox 1971 3806 3619 3889; baseline 0 -21"><span class='ocrx_word' id='word_1_674' title='bbox 1971 3807 2251 3889; x_wconf 90' lang='lat' dir='ltr'><strong>idemque</strong></span> <span class='ocrx_word' id='word_1_675' title='bbox 2278 3808 2525 3871; x_wconf 87' lang='lat' dir='ltr'><strong>facimus</strong></span> <span class='ocrx_word' id='word_1_676' title='bbox 2546 3809 2703 3887; x_wconf 89' lang='lat' dir='ltr'><strong>quod</strong></span> <span class='ocrx_word' id='word_1_677' title='bbox 2731 3806 3084 3887; x_wconf 88' lang='lat' dir='ltr'><strong>sculptores,</strong></span> <span class='ocrx_word' id='word_1_678' title='bbox 3112 3806 3216 3883; x_wconf 91' lang='lat' dir='ltr'><strong>qui</strong></span> <span class='ocrx_word' id='word_1_679' title='bbox 3239 3806 3490 3867; x_wconf 85' lang='lat' dir='ltr'><strong>nativam</strong></span> <span class='ocrx_word' id='word_1_680' title='bbox 3509 3806 3619 3868; x_wconf 87' lang='lat' dir='ltr'><strong>ali-</strong></span> 
     </span>
    </p>
   </div>
   <div class='ocr_carea' id='block_1_92' title="bbox 1970 3895 3604 3979">
    <p class='ocr_par' dir='ltr' id='par_1_92' title="bbox 1970 3895 3604 3979">
     <span class='ocr_line' id='line_1_92' title="bbox 1970 3895 3604 3979; baseline -0.001 -20"><span class='ocrx_word' id='word_1_681' title='bbox 1970 3917 2149 3975; x_wconf 87' lang='lat' dir='ltr'><strong>quam</strong></span> <span class='ocrx_word' id='word_1_682' title='bbox 2182 3906 2431 3961; x_wconf 89' lang='lat' dir='ltr'><strong>statuam</strong></span> <span class='ocrx_word' id='word_1_683' title='bbox 2458 3899 2761 3979; x_wconf 88' lang='lat' dir='ltr'><strong>dedolant,</strong></span> <span class='ocrx_word' id='word_1_684' title='bbox 2787 3897 2887 3978; x_wconf 90' lang='lat' dir='ltr'><strong>qui</strong></span> <span class='ocrx_word' id='word_1_685' title='bbox 2921 3897 3220 3977; x_wconf 87' lang='lat' dir='ltr'><strong>superﬂua</strong></span> <span class='ocrx_word' id='word_1_686' title='bbox 3252 3895 3604 3971; x_wconf 78' lang='lat' dir='ltr'><strong>auferendo,</strong></span> 
     </span>
    </p>
   </div>
   <div class='ocr_carea' id='block_1_93' title="bbox 1967 3984 3607 4070">
    <p class='ocr_par' dir='ltr' id='par_1_93' title="bbox 1967 3984 3607 4070">
     <span class='ocr_line' id='line_1_93' title="bbox 1967 3984 3607 4070; baseline -0.001 -22"><span class='ocrx_word' id='word_1_687' title='bbox 1967 3987 2250 4049; x_wconf 88' lang='lat' dir='ltr'><strong>latentem</strong></span> <span class='ocrx_word' id='word_1_688' title='bbox 2285 3990 2342 4049; x_wconf 88' lang='lat' dir='ltr'><strong>in</strong></span> <span class='ocrx_word' id='word_1_689' title='bbox 2374 3989 2504 4070; x_wconf 89' lang='lat' dir='ltr'><strong>ipsa</strong></span> <span class='ocrx_word' id='word_1_690' title='bbox 2534 3989 2784 4050; x_wconf 88' lang='lat' dir='ltr'><strong>formam</strong></span> <span class='ocrx_word' id='word_1_691' title='bbox 2822 3989 3219 4048; x_wconf 87' lang='lat' dir='ltr'><strong>manil’estant.</strong></span> <span class='ocrx_word' id='word_1_692' title='bbox 3271 3984 3607 4049; x_wconf 90' lang='lat' dir='ltr'><strong>Genuinam</strong></span> 
     </span>
    </p>
   </div>
   <div class='ocr_carea' id='block_1_94' title="bbox 1965 4076 3607 4159">
    <p class='ocr_par' dir='ltr' id='par_1_94' title="bbox 1965 4076 3607 4159">
     <span class='ocr_line' id='line_1_94' title="bbox 1965 4076 3607 4159; baseline -0.001 -21"><span class='ocrx_word' id='word_1_693' title='bbox 1965 4076 2125 4138; x_wconf 88' lang='lat' dir='ltr'><strong>enim</strong></span> <span class='ocrx_word' id='word_1_694' title='bbox 2159 4087 2412 4140; x_wconf 84' lang='lat' dir='ltr'><strong>statuam</strong></span> <span class='ocrx_word' id='word_1_695' title='bbox 2452 4088 2644 4158; x_wconf 90' lang='lat' dir='ltr'><strong>vocat,</strong></span> <span class='ocrx_word' id='word_1_696' title='bbox 2678 4094 2809 4159; x_wconf 72' lang='lat' dir='ltr'><strong>quae</strong></span> <span class='ocrx_word' id='word_1_697' title='bbox 2842 4080 2901 4136; x_wconf 86' lang='lat' dir='ltr'><strong>ﬁt</strong></span> <span class='ocrx_word' id='word_1_698' title='bbox 2930 4076 2990 4136; x_wconf 90' lang='lat' dir='ltr'><strong>in</strong></span> <span class='ocrx_word' id='word_1_699' title='bbox 3032 4076 3281 4137; x_wconf 87' lang='lat' dir='ltr'><strong>materia</strong></span> <span class='ocrx_word' id='word_1_700' title='bbox 3316 4094 3433 4137; x_wconf 91' lang='lat' dir='ltr'><strong>non</strong></span> <span class='ocrx_word' id='word_1_701' title='bbox 3466 4076 3607 4137; x_wconf 86' lang='lat' dir='ltr'><strong>des-</strong></span> 
     </span>
    </p>
   </div>
   <div class='ocr_carea' id='block_1_95' title="bbox 1964 4166 3612 4250">
    <p class='ocr_par' dir='ltr' id='par_1_95' title="bbox 1964 4166 3612 4250">
     <span class='ocr_line' id='line_1_95' title="bbox 1964 4166 3612 4250; baseline -0.002 -21"><span class='ocrx_word' id='word_1_702' title='bbox 1964 4176 2146 4240; x_wconf 88' lang='lat' dir='ltr'><strong>secta,</strong></span> <span class='ocrx_word' id='word_1_703' title='bbox 2177 4178 2238 4231; x_wconf 94' lang='lat' dir='ltr'><strong>ut</strong></span> <span class='ocrx_word' id='word_1_704' title='bbox 2263 4169 2325 4229; x_wconf 92' lang='lat' dir='ltr'><strong>in</strong></span> <span class='ocrx_word' id='word_1_705' title='bbox 2349 4168 2548 4250; x_wconf 89' lang='lat' dir='ltr'><strong>lapide</strong></span> <span class='ocrx_word' id='word_1_706' title='bbox 2571 4168 2769 4230; x_wconf 83' lang='lat' dir='ltr'><strong>adhuc</strong></span> <span class='ocrx_word' id='word_1_707' title='bbox 2791 4168 3045 4246; x_wconf 86' lang='lat' dir='ltr'><strong>integro,</strong></span> <span class='ocrx_word' id='word_1_708' title='bbox 3071 4167 3134 4227; x_wconf 90' lang='lat' dir='ltr'><strong>in</strong></span> <span class='ocrx_word' id='word_1_709' title='bbox 3161 4185 3278 4248; x_wconf 89' lang='lat' dir='ltr'><strong>quo</strong></span> <span class='ocrx_word' id='word_1_710' title='bbox 3302 4166 3436 4247; x_wconf 91' lang='lat' dir='ltr'><strong>quis</strong></span> <span class='ocrx_word' id='word_1_711' title='bbox 3457 4166 3612 4227; x_wconf 82' lang='lat' dir='ltr'><strong>scul-</strong></span> 
     </span>
    </p>
   </div>
   <div class='ocr_carea' id='block_1_96' title="bbox 1964 4255 3608 4339">
    <p class='ocr_par' dir='ltr' id='par_1_96' title="bbox 1964 4255 3608 4339">
     <span class='ocr_line' id='line_1_96' title="bbox 1964 4255 3608 4339; baseline -0.001 -21"><span class='ocrx_word' id='word_1_712' title='bbox 1964 4265 2063 4337; x_wconf 89' lang='lat' dir='ltr'><strong>pat</strong></span> <span class='ocrx_word' id='word_1_713' title='bbox 2087 4257 2323 4339; x_wconf 88' lang='lat' dir='ltr'><strong>aliquod</strong></span> <span class='ocrx_word' id='word_1_714' title='bbox 2356 4258 2875 4334; x_wconf 83' lang='lat' dir='ltr'><strong>animalculum,ut</strong></span> <span class='ocrx_word' id='word_1_715' title='bbox 2904 4257 3163 4320; x_wconf 89' lang='lat' dir='ltr'><strong>declarat</strong></span> <span class='ocrx_word' id='word_1_716' title='bbox 3206 4255 3517 4336; x_wconf 85' lang='lat' dir='ltr'><strong>Euripides</strong></span> <span class='ocrx_word' id='word_1_717' title='bbox 3546 4257 3608 4317; x_wconf 90' lang='lat' dir='ltr'><strong>in</strong></span> 
     </span>
    </p>
   </div>
   <div class='ocr_carea' id='block_1_97' title="bbox 1962 4347 3604 4428">
    <p class='ocr_par' dir='ltr' id='par_1_97' title="bbox 1962 4347 3604 4428">
     <span class='ocr_line' id='line_1_97' title="bbox 1962 4347 3604 4428; baseline -0.001 -20"><span class='ocrx_word' id='word_1_718' title='bbox 1962 4347 2346 4411; x_wconf 83' lang='lat' dir='ltr'><strong>Andromeda</strong></span> <span class='ocrx_word' id='word_1_719' title='bbox 2359 4348 2443 4424; x_wconf 83' lang='lat'><strong>97,</strong></span> <span class='ocrx_word' id='word_1_720' title='bbox 2469 4349 2711 4412; x_wconf 89' lang='lat' dir='ltr'><strong>dicens:</strong></span> <span class='ocrx_word' id='word_1_721' title='bbox 2738 4348 2837 4410; x_wconf 68' lang='lat' dir='ltr'><em>Ex</em></span> <span class='ocrx_word' id='word_1_722' title='bbox 2864 4347 3123 4428; x_wconf 79' lang='lat' dir='ltr'><strong>lapideis</strong></span> <span class='ocrx_word' id='word_1_723' title='bbox 3142 4347 3399 4426; x_wconf 83' lang='lat' dir='ltr'><strong>propria</strong></span> <span class='ocrx_word' id='word_1_724' title='bbox 3422 4354 3604 4407; x_wconf 52' lang='lat' dir='ltr'><strong>natu-</strong></span> 
     </span>
    </p>
   </div>
   <div class='ocr_carea' id='block_1_98' title="bbox 1963 4433 3605 4516">
    <p class='ocr_par' dir='ltr' id='par_1_98' title="bbox 1963 4433 3605 4516">
     <span class='ocr_line' id='line_1_98' title="bbox 1963 4433 3605 4516; baseline -0.001 -17"><span class='ocrx_word' id='word_1_725' title='bbox 1963 4437 2092 4500; x_wconf 79' lang='lat' dir='ltr'><strong>ralz‘</strong></span> <span class='ocrx_word' id='word_1_726' title='bbox 2108 4437 2317 4516; x_wconf 84' lang='lat' dir='ltr'><strong>forma</strong></span> <span class='ocrx_word' id='word_1_727' title='bbox 2340 4440 2753 4501; x_wconf 76' lang='lat' dir='ltr'><strong>constantibus</strong></span> <span class='ocrx_word' id='word_1_728' title='bbox 2774 4439 2990 4516; x_wconf 82' lang='lat' dir='ltr'><strong>muris,</strong></span> <span class='ocrx_word' id='word_1_729' title='bbox 3007 4437 3203 4498; x_wconf 74' lang='lat' dir='ltr'><strong>docta:</strong></span> <span class='ocrx_word' id='word_1_730' title='bbox 3215 4433 3605 4497; x_wconf 80' lang='lat' dir='ltr'><strong>simulacrum</strong></span> 
     </span>
    </p>
   </div>
   <div class='ocr_carea' id='block_1_99' title="bbox 1964 4524 3605 4679">
    <p class='ocr_par' dir='ltr' id='par_1_99' title="bbox 1964 4524 3605 4679">
     <span class='ocr_line' id='line_1_99' title="bbox 1964 4524 3605 4608; baseline 0 -22"><span class='ocrx_word' id='word_1_731' title='bbox 1964 4545 2203 4600; x_wconf 80' lang='lat' dir='ltr'><strong>manus,</strong></span> <span class='ocrx_word' id='word_1_732' title='bbox 2242 4546 2375 4589; x_wconf 90' lang='lat' dir='ltr'><strong>nam</strong></span> <span class='ocrx_word' id='word_1_733' title='bbox 2403 4532 2604 4604; x_wconf 75' lang='grc' dir='ltr'>αὖτομο</span> <span class='ocrx_word' id='word_1_734' title='bbox 2637 4552 2732 4608; x_wconf 74' lang='grc' dir='ltr'><strong>φον</strong></span> <span class='ocrx_word' id='word_1_735' title='bbox 2756 4526 2972 4606; x_wconf 80' lang='grc' dir='ltr'>ἄγαλμα</span> <span class='ocrx_word' id='word_1_736' title='bbox 3004 4544 3113 4588; x_wconf 86' lang='lat' dir='ltr'><strong>seu</strong></span> <span class='ocrx_word' id='word_1_737' title='bbox 3146 4542 3254 4606; x_wconf 92' lang='lat' dir='ltr'><strong>per</strong></span> <span class='ocrx_word' id='word_1_738' title='bbox 3282 4542 3345 4586; x_wconf 88' lang='lat' dir='ltr'><strong>se</strong></span> <span class='ocrx_word' id='word_1_739' title='bbox 3384 4524 3605 4586; x_wconf 79' lang='lat' dir='ltr'><strong>forma-</strong></span> 
     </span>
     <span class='ocr_line' id='line_1_100' title="bbox 1968 4552 3605 4679; baseline -0.001 -2"><span class='ocrx_word' id='word_1_740' title='bbox 1968 4624 2083 4677; x_wconf 87' lang='lat' dir='ltr'><strong>tam</strong></span> <span class='ocrx_word' id='word_1_741' title='bbox 2108 4626 2381 4679; x_wconf 86' lang='lat' dir='ltr'><strong>statuam.</strong></span> <span class='ocrx_word' id='word_1_742' title='bbox 2404 4628 2571 4679; x_wconf 87' lang='lat' dir='ltr'><strong>vocat</strong></span> <span class='ocrx_word' id='word_1_743' title='bbox 2595 4552 2846 4679; x_wconf 52' lang='lat' dir='ltr'><strong>Formam</strong></span> <span class='ocrx_word' id='word_1_744' title='bbox 2876 4626 3057 4679; x_wconf 65' lang='lat' dir='ltr'><strong>petra;</strong></span> <span class='ocrx_word' id='word_1_745' title='bbox 3078 4614 3428 4676; x_wconf 87' lang='lat' dir='ltr'><strong>naturalem.</strong></span> <span class='ocrx_word' id='word_1_746' title='bbox 3456 4612 3605 4679; x_wconf 87' lang='lat' dir='ltr'><strong>Quin</strong></span> 
     </span>
    </p>
   </div>
   <div class='ocr_carea' id='block_1_100' title="bbox 232 4612 1895 4695">
    <p class='ocr_par' dir='ltr' id='par_1_100' title="bbox 232 4612 1881 4694">
     <span class='ocr_line' id='line_1_101' title="bbox 232 4612 1881 4694; baseline 0.001 -23"><span class='ocrx_word' id='word_1_747' title='bbox 232 4635 438 4693; x_wconf 80' lang='grc' dir='ltr'>γουσιν,</span> <span class='ocrx_word' id='word_1_748' title='bbox 517 4613 663 4671; x_wconf 80' lang='grc' dir='ltr'>ὅταν-</span> <span class='ocrx_word' id='word_1_749' title='bbox 698 4612 901 4683; x_wconf 78' lang='grc' dir='ltr'>δηλαδὴ</span> <span class='ocrx_word' id='word_1_750' title='bbox 971 4614 1002 4682; x_wconf 71' lang='grc' dir='ltr'><em>ἣ</em></span> <span class='ocrx_word' id='word_1_751' title='bbox 1061 4612 1387 4693; x_wconf 73' lang='grc' dir='ltr'>σμάραγδος,</span> <span class='ocrx_word' id='word_1_752' title='bbox 1450 4615 1881 4694; x_wconf 81' lang='grc' dir='ltr'>ἀποκαθαρθεῖσα</span> 
     </span>
    </p>
   </div>
   <div class='ocr_carea' id='block_1_101' title="bbox 1980 4612 3608 4695">
    <p class='ocr_par' dir='ltr' id='par_1_101' title="bbox 1980 4612 3608 4695">
     <span class='ocr_line' id='line_1_102' title="bbox 1980 4612 3608 4695; baseline -0.001 -18"><span class='ocrx_word' id='word_1_753' title='bbox 1980 4626 2083 4677; x_wconf 72' lang='lat' dir='ltr'><strong>‘am</strong></span> <span class='ocrx_word' id='word_1_754' title='bbox 2108 4626 2381 4691; x_wconf 88' lang='lat' dir='ltr'><strong>statuam,</strong></span> <span class='ocrx_word' id='word_1_755' title='bbox 2404 4628 2571 4679; x_wconf 87' lang='lat' dir='ltr'><strong>vocat</strong></span> <span class='ocrx_word' id='word_1_756' title='bbox 2595 4612 2846 4679; x_wconf 71' lang='lat' dir='ltr'><strong>formam</strong></span> <span class='ocrx_word' id='word_1_757' title='bbox 2876 4626 3057 4695; x_wconf 65' lang='lat' dir='ltr'><strong>petra;</strong></span> <span class='ocrx_word' id='word_1_758' title='bbox 3078 4614 3428 4676; x_wconf 87' lang='lat' dir='ltr'><strong>naturalem.</strong></span> <span class='ocrx_word' id='word_1_759' title='bbox 3456 4612 3608 4686; x_wconf 88' lang='lat' dir='ltr'><strong>Quin</strong></span> 
     </span>
    </p>
   </div>
   <div class='ocr_carea' id='block_1_102' title="bbox 228 4702 1895 4787">
    <p class='ocr_par' dir='ltr' id='par_1_102' title="bbox 228 4702 1880 4784">
     <span class='ocr_line' id='line_1_103' title="bbox 228 4702 1880 4784; baseline 0 -24"><span class='ocrx_word' id='word_1_760' title='bbox 228 4713 324 4762; x_wconf 79' lang='grc' dir='ltr'><strong>τοῦ</strong></span> <span class='ocrx_word' id='word_1_761' title='bbox 385 4703 731 4784; x_wconf 79' lang='grc' dir='ltr'>περιέχοντος</span> <span class='ocrx_word' id='word_1_762' title='bbox 789 4704 950 4771; x_wconf 76' lang='grc' dir='ltr'>αῦτῆν</span> <span class='ocrx_word' id='word_1_763' title='bbox 1010 4702 1239 4782; x_wconf 79' lang='grc' dir='ltr'>γεώδους</span> <span class='ocrx_word' id='word_1_764' title='bbox 1269 4706 1357 4760; x_wconf 81' lang='grc' dir='ltr'>καὶ</span> <span class='ocrx_word' id='word_1_765' title='bbox 1418 4702 1685 4784; x_wconf 74' lang='grc' dir='ltr'>περιττοῦ,</span> <span class='ocrx_word' id='word_1_766' title='bbox 1745 4704 1880 4760; x_wconf 84' lang='grc' dir='ltr'>ἀνα-</span> 
     </span>
    </p>
   </div>
   <div class='ocr_carea' id='block_1_103' title="bbox 1980 4702 3606 4787">
    <p class='ocr_par' dir='ltr' id='par_1_103' title="bbox 1980 4703 3606 4787">
     <span class='ocr_line' id='line_1_104' title="bbox 1980 4703 3606 4787; baseline -0.003 -18"><span class='ocrx_word' id='word_1_767' title='bbox 1980 4707 2141 4769; x_wconf 71' lang='lat' dir='ltr'><strong>atiam</strong></span> <span class='ocrx_word' id='word_1_768' title='bbox 2174 4705 2411 4787; x_wconf 89' lang='lat' dir='ltr'><strong>quando</strong></span> <span class='ocrx_word' id='word_1_769' title='bbox 2442 4707 2577 4783; x_wconf 87' lang='lat' dir='ltr'><strong>quis</strong></span> <span class='ocrx_word' id='word_1_770' title='bbox 2607 4714 2834 4786; x_wconf 87' lang='lat' dir='ltr'><strong>partem</strong></span> <span class='ocrx_word' id='word_1_771' title='bbox 2869 4703 3101 4766; x_wconf 89' lang='lat' dir='ltr'><strong>arboris</strong></span> <span class='ocrx_word' id='word_1_772' title='bbox 3131 4703 3516 4764; x_wconf 89' lang='lat' dir='ltr'><strong>consistentis</strong></span> <span class='ocrx_word' id='word_1_773' title='bbox 3547 4713 3606 4764; x_wconf 93' lang='lat' dir='ltr'><strong>et</strong></span> 
     </span>
    </p>
   </div>
   <div class='ocr_carea' id='block_1_104' title="bbox 230 4791 1895 4875">
    <p class='ocr_par' dir='ltr' id='par_1_104' title="bbox 230 4791 1878 4874">
     <span class='ocr_line' id='line_1_105' title="bbox 230 4791 1878 4874; baseline 0.002 -27"><span class='ocrx_word' id='word_1_774' title='bbox 230 4791 373 4874; x_wconf 74' lang='grc' dir='ltr'><strong>φανῇ</strong></span> <span class='ocrx_word' id='word_1_775' title='bbox 415 4792 653 4869; x_wconf 76' lang='grc' dir='ltr'>ἃγαλμα,</span> <span class='ocrx_word' id='word_1_776' title='bbox 700 4793 969 4854; x_wconf 79' lang='grc' dir='ltr'>τουτέστιν</span> <span class='ocrx_word' id='word_1_777' title='bbox 1038 4792 1340 4872; x_wconf 78' lang='grc' dir='ltr'>ἀγλαϊσμα.</span> <span class='ocrx_word' id='word_1_778' title='bbox 1402 4792 1645 4850; x_wconf 83' lang='grc' dir='ltr'>Μάλιστα</span> <span class='ocrx_word' id='word_1_779' title='bbox 1702 4792 1757 4849; x_wconf 81' lang='grc' dir='ltr'>δὲ</span> <span class='ocrx_word' id='word_1_780' title='bbox 1818 4795 1878 4850; x_wconf 85' lang='grc' dir='ltr'>τὸ</span> 
     </span>
    </p>
   </div>
   <div class='ocr_carea' id='block_1_105' title="bbox 1980 4791 3595 4875">
    <p class='ocr_par' dir='ltr' id='par_1_105' title="bbox 1980 4792 3595 4875">
     <span class='ocr_line' id='line_1_106' title="bbox 1980 4792 3595 4875; baseline -0.003 -18"><span class='ocrx_word' id='word_1_781' title='bbox 1980 4796 2231 4858; x_wconf 86' lang='lat' dir='ltr'><strong>lorentis</strong></span> <span class='ocrx_word' id='word_1_782' title='bbox 2277 4795 2683 4875; x_wconf 87' lang='lat' dir='ltr'><strong>insculpserit,</strong></span> <span class='ocrx_word' id='word_1_783' title='bbox 2731 4795 2885 4856; x_wconf 90' lang='lat' dir='ltr'><strong>sicut</strong></span> <span class='ocrx_word' id='word_1_784' title='bbox 2932 4794 3073 4854; x_wconf 90' lang='lat' dir='ltr'><strong>dicit</strong></span> <span class='ocrx_word' id='word_1_785' title='bbox 3120 4792 3415 4855; x_wconf 85' lang='lat' dir='ltr'><strong>Homerus</strong></span> <span class='ocrx_word' id='word_1_786' title='bbox 3461 4792 3595 4852; x_wconf 75' lang='lat'><strong>56!</strong></span> 
     </span>
    </p>
   </div>
   <div class='ocr_carea' id='block_1_106' title="bbox 227 4881 1895 4965">
    <p class='ocr_par' dir='ltr' id='par_1_106' title="bbox 227 4881 1876 4962">
     <span class='ocr_line' id='line_1_107' title="bbox 227 4881 1876 4962; baseline 0 -24"><span class='ocrx_word' id='word_1_787' title='bbox 227 4888 468 4938; x_wconf 81' lang='grc' dir='ltr'>τοιοῦτον</span> <span class='ocrx_word' id='word_1_788' title='bbox 522 4881 743 4961; x_wconf 83' lang='grc' dir='ltr'>ἀρμόσει</span> <span class='ocrx_word' id='word_1_789' title='bbox 806 4904 876 4956; x_wconf 75' lang='grc' dir='ltr'>τῳ</span> <span class='ocrx_word' id='word_1_790' title='bbox 933 4882 1269 4960; x_wconf 80' lang='grc' dir='ltr'>προκειμένῷ</span> <span class='ocrx_word' id='word_1_791' title='bbox 1301 4882 1338 4951; x_wconf 75' lang='grc' dir='ltr'>ἢ</span> <span class='ocrx_word' id='word_1_792' title='bbox 1368 4883 1429 4939; x_wconf 79' lang='grc' dir='ltr'>τὸ</span> <span class='ocrx_word' id='word_1_793' title='bbox 1458 4884 1735 4962; x_wconf 83' lang='grc' dir='ltr'>πρότερον,</span> <span class='ocrx_word' id='word_1_794' title='bbox 1769 4882 1876 4938; x_wconf 69' lang='grc' dir='ltr'>Θέ-</span> 
     </span>
    </p>
   </div>
   <div class='ocr_carea' id='block_1_107' title="bbox 1980 4881 3602 4965">
    <p class='ocr_par' dir='ltr' id='par_1_107' title="bbox 1980 4881 3602 4965">
     <span class='ocr_line' id='line_1_108' title="bbox 1980 4881 3602 4965; baseline -0.001 -19"><span class='ocrx_word' id='word_1_795' title='bbox 1980 4882 2224 4964; x_wconf 74' lang='lat' dir='ltr'><strong>lessem</strong></span> <span class='ocrx_word' id='word_1_796' title='bbox 2272 4884 2508 4964; x_wconf 81' lang='lat' dir='ltr'><strong>fecisse,</strong></span> <span class='ocrx_word' id='word_1_797' title='bbox 2562 4884 2801 4965; x_wconf 90' lang='lat' dir='ltr'><strong>quando</strong></span> <span class='ocrx_word' id='word_1_798' title='bbox 2849 4883 2910 4944; x_wconf 92' lang='lat' dir='ltr'><strong>in</strong></span> <span class='ocrx_word' id='word_1_799' title='bbox 2957 4881 3175 4943; x_wconf 86' lang='lat' dir='ltr'><strong>arbore</strong></span> <span class='ocrx_word' id='word_1_800' title='bbox 3205 4881 3510 4943; x_wconf 88' lang='lat' dir='ltr'><strong>constituit</strong></span> <span class='ocrx_word' id='word_1_801' title='bbox 3541 4893 3602 4944; x_wconf 88' lang='lat' dir='ltr'><strong>et</strong></span> 
     </span>
    </p>
   </div>
   <div class='ocr_carea' id='block_1_108' title="bbox 231 4970 1875 5050">
    <p class='ocr_par' dir='ltr' id='par_1_108' title="bbox 231 4970 1875 5050">
     <span class='ocr_line' id='line_1_109' title="bbox 231 4970 1875 5050; baseline 0.001 -23"><span class='ocrx_word' id='word_1_802' title='bbox 231 4991 344 5033; x_wconf 75' lang='grc' dir='ltr'>σεις</span> <span class='ocrx_word' id='word_1_803' title='bbox 401 4971 583 5046; x_wconf 89' lang='grc' dir='ltr'>μέντοι</span> <span class='ocrx_word' id='word_1_804' title='bbox 640 4973 768 5028; x_wconf 77' lang='grc' dir='ltr'>εἰσιν</span> <span class='ocrx_word' id='word_1_805' title='bbox 822 4973 922 5029; x_wconf 89' lang='grc' dir='ltr'><strong>ὃσα</strong></span> <span class='ocrx_word' id='word_1_806' title='bbox 983 4972 1187 5035; x_wconf 79' lang='grc' dir='ltr'>οἰκείως</span> <span class='ocrx_word' id='word_1_807' title='bbox 1236 4974 1323 5028; x_wconf 72' lang='grc' dir='ltr'>ὶπὶ</span> <span class='ocrx_word' id='word_1_808' title='bbox 1353 4979 1486 5029; x_wconf 86' lang='grc' dir='ltr'>Θεοῦ</span> <span class='ocrx_word' id='word_1_809' title='bbox 1527 4971 1738 5050; x_wconf 75' lang='grc' dir='ltr'>λέγεται</span> <span class='ocrx_word' id='word_1_810' title='bbox 1768 4970 1803 5028; x_wconf 79' lang='grc' dir='ltr'>ὅ</span> <span class='ocrx_word' id='word_1_811' title='bbox 1824 4993 1875 5028; x_wconf 88' lang='grc' dir='ltr'><strong>τι</strong></span> 
     </span>
    </p>
   </div>
   <div class='ocr_carea' id='block_1_109' title="bbox 227 5060 1871 5141">
    <p class='ocr_par' dir='ltr' id='par_1_109' title="bbox 227 5060 1871 5141">
     <span class='ocr_line' id='line_1_110' title="bbox 227 5060 1871 5141; baseline 0.002 -23"><span class='ocrx_word' id='word_1_812' title='bbox 227 5060 390 5134; x_wconf 65' lang='grc' dir='ltr'>ἔστὶν,</span> <span class='ocrx_word' id='word_1_813' title='bbox 446 5072 563 5117; x_wconf 80' lang='grc' dir='ltr'>οῖον</span> <span class='ocrx_word' id='word_1_814' title='bbox 611 5063 673 5118; x_wconf 81' lang='grc' dir='ltr'>τὸ</span> <span class='ocrx_word' id='word_1_815' title='bbox 722 5060 821 5141; x_wconf 81' lang='grc' dir='ltr'>ὢν,</span> <span class='ocrx_word' id='word_1_816' title='bbox 881 5062 940 5118; x_wconf 84' lang='grc' dir='ltr'><strong>τό</strong></span> <span class='ocrx_word' id='word_1_817' title='bbox 993 5067 1121 5135; x_wconf 87' lang='grc' dir='ltr'>ζῶν,</span> <span class='ocrx_word' id='word_1_818' title='bbox 1178 5062 1241 5117; x_wconf 85' lang='grc' dir='ltr'>τὸ</span> <span class='ocrx_word' id='word_1_819' title='bbox 1285 5063 1417 5140; x_wconf 76' lang='grc' dir='ltr'>φῶς,</span> <span class='ocrx_word' id='word_1_820' title='bbox 1469 5062 1558 5117; x_wconf 83' lang='grc' dir='ltr'><strong>καὶ</strong></span> <span class='ocrx_word' id='word_1_821' title='bbox 1601 5062 1665 5117; x_wconf 78' lang='grc' dir='ltr'><strong>τὰ</strong></span> <span class='ocrx_word' id='word_1_822' title='bbox 1712 5060 1871 5121; x_wconf 84' lang='grc' dir='ltr'>ἄλλα.</span> 
     </span>
    </p>
   </div>
   <div class='ocr_carea' id='block_1_110' title="bbox 226 5146 1870 5231">
    <p class='ocr_par' dir='ltr' id='par_1_110' title="bbox 226 5146 1870 5231">
     <span class='ocr_line' id='line_1_111' title="bbox 226 5146 1870 5231; baseline -0.001 -24"><span class='ocrx_word' id='word_1_823' title='bbox 226 5146 554 5228; x_wconf 77' lang='grc' dir='ltr'>Ἀγαιρὲσεις</span> <span class='ocrx_word' id='word_1_824' title='bbox 586 5147 665 5226; x_wconf 84' lang='grc' dir='ltr'>δὲ,</span> <span class='ocrx_word' id='word_1_825' title='bbox 715 5151 815 5207; x_wconf 78' lang='grc' dir='ltr'>’ὃσα</span> <span class='ocrx_word' id='word_1_826' title='bbox 857 5152 929 5217; x_wconf 83' lang='grc' dir='ltr'>ὡς</span> <span class='ocrx_word' id='word_1_827' title='bbox 989 5149 1243 5229; x_wconf 71' lang='grc' dir='ltr'>ἀλλότρια</span> <span class='ocrx_word' id='word_1_828' title='bbox 1279 5157 1410 5207; x_wconf 84' lang='grc' dir='ltr'>Θεοῦ</span> <span class='ocrx_word' id='word_1_829' title='bbox 1451 5150 1870 5231; x_wconf 69' lang='grc' dir='ltr'>ἀποφάσκονται,</span> 
     </span>
    </p>
   </div>
   <div class='ocr_carea' id='block_1_111' title="bbox 225 5238 1871 5317">
    <p class='ocr_par' dir='ltr' id='par_1_111' title="bbox 225 5238 1871 5317">
     <span class='ocr_line' id='line_1_112' title="bbox 225 5238 1871 5317; baseline -0.002 -20"><span class='ocrx_word' id='word_1_830' title='bbox 225 5239 348 5297; x_wconf 73' lang='grc' dir='ltr'>οἷον</span> <span class='ocrx_word' id='word_1_831' title='bbox 401 5239 484 5296; x_wconf 86' lang='grc' dir='ltr'>ὃτι</span> <span class='ocrx_word' id='word_1_832' title='bbox 512 5242 571 5299; x_wconf 76' lang='grc' dir='ltr'>οὗ</span> <span class='ocrx_word' id='word_1_833' title='bbox 604 5247 760 5315; x_wconf 85' lang='grc' dir='ltr'>σῶμα</span> <span class='ocrx_word' id='word_1_834' title='bbox 791 5242 819 5298; x_wconf 90' lang='grc' dir='ltr'>ὁ</span> <span class='ocrx_word' id='word_1_835' title='bbox 862 5241 1015 5314; x_wconf 83' lang='grc' dir='ltr'>Θεὸς,</span> <span class='ocrx_word' id='word_1_836' title='bbox 1047 5244 1108 5300; x_wconf 73' lang='grc' dir='ltr'>οὔ</span> <span class='ocrx_word' id='word_1_837' title='bbox 1139 5240 1312 5315; x_wconf 78' lang='grc' dir='ltr'>ψυψῆ,</span> <span class='ocrx_word' id='word_1_838' title='bbox 1367 5238 1484 5297; x_wconf 70' lang='grc' dir='ltr'><strong>οὖδέ</strong></span> <span class='ocrx_word' id='word_1_839' title='bbox 1513 5262 1561 5296; x_wconf 90' lang='grc' dir='ltr'><strong>τι</strong></span> <span class='ocrx_word' id='word_1_840' title='bbox 1592 5240 1698 5296; x_wconf 67' lang='grc' dir='ltr'>τξόν</span> <span class='ocrx_word' id='word_1_841' title='bbox 1726 5262 1871 5317; x_wconf 87' lang='grc' dir='ltr'>γνω-</span> 
     </span>
    </p>
   </div>
   <div class='ocr_carea' id='block_1_112' title="bbox 224 5327 1874 5408">
    <p class='ocr_par' dir='ltr' id='par_1_112' title="bbox 224 5327 1874 5408">
     <span class='ocr_line' id='line_1_113' title="bbox 224 5327 1874 5408; baseline 0.001 -23"><span class='ocrx_word' id='word_1_842' title='bbox 224 5327 365 5385; x_wconf 82' lang='grc' dir='ltr'>στῶν</span> <span class='ocrx_word' id='word_1_843' title='bbox 422 5328 458 5395; x_wconf 75' lang='grc' dir='ltr'>ἣ</span> <span class='ocrx_word' id='word_1_844' title='bbox 526 5330 706 5398; x_wconf 80' lang='grc' dir='ltr'>νοήσει</span> <span class='ocrx_word' id='word_1_845' title='bbox 768 5329 1196 5389; x_wconf 78' lang='grc' dir='ltr'>ὑποπιπτόντων.</span> <span class='ocrx_word' id='word_1_846' title='bbox 1236 5330 1361 5408; x_wconf 79' lang='grc' dir='ltr'>Περὶ</span> <span class='ocrx_word' id='word_1_847' title='bbox 1407 5329 1529 5407; x_wconf 76' lang='grc' dir='ltr'><strong>γοὸν</strong></span> <span class='ocrx_word' id='word_1_848' title='bbox 1573 5335 1677 5386; x_wconf 87' lang='grc' dir='ltr'><strong>τῶν</strong></span> <span class='ocrx_word' id='word_1_849' title='bbox 1705 5330 1874 5387; x_wconf 80' lang='grc' dir='ltr'>τοιού-</span> 
     </span>
    </p>
   </div>
   <div class='ocr_carea' id='block_1_113' title="bbox 221 5417 1872 5500">
    <p class='ocr_par' dir='ltr' id='par_1_113' title="bbox 221 5417 1872 5500">
     <span class='ocr_line' id='line_1_114' title="bbox 221 5417 1872 5500; baseline -0.001 -25"><span class='ocrx_word' id='word_1_850' title='bbox 221 5438 331 5475; x_wconf 87' lang='grc' dir='ltr'><strong>των</strong></span> <span class='ocrx_word' id='word_1_851' title='bbox 379 5417 574 5475; x_wconf 73' lang='grc' dir='ltr'>θέσεων</span> <span class='ocrx_word' id='word_1_852' title='bbox 629 5419 716 5477; x_wconf 83' lang='grc' dir='ltr'><strong>καὶ</strong></span> <span class='ocrx_word' id='word_1_853' title='bbox 760 5418 1083 5500; x_wconf 69' lang='grc' dir='ltr'>ἀφαιρέσεων</span> <span class='ocrx_word' id='word_1_854' title='bbox 1141 5420 1170 5475; x_wconf 79' lang='grc' dir='ltr'><strong>ὁ</strong></span> <span class='ocrx_word' id='word_1_855' title='bbox 1226 5418 1407 5498; x_wconf 68' lang='grc' dir='ltr'>Πάτὴρ</span> <span class='ocrx_word' id='word_1_856' title='bbox 1465 5418 1659 5498; x_wconf 83' lang='grc' dir='ltr'>λέγων,</span> <span class='ocrx_word' id='word_1_857' title='bbox 1731 5420 1872 5496; x_wconf 70' lang='grc' dir='ltr'>εὗρέ-</span> 
     </span>
    </p>
   </div>
   <div class='ocr_carea' id='block_1_114' title="bbox 1959 4971 3594 5053">
    <p class='ocr_par' dir='ltr' id='par_1_114' title="bbox 1959 4971 3594 5053">
     <span class='ocr_line' id='line_1_115' title="bbox 1959 4971 3594 5053; baseline -0.001 -19"><span class='ocrx_word' id='word_1_858' title='bbox 1959 4973 2207 5053; x_wconf 90' lang='lat' dir='ltr'><strong>sculpsit</strong></span> <span class='ocrx_word' id='word_1_859' title='bbox 2235 4973 2456 5036; x_wconf 83' lang='lat' dir='ltr'><strong>lectum</strong></span> <span class='ocrx_word' id='word_1_860' title='bbox 2483 4974 2836 5036; x_wconf 86' lang='lat' dir='ltr'><strong>naturalem.</strong></span> <span class='ocrx_word' id='word_1_861' title='bbox 2870 4971 2987 5035; x_wconf 84' lang='lat' dir='ltr'><strong>Alii</strong></span> <span class='ocrx_word' id='word_1_862' title='bbox 3018 4989 3157 5032; x_wconf 88' lang='lat' dir='ltr'><strong>vero</strong></span> <span class='ocrx_word' id='word_1_863' title='bbox 3190 4971 3485 5051; x_wconf 89' lang='lat' dir='ltr'><strong>pretiosos</strong></span> <span class='ocrx_word' id='word_1_864' title='bbox 3506 4971 3594 5034; x_wconf 88' lang='lat' dir='ltr'><strong>la-</strong></span> 
     </span>
    </p>
   </div>
   <div class='ocr_carea' id='block_1_115' title="bbox 1959 5060 3596 5144">
    <p class='ocr_par' dir='ltr' id='par_1_115' title="bbox 1959 5060 3596 5144">
     <span class='ocr_line' id='line_1_116' title="bbox 1959 5060 3596 5144; baseline -0.001 -21"><span class='ocrx_word' id='word_1_865' title='bbox 1959 5063 2129 5143; x_wconf 91' lang='lat' dir='ltr'><strong>pides</strong></span> <span class='ocrx_word' id='word_1_866' title='bbox 2166 5071 2370 5124; x_wconf 83' lang='lat' dir='ltr'><strong>vocant</strong></span> <span class='ocrx_word' id='word_1_867' title='bbox 2399 5063 2739 5137; x_wconf 85' lang='lat' dir='ltr'><strong>simulacra,</strong></span> <span class='ocrx_word' id='word_1_868' title='bbox 2772 5060 3008 5144; x_wconf 84' lang='lat' dir='ltr'><strong>quando</strong></span> <span class='ocrx_word' id='word_1_869' title='bbox 3054 5060 3330 5123; x_wconf 85' lang='lat' dir='ltr'><strong>videlicet</strong></span> <span class='ocrx_word' id='word_1_870' title='bbox 3361 5078 3596 5123; x_wconf 85' lang='lat' dir='ltr'><strong>smara-</strong></span> 
     </span>
    </p>
   </div>
   <div class='ocr_carea' id='block_1_116' title="bbox 1956 5150 3596 5231">
    <p class='ocr_par' dir='ltr' id='par_1_116' title="bbox 1956 5150 3596 5231">
     <span class='ocr_line' id='line_1_117' title="bbox 1956 5150 3596 5231; baseline -0.001 -20"><span class='ocrx_word' id='word_1_871' title='bbox 1956 5152 2107 5231; x_wconf 77' lang='lat' dir='ltr'><strong>gdus</strong></span> <span class='ocrx_word' id='word_1_872' title='bbox 2126 5150 2201 5213; x_wconf 90' lang='lat' dir='ltr'><strong>ab</strong></span> <span class='ocrx_word' id='word_1_873' title='bbox 2230 5150 2392 5213; x_wconf 90' lang='lat' dir='ltr'><strong>omni</strong></span> <span class='ocrx_word' id='word_1_874' title='bbox 2419 5152 2664 5213; x_wconf 90' lang='lat' dir='ltr'><strong>materia</strong></span> <span class='ocrx_word' id='word_1_875' title='bbox 2693 5152 2965 5215; x_wconf 87' lang='lat' dir='ltr'><strong>terrestri</strong></span> <span class='ocrx_word' id='word_1_876' title='bbox 2998 5150 3462 5229; x_wconf 80' lang='lat' dir='ltr'><strong>circuinjacente</strong></span> <span class='ocrx_word' id='word_1_877' title='bbox 3488 5166 3596 5211; x_wconf 86' lang='lat' dir='ltr'><strong>ex-</strong></span> 
     </span>
    </p>
   </div>
   <div class='ocr_carea' id='block_1_117' title="bbox 1959 5239 3599 5320">
    <p class='ocr_par' dir='ltr' id='par_1_117' title="bbox 1959 5239 3599 5320">
     <span class='ocr_line' id='line_1_118' title="bbox 1959 5239 3599 5320; baseline 0.001 -21"><span class='ocrx_word' id='word_1_878' title='bbox 1959 5247 2259 5317; x_wconf 85' lang='lat' dir='ltr'><strong>purgatus,</strong></span> <span class='ocrx_word' id='word_1_879' title='bbox 2307 5239 2549 5302; x_wconf 76' lang='lat' dir='ltr'><strong>exbibet</strong></span> <span class='ocrx_word' id='word_1_880' title='bbox 2604 5240 2846 5320; x_wconf 72' lang='grc' dir='ltr'>ἄγαλμα,</span> <span class='ocrx_word' id='word_1_881' title='bbox 2899 5239 2958 5300; x_wconf 90' lang='lat' dir='ltr'><strong>id</strong></span> <span class='ocrx_word' id='word_1_882' title='bbox 3018 5245 3109 5299; x_wconf 89' lang='lat' dir='ltr'><strong>est</strong></span> <span class='ocrx_word' id='word_1_883' title='bbox 3158 5239 3437 5315; x_wconf 71' lang='grc' dir='ltr'>ἀγλάϊσμα</span> <span class='ocrx_word' id='word_1_884' title='bbox 3491 5256 3599 5299; x_wconf 85' lang='lat' dir='ltr'><strong>seu</strong></span> 
     </span>
    </p>
   </div>
   <div class='ocr_carea' id='block_1_118' title="bbox 1956 5325 3592 5409">
    <p class='ocr_par' dir='ltr' id='par_1_118' title="bbox 1956 5325 3592 5409">
     <span class='ocr_line' id='line_1_119' title="bbox 1956 5325 3592 5409; baseline -0.001 -20"><span class='ocrx_word' id='word_1_885' title='bbox 1956 5327 2339 5409; x_wconf 88' lang='lat' dir='ltr'><strong>splendidum</strong></span> <span class='ocrx_word' id='word_1_886' title='bbox 2367 5343 2811 5392; x_wconf 85' lang='lat' dir='ltr'><strong>ornamentum.</strong></span> <span class='ocrx_word' id='word_1_887' title='bbox 2838 5326 3027 5407; x_wconf 84' lang='lat' dir='ltr'><strong>Magis</strong></span> <span class='ocrx_word' id='word_1_888' title='bbox 3048 5335 3247 5388; x_wconf 86' lang='lat' dir='ltr'><strong>autem</strong></span> <span class='ocrx_word' id='word_1_889' title='bbox 3274 5325 3333 5385; x_wconf 91' lang='lat' dir='ltr'><strong>id</strong></span> <span class='ocrx_word' id='word_1_890' title='bbox 3354 5326 3427 5386; x_wconf 86' lang='lat' dir='ltr'><strong>ad</strong></span> <span class='ocrx_word' id='word_1_891' title='bbox 3451 5342 3592 5404; x_wconf 88' lang='lat' dir='ltr'><strong>pro-</strong></span> 
     </span>
    </p>
   </div>
   <div class='ocr_carea' id='block_1_119' title="bbox 1957 5412 3596 5500">
    <p class='ocr_par' dir='ltr' id='par_1_119' title="bbox 1957 5412 3596 5500">
     <span class='ocr_line' id='line_1_120' title="bbox 1957 5412 3596 5500; baseline -0.001 -21"><span class='ocrx_word' id='word_1_892' title='bbox 1957 5416 2211 5499; x_wconf 88' lang='lat' dir='ltr'><strong>positum</strong></span> <span class='ocrx_word' id='word_1_893' title='bbox 2235 5427 2485 5500; x_wconf 87' lang='lat' dir='ltr'><strong>spectat,</strong></span> <span class='ocrx_word' id='word_1_894' title='bbox 2512 5437 2689 5498; x_wconf 89' lang='lat' dir='ltr'><strong>quam</strong></span> <span class='ocrx_word' id='word_1_895' title='bbox 2723 5422 2912 5500; x_wconf 83' lang='lat' dir='ltr'><strong>prius;</strong></span> <span class='ocrx_word' id='word_1_896' title='bbox 2938 5414 3234 5499; x_wconf 86' lang='lat' dir='ltr'><strong>siquidem</strong></span> <span class='ocrx_word' id='word_1_897' title='bbox 3268 5412 3596 5493; x_wconf 86' lang='lat' dir='ltr'><strong>positiones</strong></span> 
     </span>
    </p>
   </div>
   <div class='ocr_carea' id='block_1_120' title="bbox 1560 5574 2298 5643">
    <p class='ocr_par' dir='ltr' id='par_1_120' title="bbox 1560 5574 2298 5643">
     <span class='ocr_line' id='line_1_121' title="bbox 1560 5574 2298 5643; baseline 0.007 -7"><span class='ocrx_word' id='word_1_898' title='bbox 1560 5576 1822 5641; x_wconf 64' lang='lat' dir='ltr'><strong>VARIE</strong></span> <span class='ocrx_word' id='word_1_899' title='bbox 1865 5574 2298 5643; x_wconf 77' lang='lat' dir='ltr'><strong>LECTIONES.</strong></span> 
     </span>
    </p>
   </div>
   <div class='ocr_carea' id='block_1_121' title="bbox 303 5691 1287 5780">
    <p class='ocr_par' dir='ltr' id='par_1_121' title="bbox 303 5691 1287 5780">
     <span class='ocr_line' id='line_1_122' title="bbox 303 5691 1287 5780; baseline -0.006 -18"><span class='ocrx_word' id='word_1_900' title='bbox 303 5691 676 5780; x_wconf 73' lang='grc' dir='ltr'>Ἀνδρὸμάχῃ.</span> <span class='ocrx_word' id='word_1_901' title='bbox 758 5695 1287 5762; x_wconf 54' lang='lat' dir='ltr'><strong>“Andromache.</strong></span> 
     </span>
    </p>
   </div>
  </div>
