4066 6216
432 343 583 415 1063

1591 349 1650 415 S.
1699 351 2042 416 DIONYSII
2094 355 2634 420 AREOPAGIT/E.

3665 362 3680 421 l
3697 357 3810 423 064

427 504 536 568 per
562 503 627 550 e
657 487 1006 560 absolutam,
1040 504 1158 548 non
1180 492 1378 546 autem
1405 502 1538 547 esse
1567 485 1872 548 veritatem
1894 503 2061 547 men-

2152 493 2322 545 Ταῦτα
2352 511 2477 567 γουν
2530 491 2594 546 τὰ
2626 490 2740 565 μετ’
2773 491 2929 547 αὐτὸν
2970 492 3056 546 καὶ
3105 492 3334 554 τιθέντες
3365 495 3453 548 xxi
3503 491 3810 572 ἀφαιροῦν-

426 577 614 640 daciis
647 573 1001 657 appositam,
1031 593 1165 656 qua:
1194 575 1255 634 in
1287 573 1408 636 Deo
1439 581 1632 654 negat,
1663 575 1941 655 quoniam
1975 594 2071 635 su-

429 685 532 747 pra
561 665 675 726 iSIa
699 671 1004 744 exemptus
1036 663 1262 726 est.Hic
1293 673 1492 725 autem
1527 663 1834 726 dicit:Nec
1863 683 2068 725 eorum

426 773 556 835 quae
577 753 650 816 ad
671 753 1108 834 aliquid,magis
1129 762 1324 814 autem
1351 771 1562 815 eorum
1585 771 1716 834 quae
1740 753 2068 814 secundum

425 843 818 928 privationem
854 849 911 904 et
936 843 1196 904 habitum
1231 842 1792 922 exsistuntzutquod
1813 861 1881 904 ex
1909 853 2069 904 tene-

425 935 550 996 bris
571 935 630 994 in
661 933 862 994 lumen
887 951 1008 995 non
1033 931 1721 1012 sitcommutatus,quasi
1744 949 1810 992 ex
1843 931 2068 992 lumine

424 1023 580 1106 quod
615 1031 840 1086 tantum
897 1031 987 1084 est
1036 1021 1274 1094 virtute,
1311 1029 1566 1082 mutatus
1619 1021 1694 1082 sit
1750 1020 1811 1080 in
1866 1025 2066 1082 lumen

425 1114 586 1196 quod
607 1126 739 1176 actu
759 1121 847 1173 est
868 1113 1066 1173 lumen
1083 1128 1296 1188 ;neque
1319 1129 1552 1171 rursum
1575 1129 1642 1172 ex
1666 1127 1867 1172 errore
1885 1109 2068 1170 exsis-

425 1209 565 1284 stat,
605 1203 834 1266 scilicet
865 1220 932 1263 ex
967 1201 1221 1262 veritate
1249 1200 1506 1279 virtuali,
1541 1199 1599 1260 in
1631 1201 1938 1260 veritatem
1971 1219 2059 1260 ac-

429 1295 642 1356 tualem
668 1300 1064 1354 commutatus
1093 1309 1108 1365 ;
1145 1291 1270 1352 haec
1302 1289 1460 1350 enim
1489 1291 1690 1350 omnia
1716 1289 1844 1368 ipso
1875 1297 2066 1368 poste-

420 1383 580 1446 riora
614 1391 772 1458 sunt;
805 1381 1108 1458 etlumen,
1135 1388 1194 1441 et
1223 1379 1440 1440 veritas
1475 1379 1660 1458 ipsius
1705 1379 2068 1458 providentia

2153 600 2266 652 τες,
2303 581 2456 637 αὺτὸν
2515 581 2605 634 τὸν
2665 581 2792 636 Θεὸν
2849 578 2968 636 οὔτε
3025 580 3262 653 τίθεμεν,
3303 581 3466 657 ἤγουν
3526 581 3578 646 ἐξ
3641 585 3814 639 πῧτῶν

2155 683 2250 734 τήν
2309 669 2486 724 οὖα-ίαν
2521 670 2673 725 αἰ)τωῦ
2725 669 3074 748 γνωρίζομεν⁷
3107 669 3220 725 οὔτε
3284 670 3610 749 ἀφαιροῦμεν
3669 695 3814 727 πειν-

2152 758 2317 822 τελῶς
2362 757 2497 814 ὥστε
2549 757 2744 819 τελέως
2797 757 3038 824 ἄληπτον
3089 761 3254 830 εἶναι,
3315 761 3394 832 (τὸ
3457 763 3556 836 γὰρ
3617 761 3814 824 τελέως

2153 846 2412 922 ἄληπτον,
2450 847 2764 904 ἀνέλπιστον
2794 851 2879 903 καὶ
2941 849 3409 928 ἀνεπιχείρητον)-
3449 847 3569 905 ἀλλ’
3605 851 3814 914 sizdu;

2159 936 2296 997 εινὰς
2348 937 2408 990 ἑκ
2453 943 2558 991 τῶν
2617 938 2734 1012 περὶ
2795 936 2948 991 αὖτὸν
2995 937 3446 1010 ἀναματτῦμενοι,
3483 935 3712 1014 ἀμυδρόν
3763 960 3812 992 τι

2151 1026 2444 1100 συνάγομεν
2474 1031 2573 1090 τῆς
2631 1025 2880 1092 ἀληθείας
2941 1024 3197 1103 ἴνδαλμα,
3231 1025 3343 1080 ἐπεὶ
3375 1029 3460 1081 xxi
3507 1027 3638 1102 ὖπέρ
3697 1033 3812 1081 πᾶ-

2151 1135 2245 1167 σαν
2288 1113 2433 1169 Οέσιν
2466 1114 2624 1186 ἐπὶν,
2651 1116 2722 1178 ὡς
2769 1113 3068 1189 ἐξῃρημένη
3103 1115 3239 1168 αἰτία
3273 1116 3504 1170 πάντων·
3539 1117 3628 1169 καὶ
3677 1117 3808 1188 ὑπὲρ

2151 1209 2324 1258 πᾶσιν
2374 1203 2641 1281 ἀφκίρεσιν
2701 1203 2753 1258 ἐν
2820 1210 2896 1258 τῶ
2965 1205 3096 1257 κστᾶ
3156 1201 3420 1276 μηδεπίπν
3481 1211 3586 1258 τῶν
3643 1204 3810 1258 ὄιτων

2149 1291 2419 1368 ἀφαίρεσιν
2467 1295 2526 1347 τὸ
2590 1301 2746 1348 Θεῖον
2792 1293 3167 1370 γινώσκεσθαι·
3231 1292 3628 1367 ἀπολελυμένον
3705 1294 3802 1368 γὰρ

2152 1381 2384 1459 πάντων,
2433 1384 2521 1438 mi
2558 1383 2769 1438 πάντων
2815 1383 2956 1437 ἐστὶν
2987 1381 3258 1442 ἐπέκεινα,

421 1474 645 1540 lucent.
665 1473 870 1552 Neque
901 1470 1134 1550 penitus
1155 1469 1284 1547 ejus
1316 1480 1408 1528 est
1433 1467 1671 1546 positio,
1707 1477 1768 1526 ut
1799 1469 1874 1527 sit
1913 1467 2003 1528 vel
2037 1467 2152 1528 vita
2177 1469 2268 1529 vel
2306 1469 2542 1542 veritas,
2580 1469 2668 1529 vel
2701 1469 3028 1549 quidquam
3053 1469 3214 1530 aliud
3249 1487 3458 1531 eorum
3483 1489 3620 1550 quae
3641 1479 3806 1530 sunt.

419 1564 628 1642 Neque
659 1578 896 1622 rursum
931 1557 1272 1619 omnimoda
1293 1557 1536 1632 ablatio,
1569 1565 1632 1617 ut
1653 1557 1815 1618 nullo
1844 1557 2018 1618 modo
2047 1558 2369 1638 quidquam
2395 1559 2507 1632 sit;
2541 1559 2646 1620 sed
2679 1577 2881 1620 earum
2909 1577 3037 1639 quae
3068 1571 3200 1638 post
3232 1569 3392 1618 δίη
3426 1559 3622 1638 ipsum
3647 1569 3806 1630 sunt,

420 1653 650 1715 scilicet
679 1649 1302 1720 creaturarum,etiam
1339 1647 1662 1728 positiones
1690 1657 1751 1709 et
1779 1647 2109 1710 ablationes
2141 1649 2384 1724 faciunt;
2411 1650 2738 1730 positiones
2759 1650 3216 1729 quidem,veluti
3249 1655 3448 1724 vitam,
3473 1651 3802 1720 veritatem,

421 1761 555 1818 ens;
579 1742 907 1803 ablationes
939 1758 1100 1810 vero,
1123 1739 1302 1799 veluti
1335 1757 1455 1798 non
1487 1737 1688 1812 vitam,
1717 1757 1830 1798 non
1860 1737 2194 1811 veritatem,
2222 1757 2339 1799 non
2365 1758 2494 1801 ens.
2525 1739 2662 1801 Hinc
2685 1739 2884 1819 itaque
2911 1758 3040 1818 quae
3067 1751 3194 1820 post
3229 1739 3422 1819 ip-um
3447 1749 3678 1819 sunt,et
3697 1759 3806 1818 po-

420 1840 634 1894 nentes
659 1841 720 1892 et
745 1825 1300 1900 auferentes,Deum
1319 1827 1512 1906 ipsum
1540 1846 1731 1906 neque
1745 1827 2044 1906 ponimus,
2068 1829 2188 1887 sive
2221 1847 2290 1888 ex
2317 1827 2464 1908 ipsis
2485 1829 2873 1889 substantiam
2901 1829 3032 1907 ejus
3047 1829 3372 1902 noscimus,
3409 1847 3606 1908 neque
3637 1829 3804 1890 aufe-

419 1920 608 1983 rimus
639 1921 901 1993 omnino,
934 1927 998 1978 ut
1041 1917 1139 1998 qui
1173 1917 1440 1994 perfecte
1470 1916 2098 1997 incomprehensibilis
2155 1917 2388 1978 exsistit
2423 1918 2602 1998 (quod
2635 1918 2793 1978 enim
2837 1919 3099 1996 perfecte
3133 1927 3222 1978 est
3279 1919 3804 1997 incomprehensi-

420 2011 565 2086 bile,
613 2019 672 2071 et
703 2027 871 2086 Spem
928 2015 986 2069 et
1016 2017 1292 2067 conatum
1353 2005 1638 2086 excedit),
1670 2024 1873 2069 verum
1919 2005 2207 2084 imagines
2238 2009 2522 2087 quasdam
2563 2027 2634 2069 ex
2683 2007 2755 2067 iis
2786 2026 2918 2087 quae
2973 2009 3128 2068 circa
3177 2008 3372 2087 ipsum
3406 2021 3544 2068 sunt
3597 2009 3806 2068 conci-

420 2108 652 2172 nantes,
685 2098 1004 2161 obscurum
1035 2095 1348 2176 quemdam
1381 2096 1647 2157 veritatis
1676 2109 2036 2173 conceptum
2063 2099 2507 2176 componimus,
2534 2096 3014 2177 quandoquidem
3048 2096 3320 2176 sitsupra
3349 2115 3589 2158 omnem
3625 2097 3802 2158 etiam

424 2189 800 2271 positionem,
833 2194 1114 2268 tanquam
1167 2195 1450 2263 cntempla
1476 2203 1678 2246 rerum
1737 2184 2006 2246 omnium
2069 2203 2267 2262 causa,
2303 2193 2360 2247 et
2393 2204 2578 2261 supra
2629 2203 2868 2247 omnem
2903 2185 3266 2248 ablutionem
3319 2187 3636 2266 collocata,
3671 2207 3804 2248 cum

423 2277 750 2340 secundum
809 2277 1028 2339 nullam
1079 2292 1280 2335 rerum
1329 2274 1685 2337 ablationem
1739 2272 1900 2336 Deus
1949 2283 2388 2356 cognoscatur;
2443 2275 2735 2355 siquidem
2796 2275 2872 2336 ab
2927 2275 3203 2336 omnibus
3255 2274 3590 2356 absolutus,
3629 2277 3804 2338 etiam

425 2385 604 2448 supra
633 2369 836 2430 omnia
863 2366 1117 2431 exsistit.
