  <div class='ocr_page' id='page_1' title='image "/cluster/home/n/w/nwhite01/storage/ocr_20150623/3/hvd.32044029831450/564.png"; bbox 0 0 4064 6212; ppageno 0'>
   <div class='ocr_carea' id='block_1_1' title="bbox 261 321 410 390">
    <p class='ocr_par' dir='ltr' id='par_1_1' title="bbox 261 321 410 390">
     <span class='ocr_line' id='line_1_1' title="bbox 261 321 410 390; baseline -0.013 0"><span class='ocrx_word' id='word_1_1' title='bbox 261 321 410 390; x_wconf 88' lang='grc'><strong>1081</strong></span> 
     </span>
    </p>
   </div>
   <div class='ocr_carea' id='block_1_2' title="bbox 1657 318 2227 385">
    <p class='ocr_par' dir='ltr' id='par_1_2' title="bbox 1657 318 2227 385">
     <span class='ocr_line' id='line_1_2' title="bbox 1657 318 2227 385; baseline -0.009 -1"><span class='ocrx_word' id='word_1_2' title='bbox 1657 318 2032 384; x_wconf 83' lang='lat' dir='ltr'><strong>EPISTOLA</strong></span> <span class='ocrx_word' id='word_1_3' title='bbox 2090 319 2227 385; x_wconf 90' lang='lat' dir='ltr'><strong>VII.</strong></span> 
     </span>
    </p>
   </div>
   <div class='ocr_carea' id='block_1_3' title="bbox 3488 300 3640 373">
    <p class='ocr_par' dir='ltr' id='par_1_3' title="bbox 3488 300 3640 373">
     <span class='ocr_line' id='line_1_3' title="bbox 3488 300 3640 373; baseline -0.007 -2"><span class='ocrx_word' id='word_1_4' title='bbox 3488 300 3640 373; x_wconf 77' lang='grc'>1082</span> 
     </span>
    </p>
   </div>
   <div class='ocr_carea' id='block_1_4' title="bbox 255 441 1913 535">
    <p class='ocr_par' dir='ltr' id='par_1_4' title="bbox 255 454 1913 535">
     <span class='ocr_line' id='line_1_4' title="bbox 255 454 1913 535; baseline -0.001 -21"><span class='ocrx_word' id='word_1_5' title='bbox 255 456 467 530; x_wconf 76' lang='grc' dir='ltr'>Ἐζεκίᾳ</span> <span class='ocrx_word' id='word_1_6' title='bbox 512 454 902 535; x_wconf 78' lang='grc' dir='ltr'>καθυποτάξαν,</span> <span class='ocrx_word' id='word_1_7' title='bbox 951 461 1026 517; x_wconf 85' lang='grc' dir='ltr'>ὦς</span> <span class='ocrx_word' id='word_1_8' title='bbox 1070 454 1129 511; x_wconf 72' lang='grc' dir='ltr'>ἄν</span> <span class='ocrx_word' id='word_1_9' title='bbox 1186 454 1375 529; x_wconf 78' lang='grc' dir='ltr'>ἷσοθέῳ</span> <span class='ocrx_word' id='word_1_10' title='bbox 1431 455 1534 512; x_wconf 80' lang='grc' dir='ltr'>τινὶ</span> <span class='ocrx_word' id='word_1_11' title='bbox 1592 456 1681 512; x_wconf 78' lang='grc' dir='ltr'>καὶ</span> <span class='ocrx_word' id='word_1_12' title='bbox 1726 456 1913 533; x_wconf 44' lang='grc' dir='ltr'>ὑπὲρ-λ</span> 
     </span>
    </p>
   </div>
   <div class='ocr_carea' id='block_1_5' title="bbox 1997 441 3636 535">
    <p class='ocr_par' dir='ltr' id='par_1_5' title="bbox 1997 441 3636 535">
     <span class='ocr_line' id='line_1_5' title="bbox 1997 441 3636 535; baseline -0.009 -18"><span class='ocrx_word' id='word_1_13' title='bbox 1997 463 2153 517; x_wconf 89' lang='lat' dir='ltr'><strong>stum</strong></span> <span class='ocrx_word' id='word_1_14' title='bbox 2180 461 2406 517; x_wconf 88' lang='lat' dir='ltr'><strong>motum</strong></span> <span class='ocrx_word' id='word_1_15' title='bbox 2436 450 2511 514; x_wconf 90' lang='lat' dir='ltr'><strong>ad</strong></span> <span class='ocrx_word' id='word_1_16' title='bbox 2549 449 2760 513; x_wconf 81' lang='lat' dir='ltr'><strong>decem</strong></span> <span class='ocrx_word' id='word_1_17' title='bbox 2789 444 2969 509; x_wconf 85' lang='lat' dir='ltr'><strong>horas</strong></span> <span class='ocrx_word' id='word_1_18' title='bbox 2991 450 3399 535; x_wconf 84' lang='lat' dir='ltr'><strong>contractum,</strong></span> <span class='ocrx_word' id='word_1_19' title='bbox 3433 441 3636 504; x_wconf 89' lang='lat' dir='ltr'><strong>denuo</strong></span> 
     </span>
    </p>
   </div>
   <div class='ocr_carea' id='block_1_6' title="bbox 257 542 1906 629">
    <p class='ocr_par' dir='ltr' id='par_1_6' title="bbox 257 542 1906 629">
     <span class='ocr_line' id='line_1_6' title="bbox 257 542 1906 629; baseline -0.003 -25"><span class='ocrx_word' id='word_1_20' title='bbox 257 547 442 629; x_wconf 85' lang='grc' dir='ltr'>έχοντι</span> <span class='ocrx_word' id='word_1_21' title='bbox 490 546 613 608; x_wconf 81' lang='grc' dir='ltr'>τοὺς</span> <span class='ocrx_word' id='word_1_22' title='bbox 670 544 1003 622; x_wconf 82' lang='grc' dir='ltr'>ἀνθρώπους,</span> <span class='ocrx_word' id='word_1_23' title='bbox 1068 545 1162 602; x_wconf 84' lang='grc' dir='ltr'><strong>Καὶ</strong></span> <span class='ocrx_word' id='word_1_24' title='bbox 1221 546 1281 601; x_wconf 76' lang='grc' dir='ltr'>οὒ</span> <span class='ocrx_word' id='word_1_25' title='bbox 1340 542 1511 613; x_wconf 80' lang='grc' dir='ltr'>δήπου</span> <span class='ocrx_word' id='word_1_26' title='bbox 1560 544 1697 622; x_wconf 68' lang='grc' dir='ltr'>φημὶ</span> <span class='ocrx_word' id='word_1_27' title='bbox 1727 545 1820 609; x_wconf 77' lang='grc' dir='ltr'>τὰς</span> <span class='ocrx_word' id='word_1_28' title='bbox 1851 544 1906 600; x_wconf 80' lang='grc' dir='ltr'>ἐν</span> 
     </span>
    </p>
   </div>
   <div class='ocr_carea' id='block_1_7' title="bbox 258 630 1907 714">
    <p class='ocr_par' dir='ltr' id='par_1_7' title="bbox 258 630 1907 714">
     <span class='ocr_line' id='line_1_7' title="bbox 258 630 1907 714; baseline 0 -24"><span class='ocrx_word' id='word_1_29' title='bbox 258 636 510 714; x_wconf 73' lang='grc' dir='ltr'>Αἰγύπτῳ</span> <span class='ocrx_word' id='word_1_30' title='bbox 562 632 979 713; x_wconf 74' lang='grc' dir='ltr'>μεγαλουργίας,</span> <span class='ocrx_word' id='word_1_31' title='bbox 1029 630 1067 700; x_wconf 64' lang='grc' dir='ltr'><strong>ἥ</strong></span> <span class='ocrx_word' id='word_1_32' title='bbox 1123 631 1290 697; x_wconf 74' lang='grc' dir='ltr'>ἄλλας</span> <span class='ocrx_word' id='word_1_33' title='bbox 1320 634 1465 697; x_wconf 81' lang='grc' dir='ltr'>τινὰς</span> <span class='ocrx_word' id='word_1_34' title='bbox 1508 631 1752 712; x_wconf 80' lang='grc' dir='ltr'>ἀλλαχοῦ</span> <span class='ocrx_word' id='word_1_35' title='bbox 1781 637 1907 691; x_wconf 81' lang='grc' dir='ltr'>θεο-</span> 
     </span>
    </p>
   </div>
   <div class='ocr_carea' id='block_1_8' title="bbox 260 721 1905 803">
    <p class='ocr_par' dir='ltr' id='par_1_8' title="bbox 260 721 1905 803">
     <span class='ocr_line' id='line_1_8' title="bbox 260 721 1905 803; baseline -0.004 -20"><span class='ocrx_word' id='word_1_36' title='bbox 260 727 486 801; x_wconf 85' lang='grc' dir='ltr'>σημείας</span> <span class='ocrx_word' id='word_1_37' title='bbox 532 723 925 803; x_wconf 66' lang='grc' dir='ltr'><strong>γεγενημέναις,</strong></span> <span class='ocrx_word' id='word_1_38' title='bbox 996 721 1137 780; x_wconf 79' lang='grc' dir='ltr'>ἀλλὰ</span> <span class='ocrx_word' id='word_1_39' title='bbox 1192 723 1258 779; x_wconf 81' lang='grc' dir='ltr'><strong>τὰ</strong></span> <span class='ocrx_word' id='word_1_40' title='bbox 1316 722 1467 778; x_wconf 82' lang='grc' dir='ltr'>κοινᾶ</span> <span class='ocrx_word' id='word_1_41' title='bbox 1529 723 1616 779; x_wconf 73' lang='grc' dir='ltr'><strong>καὶ</strong></span> <span class='ocrx_word' id='word_1_42' title='bbox 1667 722 1905 800; x_wconf 76' lang='grc' dir='ltr'>οὐράνια,</span> 
     </span>
    </p>
   </div>
   <div class='ocr_carea' id='block_1_9' title="bbox 259 807 1906 887">
    <p class='ocr_par' dir='ltr' id='par_1_9' title="bbox 259 807 1906 887">
     <span class='ocr_line' id='line_1_9' title="bbox 259 807 1906 887; baseline -0.003 -16"><span class='ocrx_word' id='word_1_43' title='bbox 259 815 349 871; x_wconf 79' lang='grc' dir='ltr'>καὶ</span> <span class='ocrx_word' id='word_1_44' title='bbox 383 817 437 870; x_wconf 76' lang='grc' dir='ltr'>ἒν</span> <span class='ocrx_word' id='word_1_45' title='bbox 495 820 571 887; x_wconf 81' lang='grc' dir='ltr'>τῷ</span> <span class='ocrx_word' id='word_1_46' title='bbox 625 812 783 869; x_wconf 83' lang='grc' dir='ltr'>παντὶ</span> <span class='ocrx_word' id='word_1_47' title='bbox 838 812 928 868; x_wconf 82' lang='grc' dir='ltr'>καὶ</span> <span class='ocrx_word' id='word_1_48' title='bbox 953 817 1084 868; x_wconf 82' lang='grc' dir='ltr'>πᾶσι</span> <span class='ocrx_word' id='word_1_49' title='bbox 1127 807 1560 886; x_wconf 79' lang='grc' dir='ltr'>θριαμϐεὺθέντα.</span> <span class='ocrx_word' id='word_1_50' title='bbox 1604 812 1745 877; x_wconf 81' lang='grc' dir='ltr'>Φησὶ</span> <span class='ocrx_word' id='word_1_51' title='bbox 1773 808 1829 866; x_wconf 76' lang='grc' dir='ltr'><strong>δὲ</strong></span> <span class='ocrx_word' id='word_1_52' title='bbox 1857 807 1906 851; x_wconf 58' lang='grc' dir='ltr'>δι</span> 
     </span>
    </p>
   </div>
   <div class='ocr_carea' id='block_1_10' title="bbox 261 899 1907 981">
    <p class='ocr_par' dir='ltr' id='par_1_10' title="bbox 261 899 1907 981">
     <span class='ocr_line' id='line_1_10' title="bbox 261 899 1907 981; baseline -0.002 -21"><span class='ocrx_word' id='word_1_53' title='bbox 261 904 473 968; x_wconf 81' lang='grc' dir='ltr'>πάντως</span> <span class='ocrx_word' id='word_1_54' title='bbox 534 900 948 980; x_wconf 74' lang='grc' dir='ltr'><strong>Ἀπολλοφάνης</strong></span> <span class='ocrx_word' id='word_1_55' title='bbox 983 948 999 981; x_wconf 94' lang='grc'><strong>,</strong></span> <span class='ocrx_word' id='word_1_56' title='bbox 1064 902 1159 959; x_wconf 75' lang='grc' dir='ltr'><strong>οὒκ</strong></span> <span class='ocrx_word' id='word_1_57' title='bbox 1213 913 1360 956; x_wconf 79' lang='grc' dir='ltr'>εῖναι</span> <span class='ocrx_word' id='word_1_58' title='bbox 1419 907 1583 957; x_wconf 83' lang='grc' dir='ltr'>ταῦτα</span> <span class='ocrx_word' id='word_1_59' title='bbox 1664 899 1836 968; x_wconf 84' lang='grc' dir='ltr'>ἁληθῆ</span> <span class='ocrx_word' id='word_1_60' title='bbox 1892 915 1907 930; x_wconf 82' lang='grc'><strong><em>⁵</em></strong></span> 
     </span>
    </p>
   </div>
   <div class='ocr_carea' id='block_1_11' title="bbox 261 990 1913 1070">
    <p class='ocr_par' dir='ltr' id='par_1_11' title="bbox 261 990 1913 1070">
     <span class='ocr_line' id='line_1_11' title="bbox 261 990 1913 1070; baseline -0.001 -22"><span class='ocrx_word' id='word_1_61' title='bbox 261 992 491 1070; x_wconf 72' lang='grc' dir='ltr'>μάλιστα</span> <span class='ocrx_word' id='word_1_62' title='bbox 573 991 673 1066; x_wconf 80' lang='grc' dir='ltr'>μὲν</span> <span class='ocrx_word' id='word_1_63' title='bbox 741 993 1013 1047; x_wconf 75' lang='grc' dir='ltr'>οὖντοῦτο</span> <span class='ocrx_word' id='word_1_64' title='bbox 1097 1002 1221 1054; x_wconf 77' lang='grc' dir='ltr'>ταῖς</span> <span class='ocrx_word' id='word_1_65' title='bbox 1321 992 1536 1068; x_wconf 80' lang='grc' dir='ltr'>Περσῶν</span> <span class='ocrx_word' id='word_1_66' title='bbox 1610 990 1913 1067; x_wconf 75' lang='grc' dir='ltr'>ἱερατικαϊς</span> 
     </span>
    </p>
   </div>
   <div class='ocr_carea' id='block_1_12' title="bbox 263 1078 1914 1161">
    <p class='ocr_par' dir='ltr' id='par_1_12' title="bbox 263 1078 1914 1161">
     <span class='ocr_line' id='line_1_12' title="bbox 263 1078 1914 1161; baseline -0.002 -22"><span class='ocrx_word' id='word_1_67' title='bbox 263 1081 542 1161; x_wconf 73' lang='grc' dir='ltr'><strong>ἐμφέρεται</strong></span> <span class='ocrx_word' id='word_1_68' title='bbox 603 1080 837 1160; x_wconf 76' lang='grc' dir='ltr'>φῄμαις,</span> <span class='ocrx_word' id='word_1_69' title='bbox 899 1083 988 1137; x_wconf 76' lang='grc' dir='ltr'><strong>καὶ</strong></span> <span class='ocrx_word' id='word_1_70' title='bbox 1042 1078 1202 1136; x_wconf 83' lang='grc' dir='ltr'>εἰσέτι</span> <span class='ocrx_word' id='word_1_71' title='bbox 1246 1079 1409 1157; x_wconf 81' lang='grc' dir='ltr'>μάγοι</span> <span class='ocrx_word' id='word_1_72' title='bbox 1476 1080 1541 1134; x_wconf 83' lang='grc' dir='ltr'><strong>τὰ</strong></span> <span class='ocrx_word' id='word_1_73' title='bbox 1596 1080 1914 1154; x_wconf 57' lang='grc' dir='ltr'>μνημόσυνα</span> 
     </span>
    </p>
   </div>
   <div class='ocr_carea' id='block_1_13' title="bbox 262 1167 1911 1249">
    <p class='ocr_par' dir='ltr' id='par_1_13' title="bbox 262 1167 1911 1249">
     <span class='ocr_line' id='line_1_13' title="bbox 262 1167 1911 1249; baseline -0.002 -19"><span class='ocrx_word' id='word_1_74' title='bbox 262 1176 354 1230; x_wconf 82' lang='grc' dir='ltr'><strong>τοῦ</strong></span> <span class='ocrx_word' id='word_1_75' title='bbox 382 1170 693 1249; x_wconf 75' lang='grc' dir='ltr'>τριπλασίου</span> <span class='ocrx_word' id='word_1_76' title='bbox 750 1173 942 1249; x_wconf 75' lang='grc' dir='ltr'>Μιθρου</span> <span class='ocrx_word' id='word_1_77' title='bbox 1001 1168 1264 1228; x_wconf 78' lang='grc' dir='ltr'>τελοῦσιν.</span> <span class='ocrx_word' id='word_1_78' title='bbox 1328 1167 1482 1226; x_wconf 81' lang='grc' dir='ltr'>Ἀλλ’</span> <span class='ocrx_word' id='word_1_79' title='bbox 1540 1168 1735 1234; x_wconf 78' lang='grc' dir='ltr'>ὲξὲστω</span> <span class='ocrx_word' id='word_1_80' title='bbox 1768 1172 1911 1244; x_wconf 72' lang='grc' dir='ltr'>αύτῷ</span> 
     </span>
    </p>
   </div>
   <div class='ocr_carea' id='block_1_14' title="bbox 258 1255 1907 1338">
    <p class='ocr_par' dir='ltr' id='par_1_14' title="bbox 258 1255 1907 1338">
     <span class='ocr_line' id='line_1_14' title="bbox 258 1255 1907 1338; baseline -0.003 -19"><span class='ocrx_word' id='word_1_81' title='bbox 258 1263 469 1325; x_wconf 80' lang='grc' dir='ltr'>τούτοτς</span> <span class='ocrx_word' id='word_1_82' title='bbox 511 1258 597 1317; x_wconf 85' lang='grc' dir='ltr'><strong>διᾶ</strong></span> <span class='ocrx_word' id='word_1_83' title='bbox 637 1261 736 1326; x_wconf 75' lang='grc' dir='ltr'>τὴν</span> <span class='ocrx_word' id='word_1_84' title='bbox 761 1257 979 1338; x_wconf 76' lang='grc' dir='ltr'>ἂγνοιαν</span> <span class='ocrx_word' id='word_1_85' title='bbox 1009 1259 1045 1327; x_wconf 70' lang='grc' dir='ltr'>ἢ</span> <span class='ocrx_word' id='word_1_86' title='bbox 1088 1259 1187 1326; x_wconf 76' lang='grc' dir='ltr'>τὴν</span> <span class='ocrx_word' id='word_1_87' title='bbox 1244 1258 1483 1336; x_wconf 80' lang='grc' dir='ltr'>ἀπειρίαν</span> <span class='ocrx_word' id='word_1_88' title='bbox 1545 1255 1605 1308; x_wconf 63' lang='grc'><strong>4³</strong></span> <span class='ocrx_word' id='word_1_89' title='bbox 1635 1259 1907 1322; x_wconf 77' lang='grc' dir='ltr'>ἀπιστεῖν,</span> 
     </span>
    </p>
   </div>
   <div class='ocr_carea' id='block_1_15' title="bbox 263 1347 1915 1428">
    <p class='ocr_par' dir='ltr' id='par_1_15' title="bbox 263 1347 1915 1428">
     <span class='ocr_line' id='line_1_15' title="bbox 263 1347 1915 1428; baseline -0.003 -18"><span class='ocrx_word' id='word_1_90' title='bbox 263 1353 393 1410; x_wconf 75' lang='grc' dir='ltr'><strong>Εἰπὲ</strong></span> <span class='ocrx_word' id='word_1_91' title='bbox 448 1349 503 1407; x_wconf 78' lang='grc' dir='ltr'><strong>δὲ</strong></span> <span class='ocrx_word' id='word_1_92' title='bbox 559 1353 724 1424; x_wconf 69' lang='grc' dir='ltr'>αὐτῷ’</span> <span class='ocrx_word' id='word_1_93' title='bbox 784 1349 845 1408; x_wconf 89' lang='grc' dir='ltr'>Τί</span> <span class='ocrx_word' id='word_1_94' title='bbox 872 1347 1049 1427; x_wconf 74' lang='grc' dir='ltr'>λέγεις</span> <span class='ocrx_word' id='word_1_95' title='bbox 1106 1348 1225 1427; x_wconf 75' lang='grc' dir='ltr'>περὶ</span> <span class='ocrx_word' id='word_1_96' title='bbox 1286 1353 1380 1416; x_wconf 79' lang='grc' dir='ltr'>τῆς</span> <span class='ocrx_word' id='word_1_97' title='bbox 1426 1347 1480 1404; x_wconf 80' lang='grc' dir='ltr'>ἐν</span> <span class='ocrx_word' id='word_1_98' title='bbox 1522 1355 1598 1423; x_wconf 82' lang='grc' dir='ltr'><strong>τῷ</strong></span> <span class='ocrx_word' id='word_1_99' title='bbox 1668 1350 1915 1428; x_wconf 84' lang='grc' dir='ltr'>σωτηρίῷ</span> 
     </span>
    </p>
   </div>
   <div class='ocr_carea' id='block_1_16' title="bbox 262 1436 1914 1518">
    <p class='ocr_par' dir='ltr' id='par_1_16' title="bbox 262 1436 1914 1518">
     <span class='ocr_line' id='line_1_16' title="bbox 262 1436 1914 1518; baseline -0.001 -20"><span class='ocrx_word' id='word_1_100' title='bbox 262 1446 473 1518; x_wconf 83' lang='grc' dir='ltr'>σταυρῷ</span> <span class='ocrx_word' id='word_1_101' title='bbox 512 1439 785 1518; x_wconf 87' lang='grc' dir='ltr'>γεγονυίας</span> <span class='ocrx_word' id='word_1_102' title='bbox 842 1436 1182 1514; x_wconf 76' lang='grc' dir='ltr'>ἐκλείψεως;</span> <span class='ocrx_word' id='word_1_103' title='bbox 1241 1437 1524 1518; x_wconf 74' lang='grc' dir='ltr'><strong>ἀμφοτέρω</strong></span> <span class='ocrx_word' id='word_1_104' title='bbox 1586 1438 1687 1517; x_wconf 80' lang='grc' dir='ltr'><strong>γὰρ</strong></span> <span class='ocrx_word' id='word_1_105' title='bbox 1769 1439 1914 1516; x_wconf 81' lang='grc' dir='ltr'>τότε,</span> 
     </span>
    </p>
   </div>
   <div class='ocr_carea' id='block_1_17' title="bbox 261 1521 1912 1604">
    <p class='ocr_par' dir='ltr' id='par_1_17' title="bbox 261 1521 1912 1604">
     <span class='ocr_line' id='line_1_17' title="bbox 261 1521 1912 1604; baseline -0.001 -17"><span class='ocrx_word' id='word_1_106' title='bbox 261 1531 401 1587; x_wconf 79' lang='grc' dir='ltr'>κατὰ</span> <span class='ocrx_word' id='word_1_107' title='bbox 461 1521 801 1586; x_wconf 78' lang='grc' dir='ltr'>Ἡλιούπολιν</span> <span class='ocrx_word' id='word_1_108' title='bbox 829 1525 884 1569; x_wconf 68' lang='grc'><strong>⁸³</strong></span> <span class='ocrx_word' id='word_1_109' title='bbox 911 1527 1023 1602; x_wconf 84' lang='grc' dir='ltr'><strong>ἃμα</strong></span> <span class='ocrx_word' id='word_1_110' title='bbox 1063 1533 1297 1604; x_wconf 75' lang='grc' dir='ltr'><strong>παρόντε</strong></span> <span class='ocrx_word' id='word_1_111' title='bbox 1349 1549 1407 1584; x_wconf 89' lang='grc' dir='ltr'><strong>τε</strong></span> <span class='ocrx_word' id='word_1_112' title='bbox 1452 1529 1539 1584; x_wconf 77' lang='grc' dir='ltr'>καὶ</span> <span class='ocrx_word' id='word_1_113' title='bbox 1597 1534 1912 1601; x_wconf 75' lang='grc' dir='ltr'>συνεστῶτε,</span> 
     </span>
    </p>
   </div>
   <div class='ocr_carea' id='block_1_18' title="bbox 260 1614 1913 1698">
    <p class='ocr_par' dir='ltr' id='par_1_18' title="bbox 260 1614 1913 1698">
     <span class='ocr_line' id='line_1_18' title="bbox 260 1614 1913 1698; baseline -0.001 -22"><span class='ocrx_word' id='word_1_114' title='bbox 260 1616 568 1698; x_wconf 82' lang='grc' dir='ltr'>παραδόξως</span> <span class='ocrx_word' id='word_1_115' title='bbox 627 1640 704 1691; x_wconf 84' lang='grc' dir='ltr'>τῳ</span> <span class='ocrx_word' id='word_1_116' title='bbox 760 1614 897 1688; x_wconf 78' lang='grc' dir='ltr'>ἡλίῳ</span> <span class='ocrx_word' id='word_1_117' title='bbox 926 1618 1024 1684; x_wconf 69' lang='grc' dir='ltr'><strong>την</strong></span> <span class='ocrx_word' id='word_1_118' title='bbox 1056 1616 1288 1686; x_wconf 79' lang='grc' dir='ltr'>σελήνῆν</span> <span class='ocrx_word' id='word_1_119' title='bbox 1330 1618 1700 1693; x_wconf 74' lang='grc' dir='ltr'>ἓμπίπτουσαν</span> <span class='ocrx_word' id='word_1_120' title='bbox 1729 1618 1913 1698; x_wconf 78' lang='grc' dir='ltr'>ἑωρῶ-</span> 
     </span>
    </p>
   </div>
   <div class='ocr_carea' id='block_1_19' title="bbox 263 1705 1912 1786">
    <p class='ocr_par' dir='ltr' id='par_1_19' title="bbox 263 1705 1912 1786">
     <span class='ocr_line' id='line_1_19' title="bbox 263 1705 1912 1786; baseline 0 -22"><span class='ocrx_word' id='word_1_121' title='bbox 263 1728 362 1783; x_wconf 81' lang='grc' dir='ltr'><strong>μεν</strong></span> <span class='ocrx_word' id='word_1_122' title='bbox 421 1707 504 1785; x_wconf 82' lang='grc' dir='ltr'>(οὗ</span> <span class='ocrx_word' id='word_1_123' title='bbox 547 1706 648 1785; x_wconf 75' lang='grc' dir='ltr'><strong>γάρ</strong></span> <span class='ocrx_word' id='word_1_124' title='bbox 703 1711 770 1774; x_wconf 79' lang='grc' dir='ltr'>ἦν</span> <span class='ocrx_word' id='word_1_125' title='bbox 840 1705 1057 1762; x_wconf 76' lang='grc' dir='ltr'>συνόδου</span> <span class='ocrx_word' id='word_1_126' title='bbox 1112 1708 1335 1786; x_wconf 75' lang='grc' dir='ltr'>καιρὸς).</span> <span class='ocrx_word' id='word_1_127' title='bbox 1423 1711 1567 1772; x_wconf 79' lang='grc' dir='ltr'>αϋθις</span> <span class='ocrx_word' id='word_1_128' title='bbox 1632 1729 1692 1765; x_wconf 88' lang='grc' dir='ltr'><strong>τε</strong></span> <span class='ocrx_word' id='word_1_129' title='bbox 1749 1708 1912 1775; x_wconf 72' lang='grc' dir='ltr'>αὐτὴν</span> 
     </span>
    </p>
   </div>
   <div class='ocr_carea' id='block_1_20' title="bbox 261 1794 1920 1876">
    <p class='ocr_par' dir='ltr' id='par_1_20' title="bbox 261 1794 1920 1876">
     <span class='ocr_line' id='line_1_20' title="bbox 261 1794 1920 1876; baseline -0.003 -23"><span class='ocrx_word' id='word_1_130' title='bbox 261 1797 371 1853; x_wconf 78' lang='grc' dir='ltr'><strong>ἀπὸ</strong></span> <span class='ocrx_word' id='word_1_131' title='bbox 398 1801 496 1864; x_wconf 81' lang='grc' dir='ltr'><strong>τῆς</strong></span> <span class='ocrx_word' id='word_1_132' title='bbox 526 1796 749 1862; x_wconf 73' lang='grc' dir='ltr'>ὲννάτης</span> <span class='ocrx_word' id='word_1_133' title='bbox 809 1795 952 1874; x_wconf 73' lang='grc' dir='ltr'>ὥρας</span> <span class='ocrx_word' id='word_1_134' title='bbox 1002 1794 1133 1875; x_wconf 72' lang='grc' dir='ltr'>ἂχρι</span> <span class='ocrx_word' id='word_1_135' title='bbox 1185 1797 1282 1864; x_wconf 70' lang='grc' dir='ltr'><strong>τῆς</strong></span> <span class='ocrx_word' id='word_1_136' title='bbox 1352 1796 1576 1876; x_wconf 80' lang='grc' dir='ltr'>ἑσπέρας</span> <span class='ocrx_word' id='word_1_137' title='bbox 1626 1799 1697 1862; x_wconf 85' lang='grc' dir='ltr'><strong>εἰς</strong></span> <span class='ocrx_word' id='word_1_138' title='bbox 1753 1801 1815 1854; x_wconf 79' lang='grc' dir='ltr'>τὸ</span> <span class='ocrx_word' id='word_1_139' title='bbox 1857 1798 1920 1848; x_wconf 69' lang='grc'><strong>44</strong></span> 
     </span>
    </p>
   </div>
   <div class='ocr_carea' id='block_1_21' title="bbox 261 1883 1918 1966">
    <p class='ocr_par' dir='ltr' id='par_1_21' title="bbox 261 1883 1918 1966">
     <span class='ocr_line' id='line_1_21' title="bbox 261 1883 1918 1966; baseline 0.001 -24"><span class='ocrx_word' id='word_1_140' title='bbox 261 1896 357 1945; x_wconf 88' lang='grc' dir='ltr'><strong>τοῦ</strong></span> <span class='ocrx_word' id='word_1_141' title='bbox 404 1886 560 1954; x_wconf 80' lang='grc' dir='ltr'>ἡλίου</span> <span class='ocrx_word' id='word_1_142' title='bbox 618 1883 899 1961; x_wconf 82' lang='grc' dir='ltr'>διάμετρον</span> <span class='ocrx_word' id='word_1_143' title='bbox 932 1887 1206 1966; x_wconf 71' lang='grc' dir='ltr'>ὑπερφυῶς</span> <span class='ocrx_word' id='word_1_144' title='bbox 1239 1888 1718 1946; x_wconf 78' lang='grc' dir='ltr'>ἂντικαταστᾶσαν.</span> <span class='ocrx_word' id='word_1_145' title='bbox 1752 1884 1918 1943; x_wconf 74' lang='grc' dir='ltr'>Ἀνά-</span> 
     </span>
    </p>
   </div>
   <div class='ocr_carea' id='block_1_22' title="bbox 262 1973 1916 2054">
    <p class='ocr_par' dir='ltr' id='par_1_22' title="bbox 262 1973 1916 2054">
     <span class='ocr_line' id='line_1_22' title="bbox 262 1973 1916 2054; baseline 0.001 -21"><span class='ocrx_word' id='word_1_146' title='bbox 262 1998 470 2052; x_wconf 79' lang='grc' dir='ltr'>μνησον</span> <span class='ocrx_word' id='word_1_147' title='bbox 525 1974 580 2031; x_wconf 84' lang='grc' dir='ltr'><strong>δέ</strong></span> <span class='ocrx_word' id='word_1_148' title='bbox 640 1996 690 2031; x_wconf 89' lang='grc' dir='ltr'><strong>τι</strong></span> <span class='ocrx_word' id='word_1_149' title='bbox 723 1976 819 2033; x_wconf 70' lang='grc' dir='ltr'><strong>καὶ</strong></span> <span class='ocrx_word' id='word_1_150' title='bbox 874 1975 1055 2053; x_wconf 77' lang='grc' dir='ltr'>ἕτερον</span> <span class='ocrx_word' id='word_1_151' title='bbox 1109 1975 1288 2035; x_wconf 69' lang='grc' dir='ltr'>αὐτόν·</span> <span class='ocrx_word' id='word_1_152' title='bbox 1341 1973 1457 2032; x_wconf 75' lang='grc' dir='ltr'>οἶδε</span> <span class='ocrx_word' id='word_1_153' title='bbox 1503 1977 1625 2054; x_wconf 77' lang='grc' dir='ltr'>γὰρ,</span> <span class='ocrx_word' id='word_1_154' title='bbox 1677 1975 1757 2033; x_wconf 78' lang='grc' dir='ltr'>ὅτι</span> <span class='ocrx_word' id='word_1_155' title='bbox 1819 1980 1916 2034; x_wconf 65' lang='grc' dir='ltr'><strong>καὶ</strong></span> 
     </span>
    </p>
   </div>
   <div class='ocr_carea' id='block_1_23' title="bbox 260 2063 1916 2143">
    <p class='ocr_par' dir='ltr' id='par_1_23' title="bbox 260 2063 1916 2143">
     <span class='ocr_line' id='line_1_23' title="bbox 260 2063 1916 2143; baseline 0.001 -22"><span class='ocrx_word' id='word_1_156' title='bbox 260 2065 363 2133; x_wconf 73' lang='grc' dir='ltr'><strong>τὴν</strong></span> <span class='ocrx_word' id='word_1_157' title='bbox 408 2064 680 2141; x_wconf 77' lang='grc' dir='ltr'>ἔμπτωσιν</span> <span class='ocrx_word' id='word_1_158' title='bbox 727 2068 892 2132; x_wconf 75' lang='grc' dir='ltr'>αὐτὴν</span> <span class='ocrx_word' id='word_1_159' title='bbox 950 2063 1001 2131; x_wconf 78' lang='grc' dir='ltr'>ἐξ</span> <span class='ocrx_word' id='word_1_160' title='bbox 1058 2064 1331 2123; x_wconf 79' lang='grc' dir='ltr'>ἀνατολων</span> <span class='ocrx_word' id='word_1_161' title='bbox 1386 2066 1698 2141; x_wconf 65' lang='grc' dir='ltr'>ἑωράκαμεν</span> <span class='ocrx_word' id='word_1_162' title='bbox 1752 2064 1916 2143; x_wconf 77' lang='grc' dir='ltr'>ἀρξα-</span> 
     </span>
    </p>
   </div>
   <div class='ocr_carea' id='block_1_24' title="bbox 264 2154 1914 2235">
    <p class='ocr_par' dir='ltr' id='par_1_24' title="bbox 264 2154 1914 2235">
     <span class='ocr_line' id='line_1_24' title="bbox 264 2154 1914 2235; baseline -0.002 -23"><span class='ocrx_word' id='word_1_163' title='bbox 264 2156 457 2232; x_wconf 89' lang='grc' dir='ltr'>μένην,</span> <span class='ocrx_word' id='word_1_164' title='bbox 515 2157 604 2211; x_wconf 76' lang='grc' dir='ltr'><strong>καί</strong></span> <span class='ocrx_word' id='word_1_165' title='bbox 664 2154 828 2234; x_wconf 83' lang='grc' dir='ltr'>μέχρι</span> <span class='ocrx_word' id='word_1_166' title='bbox 888 2157 981 2211; x_wconf 79' lang='grc' dir='ltr'><strong>τοῦ</strong></span> <span class='ocrx_word' id='word_1_167' title='bbox 1054 2156 1281 2222; x_wconf 68' lang='grc' dir='ltr'>ἡλιακοῦ</span> <span class='ocrx_word' id='word_1_168' title='bbox 1341 2154 1568 2233; x_wconf 87' lang='grc' dir='ltr'>πέρατος</span> <span class='ocrx_word' id='word_1_169' title='bbox 1639 2154 1914 2235; x_wconf 77' lang='grc' dir='ltr'>ἐλθοῦσαν,</span> 
     </span>
    </p>
   </div>
   <div class='ocr_carea' id='block_1_25' title="bbox 263 2242 1917 2323">
    <p class='ocr_par' dir='ltr' id='par_1_25' title="bbox 263 2242 1917 2323">
     <span class='ocr_line' id='line_1_25' title="bbox 263 2242 1917 2323; baseline -0.001 -21"><span class='ocrx_word' id='word_1_170' title='bbox 263 2260 386 2303; x_wconf 75' lang='grc' dir='ltr'>εἶτα</span> <span class='ocrx_word' id='word_1_171' title='bbox 446 2243 860 2323; x_wconf 71' lang='grc' dir='ltr'>ἅναποδίσασαν,</span> <span class='ocrx_word' id='word_1_172' title='bbox 919 2247 1008 2302; x_wconf 84' lang='grc' dir='ltr'>καὶ</span> <span class='ocrx_word' id='word_1_173' title='bbox 1064 2244 1212 2306; x_wconf 79' lang='grc' dir='ltr'>αὖθις</span> <span class='ocrx_word' id='word_1_174' title='bbox 1272 2245 1361 2301; x_wconf 68' lang='grc' dir='ltr'><strong>οὖν</strong></span> <span class='ocrx_word' id='word_1_175' title='bbox 1421 2245 1481 2300; x_wconf 79' lang='grc' dir='ltr'><strong>ἐκ</strong></span> <span class='ocrx_word' id='word_1_176' title='bbox 1511 2242 1602 2300; x_wconf 60' lang='grc' dir='ltr'><strong>τού</strong></span> <span class='ocrx_word' id='word_1_177' title='bbox 1635 2244 1794 2301; x_wconf 74' lang='grc' dir='ltr'>αῦτοῦ</span> <span class='ocrx_word' id='word_1_178' title='bbox 1823 2246 1917 2301; x_wconf 76' lang='grc' dir='ltr'>καί</span> 
     </span>
    </p>
   </div>
   <div class='ocr_carea' id='block_1_26' title="bbox 263 2332 1918 2411">
    <p class='ocr_par' dir='ltr' id='par_1_26' title="bbox 263 2332 1918 2411">
     <span class='ocr_line' id='line_1_26' title="bbox 263 2332 1918 2411; baseline -0.001 -21"><span class='ocrx_word' id='word_1_179' title='bbox 263 2336 364 2404; x_wconf 77' lang='grc' dir='ltr'><strong>τὴν</strong></span> <span class='ocrx_word' id='word_1_180' title='bbox 422 2334 699 2410; x_wconf 76' lang='grc' dir='ltr'>ἔμπτωσιν</span> <span class='ocrx_word' id='word_1_181' title='bbox 757 2336 844 2391; x_wconf 80' lang='grc' dir='ltr'>καὶ</span> <span class='ocrx_word' id='word_1_182' title='bbox 896 2335 996 2403; x_wconf 76' lang='grc' dir='ltr'>τὴν</span> <span class='ocrx_word' id='word_1_183' title='bbox 1080 2335 1458 2411; x_wconf 80' lang='grc' dir='ltr'>ἀνακάθαρσιν,</span> <span class='ocrx_word' id='word_1_184' title='bbox 1530 2332 1651 2391; x_wconf 82' lang='grc' dir='ltr'>ἀλλ’</span> <span class='ocrx_word' id='word_1_185' title='bbox 1708 2334 1767 2391; x_wconf 76' lang='grc' dir='ltr'><strong>ἐκ</strong></span> <span class='ocrx_word' id='word_1_186' title='bbox 1826 2336 1918 2391; x_wconf 79' lang='grc' dir='ltr'><strong>τοῦ</strong></span> 
     </span>
    </p>
   </div>
   <div class='ocr_carea' id='block_1_27' title="bbox 266 2423 1917 2502">
    <p class='ocr_par' dir='ltr' id='par_1_27' title="bbox 266 2423 1917 2502">
     <span class='ocr_line' id='line_1_27' title="bbox 266 2423 1917 2502; baseline -0.001 -21"><span class='ocrx_word' id='word_1_187' title='bbox 266 2437 404 2481; x_wconf 79' lang='grc' dir='ltr'><strong>κατὰ</strong></span> <span class='ocrx_word' id='word_1_188' title='bbox 463 2423 742 2500; x_wconf 80' lang='grc' dir='ltr'>διάμετρον</span> <span class='ocrx_word' id='word_1_189' title='bbox 801 2423 1033 2481; x_wconf 79' lang='grc' dir='ltr'>ἐναντίου</span> <span class='ocrx_word' id='word_1_190' title='bbox 1076 2423 1465 2502; x_wconf 77' lang='grc' dir='ltr'>γεγενημένην.</span> <span class='ocrx_word' id='word_1_191' title='bbox 1498 2423 1735 2482; x_wconf 81' lang='grc' dir='ltr'>Τοσαῦτα</span> <span class='ocrx_word' id='word_1_192' title='bbox 1805 2423 1917 2479; x_wconf 75' lang='grc' dir='ltr'>ἐστι</span> 
     </span>
    </p>
   </div>
   <div class='ocr_carea' id='block_1_28' title="bbox 265 2512 1918 2593">
    <p class='ocr_par' dir='ltr' id='par_1_28' title="bbox 265 2512 1918 2593">
     <span class='ocr_line' id='line_1_28' title="bbox 265 2512 1918 2593; baseline -0.002 -21"><span class='ocrx_word' id='word_1_193' title='bbox 265 2522 362 2572; x_wconf 85' lang='grc' dir='ltr'><strong>τοῦ</strong></span> <span class='ocrx_word' id='word_1_194' title='bbox 417 2514 539 2571; x_wconf 80' lang='grc' dir='ltr'>τότε</span> <span class='ocrx_word' id='word_1_195' title='bbox 611 2520 794 2589; x_wconf 70' lang='grc' dir='ltr'>καιροῦ</span> <span class='ocrx_word' id='word_1_196' title='bbox 825 2514 891 2570; x_wconf 77' lang='grc' dir='ltr'><strong>τὰ</strong></span> <span class='ocrx_word' id='word_1_197' title='bbox 950 2514 1189 2593; x_wconf 72' lang='grc' dir='ltr'>ὑπερφυῆ</span> <span class='ocrx_word' id='word_1_198' title='bbox 1246 2519 1334 2570; x_wconf 82' lang='grc' dir='ltr'>καί</span> <span class='ocrx_word' id='word_1_199' title='bbox 1364 2512 1513 2587; x_wconf 82' lang='grc' dir='ltr'>μόνῳ</span> <span class='ocrx_word' id='word_1_200' title='bbox 1570 2519 1788 2592; x_wconf 76' lang='grc' dir='ltr'>Χριστῴ</span> <span class='ocrx_word' id='word_1_201' title='bbox 1841 2520 1918 2587; x_wconf 79' lang='grc' dir='ltr'>τῷ</span> 
     </span>
    </p>
   </div>
   <div class='ocr_carea' id='block_1_29' title="bbox 264 2600 1909 2682">
    <p class='ocr_par' dir='ltr' id='par_1_29' title="bbox 264 2600 1909 2682">
     <span class='ocr_line' id='line_1_29' title="bbox 264 2600 1909 2682; baseline -0.002 -21"><span class='ocrx_word' id='word_1_202' title='bbox 264 2604 530 2676; x_wconf 82' lang='grc' dir='ltr'>παναιτίῳ</span> <span class='ocrx_word' id='word_1_203' title='bbox 584 2601 797 2682; x_wconf 74' lang='grc' dir='ltr'>δυνατὰ,</span> <span class='ocrx_word' id='word_1_204' title='bbox 845 2604 922 2677; x_wconf 82' lang='grc' dir='ltr'>τῷ</span> <span class='ocrx_word' id='word_1_205' title='bbox 973 2602 1208 2660; x_wconf 84' lang='grc' dir='ltr'>ποιοῦντι</span> <span class='ocrx_word' id='word_1_206' title='bbox 1266 2600 1474 2681; x_wconf 86' lang='grc' dir='ltr'>μεγάλα</span> <span class='ocrx_word' id='word_1_207' title='bbox 1519 2604 1606 2658; x_wconf 77' lang='grc' dir='ltr'>καὶ</span> <span class='ocrx_word' id='word_1_208' title='bbox 1689 2602 1909 2678; x_wconf 77' lang='grc' dir='ltr'>ἐξαίσια,</span> 
     </span>
    </p>
   </div>
   <div class='ocr_carea' id='block_1_30' title="bbox 265 2691 1025 2768">
    <p class='ocr_par' dir='ltr' id='par_1_30' title="bbox 265 2691 1025 2768">
     <span class='ocr_line' id='line_1_30' title="bbox 265 2691 1025 2768; baseline -0.001 -19"><span class='ocrx_word' id='word_1_209' title='bbox 265 2693 341 2749; x_wconf 83' lang='grc' dir='ltr'>ὧν</span> <span class='ocrx_word' id='word_1_210' title='bbox 373 2693 470 2750; x_wconf 75' lang='grc' dir='ltr'>οῦκ</span> <span class='ocrx_word' id='word_1_211' title='bbox 499 2692 642 2749; x_wconf 79' lang='grc' dir='ltr'>ἐστιν</span> <span class='ocrx_word' id='word_1_212' title='bbox 672 2691 923 2768; x_wconf 83' lang='grc' dir='ltr'>ἀριθμός.</span> <span class='ocrx_word' id='word_1_213' title='bbox 1013 2697 1025 2713; x_wconf 79' lang='grc'><strong><em>⁵</em></strong></span> 
     </span>
    </p>
   </div>
   <div class='ocr_carea' id='block_1_31' title="bbox 1990 533 3640 623">
    <p class='ocr_par' dir='ltr' id='par_1_31' title="bbox 1990 533 3640 623">
     <span class='ocr_line' id='line_1_31' title="bbox 1990 533 3640 623; baseline -0.008 -16"><span class='ocrx_word' id='word_1_214' title='bbox 1990 543 2173 623; x_wconf 82' lang='lat' dir='ltr'><strong>gradu</strong></span> <span class='ocrx_word' id='word_1_215' title='bbox 2230 541 2600 621; x_wconf 83' lang='lat' dir='ltr'><strong>retrogrado,</strong></span> <span class='ocrx_word' id='word_1_216' title='bbox 2631 538 2765 602; x_wconf 90' lang='lat' dir='ltr'><strong>aliis</strong></span> <span class='ocrx_word' id='word_1_217' title='bbox 2802 537 2946 600; x_wconf 93' lang='lat' dir='ltr'><strong>item</strong></span> <span class='ocrx_word' id='word_1_218' title='bbox 2979 535 3189 597; x_wconf 72' lang='lat' dir='ltr'><strong>derem</strong></span> <span class='ocrx_word' id='word_1_219' title='bbox 3222 533 3385 597; x_wconf 89' lang='lat' dir='ltr'><strong>horis</strong></span> <span class='ocrx_word' id='word_1_220' title='bbox 3427 550 3640 623; x_wconf 81' lang='lat' dir='ltr'><strong>novam</strong></span> 
     </span>
    </p>
   </div>
   <div class='ocr_carea' id='block_1_32' title="bbox 1992 622 3655 715">
    <p class='ocr_par' dir='ltr' id='par_1_32' title="bbox 1992 622 3655 715">
     <span class='ocr_line' id='line_1_32' title="bbox 1992 622 3655 715; baseline -0.008 -18"><span class='ocrx_word' id='word_1_221' title='bbox 1992 622 2307 715; x_wconf 87' lang='lat' dir='ltr'><strong>quamdam</strong></span> <span class='ocrx_word' id='word_1_222' title='bbox 2341 637 2612 695; x_wconf 86' lang='lat' dir='ltr'><strong>semitam</strong></span> <span class='ocrx_word' id='word_1_223' title='bbox 2646 626 2939 699; x_wconf 87' lang='lat' dir='ltr'><strong>ineundo,</strong></span> <span class='ocrx_word' id='word_1_224' title='bbox 2971 623 3311 706; x_wconf 86' lang='lat' dir='ltr'><strong>reperierit;</strong></span> <span class='ocrx_word' id='word_1_225' title='bbox 3342 622 3503 715; x_wconf 89' lang='lat' dir='ltr'><strong>quod</strong></span> <span class='ocrx_word' id='word_1_226' title='bbox 3531 622 3655 685; x_wconf 83' lang='lat' dir='ltr'><strong>uti-‘</strong></span> 
     </span>
    </p>
   </div>
   <div class='ocr_carea' id='block_1_33' title="bbox 1992 714 3642 804">
    <p class='ocr_par' dir='ltr' id='par_1_33' title="bbox 1992 714 3642 804">
     <span class='ocr_line' id='line_1_33' title="bbox 1992 714 3642 804; baseline -0.007 -19"><span class='ocrx_word' id='word_1_227' title='bbox 1992 714 2112 800; x_wconf 85' lang='lat' dir='ltr'><strong>que</strong></span> <span class='ocrx_word' id='word_1_228' title='bbox 2168 721 2524 804; x_wconf 81' lang='lat' dir='ltr'><strong>Babylonios</strong></span> <span class='ocrx_word' id='word_1_229' title='bbox 2564 721 2708 801; x_wconf 88' lang='lat' dir='ltr'><strong>jure</strong></span> <span class='ocrx_word' id='word_1_230' title='bbox 2737 717 2949 780; x_wconf 88' lang='lat' dir='ltr'><strong>merito</strong></span> <span class='ocrx_word' id='word_1_231' title='bbox 2979 714 3404 794; x_wconf 79' lang='lat' dir='ltr'><strong>consternavit,</strong></span> <span class='ocrx_word' id='word_1_232' title='bbox 3452 722 3511 775; x_wconf 92' lang='lat' dir='ltr'><strong>et</strong></span> <span class='ocrx_word' id='word_1_233' title='bbox 3537 730 3642 774; x_wconf 89' lang='lat' dir='ltr'><strong>eos</strong></span> 
     </span>
    </p>
   </div>
   <div class='ocr_carea' id='block_1_34' title="bbox 1991 804 3642 893">
    <p class='ocr_par' dir='ltr' id='par_1_34' title="bbox 1991 804 3642 893">
     <span class='ocr_line' id='line_1_34' title="bbox 1991 804 3642 893; baseline -0.007 -19"><span class='ocrx_word' id='word_1_234' title='bbox 1991 812 2263 875; x_wconf 63' lang='lat' dir='ltr'><strong>Ezechiae</strong></span> <span class='ocrx_word' id='word_1_235' title='bbox 2291 822 2575 893; x_wconf 80' lang='lat' dir='ltr'><strong>tanquam</strong></span> <span class='ocrx_word' id='word_1_236' title='bbox 2604 809 2729 873; x_wconf 89' lang='lat' dir='ltr'><strong>Deo</strong></span> <span class='ocrx_word' id='word_1_237' title='bbox 2759 805 3009 889; x_wconf 82' lang='lat' dir='ltr'><strong>suppari</strong></span> <span class='ocrx_word' id='word_1_238' title='bbox 3041 804 3501 893; x_wconf 81' lang='lat' dir='ltr'><strong>similive,atque</strong></span> <span class='ocrx_word' id='word_1_239' title='bbox 3532 804 3642 893; x_wconf 88' lang='lat' dir='ltr'><strong>ho-</strong></span> 
     </span>
    </p>
   </div>
   <div class='ocr_carea' id='block_1_35' title="bbox 1995 890 3643 981">
    <p class='ocr_par' dir='ltr' id='par_1_35' title="bbox 1995 890 3643 981">
     <span class='ocr_line' id='line_1_35' title="bbox 1995 890 3643 981; baseline -0.007 -17"><span class='ocrx_word' id='word_1_240' title='bbox 1995 902 2255 964; x_wconf 87' lang='lat' dir='ltr'><strong>minibus</strong></span> <span class='ocrx_word' id='word_1_241' title='bbox 2287 890 2708 981; x_wconf 68' lang='lat' dir='ltr'><strong>praestantiori,</strong></span> <span class='ocrx_word' id='word_1_242' title='bbox 2745 898 2878 962; x_wconf 87' lang='lat' dir='ltr'><strong>sine</strong></span> <span class='ocrx_word' id='word_1_243' title='bbox 2911 914 3104 977; x_wconf 82' lang='lat' dir='ltr'><strong>pugna</strong></span> <span class='ocrx_word' id='word_1_244' title='bbox 3135 894 3385 973; x_wconf 78' lang='lat' dir='ltr'><strong>subegit.</strong></span> <span class='ocrx_word' id='word_1_245' title='bbox 3422 890 3643 957; x_wconf 85' lang='lat' dir='ltr'><strong>Omitto</strong></span> 
     </span>
    </p>
   </div>
   <div class='ocr_carea' id='block_1_36' title="bbox 1996 981 3649 1072">
    <p class='ocr_par' dir='ltr' id='par_1_36' title="bbox 1996 981 3649 1072">
     <span class='ocr_line' id='line_1_36' title="bbox 1996 981 3649 1072; baseline -0.007 -18"><span class='ocrx_word' id='word_1_246' title='bbox 1996 1010 2128 1072; x_wconf 69' lang='lat' dir='ltr'><strong>qum</strong></span> <span class='ocrx_word' id='word_1_247' title='bbox 2160 994 2219 1054; x_wconf 92' lang='lat' dir='ltr'><strong>in</strong></span> <span class='ocrx_word' id='word_1_248' title='bbox 2250 990 2501 1071; x_wconf 59' lang='lat' dir='ltr'><strong>[Egypto</strong></span> <span class='ocrx_word' id='word_1_249' title='bbox 2553 989 2867 1069; x_wconf 83' lang='lat' dir='ltr'><strong>magniﬁce</strong></span> <span class='ocrx_word' id='word_1_250' title='bbox 2918 993 3083 1064; x_wconf 84' lang='lat' dir='ltr'><strong>gesta</strong></span> <span class='ocrx_word' id='word_1_251' title='bbox 3114 991 3271 1059; x_wconf 84' lang='lat' dir='ltr'><strong>sunt,</strong></span> <span class='ocrx_word' id='word_1_252' title='bbox 3312 993 3489 1064; x_wconf 89' lang='lat' dir='ltr'><strong>atque</strong></span> <span class='ocrx_word' id='word_1_253' title='bbox 3534 981 3649 1043; x_wconf 90' lang='lat' dir='ltr'><strong>alia</strong></span> 
     </span>
    </p>
   </div>
   <div class='ocr_carea' id='block_1_37' title="bbox 1995 1075 3641 1162">
    <p class='ocr_par' dir='ltr' id='par_1_37' title="bbox 1995 1075 3641 1162">
     <span class='ocr_line' id='line_1_37' title="bbox 1995 1075 3641 1162; baseline -0.005 -19"><span class='ocrx_word' id='word_1_254' title='bbox 1995 1080 2266 1162; x_wconf 73' lang='lat' dir='ltr'><strong>quaedam</strong></span> <span class='ocrx_word' id='word_1_255' title='bbox 2298 1081 2489 1160; x_wconf 84' lang='lat' dir='ltr'><strong>signa,</strong></span> <span class='ocrx_word' id='word_1_256' title='bbox 2519 1097 2650 1162; x_wconf 65' lang='lat' dir='ltr'><strong>quae</strong></span> <span class='ocrx_word' id='word_1_257' title='bbox 2679 1078 2820 1141; x_wconf 84' lang='lat' dir='ltr'><strong>alibi</strong></span> <span class='ocrx_word' id='word_1_258' title='bbox 2856 1075 3142 1137; x_wconf 88' lang='lat' dir='ltr'><strong>divinitus</strong></span> <span class='ocrx_word' id='word_1_259' title='bbox 3202 1082 3428 1155; x_wconf 88' lang='lat' dir='ltr'><strong>patrata</strong></span> <span class='ocrx_word' id='word_1_260' title='bbox 3452 1082 3596 1135; x_wconf 90' lang='lat' dir='ltr'><strong>sunt</strong></span> <span class='ocrx_word' id='word_1_261' title='bbox 3623 1090 3641 1146; x_wconf 85' lang='lat'><strong>;</strong></span> 
     </span>
    </p>
   </div>
   <div class='ocr_carea' id='block_1_38' title="bbox 1994 1163 3638 1250">
    <p class='ocr_par' dir='ltr' id='par_1_38' title="bbox 1994 1163 3638 1250">
     <span class='ocr_line' id='line_1_38' title="bbox 1994 1163 3638 1250; baseline -0.005 -16"><span class='ocrx_word' id='word_1_262' title='bbox 1994 1173 2119 1234; x_wconf 65' lang='lat' dir='ltr'><strong>haec</strong></span> <span class='ocrx_word' id='word_1_263' title='bbox 2150 1178 2380 1234; x_wconf 87' lang='lat' dir='ltr'><strong>tantum</strong></span> <span class='ocrx_word' id='word_1_264' title='bbox 2415 1189 2680 1234; x_wconf 89' lang='lat' dir='ltr'><strong>memoro</strong></span> <span class='ocrx_word' id='word_1_265' title='bbox 2710 1187 2846 1250; x_wconf 63' lang='lat' dir='ltr'><strong>quae</strong></span> <span class='ocrx_word' id='word_1_266' title='bbox 2875 1174 3011 1230; x_wconf 90' lang='lat' dir='ltr'><strong>sunt</strong></span> <span class='ocrx_word' id='word_1_267' title='bbox 3038 1166 3209 1227; x_wconf 85' lang='lat' dir='ltr'><strong>obvia</strong></span> <span class='ocrx_word' id='word_1_268' title='bbox 3231 1163 3638 1242; x_wconf 75' lang='lat' dir='ltr'><strong>cmlestiaque,</strong></span> 
     </span>
    </p>
   </div>
   <div class='ocr_carea' id='block_1_39' title="bbox 1995 1253 3640 1342">
    <p class='ocr_par' dir='ltr' id='par_1_39' title="bbox 1995 1253 3640 1342">
     <span class='ocr_line' id='line_1_39' title="bbox 1995 1253 3640 1342; baseline -0.007 -19"><span class='ocrx_word' id='word_1_269' title='bbox 1995 1269 2054 1323; x_wconf 92' lang='lat' dir='ltr'><strong>et</strong></span> <span class='ocrx_word' id='word_1_270' title='bbox 2076 1277 2184 1342; x_wconf 89' lang='lat' dir='ltr'><strong>per</strong></span> <span class='ocrx_word' id='word_1_271' title='bbox 2241 1261 2580 1323; x_wconf 86' lang='lat' dir='ltr'><strong>universum</strong></span> <span class='ocrx_word' id='word_1_272' title='bbox 2636 1259 2845 1322; x_wconf 85' lang='lat' dir='ltr'><strong>orbem</strong></span> <span class='ocrx_word' id='word_1_273' title='bbox 2890 1256 2965 1318; x_wconf 93' lang='lat' dir='ltr'><strong>ab</strong></span> <span class='ocrx_word' id='word_1_274' title='bbox 2994 1253 3273 1317; x_wconf 89' lang='lat' dir='ltr'><strong>omnibus</strong></span> <span class='ocrx_word' id='word_1_275' title='bbox 3316 1253 3640 1316; x_wconf 65' lang='lat' dir='ltr'><strong>celebrata.</strong></span> 
     </span>
    </p>
   </div>
   <div class='ocr_carea' id='block_1_40' title="bbox 1997 1343 3645 1433">
    <p class='ocr_par' dir='ltr' id='par_1_40' title="bbox 1997 1343 3645 1433">
     <span class='ocr_line' id='line_1_40' title="bbox 1997 1343 3645 1433; baseline -0.007 -18"><span class='ocrx_word' id='word_1_276' title='bbox 1997 1352 2117 1416; x_wconf 85' lang='lat' dir='ltr'><strong>Sed</strong></span> <span class='ocrx_word' id='word_1_277' title='bbox 2151 1351 2396 1413; x_wconf 89' lang='lat' dir='ltr'><strong>omnino</strong></span> <span class='ocrx_word' id='word_1_278' title='bbox 2428 1350 2586 1413; x_wconf 88' lang='lat' dir='ltr'><strong>dicet</strong></span> <span class='ocrx_word' id='word_1_279' title='bbox 2615 1346 3206 1433; x_wconf 81' lang='lat' dir='ltr'><strong>Apollophanes,ista</strong></span> <span class='ocrx_word' id='word_1_280' title='bbox 3231 1343 3478 1407; x_wconf 89' lang='lat' dir='ltr'><strong>minime</strong></span> <span class='ocrx_word' id='word_1_281' title='bbox 3504 1361 3645 1405; x_wconf 87' lang='lat' dir='ltr'><strong>vera</strong></span> 
     </span>
    </p>
   </div>
   <div class='ocr_carea' id='block_1_41' title="bbox 1998 1433 3641 1519">
    <p class='ocr_par' dir='ltr' id='par_1_41' title="bbox 1998 1433 3641 1519">
     <span class='ocr_line' id='line_1_41' title="bbox 1998 1433 3641 1519; baseline -0.006 -15"><span class='ocrx_word' id='word_1_282' title='bbox 1998 1461 2132 1504; x_wconf 91' lang='lat' dir='ltr'><strong>esse</strong></span> <span class='ocrx_word' id='word_1_283' title='bbox 2167 1463 2183 1519; x_wconf 87' lang='lat'><strong>;</strong></span> <span class='ocrx_word' id='word_1_284' title='bbox 2216 1450 2476 1504; x_wconf 81' lang='lat' dir='ltr'><strong>attamen</strong></span> <span class='ocrx_word' id='word_1_285' title='bbox 2505 1440 2566 1502; x_wconf 88' lang='lat' dir='ltr'><strong>id</strong></span> <span class='ocrx_word' id='word_1_286' title='bbox 2599 1439 2690 1502; x_wconf 86' lang='lat' dir='ltr'><strong>vel</strong></span> <span class='ocrx_word' id='word_1_287' title='bbox 2735 1436 2993 1500; x_wconf 80' lang='lat' dir='ltr'><strong>maxime</strong></span> <span class='ocrx_word' id='word_1_288' title='bbox 3043 1433 3185 1497; x_wconf 73' lang='lat'><strong>595</strong></span> <span class='ocrx_word' id='word_1_289' title='bbox 3209 1435 3393 1497; x_wconf 87' lang='lat' dir='ltr'><strong>sacris</strong></span> <span class='ocrx_word' id='word_1_290' title='bbox 3422 1436 3641 1497; x_wconf 87' lang='lat' dir='ltr'><strong>Persa-</strong></span> 
     </span>
    </p>
   </div>
   <div class='ocr_carea' id='block_1_42' title="bbox 1999 1525 3646 1607">
    <p class='ocr_par' dir='ltr' id='par_1_42' title="bbox 1999 1525 3646 1607">
     <span class='ocr_line' id='line_1_42' title="bbox 1999 1525 3646 1607; baseline -0.005 -13"><span class='ocrx_word' id='word_1_291' title='bbox 1999 1551 2129 1595; x_wconf 92' lang='lat' dir='ltr'><strong>rum</strong></span> <span class='ocrx_word' id='word_1_292' title='bbox 2186 1530 2593 1595; x_wconf 88' lang='lat' dir='ltr'><strong>monumentis</strong></span> <span class='ocrx_word' id='word_1_293' title='bbox 2641 1529 2997 1607; x_wconf 85' lang='lat' dir='ltr'><strong>celebratur,</strong></span> <span class='ocrx_word' id='word_1_294' title='bbox 3058 1536 3239 1603; x_wconf 85' lang='lat' dir='ltr'><strong>atque</strong></span> <span class='ocrx_word' id='word_1_295' title='bbox 3324 1525 3646 1587; x_wconf 90' lang='lat' dir='ltr'><strong>etiamnum</strong></span> 
     </span>
    </p>
   </div>
   <div class='ocr_carea' id='block_1_43' title="bbox 2003 1615 3645 1703">
    <p class='ocr_par' dir='ltr' id='par_1_43' title="bbox 2003 1615 3645 1703">
     <span class='ocr_line' id='line_1_43' title="bbox 2003 1615 3645 1703; baseline -0.003 -21"><span class='ocrx_word' id='word_1_296' title='bbox 2003 1623 2157 1702; x_wconf 79' lang='lat' dir='ltr'><strong>magi</strong></span> <span class='ocrx_word' id='word_1_297' title='bbox 2177 1623 2429 1703; x_wconf 81' lang='lat' dir='ltr'><strong>triplicis</strong></span> <span class='ocrx_word' id='word_1_298' title='bbox 2444 1621 2789 1697; x_wconf 83' lang='lat' dir='ltr'><strong>Mithri,sive</strong></span> <span class='ocrx_word' id='word_1_299' title='bbox 2806 1619 3324 1697; x_wconf 87' lang='lat' dir='ltr'><strong>solis,memoriam</strong></span> <span class='ocrx_word' id='word_1_300' title='bbox 3349 1615 3645 1677; x_wconf 81' lang='lat' dir='ltr'><strong>recolunt.</strong></span> 
     </span>
    </p>
   </div>
   <div class='ocr_carea' id='block_1_44' title="bbox 1942 1705 3649 1792">
    <p class='ocr_par' dir='ltr' id='par_1_44' title="bbox 1942 1705 3649 1792">
     <span class='ocr_line' id='line_1_44' title="bbox 1942 1705 3649 1792; baseline -0.004 -19"><span class='ocrx_word' id='word_1_301' title='bbox 1942 1739 1979 1789; x_wconf 72' lang='grc' dir='ltr'><strong><em>Β</em></strong></span> <span class='ocrx_word' id='word_1_302' title='bbox 2001 1713 2220 1774; x_wconf 90' lang='lat' dir='ltr'><strong>Verum</strong></span> <span class='ocrx_word' id='word_1_303' title='bbox 2269 1713 2357 1774; x_wconf 88' lang='lat' dir='ltr'><strong>illi</strong></span> <span class='ocrx_word' id='word_1_304' title='bbox 2389 1713 2568 1776; x_wconf 88' lang='lat' dir='ltr'><strong>liceat</strong></span> <span class='ocrx_word' id='word_1_305' title='bbox 2617 1712 2741 1773; x_wconf 88' lang='lat' dir='ltr'><strong>sive</strong></span> <span class='ocrx_word' id='word_1_306' title='bbox 2771 1728 2879 1792; x_wconf 91' lang='lat' dir='ltr'><strong>per</strong></span> <span class='ocrx_word' id='word_1_307' title='bbox 2936 1707 3352 1787; x_wconf 82' lang='lat' dir='ltr'><strong>ignorantiam,</strong></span> <span class='ocrx_word' id='word_1_308' title='bbox 3387 1705 3511 1766; x_wconf 85' lang='lat' dir='ltr'><strong>sive</strong></span> <span class='ocrx_word' id='word_1_309' title='bbox 3542 1723 3649 1785; x_wconf 89' lang='lat' dir='ltr'><strong>per</strong></span> 
     </span>
    </p>
   </div>
   <div class='ocr_carea' id='block_1_45' title="bbox 2003 1794 3642 1882">
    <p class='ocr_par' dir='ltr' id='par_1_45' title="bbox 2003 1794 3642 1882">
     <span class='ocr_line' id='line_1_45' title="bbox 2003 1794 3642 1882; baseline -0.004 -18"><span class='ocrx_word' id='word_1_310' title='bbox 2003 1803 2325 1876; x_wconf 87' lang='lat' dir='ltr'><strong>inscitiam,</strong></span> <span class='ocrx_word' id='word_1_311' title='bbox 2374 1803 2501 1865; x_wconf 90' lang='lat' dir='ltr'><strong>istis</strong></span> <span class='ocrx_word' id='word_1_312' title='bbox 2529 1802 2706 1864; x_wconf 81' lang='lat' dir='ltr'><strong>fidem</strong></span> <span class='ocrx_word' id='word_1_313' title='bbox 2734 1801 3056 1882; x_wconf 80' lang='lat' dir='ltr'><strong>derogare;</strong></span> <span class='ocrx_word' id='word_1_314' title='bbox 3082 1797 3185 1860; x_wconf 89' lang='lat' dir='ltr'><strong>sed</strong></span> <span class='ocrx_word' id='word_1_315' title='bbox 3221 1796 3317 1860; x_wconf 90' lang='lat' dir='ltr'><strong>dic</strong></span> <span class='ocrx_word' id='word_1_316' title='bbox 3342 1794 3450 1858; x_wconf 85' lang='lat' dir='ltr'><strong>illi:</strong></span> <span class='ocrx_word' id='word_1_317' title='bbox 3486 1795 3642 1869; x_wconf 83' lang='lat' dir='ltr'><strong>Quid</strong></span> 
     </span>
    </p>
   </div>
   <div class='ocr_carea' id='block_1_46' title="bbox 2001 1886 3649 1971">
    <p class='ocr_par' dir='ltr' id='par_1_46' title="bbox 2001 1886 3649 1971">
     <span class='ocr_line' id='line_1_46' title="bbox 2001 1886 3649 1971; baseline -0.002 -18"><span class='ocrx_word' id='word_1_318' title='bbox 2001 1892 2189 1953; x_wconf 91' lang='lat' dir='ltr'><strong>sentis</strong></span> <span class='ocrx_word' id='word_1_319' title='bbox 2219 1894 2294 1955; x_wconf 90' lang='lat' dir='ltr'><strong>de</strong></span> <span class='ocrx_word' id='word_1_320' title='bbox 2325 1892 2427 1954; x_wconf 90' lang='lat' dir='ltr'><strong>illa</strong></span> <span class='ocrx_word' id='word_1_321' title='bbox 2459 1892 2603 1954; x_wconf 80' lang='lat' dir='ltr'><strong>solis</strong></span> <span class='ocrx_word' id='word_1_322' title='bbox 2621 1893 2982 1965; x_wconf 83' lang='lat' dir='ltr'><strong>defectione,</strong></span> <span class='ocrx_word' id='word_1_323' title='bbox 3004 1908 3135 1971; x_wconf 63' lang='lat' dir='ltr'><strong>quae</strong></span> <span class='ocrx_word' id='word_1_324' title='bbox 3156 1886 3366 1949; x_wconf 81' lang='lat' dir='ltr'><strong>accidit</strong></span> <span class='ocrx_word' id='word_1_325' title='bbox 3387 1887 3445 1948; x_wconf 90' lang='lat' dir='ltr'><strong>in</strong></span> <span class='ocrx_word' id='word_1_326' title='bbox 3470 1904 3649 1949; x_wconf 89' lang='lat' dir='ltr'><strong>cruce</strong></span> 
     </span>
    </p>
   </div>
   <div class='ocr_carea' id='block_1_47' title="bbox 2001 1977 3644 2063">
    <p class='ocr_par' dir='ltr' id='par_1_47' title="bbox 2001 1977 3644 2063">
     <span class='ocr_line' id='line_1_47' title="bbox 2001 1977 3644 2063; baseline -0.003 -19"><span class='ocrx_word' id='word_1_327' title='bbox 2001 1982 2243 2045; x_wconf 88' lang='lat' dir='ltr'><strong>salutari</strong></span> <span class='ocrx_word' id='word_1_328' title='bbox 2273 1988 2301 2045; x_wconf 87' lang='lat'><strong>?</strong></span> <span class='ocrx_word' id='word_1_329' title='bbox 2322 1981 2490 2043; x_wconf 81' lang='lat' dir='ltr'><strong>Tunc</strong></span> <span class='ocrx_word' id='word_1_330' title='bbox 2521 1983 2681 2045; x_wconf 91' lang='lat' dir='ltr'><strong>enim</strong></span> <span class='ocrx_word' id='word_1_331' title='bbox 2704 1983 2880 2046; x_wconf 90' lang='lat' dir='ltr'><strong>ambo</strong></span> <span class='ocrx_word' id='word_1_332' title='bbox 2897 1977 3448 2063; x_wconf 59' lang='lat' dir='ltr'><strong>juxtal-Ieltopolim</strong></span> <span class='ocrx_word' id='word_1_333' title='bbox 3477 1995 3644 2063; x_wconf 64' lang='lat' dir='ltr'><strong>pra:-</strong></span> 
     </span>
    </p>
   </div>
   <div class='ocr_carea' id='block_1_48' title="bbox 2001 2059 3645 2132">
    <p class='ocr_par' dir='ltr' id='par_1_48' title="bbox 2001 2059 3645 2132">
     <span class='ocr_line' id='line_1_48' title="bbox 2001 2059 3645 2132; baseline -0.001 -8"><span class='ocrx_word' id='word_1_334' title='bbox 2001 2072 2203 2124; x_wconf 87' lang='lat' dir='ltr'><strong>sentes</strong></span> <span class='ocrx_word' id='word_1_335' title='bbox 2232 2064 2411 2124; x_wconf 82' lang='lat' dir='ltr'><strong>simul</strong></span> <span class='ocrx_word' id='word_1_336' title='bbox 2437 2071 2496 2123; x_wconf 92' lang='lat' dir='ltr'><strong>et</strong></span> <span class='ocrx_word' id='word_1_337' title='bbox 2543 2072 2824 2132; x_wconf 85' lang='lat' dir='ltr'><strong>astantes.</strong></span> <span class='ocrx_word' id='word_1_338' title='bbox 2862 2059 3118 2126; x_wconf 82' lang='lat' dir='ltr'><strong>mirabili</strong></span> <span class='ocrx_word' id='word_1_339' title='bbox 3148 2061 3378 2123; x_wconf 86' lang='lat' dir='ltr'><strong>ratione</strong></span> <span class='ocrx_word' id='word_1_340' title='bbox 3406 2060 3515 2122; x_wconf 89' lang='lat' dir='ltr'><strong>soli</strong></span> <span class='ocrx_word' id='word_1_341' title='bbox 3548 2062 3645 2123; x_wconf 90' lang='lat' dir='ltr'><strong>lu-</strong></span> 
     </span>
    </p>
   </div>
   <div class='ocr_carea' id='block_1_49' title="bbox 2000 2150 3648 2232">
    <p class='ocr_par' dir='ltr' id='par_1_49' title="bbox 2000 2150 3648 2232">
     <span class='ocr_line' id='line_1_49' title="bbox 2000 2150 3648 2232; baseline -0.002 -19"><span class='ocrx_word' id='word_1_342' title='bbox 2000 2170 2134 2213; x_wconf 91' lang='lat' dir='ltr'><strong>nam</strong></span> <span class='ocrx_word' id='word_1_343' title='bbox 2162 2150 2506 2213; x_wconf 89' lang='lat' dir='ltr'><strong>coincidere</strong></span> <span class='ocrx_word' id='word_1_344' title='bbox 2535 2152 2960 2229; x_wconf 89' lang='lat' dir='ltr'><strong>cernebamus(</strong></span> <span class='ocrx_word' id='word_1_345' title='bbox 2969 2169 3161 2232; x_wconf 90' lang='lat' dir='ltr'><strong>neque</strong></span> <span class='ocrx_word' id='word_1_346' title='bbox 3185 2162 3386 2213; x_wconf 90' lang='lat' dir='ltr'><strong>tamen</strong></span> <span class='ocrx_word' id='word_1_347' title='bbox 3413 2162 3648 2230; x_wconf 88' lang='lat' dir='ltr'><strong>tempus</strong></span> 
     </span>
    </p>
   </div>
   <div class='ocr_carea' id='block_1_50' title="bbox 1999 2240 3644 2324">
    <p class='ocr_par' dir='ltr' id='par_1_50' title="bbox 1999 2240 3644 2324">
     <span class='ocr_line' id='line_1_50' title="bbox 1999 2240 3644 2324; baseline -0.002 -21"><span class='ocrx_word' id='word_1_348' title='bbox 1999 2241 2439 2321; x_wconf 87' lang='lat' dir='ltr'><strong>conjunctionis</strong></span> <span class='ocrx_word' id='word_1_349' title='bbox 2470 2242 2645 2323; x_wconf 81' lang='lat' dir='ltr'><strong>crat),</strong></span> <span class='ocrx_word' id='word_1_350' title='bbox 2675 2243 2985 2324; x_wconf 83' lang='lat' dir='ltr'><strong>ipsamque</strong></span> <span class='ocrx_word' id='word_1_351' title='bbox 3026 2259 3255 2315; x_wconf 86' lang='lat' dir='ltr'><strong>rursus,</strong></span> <span class='ocrx_word' id='word_1_352' title='bbox 3292 2241 3402 2302; x_wconf 91' lang='lat' dir='ltr'><strong>sub</strong></span> <span class='ocrx_word' id='word_1_353' title='bbox 3437 2240 3644 2301; x_wconf 85' lang='lat' dir='ltr'><strong>horam</strong></span> 
     </span>
    </p>
   </div>
   <div class='ocr_carea' id='block_1_51' title="bbox 2000 2332 3647 2413">
    <p class='ocr_par' dir='ltr' id='par_1_51' title="bbox 2000 2332 3647 2413">
     <span class='ocr_line' id='line_1_51' title="bbox 2000 2332 3647 2413; baseline -0.003 -20"><span class='ocrx_word' id='word_1_354' title='bbox 2000 2350 2216 2393; x_wconf 89' lang='lat' dir='ltr'><strong>nonam</strong></span> <span class='ocrx_word' id='word_1_355' title='bbox 2249 2334 2962 2413; x_wconf 84' lang='lat' dir='ltr'><strong>vespertinam,diametro</strong></span> <span class='ocrx_word' id='word_1_356' title='bbox 2991 2334 3104 2396; x_wconf 92' lang='lat' dir='ltr'><strong>soli</strong></span> <span class='ocrx_word' id='word_1_357' title='bbox 3138 2332 3409 2412; x_wconf 85' lang='lat' dir='ltr'><strong>opposito</strong></span> <span class='ocrx_word' id='word_1_358' title='bbox 3439 2346 3647 2409; x_wconf 90' lang='lat' dir='ltr'><strong>super-</strong></span> 
     </span>
    </p>
   </div>
   <div class='ocr_carea' id='block_1_52' title="bbox 2002 2417 3647 2495">
    <p class='ocr_par' dir='ltr' id='par_1_52' title="bbox 2002 2417 3647 2495">
     <span class='ocr_line' id='line_1_52' title="bbox 2002 2417 3647 2495; baseline -0.003 -13"><span class='ocrx_word' id='word_1_359' title='bbox 2002 2421 2348 2485; x_wconf 84' lang='lat' dir='ltr'><strong>naturaliter</strong></span> <span class='ocrx_word' id='word_1_360' title='bbox 2377 2423 2634 2486; x_wconf 85' lang='lat' dir='ltr'><strong>restitui.</strong></span> <span class='ocrx_word' id='word_1_361' title='bbox 2669 2422 2820 2495; x_wconf 89' lang='lat' dir='ltr'><strong>Quin</strong></span> <span class='ocrx_word' id='word_1_362' title='bbox 2854 2424 3030 2484; x_wconf 88' lang='lat' dir='ltr'><strong>etiam</strong></span> <span class='ocrx_word' id='word_1_363' title='bbox 3063 2423 3125 2485; x_wconf 93' lang='lat' dir='ltr'><strong>in</strong></span> <span class='ocrx_word' id='word_1_364' title='bbox 3172 2422 3524 2484; x_wconf 88' lang='lat' dir='ltr'><strong>memoriam</strong></span> <span class='ocrx_word' id='word_1_365' title='bbox 3561 2417 3647 2479; x_wconf 89' lang='lat' dir='ltr'><strong>illi</strong></span> 
     </span>
    </p>
   </div>
   <div class='ocr_carea' id='block_1_53' title="bbox 1998 2509 3645 2594">
    <p class='ocr_par' dir='ltr' id='par_1_53' title="bbox 1998 2509 3645 2594">
     <span class='ocr_line' id='line_1_53' title="bbox 1998 2509 3645 2594; baseline -0.002 -22"><span class='ocrx_word' id='word_1_366' title='bbox 1998 2530 2221 2574; x_wconf 88' lang='lat' dir='ltr'><strong>revoca</strong></span> <span class='ocrx_word' id='word_1_367' title='bbox 2251 2512 2534 2592; x_wconf 82' lang='lat' dir='ltr'><strong>quiddam</strong></span> <span class='ocrx_word' id='word_1_368' title='bbox 2569 2512 2728 2575; x_wconf 87' lang='lat' dir='ltr'><strong>aliud</strong></span> <span class='ocrx_word' id='word_1_369' title='bbox 2764 2534 2780 2584; x_wconf 91' lang='lat'><strong>;</strong></span> <span class='ocrx_word' id='word_1_370' title='bbox 2807 2515 2921 2574; x_wconf 87' lang='lat' dir='ltr'><strong>scit</strong></span> <span class='ocrx_word' id='word_1_371' title='bbox 2948 2509 3439 2594; x_wconf 82' lang='lat' dir='ltr'><strong>euim,quomodo</strong></span> <span class='ocrx_word' id='word_1_372' title='bbox 3472 2509 3645 2569; x_wconf 84' lang='lat' dir='ltr'><strong>vide-</strong></span> 
     </span>
    </p>
   </div>
   <div class='ocr_carea' id='block_1_54' title="bbox 1996 2597 3643 2681">
    <p class='ocr_par' dir='ltr' id='par_1_54' title="bbox 1996 2597 3643 2681">
     <span class='ocr_line' id='line_1_54' title="bbox 1996 2597 3643 2681; baseline -0.002 -18"><span class='ocrx_word' id='word_1_373' title='bbox 1996 2603 2183 2663; x_wconf 88' lang='lat' dir='ltr'><strong>rimus</strong></span> <span class='ocrx_word' id='word_1_374' title='bbox 2234 2601 2404 2664; x_wconf 91' lang='lat' dir='ltr'><strong>illum</strong></span> <span class='ocrx_word' id='word_1_375' title='bbox 2452 2601 2606 2664; x_wconf 69' lang='lat' dir='ltr'><strong>lunae</strong></span> <span class='ocrx_word' id='word_1_376' title='bbox 2656 2620 2972 2664; x_wconf 83' lang='lat' dir='ltr'><strong>occursum</strong></span> <span class='ocrx_word' id='word_1_377' title='bbox 3003 2603 3076 2665; x_wconf 90' lang='lat' dir='ltr'><strong>ab</strong></span> <span class='ocrx_word' id='word_1_378' title='bbox 3109 2603 3338 2665; x_wconf 87' lang='lat' dir='ltr'><strong>oriente</strong></span> <span class='ocrx_word' id='word_1_379' title='bbox 3369 2597 3643 2681; x_wconf 67' lang='lat' dir='ltr'><strong>coepisse,</strong></span> 
     </span>
    </p>
   </div>
   <div class='ocr_carea' id='block_1_55' title="bbox 1997 2690 3642 2774">
    <p class='ocr_par' dir='ltr' id='par_1_55' title="bbox 1997 2690 3642 2774">
     <span class='ocr_line' id='line_1_55' title="bbox 1997 2690 3642 2774; baseline -0.003 -21"><span class='ocrx_word' id='word_1_380' title='bbox 1997 2700 2056 2753; x_wconf 91' lang='lat' dir='ltr'><strong>et</strong></span> <span class='ocrx_word' id='word_1_381' title='bbox 2082 2709 2267 2771; x_wconf 91' lang='lat' dir='ltr'><strong>usque</strong></span> <span class='ocrx_word' id='word_1_382' title='bbox 2296 2690 2368 2752; x_wconf 89' lang='lat' dir='ltr'><strong>ad</strong></span> <span class='ocrx_word' id='word_1_383' title='bbox 2414 2691 2556 2753; x_wconf 91' lang='lat' dir='ltr'><strong>solis</strong></span> <span class='ocrx_word' id='word_1_384' title='bbox 2579 2693 3012 2755; x_wconf 79' lang='lat' dir='ltr'><strong>extremitatem</strong></span> <span class='ocrx_word' id='word_1_385' title='bbox 3037 2692 3485 2774; x_wconf 85' lang='lat' dir='ltr'><strong>pervenisse,ac</strong></span> <span class='ocrx_word' id='word_1_386' title='bbox 3520 2698 3642 2751; x_wconf 91' lang='lat' dir='ltr'><strong>tum</strong></span> 
     </span>
    </p>
   </div>
   <div class='ocr_carea' id='block_1_56' title="bbox 269 2779 3645 2863">
    <p class='ocr_par' dir='ltr' id='par_1_56' title="bbox 269 2779 3645 2863">
     <span class='ocr_line' id='line_1_56' title="bbox 269 2779 3645 2863; baseline -0.001 -21"><span class='ocrx_word' id='word_1_387' title='bbox 269 2781 512 2842; x_wconf 89' lang='lat' dir='ltr'><strong>demum</strong></span> <span class='ocrx_word' id='word_1_388' title='bbox 544 2779 853 2858; x_wconf 88' lang='lat' dir='ltr'><strong>resiliisse,</strong></span> <span class='ocrx_word' id='word_1_389' title='bbox 887 2790 947 2844; x_wconf 92' lang='lat' dir='ltr'><strong>et</strong></span> <span class='ocrx_word' id='word_1_390' title='bbox 977 2799 1238 2863; x_wconf 85' lang='lat' dir='ltr'><strong>rursum,</strong></span> <span class='ocrx_word' id='word_1_391' title='bbox 1275 2799 1392 2842; x_wconf 93' lang='lat' dir='ltr'><strong>non</strong></span> <span class='ocrx_word' id='word_1_392' title='bbox 1423 2798 1492 2843; x_wconf 83' lang='lat' dir='ltr'><strong>ex</strong></span> <span class='ocrx_word' id='word_1_393' title='bbox 1526 2780 1736 2843; x_wconf 89' lang='lat' dir='ltr'><strong>eadem</strong></span> <span class='ocrx_word' id='word_1_394' title='bbox 1777 2788 1942 2861; x_wconf 83' lang='lat' dir='ltr'><strong>parte</strong></span> <span class='ocrx_word' id='word_1_395' title='bbox 1981 2797 2293 2845; x_wconf 90' lang='lat' dir='ltr'><strong>occursum</strong></span> <span class='ocrx_word' id='word_1_396' title='bbox 2326 2780 2492 2842; x_wconf 89' lang='lat' dir='ltr'><strong>illum</strong></span> <span class='ocrx_word' id='word_1_397' title='bbox 2527 2792 2587 2843; x_wconf 88' lang='lat' dir='ltr'><strong>et</strong></span> <span class='ocrx_word' id='word_1_398' title='bbox 2617 2800 2923 2845; x_wconf 86' lang='lat' dir='ltr'><strong>recessum</strong></span> <span class='ocrx_word' id='word_1_399' title='bbox 2952 2783 3273 2854; x_wconf 81' lang='lat' dir='ltr'><strong>exstitisse,</strong></span> <span class='ocrx_word' id='word_1_400' title='bbox 3307 2782 3410 2843; x_wconf 86' lang='lat' dir='ltr'><strong>sed</strong></span> <span class='ocrx_word' id='word_1_401' title='bbox 3443 2799 3513 2842; x_wconf 87' lang='lat' dir='ltr'><strong>ex</strong></span> <span class='ocrx_word' id='word_1_402' title='bbox 3544 2779 3645 2841; x_wconf 83' lang='lat' dir='ltr'><strong>ad-</strong></span> 
     </span>
    </p>
   </div>
   <div class='ocr_carea' id='block_1_57' title="bbox 269 2869 3648 2952">
    <p class='ocr_par' dir='ltr' id='par_1_57' title="bbox 269 2869 3648 2952">
     <span class='ocr_line' id='line_1_57' title="bbox 269 2869 3648 2952; baseline -0.001 -20"><span class='ocrx_word' id='word_1_403' title='bbox 269 2888 436 2933; x_wconf 85' lang='lat' dir='ltr'><strong>verso</strong></span> <span class='ocrx_word' id='word_1_404' title='bbox 467 2869 769 2934; x_wconf 84' lang='lat' dir='ltr'><strong>diametri.</strong></span> <span class='ocrx_word' id='word_1_405' title='bbox 804 2872 929 2934; x_wconf 84' lang='lat' dir='ltr'><strong>Ista</strong></span> <span class='ocrx_word' id='word_1_406' title='bbox 952 2885 1117 2952; x_wconf 87' lang='lat' dir='ltr'><strong>sunt,</strong></span> <span class='ocrx_word' id='word_1_407' title='bbox 1150 2890 1282 2952; x_wconf 67' lang='lat' dir='ltr'><strong>qua:</strong></span> <span class='ocrx_word' id='word_1_408' title='bbox 1313 2879 1456 2933; x_wconf 92' lang='lat' dir='ltr'><strong>tunc</strong></span> <span class='ocrx_word' id='word_1_409' title='bbox 1486 2889 1668 2952; x_wconf 90' lang='lat' dir='ltr'><strong>supra</strong></span> <span class='ocrx_word' id='word_1_410' title='bbox 1696 2879 1972 2935; x_wconf 88' lang='lat' dir='ltr'><strong>naturam</strong></span> <span class='ocrx_word' id='word_1_411' title='bbox 2005 2874 2248 2932; x_wconf 88' lang='lat' dir='ltr'><strong>omnino</strong></span> <span class='ocrx_word' id='word_1_412' title='bbox 2272 2870 2674 2951; x_wconf 78' lang='lat' dir='ltr'><strong>contigerunt,</strong></span> <span class='ocrx_word' id='word_1_413' title='bbox 2695 2886 2755 2934; x_wconf 91' lang='lat' dir='ltr'><strong>et</strong></span> <span class='ocrx_word' id='word_1_414' title='bbox 2777 2892 2810 2934; x_wconf 89' lang='lat' dir='ltr'><strong>a</strong></span> <span class='ocrx_word' id='word_1_415' title='bbox 2841 2873 2967 2934; x_wconf 89' lang='lat' dir='ltr'><strong>solo</strong></span> <span class='ocrx_word' id='word_1_416' title='bbox 2991 2891 3194 2934; x_wconf 90' lang='lat' dir='ltr'><strong>rerum</strong></span> <span class='ocrx_word' id='word_1_417' title='bbox 3218 2871 3483 2935; x_wconf 90' lang='lat' dir='ltr'><strong>omnium</strong></span> <span class='ocrx_word' id='word_1_418' title='bbox 3508 2888 3648 2932; x_wconf 89' lang='lat' dir='ltr'><strong>con-</strong></span> 
     </span>
    </p>
   </div>
   <div class='ocr_carea' id='block_1_58' title="bbox 267 2958 3055 3044">
    <p class='ocr_par' dir='ltr' id='par_1_58' title="bbox 267 2958 3055 3044">
     <span class='ocr_line' id='line_1_58' title="bbox 267 2958 3055 3044; baseline 0.001 -22"><span class='ocrx_word' id='word_1_419' title='bbox 267 2960 463 3023; x_wconf 88' lang='lat' dir='ltr'><strong>ditore</strong></span> <span class='ocrx_word' id='word_1_420' title='bbox 492 2960 725 3022; x_wconf 87' lang='lat' dir='ltr'><strong>Christo</strong></span> <span class='ocrx_word' id='word_1_421' title='bbox 757 2961 887 3022; x_wconf 83' lang='lat' dir='ltr'><strong>ﬁeri</strong></span> <span class='ocrx_word' id='word_1_422' title='bbox 919 2970 1188 3044; x_wconf 86' lang='lat' dir='ltr'><strong>possunt,</strong></span> <span class='ocrx_word' id='word_1_423' title='bbox 1220 2958 1323 3043; x_wconf 89' lang='lat' dir='ltr'><strong>qui</strong></span> <span class='ocrx_word' id='word_1_424' title='bbox 1351 2960 1494 3024; x_wconf 82' lang='lat' dir='ltr'><strong>facit</strong></span> <span class='ocrx_word' id='word_1_425' title='bbox 1525 2979 1737 3041; x_wconf 84' lang='lat' dir='ltr'><strong>magna</strong></span> <span class='ocrx_word' id='word_1_426' title='bbox 1768 2979 1836 3023; x_wconf 91' lang='lat' dir='ltr'><strong>ac</strong></span> <span class='ocrx_word' id='word_1_427' title='bbox 1867 2961 2161 3043; x_wconf 89' lang='lat' dir='ltr'><strong>stupenda</strong></span> <span class='ocrx_word' id='word_1_428' title='bbox 2189 2978 2439 3043; x_wconf 89' lang='lat' dir='ltr'><strong>quorum</strong></span> <span class='ocrx_word' id='word_1_429' title='bbox 2477 2979 2596 3022; x_wconf 89' lang='lat' dir='ltr'><strong>non</strong></span> <span class='ocrx_word' id='word_1_430' title='bbox 2626 2969 2717 3024; x_wconf 90' lang='lat' dir='ltr'><strong>est</strong></span> <span class='ocrx_word' id='word_1_431' title='bbox 2750 2981 3055 3025; x_wconf 87' lang='lat' dir='ltr'><strong>numerus.</strong></span> 
     </span>
    </p>
   </div>
   <div class='ocr_carea' id='block_1_59' title="bbox 1838 3091 2063 3202">
    <p class='ocr_par' dir='ltr' id='par_1_59' title="bbox 1838 3091 2063 3202">
     <span class='ocr_line' id='line_1_59' title="bbox 1838 3091 2063 3202; baseline 0.004 -17"><span class='ocrx_word' id='word_1_432' title='bbox 1838 3091 1894 3202; x_wconf 63' lang='grc' dir='ltr'><strong>’ρ</strong></span> <span class='ocrx_word' id='word_1_433' title='bbox 1950 3121 2063 3186; x_wconf 92' lang='lat' dir='ltr'><strong>III.</strong></span> 
     </span>
    </p>
   </div>
   <div class='ocr_carea' id='block_1_60' title="bbox 350 3275 1913 3368">
    <p class='ocr_par' dir='ltr' id='par_1_60' title="bbox 350 3275 1908 3366">
     <span class='ocr_line' id='line_1_60' title="bbox 350 3275 1908 3366; baseline -0.001 -25"><span class='ocrx_word' id='word_1_434' title='bbox 350 3288 548 3362; x_wconf 85' lang='grc' dir='ltr'>Ταῦτα,</span> <span class='ocrx_word' id='word_1_435' title='bbox 594 3281 648 3339; x_wconf 74' lang='grc' dir='ltr'>εἴ</span> <span class='ocrx_word' id='word_1_436' title='bbox 719 3305 804 3340; x_wconf 89' lang='grc' dir='ltr'><strong>σοι</strong></span> <span class='ocrx_word' id='word_1_437' title='bbox 859 3284 1095 3358; x_wconf 74' lang='grc' dir='ltr'>θεμιτὸν,</span> <span class='ocrx_word' id='word_1_438' title='bbox 1158 3286 1294 3366; x_wconf 76' lang='grc' dir='ltr'>εἰπὲ,</span> <span class='ocrx_word' id='word_1_439' title='bbox 1355 3288 1443 3342; x_wconf 79' lang='grc' dir='ltr'>καὶ</span> <span class='ocrx_word' id='word_1_440' title='bbox 1471 3335 1487 3366; x_wconf 92' lang='grc'><strong>,</strong></span> <span class='ocrx_word' id='word_1_441' title='bbox 1552 3288 1595 3343; x_wconf 79' lang='grc' dir='ltr'><strong>εί</strong></span> <span class='ocrx_word' id='word_1_442' title='bbox 1631 3275 1641 3285; x_wconf 60' lang='grc'><strong>’</strong></span> <span class='ocrx_word' id='word_1_443' title='bbox 1672 3285 1908 3359; x_wconf 82' lang='grc' dir='ltr'>δυνατὸν,</span> 
     </span>
    </p>
   </div>
   <div class='ocr_carea' id='block_1_61' title="bbox 1997 3275 3648 3368">
    <p class='ocr_par' dir='ltr' id='par_1_61' title="bbox 2077 3281 3648 3368">
     <span class='ocr_line' id='line_1_61' title="bbox 2077 3281 3648 3368; baseline 0.001 -24"><span class='ocrx_word' id='word_1_444' title='bbox 2077 3281 2240 3365; x_wconf 66' lang='lat' dir='ltr'><strong>Haec,</strong></span> <span class='ocrx_word' id='word_1_445' title='bbox 2294 3283 2345 3345; x_wconf 92' lang='lat' dir='ltr'><strong>si</strong></span> <span class='ocrx_word' id='word_1_446' title='bbox 2375 3283 2458 3345; x_wconf 88' lang='lat' dir='ltr'><strong>fas</strong></span> <span class='ocrx_word' id='word_1_447' title='bbox 2510 3292 2623 3363; x_wconf 89' lang='lat' dir='ltr'><strong>est,</strong></span> <span class='ocrx_word' id='word_1_448' title='bbox 2657 3283 2713 3345; x_wconf 90' lang='lat' dir='ltr'><strong>ei</strong></span> <span class='ocrx_word' id='word_1_449' title='bbox 2743 3284 2953 3366; x_wconf 88' lang='lat' dir='ltr'><strong>dicito,</strong></span> <span class='ocrx_word' id='word_1_450' title='bbox 3001 3293 3184 3368; x_wconf 87' lang='lat' dir='ltr'><strong>tuque</strong></span> <span class='ocrx_word' id='word_1_451' title='bbox 3206 3284 3648 3368; x_wconf 88' lang='lat' dir='ltr'><strong>Apoll0phaues</strong></span> 
     </span>
    </p>
   </div>
   <div class='ocr_carea' id='block_1_62' title="bbox 262 3370 1913 3453">
    <p class='ocr_par' dir='ltr' id='par_1_62' title="bbox 262 3370 1913 3453">
     <span class='ocr_line' id='line_1_62' title="bbox 262 3370 1913 3453; baseline 0.002 -24"><span class='ocrx_word' id='word_1_452' title='bbox 262 3370 687 3451; x_wconf 60' lang='grc' dir='ltr'>Ἀπολλόφανες,</span> <span class='ocrx_word' id='word_1_453' title='bbox 770 3372 1019 3453; x_wconf 79' lang='grc' dir='ltr'><strong>ἐξέλεγχε</strong></span> <span class='ocrx_word' id='word_1_454' title='bbox 1049 3372 1103 3415; x_wconf 69' lang='lat'><strong>‘5</strong></span> <span class='ocrx_word' id='word_1_455' title='bbox 1132 3376 1218 3431; x_wconf 80' lang='grc' dir='ltr'><strong>καὶ</strong></span> <span class='ocrx_word' id='word_1_456' title='bbox 1269 3377 1398 3450; x_wconf 80' lang='grc' dir='ltr'>πρὸς</span> <span class='ocrx_word' id='word_1_457' title='bbox 1477 3376 1574 3450; x_wconf 78' lang='grc' dir='ltr'><strong>ἐμὲ</strong></span> <span class='ocrx_word' id='word_1_458' title='bbox 1629 3378 1722 3433; x_wconf 83' lang='grc' dir='ltr'><strong>τὸν</strong></span> <span class='ocrx_word' id='word_1_459' title='bbox 1794 3376 1913 3432; x_wconf 88' lang='grc' dir='ltr'>τότε</span> 
     </span>
    </p>
   </div>
   <div class='ocr_carea' id='block_1_63' title="bbox 182 3462 1911 3544">
    <p class='ocr_par' dir='ltr' id='par_1_63' title="bbox 182 3462 1911 3544">
     <span class='ocr_line' id='line_1_63' title="bbox 182 3462 1911 3544; baseline 0.003 -28"><span class='ocrx_word' id='word_1_460' title='bbox 182 3517 192 3529; x_wconf 65' lang='grc'><strong>,</strong></span> <span class='ocrx_word' id='word_1_461' title='bbox 265 3462 355 3518; x_wconf 81' lang='grc' dir='ltr'>καὶ</span> <span class='ocrx_word' id='word_1_462' title='bbox 410 3462 751 3541; x_wconf 82' lang='grc' dir='ltr'>συμπαρόντα</span> <span class='ocrx_word' id='word_1_463' title='bbox 805 3487 910 3537; x_wconf 91' lang='grc' dir='ltr'>σοι,</span> <span class='ocrx_word' id='word_1_464' title='bbox 987 3465 1081 3520; x_wconf 79' lang='grc' dir='ltr'>καί</span> <span class='ocrx_word' id='word_1_465' title='bbox 1109 3466 1505 3544; x_wconf 84' lang='grc' dir='ltr'>συνεωρακὸτα,</span> <span class='ocrx_word' id='word_1_466' title='bbox 1564 3467 1651 3524; x_wconf 80' lang='grc' dir='ltr'><strong>καὶ</strong></span> <span class='ocrx_word' id='word_1_467' title='bbox 1683 3487 1911 3522; x_wconf 83' lang='grc' dir='ltr'>συνανα-</span> 
     </span>
    </p>
   </div>
   <div class='ocr_carea' id='block_1_64' title="bbox 267 3551 1913 3631">
    <p class='ocr_par' dir='ltr' id='par_1_64' title="bbox 267 3551 1913 3631">
     <span class='ocr_line' id='line_1_64' title="bbox 267 3551 1913 3631; baseline 0.003 -25"><span class='ocrx_word' id='word_1_468' title='bbox 267 3551 515 3629; x_wconf 68' lang='grc' dir='ltr'>ιρίναντα</span> <span class='ocrx_word' id='word_1_469' title='bbox 557 3552 753 3626; x_wconf 82' lang='grc' dir='ltr'>πάντα,</span> <span class='ocrx_word' id='word_1_470' title='bbox 784 3555 871 3609; x_wconf 78' lang='grc' dir='ltr'><strong>καὶ</strong></span> <span class='ocrx_word' id='word_1_471' title='bbox 929 3552 1314 3631; x_wconf 62' lang='grc' dir='ltr'>σαναγάμενον.</span> <span class='ocrx_word' id='word_1_472' title='bbox 1362 3552 1578 3628; x_wconf 71' lang='grc' dir='ltr'>Ἀμέλει</span> <span class='ocrx_word' id='word_1_473' title='bbox 1637 3555 1723 3610; x_wconf 81' lang='grc' dir='ltr'><strong>καὶ</strong></span> <span class='ocrx_word' id='word_1_474' title='bbox 1772 3577 1913 3628; x_wconf 89' lang='grc' dir='ltr'>μαν-</span> 
     </span>
    </p>
   </div>
   <div class='ocr_carea' id='block_1_65' title="bbox 267 3632 1912 3725">
    <p class='ocr_par' dir='ltr' id='par_1_65' title="bbox 267 3632 1912 3725">
     <span class='ocr_line' id='line_1_65' title="bbox 267 3632 1912 3725; baseline 0.001 -27"><span class='ocrx_word' id='word_1_475' title='bbox 267 3649 409 3706; x_wconf 77' lang='grc' dir='ltr'>τείας</span> <span class='ocrx_word' id='word_1_476' title='bbox 439 3644 583 3720; x_wconf 81' lang='grc' dir='ltr'>τότε,</span> <span class='ocrx_word' id='word_1_477' title='bbox 616 3642 709 3698; x_wconf 74' lang='grc' dir='ltr'><strong>οὐκ</strong></span> <span class='ocrx_word' id='word_1_478' title='bbox 739 3632 850 3698; x_wconf 77' lang='grc' dir='ltr'>οἶδ’</span> <span class='ocrx_word' id='word_1_479' title='bbox 904 3641 1044 3716; x_wconf 75' lang='grc' dir='ltr'>ὃθεν,</span> <span class='ocrx_word' id='word_1_480' title='bbox 1078 3644 1106 3698; x_wconf 80' lang='grc' dir='ltr'>ὁ</span> <span class='ocrx_word' id='word_1_481' title='bbox 1136 3642 1543 3720; x_wconf 79' lang='grc' dir='ltr'>Ἀπολλοφάνης</span> <span class='ocrx_word' id='word_1_482' title='bbox 1584 3643 1912 3725; x_wconf 71' lang='grc' dir='ltr'>ἀπάρχεται,</span> 
     </span>
    </p>
   </div>
   <div class='ocr_carea' id='block_1_66' title="bbox 267 3730 1909 3813">
    <p class='ocr_par' dir='ltr' id='par_1_66' title="bbox 267 3730 1909 3813">
     <span class='ocr_line' id='line_1_66' title="bbox 267 3730 1909 3813; baseline 0.001 -26"><span class='ocrx_word' id='word_1_483' title='bbox 267 3732 363 3787; x_wconf 78' lang='grc' dir='ltr'><strong>καί</strong></span> <span class='ocrx_word' id='word_1_484' title='bbox 391 3732 523 3806; x_wconf 82' lang='grc' dir='ltr'>πρὸς</span> <span class='ocrx_word' id='word_1_485' title='bbox 564 3733 683 3806; x_wconf 72' lang='grc' dir='ltr'><strong>ἒμέ,</strong></span> <span class='ocrx_word' id='word_1_486' title='bbox 717 3730 897 3807; x_wconf 80' lang='grc' dir='ltr'>ὥσπερ</span> <span class='ocrx_word' id='word_1_487' title='bbox 927 3731 992 3786; x_wconf 78' lang='grc' dir='ltr'><strong>τὰ</strong></span> <span class='ocrx_word' id='word_1_488' title='bbox 1044 3732 1333 3809; x_wconf 80' lang='grc' dir='ltr'>γιγνόμενα</span> <span class='ocrx_word' id='word_1_489' title='bbox 1379 3730 1721 3813; x_wconf 76' lang='grc' dir='ltr'>συμϐάλλων,</span> <span class='ocrx_word' id='word_1_490' title='bbox 1786 3730 1909 3813; x_wconf 76' lang='grc' dir='ltr'>ἔφη’</span> 
     </span>
    </p>
   </div>
   <div class='ocr_carea' id='block_1_67' title="bbox 267 3818 1911 3902">
    <p class='ocr_par' dir='ltr' id='par_1_67' title="bbox 267 3818 1911 3902">
     <span class='ocr_line' id='line_1_67' title="bbox 267 3818 1911 3902; baseline 0.001 -26"><span class='ocrx_word' id='word_1_491' title='bbox 267 3818 468 3899; x_wconf 85' lang='grc' dir='ltr'>Ταῦτα,</span> <span class='ocrx_word' id='word_1_492' title='bbox 499 3822 545 3875; x_wconf 84' lang='grc' dir='ltr'>ὦ</span> <span class='ocrx_word' id='word_1_493' title='bbox 594 3818 726 3879; x_wconf 77' lang='grc' dir='ltr'>καλὲ</span> <span class='ocrx_word' id='word_1_494' title='bbox 792 3820 1050 3895; x_wconf 81' lang='grc' dir='ltr'>Διονύσιε,</span> <span class='ocrx_word' id='word_1_495' title='bbox 1101 3822 1255 3879; x_wconf 77' lang='grc' dir='ltr'>θείων</span> <span class='ocrx_word' id='word_1_496' title='bbox 1312 3820 1534 3896; x_wconf 78' lang='grc' dir='ltr'>ἀμοιϐαί</span> <span class='ocrx_word' id='word_1_497' title='bbox 1562 3824 1911 3902; x_wconf 75' lang='grc' dir='ltr'>πραγμάτων,</span> 
     </span>
    </p>
   </div>
   <div class='ocr_carea' id='block_1_68' title="bbox 204 3908 1914 3989">
    <p class='ocr_par' dir='ltr' id='par_1_68' title="bbox 204 3908 1914 3989">
     <span class='ocr_line' id='line_1_68' title="bbox 204 3908 1914 3989; baseline 0.002 -24"><span class='ocrx_word' id='word_1_498' title='bbox 204 3944 211 3949; x_wconf 88' lang='lat'><strong>-</strong></span> <span class='ocrx_word' id='word_1_499' title='bbox 268 3916 507 3965; x_wconf 78' lang='grc' dir='ltr'>Τοσαῦτα</span> <span class='ocrx_word' id='word_1_500' title='bbox 563 3912 637 3973; x_wconf 80' lang='grc' dir='ltr'>ὡς</span> <span class='ocrx_word' id='word_1_501' title='bbox 696 3909 815 3966; x_wconf 75' lang='grc' dir='ltr'>κατ’</span> <span class='ocrx_word' id='word_1_502' title='bbox 874 3908 1164 3978; x_wconf 78' lang='grc' dir='ltr'>ἐπιστολὴν</span> <span class='ocrx_word' id='word_1_503' title='bbox 1236 3912 1372 3987; x_wconf 73' lang='grc' dir='ltr'>ἡμῖν</span> <span class='ocrx_word' id='word_1_504' title='bbox 1431 3913 1678 3989; x_wconf 77' lang='grc' dir='ltr'>εἰρήσθω.</span> <span class='ocrx_word' id='word_1_505' title='bbox 1737 3913 1809 3968; x_wconf 92' lang='grc' dir='ltr'>Σύ</span> <span class='ocrx_word' id='word_1_506' title='bbox 1860 3912 1914 3969; x_wconf 70' lang='grc' dir='ltr'><strong>δὲ</strong></span> 
     </span>
    </p>
   </div>
   <div class='ocr_carea' id='block_1_69' title="bbox 266 3998 1909 4082">
    <p class='ocr_par' dir='ltr' id='par_1_69' title="bbox 266 3998 1909 4082">
     <span class='ocr_line' id='line_1_69' title="bbox 266 3998 1909 4082; baseline 0.003 -28"><span class='ocrx_word' id='word_1_507' title='bbox 266 4000 444 4062; x_wconf 78' lang='grc' dir='ltr'>ἱκανὸς</span> <span class='ocrx_word' id='word_1_508' title='bbox 493 4002 581 4056; x_wconf 71' lang='grc' dir='ltr'><strong>καὶ</strong></span> <span class='ocrx_word' id='word_1_509' title='bbox 678 4000 743 4055; x_wconf 85' lang='grc' dir='ltr'><strong>τά</strong></span> <span class='ocrx_word' id='word_1_510' title='bbox 811 3998 1122 4056; x_wconf 79' lang='grc' dir='ltr'>ἐλλείποντα</span> <span class='ocrx_word' id='word_1_511' title='bbox 1201 4000 1749 4082; x_wconf 82' lang='grc' dir='ltr'>προσαναπληρῶσαι,</span> <span class='ocrx_word' id='word_1_512' title='bbox 1824 4004 1909 4059; x_wconf 76' lang='grc' dir='ltr'>καὶ</span> 
     </span>
    </p>
   </div>
   <div class='ocr_carea' id='block_1_70' title="bbox 270 4088 1923 4173">
    <p class='ocr_par' dir='ltr' id='par_1_70' title="bbox 270 4088 1923 4173">
     <span class='ocr_line' id='line_1_70' title="bbox 270 4088 1923 4173; baseline 0.002 -29"><span class='ocrx_word' id='word_1_513' title='bbox 270 4102 631 4167; x_wconf 74' lang='grc' dir='ltr'>προσαγαγεῖν</span> <span class='ocrx_word' id='word_1_514' title='bbox 689 4088 885 4153; x_wconf 84' lang='grc' dir='ltr'>τελέως</span> <span class='ocrx_word' id='word_1_515' title='bbox 938 4094 1017 4162; x_wconf 83' lang='grc' dir='ltr'>τῷ</span> <span class='ocrx_word' id='word_1_516' title='bbox 1070 4091 1187 4165; x_wconf 86' lang='grc' dir='ltr'><strong>Θεῷ</strong></span> <span class='ocrx_word' id='word_1_517' title='bbox 1241 4093 1332 4147; x_wconf 86' lang='grc' dir='ltr'>τὸν</span> <span class='ocrx_word' id='word_1_518' title='bbox 1394 4088 1573 4167; x_wconf 79' lang='grc' dir='ltr'>ἄνδρα,</span> <span class='ocrx_word' id='word_1_519' title='bbox 1630 4093 1789 4173; x_wconf 76' lang='grc' dir='ltr'>σοφὸν</span> <span class='ocrx_word' id='word_1_520' title='bbox 1855 4094 1923 4148; x_wconf 72' lang='grc' dir='ltr'>τὰ</span> 
     </span>
    </p>
   </div>
   <div class='ocr_carea' id='block_1_71' title="bbox 268 4174 1919 4260">
    <p class='ocr_par' dir='ltr' id='par_1_71' title="bbox 268 4174 1919 4260">
     <span class='ocr_line' id='line_1_71' title="bbox 268 4174 1919 4260; baseline 0.002 -27"><span class='ocrx_word' id='word_1_521' title='bbox 268 4174 441 4233; x_wconf 80' lang='grc' dir='ltr'>πολλᾶ</span> <span class='ocrx_word' id='word_1_522' title='bbox 492 4176 643 4252; x_wconf 79' lang='grc' dir='ltr'>ὄντα,</span> <span class='ocrx_word' id='word_1_523' title='bbox 723 4181 809 4236; x_wconf 76' lang='grc' dir='ltr'>καὶ</span> <span class='ocrx_word' id='word_1_524' title='bbox 867 4178 1002 4240; x_wconf 79' lang='grc' dir='ltr'>ἴσως</span> <span class='ocrx_word' id='word_1_525' title='bbox 1081 4179 1177 4234; x_wconf 70' lang='grc' dir='ltr'>οὒκ</span> <span class='ocrx_word' id='word_1_526' title='bbox 1257 4179 1626 4245; x_wconf 76' lang='grc' dir='ltr'>ἆπαξιώσοντα</span> <span class='ocrx_word' id='word_1_527' title='bbox 1707 4180 1919 4260; x_wconf 84' lang='grc' dir='ltr'>πραέως</span> 
     </span>
    </p>
   </div>
   <div class='ocr_carea' id='block_1_72' title="bbox 269 4268 1921 4347">
    <p class='ocr_par' dir='ltr' id='par_1_72' title="bbox 269 4268 1921 4347">
     <span class='ocr_line' id='line_1_72' title="bbox 269 4268 1921 4347; baseline 0.004 -26"><span class='ocrx_word' id='word_1_528' title='bbox 269 4269 462 4341; x_wconf 82' lang='grc' dir='ltr'>μαθεῖν</span> <span class='ocrx_word' id='word_1_529' title='bbox 533 4268 629 4336; x_wconf 73' lang='grc' dir='ltr'>τὴν</span> <span class='ocrx_word' id='word_1_530' title='bbox 684 4268 975 4347; x_wconf 74' lang='grc' dir='ltr'>ὑπέρσοφον</span> <span class='ocrx_word' id='word_1_531' title='bbox 1041 4269 1138 4336; x_wconf 81' lang='grc' dir='ltr'><strong>τῆς</strong></span> <span class='ocrx_word' id='word_1_532' title='bbox 1196 4270 1476 4347; x_wconf 78' lang='grc' dir='ltr'>θρησκείας</span> <span class='ocrx_word' id='word_1_533' title='bbox 1562 4268 1716 4345; x_wconf 77' lang='grc' dir='ltr'>ἡμῶν</span> <span class='ocrx_word' id='word_1_534' title='bbox 1783 4269 1921 4341; x_wconf 73' lang='grc' dir='ltr'><strong>ἁλή-</strong></span> 
     </span>
    </p>
   </div>
   <div class='ocr_carea' id='block_1_73' title="bbox 270 4358 442 4417">
    <p class='ocr_par' dir='ltr' id='par_1_73' title="bbox 270 4358 442 4417">
     <span class='ocr_line' id='line_1_73' title="bbox 270 4358 442 4417; baseline 0 -6"><span class='ocrx_word' id='word_1_535' title='bbox 270 4358 442 4417; x_wconf 84' lang='grc' dir='ltr'>θειαν.</span> 
     </span>
    </p>
   </div>
   <div class='ocr_carea' id='block_1_74' title="bbox 1994 3372 3648 3455">
    <p class='ocr_par' dir='ltr' id='par_1_74' title="bbox 1994 3372 3648 3455">
     <span class='ocr_line' id='line_1_74' title="bbox 1994 3372 3648 3455; baseline 0.001 -20"><span class='ocrx_word' id='word_1_536' title='bbox 1994 3374 2200 3436; x_wconf 85' lang='lat' dir='ltr'><strong>refelle</strong></span> <span class='ocrx_word' id='word_1_537' title='bbox 2229 3373 2278 3435; x_wconf 91' lang='lat' dir='ltr'><strong>si</strong></span> <span class='ocrx_word' id='word_1_538' title='bbox 2304 3372 2679 3454; x_wconf 85' lang='lat' dir='ltr'><strong>potes,idque</strong></span> <span class='ocrx_word' id='word_1_539' title='bbox 2713 3375 3026 3437; x_wconf 89' lang='lat' dir='ltr'><strong>adversum</strong></span> <span class='ocrx_word' id='word_1_540' title='bbox 3051 3395 3167 3444; x_wconf 83' lang='lat' dir='ltr'><strong>me.</strong></span> <span class='ocrx_word' id='word_1_541' title='bbox 3196 3376 3298 3455; x_wconf 83' lang='lat' dir='ltr'><strong>qui</strong></span> <span class='ocrx_word' id='word_1_542' title='bbox 3326 3383 3465 3438; x_wconf 90' lang='lat' dir='ltr'><strong>tunc</strong></span> <span class='ocrx_word' id='word_1_543' title='bbox 3499 3393 3648 3453; x_wconf 62' lang='lat' dir='ltr'><strong>prat-</strong></span> 
     </span>
    </p>
   </div>
   <div class='ocr_carea' id='block_1_75' title="bbox 1997 3463 3651 3545">
    <p class='ocr_par' dir='ltr' id='par_1_75' title="bbox 1997 3463 3651 3545">
     <span class='ocr_line' id='line_1_75' title="bbox 1997 3463 3651 3545; baseline 0 -20"><span class='ocrx_word' id='word_1_544' title='bbox 1997 3482 2140 3526; x_wconf 90' lang='lat' dir='ltr'><strong>sens</strong></span> <span class='ocrx_word' id='word_1_545' title='bbox 2160 3482 2277 3524; x_wconf 90' lang='lat' dir='ltr'><strong>una</strong></span> <span class='ocrx_word' id='word_1_546' title='bbox 2307 3473 2499 3525; x_wconf 90' lang='lat' dir='ltr'><strong>tecum</strong></span> <span class='ocrx_word' id='word_1_547' title='bbox 2533 3463 2788 3543; x_wconf 87' lang='lat' dir='ltr'><strong>adfui,et</strong></span> <span class='ocrx_word' id='word_1_548' title='bbox 2818 3466 2992 3527; x_wconf 83' lang='lat' dir='ltr'><strong>simul</strong></span> <span class='ocrx_word' id='word_1_549' title='bbox 3011 3464 3311 3545; x_wconf 80' lang='lat' dir='ltr'><strong>aspexi,et</strong></span> <span class='ocrx_word' id='word_1_550' title='bbox 3337 3463 3651 3526; x_wconf 85' lang='lat' dir='ltr'><strong>observavi</strong></span> 
     </span>
    </p>
   </div>
   <div class='ocr_carea' id='block_1_76' title="bbox 1997 3551 3641 3635">
    <p class='ocr_par' dir='ltr' id='par_1_76' title="bbox 1997 3551 3641 3635">
     <span class='ocr_line' id='line_1_76' title="bbox 1997 3551 3641 3635; baseline -0.001 -21"><span class='ocrx_word' id='word_1_551' title='bbox 1997 3552 2199 3614; x_wconf 91' lang='lat' dir='ltr'><strong>omnia</strong></span> <span class='ocrx_word' id='word_1_552' title='bbox 2222 3571 2354 3614; x_wconf 91' lang='lat' dir='ltr'><strong>cum</strong></span> <span class='ocrx_word' id='word_1_553' title='bbox 2377 3551 2794 3615; x_wconf 83' lang='lat' dir='ltr'><strong>admiratione.</strong></span> <span class='ocrx_word' id='word_1_554' title='bbox 2827 3552 3095 3635; x_wconf 88' lang='lat' dir='ltr'><strong>Denique</strong></span> <span class='ocrx_word' id='word_1_555' title='bbox 3120 3564 3260 3615; x_wconf 89' lang='lat' dir='ltr'><strong>tunc</strong></span> <span class='ocrx_word' id='word_1_556' title='bbox 3292 3554 3497 3615; x_wconf 92' lang='lat' dir='ltr'><strong>nescio</strong></span> <span class='ocrx_word' id='word_1_557' title='bbox 3524 3573 3641 3633; x_wconf 90' lang='lat' dir='ltr'><strong>quo</strong></span> 
     </span>
    </p>
   </div>
   <div class='ocr_carea' id='block_1_77' title="bbox 1996 3641 3645 3724">
    <p class='ocr_par' dir='ltr' id='par_1_77' title="bbox 1996 3641 3645 3724">
     <span class='ocr_line' id='line_1_77' title="bbox 1996 3641 3645 3724; baseline -0.001 -21"><span class='ocrx_word' id='word_1_558' title='bbox 1996 3642 2205 3721; x_wconf 77' lang='lat' dir='ltr'><strong>Spiritu</strong></span> <span class='ocrx_word' id='word_1_559' title='bbox 2219 3641 2536 3717; x_wconf 79' lang='lat' dir='ltr'><strong>aﬂlatus,in</strong></span> <span class='ocrx_word' id='word_1_560' title='bbox 2567 3641 2989 3704; x_wconf 89' lang='lat' dir='ltr'><strong>divinationem</strong></span> <span class='ocrx_word' id='word_1_561' title='bbox 3012 3661 3252 3724; x_wconf 85' lang='lat' dir='ltr'><strong>quoque</strong></span> <span class='ocrx_word' id='word_1_562' title='bbox 3276 3642 3645 3724; x_wconf 88' lang='lat' dir='ltr'><strong>Apollopha-</strong></span> 
     </span>
    </p>
   </div>
   <div class='ocr_carea' id='block_1_78' title="bbox 1996 3730 3643 3813">
    <p class='ocr_par' dir='ltr' id='par_1_78' title="bbox 1996 3730 3643 3813">
     <span class='ocr_line' id='line_1_78' title="bbox 1996 3730 3643 3813; baseline 0 -20"><span class='ocrx_word' id='word_1_563' title='bbox 1996 3749 2105 3793; x_wconf 77' lang='lat' dir='ltr'><strong>nes</strong></span> <span class='ocrx_word' id='word_1_564' title='bbox 2138 3733 2491 3813; x_wconf 88' lang='lat' dir='ltr'><strong>prorupit,et</strong></span> <span class='ocrx_word' id='word_1_565' title='bbox 2511 3731 2582 3793; x_wconf 86' lang='lat' dir='ltr'><strong>ad</strong></span> <span class='ocrx_word' id='word_1_566' title='bbox 2612 3749 2706 3793; x_wconf 90' lang='lat' dir='ltr'><strong>me</strong></span> <span class='ocrx_word' id='word_1_567' title='bbox 2736 3749 3060 3795; x_wconf 85' lang='lat' dir='ltr'><strong>conversus</strong></span> <span class='ocrx_word' id='word_1_568' title='bbox 3084 3750 3103 3795; x_wconf 90' lang='lat'><strong><em>:</em></strong></span> <span class='ocrx_word' id='word_1_569' title='bbox 3127 3735 3283 3803; x_wconf 63' lang='lat' dir='ltr'><strong>Istae,</strong></span> <span class='ocrx_word' id='word_1_570' title='bbox 3317 3730 3643 3813; x_wconf 87' lang='lat' dir='ltr'><strong>inquiebat,</strong></span> 
     </span>
    </p>
   </div>
   <div class='ocr_carea' id='block_1_79' title="bbox 1996 3819 3650 3902">
    <p class='ocr_par' dir='ltr' id='par_1_79' title="bbox 1996 3819 3650 3902">
     <span class='ocr_line' id='line_1_79' title="bbox 1996 3819 3650 3902; baseline -0.002 -17"><span class='ocrx_word' id='word_1_571' title='bbox 1996 3840 2031 3885; x_wconf 89' lang='grc' dir='ltr'><strong>ο</strong></span> <span class='ocrx_word' id='word_1_572' title='bbox 2061 3821 2340 3902; x_wconf 69' lang='lat' dir='ltr'><strong>praeclare</strong></span> <span class='ocrx_word' id='word_1_573' title='bbox 2372 3819 2635 3902; x_wconf 82' lang='lat' dir='ltr'><strong>Dionysi,</strong></span> <span class='ocrx_word' id='word_1_574' title='bbox 2674 3820 3006 3882; x_wconf 88' lang='lat' dir='ltr'><strong>divinarum</strong></span> <span class='ocrx_word' id='word_1_575' title='bbox 3040 3837 3178 3883; x_wconf 89' lang='lat' dir='ltr'><strong>sunt</strong></span> <span class='ocrx_word' id='word_1_576' title='bbox 3207 3820 3650 3884; x_wconf 85' lang='lat' dir='ltr'><strong>vicissitudines</strong></span> 
     </span>
    </p>
   </div>
   <div class='ocr_carea' id='block_1_80' title="bbox 1997 3908 3649 3993">
    <p class='ocr_par' dir='ltr' id='par_1_80' title="bbox 1997 3908 3649 3993">
     <span class='ocr_line' id='line_1_80' title="bbox 1997 3908 3649 3993; baseline -0.001 -19"><span class='ocrx_word' id='word_1_577' title='bbox 1997 3930 2223 3974; x_wconf 87' lang='lat' dir='ltr'><strong>rerum.</strong></span> <span class='ocrx_word' id='word_1_578' title='bbox 2249 3908 2389 3974; x_wconf 58' lang='lat' dir='ltr'><strong>Haec</strong></span> <span class='ocrx_word' id='word_1_579' title='bbox 2433 3929 2468 3973; x_wconf 89' lang='lat' dir='ltr'><strong>a</strong></span> <span class='ocrx_word' id='word_1_580' title='bbox 2499 3910 2672 3973; x_wconf 90' lang='lat' dir='ltr'><strong>nobis</strong></span> <span class='ocrx_word' id='word_1_581' title='bbox 2701 3921 2978 3992; x_wconf 89' lang='lat' dir='ltr'><strong>tanquam</strong></span> <span class='ocrx_word' id='word_1_582' title='bbox 3006 3930 3114 3992; x_wconf 92' lang='lat' dir='ltr'><strong>per</strong></span> <span class='ocrx_word' id='word_1_583' title='bbox 3142 3910 3455 3993; x_wconf 78' lang='lat' dir='ltr'><strong>epistolam</strong></span> <span class='ocrx_word' id='word_1_584' title='bbox 3488 3909 3649 3972; x_wconf 89' lang='lat' dir='ltr'><strong>dicta</strong></span> 
     </span>
    </p>
   </div>
   <div class='ocr_carea' id='block_1_81' title="bbox 1994 3999 3650 4082">
    <p class='ocr_par' dir='ltr' id='par_1_81' title="bbox 1994 3999 3650 4082">
     <span class='ocr_line' id='line_1_81' title="bbox 1994 3999 3650 4082; baseline -0.003 -18"><span class='ocrx_word' id='word_1_585' title='bbox 1994 4002 2116 4064; x_wconf 90' lang='lat' dir='ltr'><strong>sint</strong></span> <span class='ocrx_word' id='word_1_586' title='bbox 2146 4001 2312 4062; x_wconf 88' lang='lat' dir='ltr'><strong>satis.</strong></span> <span class='ocrx_word' id='word_1_587' title='bbox 2346 4004 2521 4064; x_wconf 88' lang='lat' dir='ltr'><strong>Potes</strong></span> <span class='ocrx_word' id='word_1_588' title='bbox 2548 4020 2722 4081; x_wconf 92' lang='lat' dir='ltr'><strong>porro</strong></span> <span class='ocrx_word' id='word_1_589' title='bbox 2755 4002 2883 4082; x_wconf 92' lang='lat' dir='ltr'><strong>ipse</strong></span> <span class='ocrx_word' id='word_1_590' title='bbox 2914 4002 3194 4082; x_wconf 80' lang='lat' dir='ltr'><strong>supplere</strong></span> <span class='ocrx_word' id='word_1_591' title='bbox 3223 4017 3354 4082; x_wconf 61' lang='lat' dir='ltr'><strong>quae</strong></span> <span class='ocrx_word' id='word_1_592' title='bbox 3399 3999 3650 4075; x_wconf 90' lang='lat' dir='ltr'><strong>desunt,</strong></span> 
     </span>
    </p>
   </div>
   <div class='ocr_carea' id='block_1_82' title="bbox 2004 4089 3652 4172">
    <p class='ocr_par' dir='ltr' id='par_1_82' title="bbox 2004 4089 3652 4172">
     <span class='ocr_line' id='line_1_82' title="bbox 2004 4089 3652 4172; baseline -0.001 -20"><span class='ocrx_word' id='word_1_593' title='bbox 2004 4101 2063 4152; x_wconf 88' lang='lat' dir='ltr'><strong>et</strong></span> <span class='ocrx_word' id='word_1_594' title='bbox 2091 4091 2162 4152; x_wconf 92' lang='lat' dir='ltr'><strong>ad</strong></span> <span class='ocrx_word' id='word_1_595' title='bbox 2198 4090 2381 4152; x_wconf 89' lang='lat' dir='ltr'><strong>Deum</strong></span> <span class='ocrx_word' id='word_1_596' title='bbox 2407 4091 2667 4172; x_wconf 86' lang='lat' dir='ltr'><strong>perfecte</strong></span> <span class='ocrx_word' id='word_1_597' title='bbox 2702 4091 2894 4152; x_wconf 90' lang='lat' dir='ltr'><strong>virum</strong></span> <span class='ocrx_word' id='word_1_598' title='bbox 2920 4092 3243 4171; x_wconf 85' lang='lat' dir='ltr'><strong>adducere,</strong></span> <span class='ocrx_word' id='word_1_599' title='bbox 3269 4089 3472 4152; x_wconf 88' lang='lat' dir='ltr'><strong>multis</strong></span> <span class='ocrx_word' id='word_1_600' title='bbox 3505 4106 3652 4150; x_wconf 89' lang='lat' dir='ltr'><strong>sane</strong></span> 
     </span>
    </p>
   </div>
   <div class='ocr_carea' id='block_1_83' title="bbox 2004 4176 3652 4263">
    <p class='ocr_par' dir='ltr' id='par_1_83' title="bbox 2004 4176 3652 4263">
     <span class='ocr_line' id='line_1_83' title="bbox 2004 4176 3652 4263; baseline -0.002 -20"><span class='ocrx_word' id='word_1_601' title='bbox 2004 4181 2065 4243; x_wconf 90' lang='lat' dir='ltr'><strong>in</strong></span> <span class='ocrx_word' id='word_1_602' title='bbox 2100 4181 2281 4244; x_wconf 88' lang='lat' dir='ltr'><strong>rebus</strong></span> <span class='ocrx_word' id='word_1_603' title='bbox 2303 4181 2635 4262; x_wconf 84' lang='lat' dir='ltr'><strong>sapientem</strong></span> <span class='ocrx_word' id='word_1_604' title='bbox 2664 4201 2679 4263; x_wconf 84' lang='lat'><strong>;</strong></span> <span class='ocrx_word' id='word_1_605' title='bbox 2712 4199 2905 4259; x_wconf 86' lang='lat' dir='ltr'><strong>neque</strong></span> <span class='ocrx_word' id='word_1_606' title='bbox 2937 4181 3188 4242; x_wconf 84' lang='lat' dir='ltr'><strong>fortasse</strong></span> <span class='ocrx_word' id='word_1_607' title='bbox 3220 4176 3652 4257; x_wconf 85' lang='lat' dir='ltr'><strong>dedignabitur</strong></span> 
     </span>
    </p>
   </div>
   <div class='ocr_carea' id='block_1_84' title="bbox 2008 4268 3648 4352">
    <p class='ocr_par' dir='ltr' id='par_1_84' title="bbox 2008 4268 3648 4352">
     <span class='ocr_line' id='line_1_84' title="bbox 2008 4268 3648 4352; baseline -0.001 -21"><span class='ocrx_word' id='word_1_608' title='bbox 2008 4282 2320 4333; x_wconf 87' lang='lat' dir='ltr'><strong>mansuete</strong></span> <span class='ocrx_word' id='word_1_609' title='bbox 2331 4289 2399 4333; x_wconf 89' lang='lat' dir='ltr'><strong>ac</strong></span> <span class='ocrx_word' id='word_1_610' title='bbox 2414 4270 2964 4333; x_wconf 88' lang='lat' dir='ltr'><strong>humiliterdiscere</strong></span> <span class='ocrx_word' id='word_1_611' title='bbox 2984 4269 3294 4352; x_wconf 80' lang='lat' dir='ltr'><strong>plusquam</strong></span> <span class='ocrx_word' id='word_1_612' title='bbox 3314 4268 3648 4351; x_wconf 80' lang='lat' dir='ltr'><strong>sapientem</strong></span> 
     </span>
    </p>
   </div>
   <div class='ocr_carea' id='block_1_85' title="bbox 2004 4360 2913 4440">
    <p class='ocr_par' dir='ltr' id='par_1_85' title="bbox 2004 4360 2913 4440">
     <span class='ocr_line' id='line_1_85' title="bbox 2004 4360 2913 4440; baseline 0.001 -18"><span class='ocrx_word' id='word_1_613' title='bbox 2004 4360 2313 4440; x_wconf 79' lang='lat' dir='ltr'><strong>religionis</strong></span> <span class='ocrx_word' id='word_1_614' title='bbox 2341 4371 2555 4422; x_wconf 64' lang='lat' dir='ltr'><strong>nostra:</strong></span> <span class='ocrx_word' id='word_1_615' title='bbox 2579 4362 2913 4424; x_wconf 88' lang='lat' dir='ltr'><strong>veritatem.</strong></span> 
     </span>
    </p>
   </div>
   <div class='ocr_carea' id='block_1_86' title="bbox 1473 4677 2505 4746">
    <p class='ocr_par' dir='ltr' id='par_1_86' title="bbox 1473 4677 2505 4746">
     <span class='ocr_line' id='line_1_86' title="bbox 1473 4677 2505 4746; baseline 0.003 -6"><span class='ocrx_word' id='word_1_616' title='bbox 1473 4677 2070 4745; x_wconf 84' lang='lat' dir='ltr'><strong>ADNOTATIONES</strong></span> <span class='ocrx_word' id='word_1_617' title='bbox 2138 4681 2505 4746; x_wconf 81' lang='lat' dir='ltr'><strong>CORDERII.</strong></span> 
     </span>
    </p>
   </div>
   <div class='ocr_carea' id='block_1_87' title="bbox 343 4785 3654 4872">
    <p class='ocr_par' dir='ltr' id='par_1_87' title="bbox 343 4785 3654 4872">
     <span class='ocr_line' id='line_1_87' title="bbox 343 4785 3654 4872; baseline 0.001 -31"><span class='ocrx_word' id='word_1_618' title='bbox 343 4786 464 4872; x_wconf 59' lang='grc' dir='ltr'><strong>εἰ.</strong></span> <span class='ocrx_word' id='word_1_619' title='bbox 492 4785 1039 4872; x_wconf 35' lang='lat' dir='ltr'><strong>_l‘lota,‘.epistplam</strong></span> <span class='ocrx_word' id='word_1_620' title='bbox 1083 4785 1574 4872; x_wconf 23' lang='lat' dir='ltr'><strong>.hanchscriptam</strong></span> <span class='ocrx_word' id='word_1_621' title='bbox 1606 4796 1831 4872; x_wconf 65' lang='lat' dir='ltr'><strong>sancto</strong></span> <span class='ocrx_word' id='word_1_622' title='bbox 1871 4788 2205 4872; x_wconf 55' lang='lat' dir='ltr'><strong>lfplyparpo,</strong></span> <span class='ocrx_word' id='word_1_623' title='bbox 2256 4794 2512 4872; x_wconf 73' lang='lat' dir='ltr'><strong>Smyrnae</strong></span> <span class='ocrx_word' id='word_1_624' title='bbox 2547 4792 2619 4872; x_wconf 86' lang='lat' dir='ltr'><strong>_in</strong></span> <span class='ocrx_word' id='word_1_625' title='bbox 2665 4792 2787 4848; x_wconf 83' lang='lat' dir='ltr'><strong>Asia</strong></span> <span class='ocrx_word' id='word_1_626' title='bbox 2839 4790 3128 4872; x_wconf 63' lang='lat' dir='ltr'><strong>episcopo,</strong></span> <span class='ocrx_word' id='word_1_627' title='bbox 3173 4789 3352 4871; x_wconf 64' lang='lat' dir='ltr'><strong>sancti</strong></span> <span class='ocrx_word' id='word_1_628' title='bbox 3414 4789 3654 4872; x_wconf 78' lang='lat' dir='ltr'><strong>Joannis</strong></span> 
     </span>
    </p>
   </div>
   <div class='ocr_carea' id='block_1_88' title="bbox 269 4856 2302 4932">
    <p class='ocr_par' dir='ltr' id='par_1_88' title="bbox 269 4856 2302 4932">
     <span class='ocr_line' id='line_1_88' title="bbox 269 4856 2302 4932; baseline 0.002 -17"><span class='ocrx_word' id='word_1_629' title='bbox 269 4856 635 4932; x_wconf 59' lang='lat' dir='ltr'><strong>evangelista;</strong></span> <span class='ocrx_word' id='word_1_630' title='bbox 665 4856 968 4932; x_wconf 63' lang='lat' dir='ltr'><strong>discipulo,</strong></span> <span class='ocrx_word' id='word_1_631' title='bbox 1003 4856 1438 4932; x_wconf 27' lang='lat' dir='ltr'><strong>cujushexstat&#39;</strong></span> <span class='ocrx_word' id='word_1_632' title='bbox 1460 4856 1714 4932; x_wconf 68' lang='lat' dir='ltr'><strong>Epistola</strong></span> <span class='ocrx_word' id='word_1_633' title='bbox 1764 4860 1835 4932; x_wconf 73' lang='lat' dir='ltr'><strong>ad</strong></span> <span class='ocrx_word' id='word_1_634' title='bbox 1887 4856 2302 4932; x_wconf 78' lang='lat' dir='ltr'><strong>l’hilippeuses.</strong></span> 
     </span>
    </p>
   </div>
   <div class='ocr_carea' id='block_1_89' title="bbox 2382 4861 3660 4935">
    <p class='ocr_par' dir='ltr' id='par_1_89' title="bbox 2382 4861 3660 4935">
     <span class='ocr_line' id='line_1_89' title="bbox 2382 4861 3660 4935; baseline 0.001 -18"><span class='ocrx_word' id='word_1_635' title='bbox 2382 4863 2499 4918; x_wconf 82' lang='lat' dir='ltr'><strong>luit:</strong></span> <span class='ocrx_word' id='word_1_636' title='bbox 2544 4863 2732 4935; x_wconf 85' lang='lat' dir='ltr'><strong>itaque</strong></span> <span class='ocrx_word' id='word_1_637' title='bbox 2780 4874 3014 4919; x_wconf 87' lang='lat' dir='ltr'><strong>sanctus</strong></span> <span class='ocrx_word' id='word_1_638' title='bbox 3062 4861 3371 4935; x_wconf 73' lang='lat' dir='ltr'><strong>Dionysius</strong></span> <span class='ocrx_word' id='word_1_639' title='bbox 3426 4862 3660 4935; x_wconf 82' lang='lat' dir='ltr'><strong>modum</strong></span> 
     </span>
    </p>
   </div>
   <div class='ocr_carea' id='block_1_90' title="bbox 270 4928 3656 5011">
    <p class='ocr_par' dir='ltr' id='par_1_90' title="bbox 270 4928 3656 5011">
     <span class='ocr_line' id='line_1_90' title="bbox 270 4928 3656 5011; baseline 0.001 -26"><span class='ocrx_word' id='word_1_640' title='bbox 270 4928 592 5010; x_wconf 59' lang='lat' dir='ltr'><strong>praescribit</strong></span> <span class='ocrx_word' id='word_1_641' title='bbox 634 4928 837 5011; x_wconf 74' lang='lat' dir='ltr'><strong>agendi</strong></span> <span class='ocrx_word' id='word_1_642' title='bbox 873 4944 1005 5011; x_wconf 78' lang='lat' dir='ltr'><strong>cum</strong></span> <span class='ocrx_word' id='word_1_643' title='bbox 1045 4928 1447 5011; x_wconf 76' lang='lat' dir='ltr'><strong>Apollophane</strong></span> <span class='ocrx_word' id='word_1_644' title='bbox 1495 4928 1862 5011; x_wconf 78' lang='lat' dir='ltr'><strong>philosopho,</strong></span> <span class='ocrx_word' id='word_1_645' title='bbox 1904 4944 1967 5011; x_wconf 88' lang='lat' dir='ltr'><strong>_et</strong></span> <span class='ocrx_word' id='word_1_646' title='bbox 2013 4928 2348 5011; x_wconf 56' lang='lat' dir='ltr'><strong>argumenta</strong></span> <span class='ocrx_word' id='word_1_647' title='bbox 2402 4928 2679 5011; x_wconf 74' lang='lat' dir='ltr'><strong>s_ug_gerii,</strong></span> <span class='ocrx_word' id='word_1_648' title='bbox 2730 4935 2962 5011; x_wconf 75' lang='lat' dir='ltr'><strong>quibus,</strong></span> <span class='ocrx_word' id='word_1_649' title='bbox 3014 4928 3230 5011; x_wconf 61' lang='lat' dir='ltr'><strong>utpote&#39;</strong></span> <span class='ocrx_word' id='word_1_650' title='bbox 3256 4930 3656 5005; x_wconf 74' lang='lat' dir='ltr'><strong>philosOpbus,</strong></span> 
     </span>
    </p>
   </div>
   <div class='ocr_carea' id='block_1_91' title="bbox 270 5002 3196 5075">
    <p class='ocr_par' dir='ltr' id='par_1_91' title="bbox 270 5002 3196 5075">
     <span class='ocr_line' id='line_1_91' title="bbox 270 5002 3196 5075; baseline 0.001 -18"><span class='ocrx_word' id='word_1_651' title='bbox 270 5002 520 5075; x_wconf 70' lang='lat' dir='ltr'><strong>maxime</strong></span> <span class='ocrx_word' id='word_1_652' title='bbox 556 5008 852 5075; x_wconf 64' lang='lat' dir='ltr'><strong>putaretur</strong></span> <span class='ocrx_word' id='word_1_653' title='bbox 880 5002 1225 5075; x_wconf 79' lang='lat' dir='ltr'><strong>capiendus,</strong></span> <span class='ocrx_word' id='word_1_654' title='bbox 1261 5014 1314 5075; x_wconf 80' lang='lat' dir='ltr'><strong>e_t</strong></span> <span class='ocrx_word' id='word_1_655' title='bbox 1357 5002 1604 5075; x_wconf 76' lang='lat' dir='ltr'><strong>suaviter</strong></span> <span class='ocrx_word' id='word_1_656' title='bbox 1633 5002 1995 5075; x_wconf 70' lang='lat' dir='ltr'><strong>inducendus</strong></span> <span class='ocrx_word' id='word_1_657' title='bbox 2025 5002 2103 5060; x_wconf 62' lang='lat' dir='ltr'><strong>aut</strong></span> <span class='ocrx_word' id='word_1_658' title='bbox 2128 5006 2296 5061; x_wconf 80' lang='lat' dir='ltr'><strong>ﬁdem</strong></span> <span class='ocrx_word' id='word_1_659' title='bbox 2330 5002 2668 5064; x_wconf 64' lang='lat' dir='ltr'><strong>catholicam</strong></span> <span class='ocrx_word' id='word_1_660' title='bbox 2717 5002 3196 5075; x_wconf 76' lang='lat' dir='ltr'><strong>amplectendam.</strong></span> 
     </span>
    </p>
   </div>
   <div class='ocr_carea' id='block_1_92' title="bbox 339 5069 3667 5147">
    <p class='ocr_par' dir='ltr' id='par_1_92' title="bbox 339 5069 3667 5147">
     <span class='ocr_line' id='line_1_92' title="bbox 339 5069 3667 5147; baseline 0.001 -21"><span class='ocrx_word' id='word_1_661' title='bbox 339 5072 369 5147; x_wconf 63' lang='grc' dir='ltr'><strong><em>ς</em></strong></span> <span class='ocrx_word' id='word_1_662' title='bbox 407 5069 478 5127; x_wconf 89' lang='lat' dir='ltr'><strong>ll.</strong></span> <span class='ocrx_word' id='word_1_663' title='bbox 513 5069 574 5147; x_wconf 15' lang='grc' dir='ltr'>,Ᾰ</span> <span class='ocrx_word' id='word_1_664' title='bbox 598 5073 720 5147; x_wconf 74' lang='lat' dir='ltr'><strong>diva</strong></span> <span class='ocrx_word' id='word_1_665' title='bbox 752 5071 925 5147; x_wconf 77' lang='lat' dir='ltr'><strong>Paulo</strong></span> <span class='ocrx_word' id='word_1_666' title='bbox 960 5069 1232 5147; x_wconf 69' lang='lat' dir='ltr'><strong>sapientia</strong></span> <span class='ocrx_word' id='word_1_667' title='bbox 1266 5071 1369 5147; x_wconf 65' lang='lat' dir='ltr'><strong>Dei</strong></span> <span class='ocrx_word' id='word_1_668' title='bbox 1398 5071 1732 5147; x_wconf 59' lang='lat' dir='ltr'><strong>nominatur.</strong></span> <span class='ocrx_word' id='word_1_669' title='bbox 1765 5071 1997 5132; x_wconf 70' lang='lat' dir='ltr'><strong>Scilicet</strong></span> <span class='ocrx_word' id='word_1_670' title='bbox 2024 5075 2176 5146; x_wconf 84' lang='lat' dir='ltr'><strong>Epist</strong></span> <span class='ocrx_word' id='word_1_671' title='bbox 2229 5075 2254 5132; x_wconf 93' lang='grc' dir='ltr'>Ι</span> <span class='ocrx_word' id='word_1_672' title='bbox 2284 5076 2354 5133; x_wconf 87' lang='lat' dir='ltr'><strong>ad</strong></span> <span class='ocrx_word' id='word_1_673' title='bbox 2385 5077 2635 5133; x_wconf 78' lang='lat' dir='ltr'><strong>Corinth.</strong></span> <span class='ocrx_word' id='word_1_674' title='bbox 2672 5092 2794 5147; x_wconf 89' lang='lat' dir='ltr'><strong>cap.</strong></span> <span class='ocrx_word' id='word_1_675' title='bbox 2817 5069 2894 5138; x_wconf 61' lang='lat' dir='ltr'><strong>&#39;u.</strong></span> <span class='ocrx_word' id='word_1_676' title='bbox 2950 5075 3004 5142; x_wconf 89' lang='lat'><strong>7,</strong></span> <span class='ocrx_word' id='word_1_677' title='bbox 3045 5076 3142 5132; x_wconf 92' lang='lat' dir='ltr'><strong>ubi</strong></span> <span class='ocrx_word' id='word_1_678' title='bbox 3176 5082 3250 5131; x_wconf 63' lang='lat' dir='ltr'><strong>att</strong></span> <span class='ocrx_word' id='word_1_679' title='bbox 3289 5096 3303 5130; x_wconf 92' lang='lat'><strong>:</strong></span> <span class='ocrx_word' id='word_1_680' title='bbox 3361 5073 3667 5146; x_wconf 78' lang='lat' dir='ltr'><strong>Loquimur</strong></span> 
     </span>
    </p>
   </div>
   <div class='ocr_carea' id='block_1_93' title="bbox 267 5141 3658 5220">
    <p class='ocr_par' dir='ltr' id='par_1_93' title="bbox 267 5141 3658 5220">
     <span class='ocr_line' id='line_1_93' title="bbox 267 5141 3658 5220; baseline 0 -21"><span class='ocrx_word' id='word_1_681' title='bbox 267 5141 718 5220; x_wconf 53' lang='lat' dir='ltr'><strong>Deisapimtt&#39;am</strong></span> <span class='ocrx_word' id='word_1_682' title='bbox 745 5141 1118 5220; x_wconf 46' lang='lat' dir='ltr'><strong>s&#39;gmymrt‘o,</strong></span> <span class='ocrx_word' id='word_1_683' title='bbox 1150 5158 1266 5220; x_wconf 59' lang='lat' dir='ltr'><strong>qua!</strong></span> <span class='ocrx_word' id='word_1_684' title='bbox 1296 5141 1615 5220; x_wconf 63' lang='lat' dir='ltr'><strong>abscondita</strong></span> <span class='ocrx_word' id='word_1_685' title='bbox 1644 5149 1737 5220; x_wconf 69' lang='lat' dir='ltr'><strong>est.</strong></span> <span class='ocrx_word' id='word_1_686' title='bbox 1776 5153 1905 5220; x_wconf 86' lang='lat' dir='ltr'><strong>etc._,</strong></span> <span class='ocrx_word' id='word_1_687' title='bbox 1942 5141 2101 5220; x_wconf 63' lang='lat' dir='ltr'><strong>vocat</strong></span> <span class='ocrx_word' id='word_1_688' title='bbox 2132 5158 2321 5205; x_wconf 85' lang='lat' dir='ltr'><strong>autem</strong></span> <span class='ocrx_word' id='word_1_689' title='bbox 2369 5148 2709 5220; x_wconf 70' lang='lat' dir='ltr'><strong>sapientiam</strong></span> <span class='ocrx_word' id='word_1_690' title='bbox 2744 5141 2817 5205; x_wconf 61' lang='lat' dir='ltr'><strong>&#39;iu</strong></span> <span class='ocrx_word' id='word_1_691' title='bbox 2866 5141 3158 5220; x_wconf 85' lang='lat' dir='ltr'><strong>mysterio,</strong></span> <span class='ocrx_word' id='word_1_692' title='bbox 3208 5149 3331 5203; x_wconf 87' lang='lat' dir='ltr'><strong>sive</strong></span> <span class='ocrx_word' id='word_1_693' title='bbox 3381 5141 3658 5217; x_wconf 57' lang='lat' dir='ltr'><strong>misterii,</strong></span> 
     </span>
    </p>
   </div>
   <div class='ocr_carea' id='block_1_94' title="bbox 267 5212 2816 5291">
    <p class='ocr_par' dir='ltr' id='par_1_94' title="bbox 267 5212 2816 5291">
     <span class='ocr_line' id='line_1_94' title="bbox 267 5212 2816 5291; baseline 0.002 -20"><span class='ocrx_word' id='word_1_694' title='bbox 267 5212 490 5291; x_wconf 65' lang='lat' dir='ltr'><strong>scilicet</strong></span> <span class='ocrx_word' id='word_1_695' title='bbox 518 5216 713 5291; x_wconf 70' lang='grc' dir='ltr'>ωδεῃί</span> <span class='ocrx_word' id='word_1_696' title='bbox 743 5212 905 5291; x_wconf 65' lang='lat' dir='ltr'><strong>illius</strong></span> <span class='ocrx_word' id='word_1_697' title='bbox 933 5212 1221 5291; x_wconf 74' lang='lat' dir='ltr'><strong>etarcani</strong></span> <span class='ocrx_word' id='word_1_698' title='bbox 1252 5212 1480 5291; x_wconf 80' lang='lat' dir='ltr'><strong>consilii</strong></span> <span class='ocrx_word' id='word_1_699' title='bbox 1509 5213 1580 5270; x_wconf 85' lang='lat' dir='ltr'><strong>de</strong></span> <span class='ocrx_word' id='word_1_700' title='bbox 1607 5214 2014 5291; x_wconf 57' lang='lat' dir='ltr'><strong>redemptione</strong></span> <span class='ocrx_word' id='word_1_701' title='bbox 2042 5219 2344 5278; x_wconf 87' lang='lat' dir='ltr'><strong>hominum</strong></span> <span class='ocrx_word' id='word_1_702' title='bbox 2374 5212 2476 5291; x_wconf 77' lang='lat' dir='ltr'><strong>per</strong></span> <span class='ocrx_word' id='word_1_703' title='bbox 2509 5218 2816 5279; x_wconf 79' lang='lat' dir='ltr'><strong>Christum.</strong></span> 
     </span>
    </p>
   </div>
   <div class='ocr_carea' id='block_1_95' title="bbox 261 5283 3667 5364">
    <p class='ocr_par' dir='ltr' id='par_1_95' title="bbox 261 5283 3667 5364">
     <span class='ocr_line' id='line_1_95' title="bbox 261 5283 3667 5364; baseline 0.001 -23"><span class='ocrx_word' id='word_1_704' title='bbox 261 5332 265 5336; x_wconf 82' lang='lat'><strong>.</strong></span> <span class='ocrx_word' id='word_1_705' title='bbox 343 5283 769 5364; x_wconf 58' lang='lat' dir='ltr'><strong>Quisecun&#39;dum</strong></span> <span class='ocrx_word' id='word_1_706' title='bbox 829 5285 1136 5360; x_wconf 73' lang='lat' dir='ltr'><strong>Scriptura</strong></span> <span class='ocrx_word' id='word_1_707' title='bbox 1180 5283 1563 5343; x_wconf 71' lang='lat' dir='ltr'><strong>testimonium.</strong></span> <span class='ocrx_word' id='word_1_708' title='bbox 1610 5283 1751 5344; x_wconf 86' lang='lat' dir='ltr'><strong>Dan.</strong></span> <span class='ocrx_word' id='word_1_709' title='bbox 1808 5283 1873 5354; x_wconf 80' lang='lat' dir='ltr'><strong>it,</strong></span> <span class='ocrx_word' id='word_1_710' title='bbox 1930 5287 1990 5345; x_wconf 78' lang='grc'>21</span> <span class='ocrx_word' id='word_1_711' title='bbox 2030 5312 2044 5347; x_wconf 86' lang='lat'><strong>:</strong></span> <span class='ocrx_word' id='word_1_712' title='bbox 2105 5292 2284 5352; x_wconf 80' lang='lat' dir='ltr'><strong>Mutat</strong></span> <span class='ocrx_word' id='word_1_713' title='bbox 2339 5283 2568 5364; x_wconf 61' lang='lat' dir='ltr'><strong>tempora</strong></span> <span class='ocrx_word' id='word_1_714' title='bbox 2623 5297 2675 5351; x_wconf 79' lang='lat' dir='ltr'><strong>et</strong></span> <span class='ocrx_word' id='word_1_715' title='bbox 2719 5298 2922 5358; x_wconf 72' lang='lat' dir='ltr'><strong>(stam,</strong></span> <span class='ocrx_word' id='word_1_716' title='bbox 2977 5296 3240 5361; x_wconf 75' lang='lat' dir='ltr'><strong>transfert</strong></span> <span class='ocrx_word' id='word_1_717' title='bbox 3293 5302 3463 5361; x_wconf 72' lang='lat' dir='ltr'><strong>regna</strong></span> <span class='ocrx_word' id='word_1_718' title='bbox 3515 5292 3667 5361; x_wconf 83' lang='lat' dir='ltr'><strong>atque</strong></span> 
     </span>
    </p>
   </div>
   <div class='ocr_carea' id='block_1_96' title="bbox 1540 5453 2369 5528">
    <p class='ocr_par' dir='ltr' id='par_1_96' title="bbox 1540 5453 2369 5528">
     <span class='ocr_line' id='line_1_96' title="bbox 1540 5453 2369 5528; baseline 0.011 -11"><span class='ocrx_word' id='word_1_719' title='bbox 1540 5480 1543 5483; x_wconf 93' lang='grc'><strong>·</strong></span> <span class='ocrx_word' id='word_1_720' title='bbox 1607 5453 1868 5520; x_wconf 67' lang='lat' dir='ltr'><strong>VARIIE</strong></span> <span class='ocrx_word' id='word_1_721' title='bbox 1922 5457 2369 5528; x_wconf 87' lang='lat' dir='ltr'><strong>LECTIONES.</strong></span> 
     </span>
    </p>
   </div>
   <div class='ocr_carea' id='block_1_97' title="bbox 270 5357 573 5416">
    <p class='ocr_par' dir='ltr' id='par_1_97' title="bbox 270 5357 573 5416">
     <span class='ocr_line' id='line_1_97' title="bbox 270 5357 573 5416; baseline 0.013 -4"><span class='ocrx_word' id='word_1_722' title='bbox 270 5357 573 5416; x_wconf 72' lang='lat' dir='ltr'><strong>constituit.</strong></span> 
     </span>
    </p>
   </div>
   <div class='ocr_carea' id='block_1_98' title="bbox 348 5579 957 5662">
    <p class='ocr_par' dir='ltr' id='par_1_98' title="bbox 348 5579 957 5662">
     <span class='ocr_line' id='line_1_98' title="bbox 348 5579 957 5662; baseline -0.013 -10"><span class='ocrx_word' id='word_1_723' title='bbox 348 5579 398 5624; x_wconf 80' lang='lat'><strong>“</strong></span> <span class='ocrx_word' id='word_1_724' title='bbox 432 5584 591 5662; x_wconf 72' lang='grc' dir='ltr'>φήσει</span> <span class='ocrx_word' id='word_1_725' title='bbox 636 5581 714 5658; x_wconf 78' lang='grc' dir='ltr'><strong>δὲ,</strong></span> <span class='ocrx_word' id='word_1_726' title='bbox 768 5585 837 5647; x_wconf 89' lang='grc' dir='ltr'><strong>Ι).</strong></span> <span class='ocrx_word' id='word_1_727' title='bbox 895 5583 957 5645; x_wconf 90' lang='lat' dir='ltr'><strong>P.</strong></span> 
     </span>
    </p>
   </div>
   <div class='ocr_carea' id='block_1_99' title="bbox 1070 5578 1515 5661">
    <p class='ocr_par' dir='ltr' id='par_1_99' title="bbox 1070 5578 1515 5661">
     <span class='ocr_line' id='line_1_99' title="bbox 1070 5578 1515 5661; baseline -0.009 -23"><span class='ocrx_word' id='word_1_728' title='bbox 1070 5580 1130 5632; x_wconf 64' lang='grc'><strong>49</strong></span> <span class='ocrx_word' id='word_1_729' title='bbox 1158 5581 1403 5661; x_wconf 74' lang='grc' dir='ltr'>ἀπορίαν,</span> <span class='ocrx_word' id='word_1_730' title='bbox 1452 5578 1515 5642; x_wconf 87' lang='lat' dir='ltr'><strong>S.</strong></span> 
     </span>
    </p>
   </div>
   <div class='ocr_carea' id='block_1_100' title="bbox 274 5662 587 5744">
    <p class='ocr_par' dir='ltr' id='par_1_100' title="bbox 274 5662 587 5744">
     <span class='ocr_line' id='line_1_100' title="bbox 274 5662 587 5744; baseline 0.026 -29"><span class='ocrx_word' id='word_1_731' title='bbox 274 5663 338 5714; x_wconf 69' lang='grc'><strong>45</strong></span> <span class='ocrx_word' id='word_1_732' title='bbox 370 5662 587 5744; x_wconf 67' lang='grc' dir='ltr'>ἔλεγχε.</span> 
     </span>
    </p>
   </div>
   <div class='ocr_carea' id='block_1_101' title="bbox 1628 5578 3092 5673">
    <p class='ocr_par' dir='ltr' id='par_1_101' title="bbox 1628 5578 3092 5673">
     <span class='ocr_line' id='line_1_101' title="bbox 1628 5578 3092 5673; baseline 0.008 -34"><span class='ocrx_word' id='word_1_733' title='bbox 1628 5579 1843 5641; x_wconf 73' lang='grc' dir='ltr'><strong>⁴³κατᾶ</strong></span> <span class='ocrx_word' id='word_1_734' title='bbox 1900 5587 1996 5656; x_wconf 77' lang='grc' dir='ltr'><strong>τὴν</strong></span> <span class='ocrx_word' id='word_1_735' title='bbox 2057 5578 2417 5673; x_wconf 74' lang='grc' dir='ltr'>Ἡλιούπολιν,</span> <span class='ocrx_word' id='word_1_736' title='bbox 2472 5594 2539 5656; x_wconf 83' lang='grc' dir='ltr'><strong>Ι),</strong></span> <span class='ocrx_word' id='word_1_737' title='bbox 2596 5590 2749 5660; x_wconf 66' lang='grc' dir='ltr'>ἡλίου</span> <span class='ocrx_word' id='word_1_738' title='bbox 2810 5588 2990 5659; x_wconf 83' lang='grc' dir='ltr'>πόλιν,</span> <span class='ocrx_word' id='word_1_739' title='bbox 3028 5590 3092 5650; x_wconf 87' lang='grc' dir='ltr'><strong>Ρ.</strong></span> 
     </span>
    </p>
   </div>
   <div class='ocr_carea' id='block_1_102' title="bbox 3208 5585 3660 5663">
    <p class='ocr_par' dir='ltr' id='par_1_102' title="bbox 3208 5585 3660 5663">
     <span class='ocr_line' id='line_1_102' title="bbox 3208 5585 3660 5663; baseline 0.007 -22"><span class='ocrx_word' id='word_1_740' title='bbox 3208 5585 3272 5637; x_wconf 74' lang='lat' dir='ltr'><strong>tt</strong></span> <span class='ocrx_word' id='word_1_741' title='bbox 3320 5585 3404 5645; x_wconf 77' lang='grc' dir='ltr'><strong>ἐπὶ</strong></span> <span class='ocrx_word' id='word_1_742' title='bbox 3458 5586 3541 5663; x_wconf 80' lang='grc' dir='ltr'><strong>τό,</strong></span> <span class='ocrx_word' id='word_1_743' title='bbox 3596 5587 3660 5650; x_wconf 89' lang='lat' dir='ltr'><strong>s.</strong></span> 
     </span>
    </p>
   </div>
  </div>
