4064 6212
435 257 586 327 1087
1590 257 1651 323 S.
1709 259 2055 326 DIONYSII

2168 259 2644 328 REOPAGITIE.
3661 262 3816 333 1088

429 392 584 456 xerit
601 413 642 472 ε,
675 395 1008 474 cunctaque
1039 390 1179 456 velit
1209 389 1323 452 sibi
1371 407 1610 470 semper
1639 410 1772 482 esse
1817 394 2060 476 similia,

2168 403 2267 466 ιικῆ
2334 397 2803 477 κατεγκαλούντων
2851 395 3132 481 ἀνέχεται,
3166 401 3254 458 καὶ
3305 402 3464 468 αὒτός
3498 400 3813 482 ἀπολογεῖ-

343 555 345 558 ,
439 491 498 544 et
527 502 632 565 pro
657 485 943 563 cujusque
973 491 1147 564 captu
1170 483 1610 545 communicare
1638 489 1665 546 ?
1707 481 1856 556 Quid
1908 486 2068 564 quod

2168 507 2286 567 ut;
2330 490 2420 546 καὶ
2461 488 2665 565 μᾶλλόν
2722 489 3113 568 ἐπαγγέλλεται
3161 493 3522 572 θεραπεύσείν,
3581 481 3699 552 καί
3733 493 3817 550 ἔτι

432 592 467 636 a
487 592 552 635 se
582 573 927 636 deficientes
952 591 1157 634 amore
1188 583 1606 653 prosequatur,
1633 574 2071 654 contendatque

2168 579 2339 641 αὐτοῖς
2416 579 2732 660 ἀπέχουσιν,
2790 579 2936 655 ὅμως
2963 580 3313 660 προσιοῦσι6³
3336 583 3662 665 προστρέχει
3722 582 3816 641 καὶ

429 682 497 725 ac
524 671 709 742 roget,
745 682 820 725 ne
845 662 1244 741 dedignentur
1270 679 1510 724 amores
1545 667 1561 704 ι
1593 682 1608 738 ;
1642 663 1787 744 quin
1819 674 1880 725 et
1918 664 2074 726 deli-

2168 670 2361 727 Srrzam'
2405 670 2492 728 καὶ
2535 669 2655 737 ὃλος
2719 669 2872 736 ὅλους
2937 672 3162 752 περιφὺς
3219 662 3535 750 ἀσπάζεται,
3717 677 3820 731 οὔκ

431 753 623 813 ciosos
648 753 806 833 ipsos
835 771 902 814 ac
934 765 1162 815 temere
1185 760 1586 832 provocantes
1618 751 2076 835 sustinet,atque

432 845 684 922 ipsemet
713 851 974 920 excusat,
1004 861 1194 923 eoque
1240 842 1422 920 magis
1451 859 1517 903 se
1545 842 1776 923 recepit
1803 842 1937 904 illos
1965 861 2074 905 cu-

432 940 719 1004 raturum,
783 932 1046 1013 ipsisque
1093 933 1216 1011 jam
1261 931 1456 993 adhuc
1486 931 1864 1006 distantibus,
1897 931 2078 993 simul

433 1028 632 1082 tamen
682 1021 1136 1084 adventantibus
1184 1021 1445 1084 occurrit
1469 1029 1528 1082 et
1555 1020 1768 1095 obviat,
1801 1026 2080 1102 totusque

433 1120 592 1172 totos
613 1112 982 1191 amplectens
1006 1111 1327 1191 osculatur,
1363 1130 1558 1192 neque
1580 1112 1656 1173 de
1678 1112 1942 1191 pristinis
1975 1129 2076 1174 eos

443 1200 766 1279 arguil,sed
799 1201 993 1280 diligit
1014 1201 1349 1282 praesentia,
1377 1201 1712 1281 festumque
1743 1201 1902 1264 diem
1933 1202 2076 1278 agit;

432 1307 500 1350 ac
534 1302 816 1353 convocat
837 1291 1365 1365 amicos,videlicet
1396 1289 1677 1369 bonos,ut
1707 1290 1781 1352 sit
1809 1292 2078 1354 omnium

435 1378 757 1442 laetantium
781 1381 1062 1443 habitatio
1085 1398 1132 1443 ιι.
1171 1383 1354 1443 Porro
1373 1379 1849 1460 Demophilus,et
1868 1381 1921 1442 si
1944 1381 2081 1460 quis

436 1469 588 1531 alius
633 1471 804 1532 bonis
875 1472 1239 1542 adversatur,
1268 1472 1406 1550 jure
1466 1470 1677 1532 merito
1735 1470 2080 1550 corripitur,

435 1558 708 1640 bonaque
760 1561 1008 1623 docetur
1037 1568 1100 1622 ut
1132 1561 1505 1622 emendetur.
1553 1561 1864 1632 Quomodo
1897 1563 2081 1635 enim,

437 1649 651 1731 inquit,
687 1670 804 1712 non
836 1651 1146 1732 oportebat
1171 1669 1304 1713 eum
1325 1652 1422 1732 qui
1449 1651 1639 1712 bonus
1659 1651 1850 1724 est,de
1875 1669 2080 1712 eorum

2161 758 2384 838 ἐγκαλεῖ
2440 761 2558 838 περὶ
2613 768 2720 818 τῶν
2771 760 3066 841 προτέρων,
3126 761 3263 820 ἀλλά
3317 764 3502 839 ἁγαπᾳ
3556 767 3626 823 τὰ
3666 787 3815 835 παρ-

2161 849 2309 923 όντα,
2343 849 2431 905 καὶ
2473 847 2660 925 ἑορτήν
2715 848 2860 928 ἄγει,
2912 852 3002 906 καὶ
3049 849 3311 928 συγκαλεῖ
3341 850 3407 901 84
3445 857 3570 918 τοὺς
3601 852 3816 933 φίλους,

2162 933 2368 1004 δηλαδὴ
2421 943 2542 1000 τοός
2599 937 2848 1018 ἀγαθοὺς,
2883 936 2975 994 ἴνα
3009 944 3045 1012 ᾗ
3100 939 3314 997 πάντων
3381 940 3816 1020 εὔφραινομένων

2162 1028 2196 1094 ἡ
2231 1027 2496 1088 κατοικὶα,
2543 1026 2867 1106 ’Δημόφιλος
2920 1027 3000 1101 δὲ,
3060 1029 3162 1085 κατ
3203 1029 3254 1085 εἴ
3286 1052 3364 1095 τις
3397 1029 3557 1096 ἄλλος
3590 1031 3820 1108 ὶγαθοῖς

2161 1117 2542 1197 ἀπεχθάνεται,
2575 1117 2663 1173 καί
2691 1116 2817 1172 λίαν
2859 1115 3074 1181 ἐνδίκως
3131 1121 3463 1194 ἒπιτιμᾶται,
3520 1122 3608 1176 καὶ
3668 1118 3818 1176 ἔκδι-

2161 1205 2406 1263 δὰσκεται
2463 1207 2531 1262 τὰ
2600 1204 2761 1279 καλὰ,
2814 1208 2903 1263 καὶ
2994 1207 3327 1286 ἆγαθυνεται,
3391 1214 3511 1275 Πῶς
3559 1210 3664 1288 γὰρ
3723 1211 3818 1265 ob:

2164 1294 2286 1368 ἔδει,
2321 1297 2470 1376 φησὶ,
2551 1296 2640 1352 τὸν
2697 1296 2892 1374 ἀγαθὸν
2923 1299 3009 1353 imi
3065 1299 3298 1377 σωτηρίᾳ
3347 1303 3454 1356 τῶν
3522 1297 3817 1356 ἀπολωλό-

2163 1405 2269 1440 των
2325 1383 2708 1462 εὐφραίνεσθαι,
2790 1386 2875 1440 καὶ
2931 1391 3043 1461 ζωῇ
3129 1389 3231 1444 τῶν
3310 1388 3816 1462 τεθανατωμενὼν;

2164 1472 2386 1549 Ἀμελει
2417 1473 2505 1530 καὶ
2561 1471 2645 1530 ἐπ’
2703 1472 2868 1548 ὤμων
2925 1473 3069 1554 αἴρει
3098 1471 3162 1524 65
3189 1476 3250 1532 τὸ
3280 1475 3438 1550 μόλις
3469 1476 3575 1533 ἀπὸ
3603 1475 3820 1542 πλάνης

2165 1562 2481 1643 ἐπιστραφέν
2499 1560 2585 1638 68,
2621 1564 2707 1619 καὶ
2748 1564 2868 1626 τοὺς
2911 1564 3138 1640 ἀγαθοὺς
3171 1564 3428 1642 ἀγγέλους
3485 1568 3557 1628 εἰς
3617 1570 3820 1644 εὖφρο-

2165 1655 2325 1722 σύνην
2357 1654 2568 1733 ἐγείρει,
2627 1654 2715 1710 καὶ
2774 1654 3004 1732 ίρηστός
3037 1654 3179 1711 ἐστιν
3233 1653 3296 1703 67
3352 1655 3436 1711 ἐπὶ
3471 1657 3593 1720 τοὺς
3653 1656 3822 1735 ἁχαρί

438 1741 537 1818 qui
569 1742 866 1820 perierant
897 1743 1106 1817 salute,
1145 1761 1252 1802 nec
1282 1761 1399 1802 non
1443 1759 1650 1803 eorum
1685 1741 1786 1821 qui
1818 1741 2080 1803 defuncti

2168 1769 2345 1826 στους,
2396 1748 2483 1802 καὶ
2539 1743 2908 1801 ἀνατέλλει-τὸν
2962 1744 3116 1814 ἣλιον
3175 1747 3332 1804 αὗτοὺ
3402 1749 3489 1803 ἐπὶ
3550 1749 3821 1824 πονηροὺς

439 1839 608 1891 erant
644 1831 756 1892 vita
814 1830 1050 1893 laetari?
1107 1829 1412 1912 Siquidem
1469 1831 1646 1892 etiam
1707 1831 1767 1890 in
1800 1831 2082 1892 humeros

437 1920 593 1983 tollit
622 1919 860 1984 vixdum
895 1923 966 1983 ab
1013 1938 1219 1984 errore
1263 1940 1638 2001 conversum,
1670 1929 1728 1982 et
1760 1921 1948 1982 bonos
1977 1939 2080 1981 an-

438 2009 602 2084 gelos
657 2015 732 2074 ad
791 2011 1051 2072 laetitiam
1099 2011 1336 2085 excitat,
1371 2012 1513 2093 quin
1547 2019 1607 2072 et
1637 2011 1877 2089 ingratis
1906 2010 2082 2072 beni-

439 2118 592 2178 gnus
609 2100 825 2181 existit,
865 2111 919 2165 et
941 2103 1100 2164 oriri
1125 2102 1276 2180 facit
1297 2101 1484 2163 solem
1502 2119 1678 2163 suum
1697 2118 1880 2180 super
1905 2099 2085 2163 bonos

441 2198 501 2251 et
531 2189 718 2252 malos
739 2201 965 2272 ﬁatque
995 2191 1184 2272 ipsam
1209 2211 1377 2253 suam
1403 2190 1658 2252 animam
1687 2208 1796 2270 pro
1821 2190 2083 2269 profugis

441 2279 606 2360 ponit
634 2294 679 2338 κ.
711 2284 798 2344 Tu
826 2290 1057 2362 vero,ut
1086 2293 1198 2344 tuze
1228 2282 1442 2343 litterae
1462 2280 2081 2361 declarant,acciden—

438 2375 560 2433 tem
593 2372 910 2453 sacerdoti,
944 2374 1110 2435 illum
1136 2391 1312 2452 quem
1337 2373 1582 2451 impium
1614 2390 1680 2432 ac
1708 2378 2078 2451 peccatorem

439 2459 611 2534 dicis,
645 2462 848 2524 nescio
879 2463 1178 2544 quomodo
1203 2481 1308 2542 per
1341 2473 1395 2522 te
1427 2479 1686 2542 praisens
1741 2459 2038 2540 repuleris
2073 2481 2086 2535 ;

440 2559 567 2609 tum
587 2550 684 2612 ille
707 2553 949 2631 quidem
972 2552 1404 2633 deprecabatur
1419 2560 1475 2612 et
1491 2551 1785 2612 fatebatur
1799 2569 1863 2610 se
1877 2551 1946 2612 ad
1972 2568 2090 2610 ma-

439 2639 632 2701 lorum
658 2641 1011 2705 medicinam
1032 2643 1462 2716 advenissse;tu
1477 2641 1850 2722 autem,nihil
1870 2641 2086 2702 veritus

441 2730 662 2792 bonum
682 2732 931 2814 insuper
951 2732 1321 2794 sacerdotem
1341 2751 1473 2792 cum
1494 2733 1745 2810 quadam
1769 2730 2086 2792 insolentia

439 2821 808 2884 conviciatus
839 2842 924 2903 es,
977 2823 1131 2904 quod
1168 2823 1483 2883 miseratus
1523 2829 1680 2882 esset
1725 2820 2079 2900 pamitentis,

2166 1840 2252 1894 καὶ
2276 1837 2531 1914 ἀγαθούς,
2577 1837 2665 1892 καὶ
2709 1837 2870 1903 αὐτὴν
2893 1837 2992 1903 τὴν
3022 1837 3208 1916 ψυχὴν
3238 1837 3396 1893 αὖτοῦ
3427 1840 3638 1903 τίθησιν
3687 1838 3822 1911 ὑπὲρ

2167 1933 2270 1984 τ·ῐ›ν
2302 1928 2710 2007 ἀποφευγόντων
2738 1925 2826 1988 6'3.
2861 1927 2933 1982 Σὺ
3003 1924 3080 2005 δέ,
3111 1929 3185 1989 ὡς
3252 1929 3317 1983 τὰ
3371 1926 3665 2004 γράμματᾶ
3730 1949 3821 1982 σου

2166 2016 2349 2096 δηλοῖ,
2381 2020 2469 2074 καὶ
2513 2017 2881 2096 προσπεσόντα
2939 2021 3016 2088 τῷ
3072 2020 3228 2096 ἱερεῖ,
3261 2018 3353 2074 τὸν
3385 2019 3459 2078 ὡς
3510 2017 3618 2095 φῇς
3652 2014 3818 2081 ἀσεϐῆ

2166 2110 2252 2165 καὶ
2310 2106 2648 2185 ἁμαρτωλὸν,
2712 2106 2807 2164 οὒκ
2851 2103 2953 2163 οἶδ’
3007 2105 3152 2169 ὅπως
3206 2104 3322 2162 καθ’
3389 2107 3577 2165 ἑαυτοῦ
3640 2108 3823 2182 παρών

2166 2197 2526 2264 ἁπελάκτισας
2565 2216 2581 2232 '
2640 2210 2780 2271 εἶτα,
2817 2199 2844 2253 ὁ
2894 2197 2991 2270 μὲν
3052 2194 3223 2253 ἐδεῖτο
3276 2195 3341 2245 69
3401 2197 3489 2251 καὶ
3547 2196 3824 2274 ὡμολόγει

2167 2294 2295 2360 πρὸς
2354 2289 2582 2366 ἰατρείαν
2625 2287 2802 2343 κακῶν
2838 2285 3168 2359 ἐληλυθέναι,
3229 2288 3290 2342 σὺ
3345 2284 3400 2342 δὲ
3457 2286 3551 2342 οὒκ
3582 2284 3823 2364 ἔφριξας,

2172 2377 2308 2434 ἀλλὰ
2338 2380 2424 2434 καὶ
2450 2380 2538 2434 τὸν
2578 2379 2773 2455 ἀγαθὸν
2803 2376 2942 2454 ἱερέα
2974 2377 3107 2450 μετὰ
3161 2378 3381 2455 θράσους
3449 2375 3512 2425 70
3568 2397 3821 2453 προεπη-

2173 2466 2408 2542 λάκιζες,
2461 2466 2679 2533 ueme
2737 2478 2877 2521 εἶναι.
2928 2466 3306 2540 μετανοοῦντα,
3371 2467 3458 2520 καὶ
3516 2466 3608 2520 τὸν
3659 2463 3822 2531 ἅπΞῆ

2627 2557 2712 2612 καὶ
2767 2555 2945 2631 τέλος,
2999 2579 3027 2610 τ
3062 2553 3264 2629 ”Εξιθι,
3309 2578 3330 2609 ι
3378 2555 3510 2632 ἔφης
3539 2561 3621 2627 τῷ
3663 2558 3823 2632 ἱερεῖ,

2168 2648 2303 2722 μετὰ
2333 2649 2437 2702 τῶν
2488 2647 2687 2720 ὁμοίων
2741 2647 2829 2702 καὶ
2880 2643 3266 2718 είσεπήδησας,
3319 2644 3417 2700 οὒκ
3466 2643 3617 2706 ὄντος
3662 2647 3824 2718 θεμι-

2165 2745 2280 2816 τοῦ,
2333 2737 2463 2815 πρὸς
2519 2736 2584 2794 τὰ
2642 2733 2825 2808 ἄδυτα,
2881 2738 2971 2791 καὶ
3027 2735 3093 2792 τὰ
3124 2734 3300 2812 ’Ἅγια
3329 2741 3436 2790 τῶν
3466 2735 3636 2810 ἁγίων
3663 2735 3821 2789 συνέ-

2167 2825 2402 2906 στειλας,
2459 2826 2545 2881 καὶ
2603 2825 2821 2904 γράφεις
2881 2827 3039 2898 ἡμῖν,
3101 2823 3182 2880 ὅτι
3230 2823 3493 2900 μέλλοντα
3525 2822 3826 2902 διαφθαρῆ-

2171 2556 2526 2614 δικαιώσαντα
2559 2571 2573 2586 ⁶

439 2919 614 2990 atque
669 2912 916 2991 impium
968 2912 1359 2992 justificasset
1385 2932 1400 2992 ;
1431 2929 1500 2972 ac
1535 2909 1799 2990 tandem,
1840 2931 1862 2965 (ι
1892 2909 2022 2981 Exi,
2050 2935 2076 2965 ι)

2168 2939 2250 2973 ναι
2297 2917 2362 2972 τὰ
2417 2916 2530 2992 ἱερᾶ
2591 2922 2956 2992 προνοητικῶς
3007 2914 3288 2987 ἁπέσωσα,
3325 2915 3413 2969 καὶ
3462 2913 3539 2969 ἔτι
3572 2913 3829 2993 ἄχραντα

441 3000 721 3079 inquiens
751 3001 1071 3073 sacerdoti,
1096 3001 1236 3063 599
1259 3020 1393 3063 cum
1417 3001 1517 3080 qui
1550 2999 1849 3061 similibus
1874 3007 2080 3060 contra

2168 3005 2521 3086 διαφυλάττω.
2565 3005 2696 3078 Νῦν⁵
2716 3012 2804 3062 οὖν
2864 3001 3019 3064 ἄκουε
3081 3011 3188 3060 τῶν
3240 3003 3536 3081 ἡμετέρων·
3600 3007 3676 3061 Οὐ
3736 3007 3833 3059 θε-

441 3089 529 3150 fas
558 3089 618 3150 in
639 3091 810 3170 adyta
835 3091 1128 3171 irrupisti,
1164 3111 1232 3152 ac
1260 3093 1476 3154 Sancta
1507 3099 1846 3152 sanctorum
1879 3093 2080 3151 conta-

2168 3098 2320 3170 μιτὸν
2368 3093 2509 3172 ἱερέα
2560 3097 2692 3172 πρὸς
2749 3095 2856 3151 τῶν
2912 3093 3042 3172 ὑπὲρ
3121 3095 3182 3149 σὲ
3241 3092 3590 3172 λειτουργῶν,
3625 3093 3662 3160 ἢ
3721 3095 3834 3148 τῶν

447 3177 707 3260 minasti,
752 3188 810 3241 et
837 3181 1053 3242 scribis
1098 3180 1270 3241 nobis
1304 3190 1358 3241 te
1387 3188 1611 3249 sancta,
1645 3196 1777 3239 cum
1808 3177 2084 3240 violanda

445 3282 906 3352 essent,summa
921 3289 1060 3332 cura
1081 3270 1567 3352 providentiaque
1589 3285 2084 3347 servasse,eaque

444 3359 731 3422 hactenus
763 3360 986 3423 illibata
1021 3359 1341 3423 custodire.
1380 3361 1549 3422 Nunc
1609 3376 1747 3436 ergo
1792 3357 1930 3419 audi
1974 3376 2084 3418 no-

443 3457 622 3510 stram
655 3450 1011 3512 sententiam
1045 3471 1058 3512 :
1092 3447 1268 3512 Nefas
1301 3457 1390 3508 est
1415 3447 1786 3509 sacerdotem
1836 3466 1869 3508 a
1902 3455 1956 3506 te
1987 3445 2082 3508 di-

441 3538 750 3616 gnioribus
781 3538 1093 3612 ministris,
1128 3538 1288 3600 tuive
1329 3536 1556 3598 ordinis
1604 3536 1914 3597 monachis
1961 3554 2091 3598 cor-

440 3627 578 3708 ripi,
612 3628 988 3709 quantumvis
1038 3629 1100 3690 in
1157 3629 1352 3689 divina
1398 3625 1618 3704 impius
1676 3625 1973 3705 videatur,
2029 3633 2091 3689 et

441 3718 673 3781 etiamsi
729 3718 869 3800 quid
913 3717 1074 3781 aliud
1134 3718 1376 3779 vetitum
1424 3714 1618 3794 egisse
1675 3713 2084 3784 convincatur,

375 3829 387 3844 ·
441 3808 591 3870 Nam
642 3809 693 3870 si
716 3808 1117 3870 distinctionis
1138 3806 1490 3882 ordinisque
1519 3804 1810 3884 confusio,
1845 3802 2092 3864 divinis-

440 3899 724 3958 simarum
781 3897 1267 3960 constitutionum
1318 3895 1635 3975 legumque
1698 3893 2087 3972 transgressio

445 3996 536 4050 est
572 4008 588 4068 ;
622 3989 781 4049 nulla
821 3997 980 4050 certe
1028 3987 1181 4048 ratio
1215 3994 1304 4047 est
1322 4007 1342 4064 ξ
1365 3997 1571 4065 ropter
1597 3985 1783 4046 Deum
1811 3982 2086 4044 traditum

441 4077 724 4140 divinitus
754 4079 1024 4140 ordinem
1056 4074 1734 4149 intervertendi.Neque
1757 4072 1995 4133 enimin
2025 4090 2090 4134 se

443 4166 599 4228 Deus
619 4167 842 4228 divisus
871 4178 981 4238 est,
1017 4165 1283 4246 alioquin
1315 4161 1614 4243 quomodo
1637 4161 1809 4222 stabit
1836 4179 2088 4240 regnum

445 4257 577 4336 ejus
605 4271 629 4313 v
657 4255 688 4316 ‘2
710 4255 782 4318 Et
808 4257 858 4316 si
892 4257 996 4318 Dei
1040 4265 1128 4318 est
1153 4253 1470 4334 judicium,
1501 4259 1562 4312 ut
1596 4251 1842 4330 Eloquia
1865 4258 2090 4313 testan-

446 4355 543 4408 tur
571 4367 614 4420 ι,
640 4346 982 4409 sacerdotes
1034 4354 1230 4408 autem
1259 4342 1456 4421 angeli
1492 4349 1629 4402 sunt
1657 4351 1705 4415 ³,
1735 4349 1794 4400 et
1817 4348 1948 4416 post
1979 4359 2089 4402 an-

2168 3187 2448 3263 ὁμοταγῶν
2499 3206 2581 3241 σοι
2613 3183 2666 3234 71
2693 3187 3026 3264 θεραπευτῶν
3079 3183 3401 3258 εὐθύνεσθαι,
3459 3182 3556 3238 κᾶν
3609 3180 3833 3238 ἀσεϐεῖν

2169 3277 2241 3341 είς
2284 3277 2350 3331 τὰ
2403 3278 2522 3332 θεῖα
2570 3273 2723 3355 δοκῇ,
2799 3272 2896 3332 κᾶν
2955 3273 3087 3332 ἄλλο
3142 3296 3196 3329 τι
3250 3276 3358 3330 τῶν
3443 3273 3828 3350 ἀπειρημένων

2169 3367 2507 3448 ἐξελέγχοιτο
2565 3365 2782 3446 δράσας.
2820 3368 2876 3424 Εἰ
2935 3367 3036 3446 γὰρ
3096 3366 3327 3442 ἀκοσμία
3371 3367 3460 3422 καὶ
3507 3365 3693 3430 ἀταξία
3723 3368 3828 3421 τῶν

2169 3449 2459 3514 θειοτάτων
2535 3457 2646 3513 ἐστὶ
2700 3457 2786 3513 καὶ
2872 3458 3007 3528 ὁρων
3059 3459 3148 3512 καὶ
3202 3459 3414 3530 θεσμῶν
3455 3452 3696 3528 ἔκϐασις,
3736 3456 3830 3511 οὖσι

2171 3548 2290 3627 ἕχει
2333 3545 2494 3624 λόγον
2543 3546 2670 3625 ὑπὲρ
2703 3553 2834 3602 Θεοῦ
2862 3545 2926 3596 ’Β
2953 3546 3053 3614 τὴν
3105 3544 3496 3625 θεοπαράδοτον
3529 3544 3834 3620 ἀνατρέπε-

2173 3641 2289 3694 σθαι
2335 3635 2502 3701 τάξιν.
2563 3637 2635 3694 Οὔ
2687 3636 2786 3714 γὰρ
2838 3635 2918 3716 ἐφ’
3002 3636 3187 3693 ἑαυτὸν
3246 3638 3275 3692 ὁ
3325 3635 3458 3697 856;,-
3520 3634 3776 3712 ἐμερίσθη
3814 3653 3828 3666 ·

2172 3733 2287 3789 πῶς
2345 3727 2444 3804 γὰρ
2494 3727 2812 3796 σταθήσεται
2869 3728 2903 3794 ἢ
2945 3723 3190 3802 βασιλεία
3241 3726 3399 3783 αὐτοῦ
3432 3742 3448 3800 ;
3485 3725 3594 3783 Καὶ
3652 3725 3696 3779 εἰ
3741 3721 3833 3778 to;

2174 3823 2307 3873 Θεοῦ
2339 3817 2502 3889 ἐστιν,
2563 3817 2637 3880 ὼς
2667 3817 2732 3872 τὰ
2762 3815 2919 3894 λόγια
2947 3838 3132 3895 φησιν,
3179 3814 3213 3882 ἥ
3245 3815 3437 3893 κρίσις,
3491 3815 3539 3870 οἱ
3587 3812 3643 3869 δὲ
3673 3815 3832 3891 ἱερεῖς

2172 3905 2389 3985 ἄγγελοι
2445 3907 2532 3962 καὶ
2562 3905 2826 3986 ¹ὄποιρῆται
2875 3906 3008 3981 μετά
3064 3907 3187 3968 τοὺς
3239 3906 3500 3985 ἱεράρχας
3572 3905 3674 3959 εἶσὶ
3725 3904 3832 3960 uiro

2171 3997 2322 4053 θείων
2379 3995 2671 4074 κριμάτων,
2733 3997 2864 4072 πρὸς
2901 3995 3073 4068 αύτῷν
3112 3995 3180 4050 τὰ
3235 3997 3356 4050 θεῖα
3439 3995 3832 4071 προσηκόντως

2175 4108 2258 4143 σοι
2315 4083 2399 4141 διὰ
2459 4085 2636 4160 μέσων
2687 4083 2748 4133 73
2802 4084 2908 4140 τῶν
2967 4084 3307 4162 λειτουργῶν,
3343 4084 3468 4139 ὅταν
3625 4084 3828 4159 καιρὸς,

2174 4174 2503 4248 ἐκδιδάσκω,
2536 4173 2601 4230 δι’
2649 4175 2842 4231 ὤνκαὶ
2872 4175 2934 4230 τὸ
2982 4175 3124 4230 εἶναι.
3181 4172 3513 4250 θεραπευτὴς
3565 4170 3828 4238 ἡξιώθης,

2175 4263 2260 4320 ’Ἢ
2293 4266 2416 4344 οὖχὶ
2473 4266 2554 4320 καὶ
2604 4265 2671 4321 τὰ
2717 4264 2829 4344 ἱερὰ
2885 4263 3126 4338 σύμὸολα
3182 4269 3339 4319 τοῦτο
3389 4263 3489 4337 βοᾷ
3543 4263 3684 4336 ;καὶ
3736 4263 3832 4337 γὰρ

2175 4356 2278 4434 οὐχ
2307 4354 2489 4418 ἁπλῶς
2522 4355 2768 4412 ἁπάντων
2796 4355 2894 4429 μὲν
2917 4352 3168 4430 ἐξῃρηται
3196 4352 3262 4408 τὰ
3291 4351 3463 4428 ’Ἀγια
3499 4352 3612 4406 τῶν
3642 4351 3828 4427 ἁγίων·

443 4435 659 4498 tistites
707 4435 1048 4498 divinorum
1099 4437 1478 4521 interpretes
1490 4429 1885 4521 judiciorum,
1909 4429 1982 4521 ab
2023 4431 2084 4493 iis

2177 4429 2457 4515 πλησιᾶζει
2488 4443 2544 4500 δὲ
2593 4443 2796 4521 μᾶλλον
2855 4429 3036 4505 αὺτοῖς
3067 4443 3095 4498 ό
3149 4443 3253 4498 τῶν
3308 4437 3697 4517 ἱεροτελεστῶν
3721 4437 3833 4495 Sui-

445 4525 678 4601 ordine,
710 4533 883 4605 prout
912 4535 966 4586 te
1001 4519 1602 4596 decet,mediantibus
1633 4517 2092 4598 ministris,dum

444 4615 556 4676 erit
589 4623 1008 4695 opportunum,
1038 4613 1234 4674 divina
1255 4608 1441 4690 disce,
1480 4625 1584 4689 per
1608 4625 1757 4687 quos
1796 4607 1996 4683 etiam,
2031 4619 2094 4670 ut

444 4703 774 4766 monachus
803 4720 989 4784 esses,
1018 4700 1300 4763 habuisti.
1336 4701 1427 4762 An
1493 4715 1627 4758 vero
1653 4714 1772 4758 non
1803 4695 1862 4756 id
1898 4697 2092 4778 ipsum

445 4812 614 4856 sacra
657 4795 825 4874 signa
867 4791 1239 4874 proclamant
1270 4792 1515 4866 Z’neque
1551 4787 1708 4848 enim
1736 4784 2096 4866 simpliciter

446 4880 660 4946 Sancta
705 4893 1044 4946 sanctorum
1109 4880 1182 4942 ab
1241 4877 1520 4938 omnibus
1567 4881 1878 4953 segregata
1906 4888 2087 4956 sunt;

521 5079 540 5104 ⁸
567 5073 738 5132 Joan.
771 5087 812 5140 ι,
845 5069 882 5130 2
966 5073 982 5105 ⁸
1015 5070 1222 5132 Matth.
1256 5085 1336 5132 χι.
1425 5075 1454 5106 ιι
1485 5061 1624 5124 Luc.
1657 5081 1748 5124 xv.

449 5167 591 5232 xxx,
632 5152 706 5215 t8
736 5173 752 5233 ;
785 5149 958 5214 Rom.
993 5168 1057 5227 ιι,
1096 5151 1195 5214 16.
1277 5164 1303 5193 ι
1335 5144 1590 5211 Malach.
1625 5159 1691 5225 ιι,
1718 5143 1780 5206 7.

1839 5077 1863 5108 '
1901 5066 2110 5132 Matth.

2176 4557 2402 4614 κοσμος,
2462 4538 2583 4592 εἶτα
2634 4538 2740 4591 τῶν
2781 4534 2962 4613 ἱερέων
3020 4532 3058 4601 ἢ
3113 4529 3497 4605 διακόσμησις,
3556 4530 3831 4604 ἑπομένως

2178 4623 2232 4680 δὲ
2264 4625 2471 4689 τούτοις
2521 4626 2555 4692 ἡ
2600 4623 2706 4680 τῶν
2765 4622 3085 4699 λειτουργῶν
3142 4637 3156 4650 ·
3209 4619 3330 4684 τοῖς
3377 4616 3432 4674 δὲ
3487 4618 3832 4696 τεταγμένοις

2175 4718 2523 4791 θεραπευταῖς
2553 4717 2605 4770 αἱ
2636 4712 2802 4770 πύλαι
2833 4711 2937 4769 τῶν
2993 4708 3192 4766 ἀδύτῶν
3246 4706 3383 4765 εἰσίν
3437 4706 3831 4787 ἀφωρισμεναι,

2176 4795 2294 4862 καθ’
2351 4803 2411 4869 ἅς
2442 4802 2529 4860 καὶ
2559 4802 2840 4860 τελοῦνται
2876 4802 2967 4857 καὶ
3019 4804 3368 4879 παρεστᾶσιν,
3399 4800 3457 4855 οὗ
3489 4797 3626 4873 πρὸς
3678 4812 3835 4875 φυλα-

2175 4895 2278 4962 κὴν
2327 4895 2521 4970 αὑτων,
2574 4891 2712 4952 ἀλλὰ
2742 4892 2871 4970 πρὸς
2925 4889 3068 4956 τάξιν
3132 4889 3222 4946 καὶ
3278 4886 3570 4964 ἐπίγνωσιν
3637 4885 3831 4940 ἐαυτιῖδν

3070 5078 3097 5121 ι
3127 5063 3332 5128 Matth.
3367 5078 3469 5137 xu,
3504 5059 3589 5125 25
3673 5073 3698 5104 ι
3731 5059 3836 5126 [sai

2170 5086 2229 5147 v,
2283 5069 2383 5132 45.
2471 5071 2695 5133 xJoan.
2758 5089 2817 5152 ι,
2886 5070 2983 5132 ii.

1761 5305 2023 5379 VARUE
2066 5307 2508 5376 LECTIONES.

525 5473 580 5517 6³
612 5482 881 5557 προξοῠσι,
913 5472 976 5538 S.
1061 5473 1127 5526 δι
1153 5477 1250 5532 καὶ
1283 5467 1657 5550 συγκαλεϊται,
1712 5465 1786 5529 D.
1822 5469 1884 5532 S.
1919 5471 1986 5532 P.
2071 5470 2137 5523 65
2165 5473 2333 5555 φέρει,
2367 5475 2431 5538 8,
2514 5473 2580 5526 θθ
2608 5473 2943 5555 ἐπιστρέφον,
2976 5471 3042 5536 S.
3077 5470 3144 5534 Ρ.
3229 5467 3291 5520 67
3323 5469 3411 5526 καὶ
3463 5468 3836 5606 χέρηστότατς,

525 5581 586 5606 τιν
648 5554 749 5606 Ch,
790 5553 858 5606 n-
894 5553 960 5606 Ρ-
1033 5553 1096 5606 68
1125 5551 1532 5606 ἂποωυγόντων.
1559 5549 1629 5606 S.
1721 5544 1787 5598 θθ
1815 5547 2023 5606 ἦδεϊτο-
2058 5550 2119 5606 S.
2155 5556 2220 5606 Ρ-
2307 5555 2371 5606 70
2394 5557 2637 5606 Baiarum:~
2711 5553 2763 5605 7i.
2797 5557 3078 5606 ὁμοταγῶν
3112 5573 3230 5606 σου-
3253 5551 3317 5606 S.
3402 5547 3462 5599 "12
3515 5569 3547 5604 ιι
3578 5549 3746 5606 Θεοῦ.
3775 5544 3815 5606 S

444 5549 753 5636 gattv,_Ch.
789 5549 960 5616 DIP.
995 5635 1007 5636 ᾧ
1033 5549 1532 5636 θδλᾶποφυγόντων,
1559 5549 1629 5613 S.

443 5634 499 5683 73
529 5640 591 5699 σὺ
621 5634 707 5692 διὰ
738 5635 943 5714 μέσων,
981 5635 1051 5700 Ι).
1086 5634 1148 5704 S.

1721 5544 1787 5598 θθ
1815 5547 2023 5632 ἥδεττο,
2057 5550 2119 5625 8.
2155 5544 2221 5625 1⁵.

2307 5544 2371 5608 ’ῗο
2394 5557 2639 5636 θάρσους,
2711 5544 2776 5605 τι·
2797 5544 3078 5636 ὁμοταγῶν
3112 5573 3231 5638 σου,
3253 5551 3317 5615 S.
3402 5544 3547 5606 π’ἒιι
3578 5549 3746 5626 Θεοῦ,
3775 5544 3837 5622 ὃ,
