4066 6216
122 1094 563 1255 Teii".
688 1180 713 1213 -

1634 318 2001 396 EPISTULA
2062 320 2225 398 VIII.

3469 324 3617 399 1094
3688 296 3693 315 ’

760 490 864 526 των
922 478 1039 531 τοϊς
1085 466 1347 547 δευτέροις
1376 467 1705 543 ἀπονέμεται
1736 468 1800 519 93
1826 469 1893 527 τὰ

1988 487 2085 550 per
2105 470 2325 550 primas
2343 467 2687 550 secundis,a
2709 473 2871 531 recta
2881 470 3341 552 aequissimaque
3355 471 3619 534 omnium

814 565 879 626 ἧς
899 559 1113 616 πάντων
1143 559 1394 615 εὖτάκτου
1423 558 1512 614 καὶ
1542 556 1888 626 δικαιοτάτης

846 656 903 733 ἦν
930 650 1019 706 καὶ
1062 647 1237 705 ἄλλων
1290 648 1555 729 ἐπάρχειν
1612 651 1714 705 ὑπὸ
1763 650 1893 707 θεοῦ

892 737 1019 813 ’κθδ
1048 735 1161 813 μεθ’
1195 738 1411 800 ἑαυτοῦς
1467 738 1554 794 καὶ
1582 752 1701 795 τοῖς
1744 743 1891 806 ὖπη-

1062 825 1243 907 ἄφιλος
1283 826 1338 884 δὲ
1390 827 1536 905 λόγῳ
1592 829 1680 885 καὶ
1719 830 1888 903 θυμῷ,

1062 825 1243 907 ἄφιλος
1283 826 1338 884 δὲ
1390 827 1536 905 λόγῳ
1592 829 1680 885 καὶ
1719 830 1888 903 θυμῷ,

958 820 1104 1025 *δ’
1120 917 1459 1025 κάφοριζὲτω,
1520 920 1625 1025 καὶ.
1651 917 1754 1025 μὴ.
1774 918 1893 975 ἀδι-

970 1006 1011 1083 ,¹’
1050 1006 1164 1065 ἀλλ’
1231 1007 1515 1088 ὲκαρχέτω
1558 1015 1665 1065 τῶν
1736 1010 1890 1088 ὑφει-

914 1110 985 1159 τξ,
1027 1095 1207 1173 λόγος.
1265 1099 1326 1154 Ei
1380 1098 1477 1175 γὰρ
1535 1095 1621 1153 ἐπ’
1693 1100 1889 1177 ἀγορᾶς

844 1193 1089 1261 ρεσπότῃ,
1124 1188 1212 1242 καί
1253 1185 1588 1265 πρεσϐύτερῳ
1614 1186 1890 1266 νεώτερον,

811 1273 1318 1352 διαλοιδορούμενον,
1381 1273 1491 1351 ἅμα
1522 1276 1617 1333 καὶ
1651 1276 1892 1356 ἐπιόντα,

678 1366 967 1445 ’.τιτιθὲντα
1017 1362 1105 1445 96,
1138 1368 1224 1422 καὶ
1267 1362 1482 1422 ἀσεϐεῖν
1511 1364 1818 1443 ἐδοκοῦμεν,
1851 1368 1895 1423 εί

300 1450 369 1545 τ’.
400 1450 433 1459 ⁷
598 1478 846 1535 autem»
888 1453 1290 1545 ἐπιδραμόντες,
1348 1453 1743 1531 ἒϐοηθήσαμεν,
1779 1458 1898 1515 καὶ·

528 1569 584 1610 ..ος
617 1547 817 1604 ἐκεῖνοι
865 1543 1222 1623 προηδίκηντο
1259 1562 1274 1576 ⁹
1330 1550 1442 1608 πῶς
1475 1548 1570 1603 οὐκ
1600 1548 1899 1627 αἰσχυνθη-

434 1680 451 1693 .
520 1641 854 1715 παρορῶντες
909 1636 1010 1692 ὑπὸ
1081 1638 1244 1712 θυμοῦ
1297 1637 1381 1692 οιαὶ
1443 1635 1718 1712 ἐπιθυμίας
1779 1634 1898 1693 ἀδι-

351 1749 510 1800 μενον
569 1725 751 1804 λόγον,
806 1726 895 1783 καὶ
948 1724 1043 1792 τῆς
1102 1724 1162 1782 ἐκ
1222 1733 1354 1784 Θεοῦ
1410 1723 1646 1794 δοθείσης
1724 1727 1900 1809 ἀρχῆς

1975 560 2374 640 providentia,
2407 558 2621 639 cuique
2660 560 2818 637 justa
2849 577 2955 640 pro
2990 560 3216 621 meritis
3251 560 3616 633 tribuuntur,

1975 659 2041 709 ut
2070 649 2353 711 nimirum
2383 649 2423 710 ii
2475 648 2641 729 quia
2675 650 2794 712 Deo
2844 648 3107 711 ordinati
3148 659 3287 711 sunt
3338 652 3621 731 praesides

1975 739 2248 815 aliorum,
2284 738 2668 801 inferioribus
2692 755 2929 819 quoque
2958 737 3331 820 subditisque
3362 741 3486 802 suis
3516 758 3620 821 pro

1979 828 2208 891 meritis
2238 827 3017 909 distribuantJJemopllilus
3036 828 3239 911 itaque
3262 830 3525 892 sermoni
3554 850 3623 892 ac

1977 917 2160 979 furori
2174 918 2789 999 concupiscentiaique
2813 936 2961 998 sua),
2993 919 3148 980 sicut
3169 918 3621 994 decet,modum

1976 1014 2215 1086 statuat,
2248 1024 2443 1086 neque
2475 1007 2746 1068 ordinem
2792 1006 2993 1080 violet,
3027 1008 3133 1070 sed
3166 1007 3317 1070 ratio
3348 1009 3626 1087 superior

1976 1095 2359 1160 inferioribus
2388 1095 2752 1158 dominetur.
2785 1094 2930 1158 Nam
2962 1100 3036 1176 si,
3064 1115 3199 1158 cum
3225 1098 3284 1158 in
3314 1096 3442 1159 foro
3465 1096 3628 1160 vide—

1981 1204 2110 1248 mus
2123 1186 2407 1249 famulum
2426 1185 2695 1260 domino,
2712 1187 2934 1248 seniori
2950 1186 3629 1268 adolescentulum,sive

1978 1276 2155 1338 etiam
2184 1276 2368 1339 ﬁlium
2432 1275 2581 1356 patri
2630 1275 3011 1353 maledicere,
3054 1277 3352 1354 simulque
3400 1278 3628 1359 impetu

1978 1365 2134 1428 facto
2167 1368 2364 1447 plagas
2392 1367 2642 1442 inferre,
2666 1365 2943 1446 pietatem
2960 1366 3183 1429 violare
3214 1367 3628 1440 videmur,nisi

1982 1466 2388 1532 accurrentes,
2399 1454 2908 1537 praestantioribus
2921 1475 3094 1538 opem
3110 1457 3266 1520 ferre
3282 1458 3631 1520 studeamus

1984 1547 2418 1628 quantumlibet
2438 1545 2523 1609 illi
2542 1546 2789 1609 fortasse
2809 1546 2972 1627 prius
2987 1547 3304 1609 intulerint
3323 1547 3624 1628 injuriam:

1986 1655 2096 1699 cur
2118 1656 2234 1699 non
2267 1636 2808 1717 erubescimus,qui
2837 1637 3129 1699 rationem
3174 1635 3249 1698 ab
3280 1636 3370 1699 ira
3396 1644 3457 1698 et
3479 1656 3630 1700 con-

1986 1727 2349 1808 cupiscentia
2379 1726 2669 1801 violari,et
2697 1744 2730 1787 a
2760 1726 2977 1789 tradito
3009 1726 3124 1789 sibi
3156 1726 3439 1789 divinitus
3472 1727 3631 1807 prin-

246 1817 668 1898 ικϐαλλομενον,
745 1819 833 1875 καὶ
888 1820 944 1874 ἓν
1029 1819 1243 1882 ἑαυτοῖς
1331 1818 1499 1885 ἀσεκῆ
1556 1820 1643 1876 καὶ
1726 1817 1902 1876 ἄδικον

1988 1821 2180 1897 cipatu
2201 1815 2381 1896 dejici
2410 1815 2672 1878 videmus
2685 1826 2859 1897 atque
2874 1816 3452 1898 negligemus,atque
3475 1816 3632 1880 intra

248 1905 491 1981 ἀταξίαν,
549 1906 644 1964 καὶ
688 1907 895 1986 στάσιν,
927 1908 1015 1964 καὶ
1060 1906 1322 1983 ἀκοσμίαν
1365 1909 1703 1987 ἐγείροντες;
1743 1910 1901 1966 Εἰκό-

246 2018 359 2062 τως
390 1999 417 2053 ὁ
474 1997 732 2075 μακάριος
783 1996 940 2072 ἡμῶν
988 1997 1049 2054 ἐκ
1095 2004 1224 2054 Θεοῦ
1283 2001 1575 2073 νομοθέτης
1615 1999 1709 2056 οὒκ
1762 1999 1902 2066 ἀξιοῖ

246 2091 351 2154 τῆς
424 2084 747 2153 Ἐκκλησίας
805 2092 897 2143 τοῦ
930 2093 1061 2143 Θεοῦ
1118 2089 1467 2159 προίστασθαι
1528 2091 1615 2144 t‘m
1677 2090 1753 2162 μὴ
1809 2096 1901 2145 τοῦ

247 2175 380 2234 ἰδίου
412 2176 563 2234 οἴκου
605 2175 781 2240 καλῶς
813 2174 917 2244 ἠδη
954 2178 1343 2255 προεστηκότα³
1395 2179 1610 2257 καὶγὰρ
1668 2180 1699 2235 ὅ
1747 2180 1898 2245 τάξις

252 2268 440 2326 ὲαυτὶν
472 2271 557 2324 καὶ
586 2300 591 2303 λ
620 2266 795 2344 ἕτερον
854 2265 1017 2331 mlier
1070 2270 1159 2323 καὶ
1181 2267 1214 2323 ὅ
1252 2268 1429 2346 ἕτερον
1460 2272 1547 2323 καὶ
1576 2269 1731 2327 οἷκον
1771 2292 1779 2300 ·
1814 2274 1901 2327 καὶ

238 2355 284 2415 ,ό
327 2369 478 2413 οἶκον
510 2356 594 2411 καὶ
625 2355 778 2414 πόλιν
814 2376 827 2391 ·
863 2358 950 2412 καὶ
981 2358 1008 2412 ὁ
1041 2355 1195 2412 πόλιν
1225 2359 1312 2413 καὶ
1344 2357 1488 2421 ἔθνος
1525 2379 1537 2393 ·
1582 2360 1671 2415 καὶ
1715 2359 1900 2422 ἁπλῶς

252 2446 460 2518 εἰπεῖν,
494 2448 566 2509 ὡς
596 2447 660 2502 τα
702 2444 859 2524 λογιίι
888 2468 1078 2526 φησιν,
1112 2450 1135 2502 ἐ
1168 2447 1225 2502 ἓν
1273 2447 1437 2523 ὀλίγῳ
1470 2450 1676 2519 πιστὸς,
1713 2450 1799 2505 καὶ
1847 2453 1903 2505 ἓν

252 2535 440 2610 πολλῳ
498 2537 692 2599 πιστός
739 2534 851 2591 ἐστι
895 2551 909 2566 ’

252 2624 445 2700 πολλῳ
474 2623 697 2688 ἄπιστος
742 2625 911 2683 ἐστιν,

959 2548 1047 2593 καί
1079 2538 1107 2592 ὁ
1158 2536 1213 2591 ἐν
1246 2536 1409 2613 ὀλίγῳ
1442 2538 1683 2618 ἀπιστοτ²
1731 2543 1815 2595 καὶ
1846 2539 1902 2594 ἐν

1987 1914 2411 1989 nosmetipsos,
2444 1908 2582 1968 602
2612 1907 2855 1988 impiam
2889 1907 3294 1988 injustamque
3320 1907 3634 1970 temerita-

1987 2006 2105 2059 tem
2157 2017 2225 2060 ac
2256 1998 2612 2060 seditionem
2667 1996 3207 2078 contusionemque
3251 1996 3576 2060 excitamus
3607 2002 3635 2060 ’ἲ

1987 2087 2194 2149 Merito
2225 2105 2368 2151 sane
2400 2087 2637 2149 divinus
2676 2096 2885 2148 noster
2914 2084 3152 2166 legifer,
3186 2085 3469 2149 Ecclesiae
3526 2086 3633 2152 Dei

1986 2175 2214 2255 praeﬁci
2248 2176 2518 2257 prohibet
2546 2179 2720 2238 eum‘
2748 2176 2851 2256 qui
2882 2185 3057 2237 antea
3087 2176 3287 2236 domui
3339 2194 3462 2237 suae
3512 2195 3632 2239 non

1986 2266 2139 2328 bene
2172 2267 2492 2347 praefuit“:
2527 2267 2629 2347 qui
2663 2266 2823 2328 enim
2871 2267 3135 2345 seipsum
3184 2282 3395 2344 regere
3445 2268 3629 2341 novit,

1986 2367 2046 2418 et
2069 2357 2510 2436 alteruiureget
2543 2378 2557 2437 ;
2588 2356 2689 2436 qui
2720 2355 3002 2430 alterum,
3041 2355 3221 2418 etiam
3256 2355 3635 2435 domum;qui

1986 2446 2251 2517 domum,
2285 2446 2465 2508 etiam
2493 2447 2794 2508 civitatem
2824 2467 2837 2521 ;
2872 2455 2937 2506 et
2970 2446 3069 2526 qui
3103 2445 3423 2519 civitatem,
3454 2443 3633 2507 etiam

1984 2545 2221 2613 gentem
2251 2559 2266 2610 ;
2299 2544 2498 2617 atque,
2523 2547 2588 2598 ut
2613 2536 2955 2597 summatim
2986 2536 3203 2607 dicam,
3231 2535 3399 2615 juxta
3429 2552 3634 2596 vocem

1986 2625 2404 2708 Veritatis,qui
2436 2629 2495 2689 in
2533 2627 2768 2689 modico
2804 2626 2999 2690 ﬁdelis
3029 2634 3137 2697 est,
3170 2625 3426 2687 etiamin
3449 2625 3638 2687 multo

1988 2716 2178 2778 ﬁdelis
2201 2717 2312 2777 erit
2343 2738 2358 2788 ;
2396 2726 2452 2779 et
2485 2718 2584 2798 qui
2617 2718 2677 2777 in
2703 2717 2939 2779 modico
2966 2714 3251 2789 inﬁdelis,
3281 2724 3338 2777 et
3369 2714 3428 2776 in
3454 2715 3637 2778 multo

1988 2824 2227 2885 quoque
2255 2806 2515 2868 inﬁdelis
2546 2807 2662 2867 crit
2718 2850 2733 2865 .

1871 2965 1901 3045 §
1946 2967 2045 3028 1v.

339 3125 505 3187 Αὐτὸς
554 3124 652 3197 μὲν
711 3133 798 3183 οὖν
855 3125 1125 3206 ἐπιθυμίᾳ,
1178 3127 1264 3183 καὶ
1317 3130 1488 3203 θδμῷ,
1522 3130 1609 3184 καὶ
1665 3127 1811 3207 λόγῳ
1838 3129 1902 3185 τὰ

2068 3130 2193 3208 ipse
2218 3146 2357 3206 ergo
2378 3126 2684 3208 cupiditati
2715 3145 2786 3189 ac
2804 3126 3016 3204 furori,
3050 3125 3385 3206 rationique
3417 3126 3503 3189 uti
3536 3144 3641 3205 par

255 3210 378 3269 κατ’
424 3211 569 3278 ἀξίαν
624 3213 860 3295 ἀωόριζε,
923 3219 1002 3273 σοὶ
1063 3215 1117 3272 δὲ
1152 3220 1200 3272 οἱ
1257 3220 1392 3274 θεῖοι
1423 3216 1739 3297 λειτουργοὶ,
1826 3221 1911 3275 καὶ

256 3303 465 3364 τούτοις
517 3305 564 3360 οἱ
619 3309 805 3382 ἱερεῖς,
883 3306 1127 3386 ἷερᾶρχαι
1180 3305 1234 3362 δὲ
1291 3320 1406 3369 τοϊς
1437 3312 1648 3384 ἱερεῦσι,
1683 3309 1908 3371 καὶτοῖς

256 3392 534 3471 ἰεράρχαις
594 3397 639 3449 οἱ
712 3395 1027 3475 ἀπόστολοι,
1094 3398 1182 3453 καί
1239 3398 1286 3453 οἱ
1312 3404 1416 3453 τῶν
1446 3397 1760 3454 ἀποστόλων
1791 3396 1909 3454 διά-

259 3478 440 3561 δοχοι.
476 3484 569 3540 Καὶ
591 3483 644 3539 εἴ
674 3484 776 3541 ποῦ
811 3507 889 3551 τις
920 3485 974 3540 ἐν
1003 3487 1226 3549 ἐκείνοις
1256 3495 1348 3545 τοῦ
1374 3488 1735 3564 προσήκοντος
1768 3488 1910 3544 ἀπο-

260 3569 512 3651 σφαλείη,
543 3574 684 3652 παρά
711 3581 818 3631 τῶν
848 3577 1129 3653 ὁμοταγῶν
1162 3574 1326 3654 ἀγίων
1384 3577 1905 3656 ἐπανορθωθήσεται,

259 3662 347 3717 καὶ
390 3660 450 3717 οὗ
480 3665 960 3744 περιστραφήσεται
992 3663 1133 3730 τάξις
1163 3663 1247 3720 ἐπὶ
1280 3664 1570 3739 τάξιν,ἀλλ’
1604 3666 1826 3728 ἕκαστος
1858 3665 1912 3722 ἐν

260 3755 330 3826 τῇ
357 3751 501 3815 τάξει
532 3756 692 3811 αὒτοῦ
718 3756 804 3810 καὶ
835 3754 889 3811 ἐν
920 3760 988 3830 τῇ
1015 3753 1316 3833 λειτουργίᾳ
1348 3755 1504 3813 αὐτοῦ
1522 3754 1912 3819 ἔσταιποσαῦ-

259 3841 328 3898 τά
357 3862 442 3898 σοι
474 3842 598 3921 παρ’
638 3844 794 3917 ἡμῶν
823 3844 953 3923 ὑπὲρ
982 3851 1073 3901 τοῦ
1117 3844 1304 3901 εἰδέναι
1336 3847 1422 3901 καὶ
1451 3843 1574 3925 δρᾴν
1608 3846 1673 3902 τά
1702 3844 1910 3905 ἑαυτοῦ.

260 3932 386 4009 Περὶ
445 3930 501 3987 δὲ
536 3937 631 3999 τῆς
679 3934 751 3998 εἰς
783 3933 870 3989 τὸν
900 3931 1060 4014 ἀνδρα
1110 3935 1224 4014 τὸν,
1299 3937 1373 3999 ὡς
1430 3941 1558 4016 φῇς,
1616 3933 1783 4001 ἀσεϐῆ
1825 3935 1914 3993 καὶ

262 4018 537 4099 ἀλιτήριον
579 4022 977 4102 ἀπανθρωπίας,
1014 4025 1108 4082 οὒκ
1159 4022 1266 4081 οἷδ’
1323 4022 1470 4088 ὅπως
1520 4024 1585 4074 97
1613 4023 1913 4101 κλαύσομαι

260 4111 323 4167 τὸ
382 4112 678 4190 σὺντριμσαα
720 4121 815 4171 τοῦ
870 4112 1151 4192 ἀγαπητοῦ
1179 4136 1283 4190 μου
1313 4129 1328 4146 ⁸
1397 4117 1536 4180 τίνος
1584 4117 1684 4194 γὰρ
1727 4114 1823 4192 οἴη
1848 4114 1912 4167 98

261 4202 587 4274 θεραπευτὴς
645 4200 730 4281 ὑφ’
779 4204 934 4279 ἡμῶν
983 4208 1250 4285 ταχθῆναι
1286 4222 1302 4281 ;
1333 4205 1422 4263 καὶ
1472 4205 1595 4284 γὰρ,
1628 4205 1673 4262 εἷ
1705 4206 1783 4278 μὴ
1821 4212 1914 4263 τοῦ

262 4289 482 4371 ἀγαθοῦ,
517 4290 730 4357 πάντως
778 4299 871 4348 τοῦ
929 4294 1018 4351 καὶ
1060 4293 1216 4371 ἡμῶν
1273 4295 1480 4375 ἀνάγκη
1530 4317 1589 4353 σε
1637 4295 1780 4354 εἶναι
1826 4300 1915 4355 καὶ

260 4382 362 4448 τῆς
395 4378 509 4439 καθ’
552 4382 695 4457 ἡμᾶς
727 4380 1005 4460 θεραπείας
1035 4381 1169 4452 ὅλης
1201 4382 1502 4463 ἀλλότριον,
1541 4388 1635 4442 καὶ
1688 4386 1800 4466 ὥρα
1832 4409 1911 4445 σοι

264 4471 351 4527 καὶ
384 4471 514 4527 Θεὸν
542 4470 794 4544 ζητῆσαι,
820 4472 906 4528 καὶ
962 4472 1131 4551 ἱερέας
1161 4472 1392 4554 ἐτέρους,
1453 4476 1542 4532 ναὶ
1582 4466 1712 4555 παρ’
1768 4475 1910 4535 ἐκεί-

262 4581 376 4625 νοις
404 4563 727 4639 θηριωθῆναι
758 4560 963 4637 μᾶλλον
991 4562 1028 4632 ἢ
1061 4563 1396 4639 τελεσθηναι,
1459 4567 1545 4621 καὶ
1603 4567 1746 4624 εἶναι
1810 4567 1910 4637 τῆς

265 4649 425 4729 φίλης
469 4650 842 4731 ἀπανθρωπίας
901 4652 1208 4728 ἀμεὶλικτον
1265 4652 1562 4735 ὑπηρέτην.
1626 4649 1752 4734 Ἆρα
1807 4643 1974 4737 γάρῡ

261 4739 429 4811 ἡμεῖς
488 4741 643 4798 αὺτοὶ
701 4745 832 4822 πρὸς
874 4746 937 4801 τὸ
980 4744 1154 4813 πάντη
1215 4743 1368 4824 ἅγιον
1428 4745 1906 4824 ἀποτετελέσμεθι,

261 4831 352 4887 καὶ
407 4830 468 4887 οὗ
515 4828 737 4906 δεόμεθα
766 4837 866 4903 τῆς
907 4834 1047 4901 θείας
1076 4834 1158 4915 5?,
1191 4835 1408 4900 ἑαυτοῖς
1466 4834 1858 4915 φιλανθρωπίας
1890 4860 1906 4913 δ

261 4919 301 4988 ἣ
354 4922 456 4988 τὴν
514 4918 704 4991 διπλῆν
760 4923 1044 5003 ἀμαρτίαν,
1105 4927 1177 4990 ὣς
1233 4926 1299 4981 τὰ
1341 4923 1497 5003 λόγιά
1571 4948 1731 5008 φησι,
1774 4928 1912 4988 κατὰ

260 5009 385 5073 τοῦς
418 5008 629 5076 ἀσεϐεῖς
688 5011 1083 5091 ἁμαρτάνομεν,
1119 5017 1215 5073 οὒκ
1262 5011 1455 5080 εἰδότες
1495 5013 1551 5071 ἒν
1604 5016 1705 5073 τίνι
1753 5038 1914 5097 προσ-

262 5099 558 5181 κᾶπτομεν,
644 5099 778 5158 ἀλλά
874 5104 963 5161 καὶ
1045 5101 1367 5171 δικαιοῦντες
1474 5105 1717 5178 ἑαυτοὺς,
1827 5106 1915 5163 καὶ

263 5211 498 5267 οιομενοι
554 5189 789 5271 βλέπειν,
837 5192 1051 5262 ἀληθῶς
1103 5192 1159 5250 δέ
1217 5195 1278 5251 οὗ
1316 5192 1603 5271 βλέποντες
1636 5181 1914 5272 ς”Εξὲστη

263 5281 538 5359 ὃοὸρανὸς
590 5279 677 5337 ἐπὶ
725 5283 916 5359 τούτῳ,
1003 5286 1091 5343 καὶ
1174 5283 1353 5364 ἔφριξα
1436 5282 1574 5364 ἒχὼ,
1634 5287 1723 5344 καὶ
1804 5284 1915 5344 δια·

344 5467 361 5505 ι
392 5461 414 5525 ι
441 5459 597 5526 Tim.
628 5478 693 5543 ιι,
728 5460 789 5523 2.

877 5473 906 5507 ιι
935 5460 1057 5526 Tit.
1083 5478 1125 5525 ι.
1213 5471 1238 5505 ν
1264 5460 1409 5525 Luc.
1443 5479 1565 5542 XVI,
1602 5462 1702 5530 lO.
1736 5458 1739 5459 ί

1994 3225 2104 3291 est,
2131 3235 2236 3280 sua
2265 3216 2484 3297 cuique
2516 3217 2718 3278 munia
2750 3215 3094 3296 praescribe,
3120 3214 3227 3278 tibi
3256 3214 3495 3278 interim
3512 3216 3640 3279 dia-

1993 3307 2217 3380 coni,et
2247 3305 2343 3367 bis
2370 3305 3025 3385 sacerdotes,przesules
3053 3323 3190 3367 vero
3223 3306 3639 3368 sacerdotibus

1995 3404 2172 3476 atqne
2205 3396 2555 3476 praesulibus
2581 3395 3365 3475 apostoli,successoresque
3396 3403 3636 3474 aposto-

1997 3484 2212 3547 lorum.
2242 3486 2316 3547 At
2347 3485 2396 3546 si
2428 3484 2561 3565 quis
2589 3486 2741 3546 forte
2766 3493 2940 3545 etiam
2989 3489 3146 3545 inter
3175 3484 3311 3544 illos
3341 3503 3372 3544 a
3420 3486 3640 3547 decoro

1993 3575 2306 3655 aberrarit,
2340 3576 2388 3636 is
2418 3594 2452 3636 a
2482 3575 2710 3637 sanctis
2759 3574 2850 3635 sui
2894 3573 3121 3635 ordinis
3171 3573 3524 3652 corrigatur,
3556 3578 3643 3634 sic

1996 3674 2202 3743 neque
2225 3668 2371 3727 ordo
2403 3662 2599 3726 ordini
2625 3663 3314 3744 permiscebitur,verum
3340 3663 3399 3723 in
3432 3661 3642 3725 ordine

1999 3755 2251 3837 quisque
2278 3774 2385 3817 suo
2418 3764 2477 3816 et
2509 3754 2704 3817 ofﬁcio
2737 3752 3088 3816 versabitur.
3123 3753 3318 3834 Atque
3345 3754 3469 3815 haec
3500 3753 3638 3833 qui-

1999 3847 2134 3908 dem
2168 3845 2271 3907 tibi
2302 3863 2336 3906 a
2363 3843 2535 3907 nobis
2560 3844 2719 3906 dicta
2748 3851 2910 3924 sunt,
2947 3851 3011 3905 ut
3058 3851 3116 3906 et
3149 3842 3306 3906 scias
3358 3852 3416 3905 et
3464 3842 3643 3905 facias

1998 3954 2129 4017 qua;
2159 3938 2242 3997 tui
2267 3944 2404 3997 sunt
2427 3934 2717 3998 muneris.
2754 3936 2939 3997 Porro
2970 3933 3046 3995 de
3080 3933 3179 3995 illa
3212 3934 3271 3995 in
3304 3931 3494 3995 virum
3554 3933 3640 4014 (ut

1995 4025 2106 4106 ais)
2143 4026 2392 4107 impium
2411 4043 2482 4088 ac
2519 4025 2815 4105 perditum
2847 4023 3238 4098 immanitate,
3279 4021 3484 4085 nescio
3525 4042 3641 4104 quo

1997 4117 2138 4179 ﬂetu
2171 4116 2447 4198 plangam
2472 4114 2899 4178 contritionem
2924 4113 3300 4177 dilectissimi
3325 4114 3641 4197 mei,cujus

1996 4206 2227 4269 scilicet
2254 4206 2542 4269 cultorem
2575 4213 2632 4269 te
2653 4206 2960 4267 arbitraris
2992 4224 3027 4267 a
3051 4204 3227 4267 nobis
3255 4205 3642 4267 constitutum

1996 4315 2151 4372 esse,
2190 4296 2304 4358 nisi
2334 4302 2497 4358 certe
2518 4294 2683 4359 illius
2732 4294 2950 4357 summi
2981 4293 3124 4357 boni
3155 4294 3349 4365 cultor
3380 4313 3464 4365 es.
3503 4313 3639 4376 pro-

1994 4387 2151 4452 fecto
2181 4394 2241 4449 et
2269 4405 2303 4448 a
2342 4385 2541 4461 nobis,
2574 4387 2818 4449 omnino
2865 4389 2929 4447 et
2970 4383 3044 4446 ab
3098 4384 3263 4446 omni
3289 4393 3507 4447 nostra)
3538 4403 3640 4447 re-

1993 4476 2230 4557 ligionis
2259 4477 2422 4538 cultu
2452 4476 2685 4538 alienus
2709 4474 2789 4537 sis
2821 4491 3070 4536 necesse
3095 4481 3184 4536 est
3218 4496 3234 4550 ;
3271 4473 3498 4554 tibique
3523 4476 3642 4551 jam

1992 4566 2151 4630 Deus
2181 4566 2335 4629 alius
2381 4565 2747 4648 quaerendus
2795 4571 2907 4641 est,
2941 4571 3117 4645 atque
3137 4562 3242 4627 alii
3273 4564 3640 4643 sacerdotes,

1996 4666 2058 4719 ut
2088 4655 2243 4737 apud
2268 4656 2400 4721 illos
2421 4656 2687 4719 effereris
2702 4654 2899 4735 potius
2916 4671 3098 4735 quam
3126 4654 3645 4733 initieris,evadas-

1995 4765 2114 4826 que
2138 4747 2347 4809 amicae
2384 4745 2488 4808 tibi
2521 4744 2893 4808 crudelitatis
2926 4744 3201 4806 minister
3228 4742 3641 4824 implacabilis.

1995 4836 2234 4901 Scilicet
2260 4855 2371 4898 nos
2400 4836 2513 4916 ipsi
2547 4835 2720 4916 plane
2752 4833 3022 4899 sanctiet
3056 4834 3293 4914 perfecti
3325 4852 3550 4905 sumus,
3589 4842 3649 4895 et

1995 4926 2557 4989 divinaaclementize
2574 4925 2821 4986 minime
2853 4922 3402 5004 egemus.Nunquid
3422 4923 3647 5005 duplici

1996 5024 2238 5099 peccato
2265 5017 2354 5096 (ut
2374 5019 2611 5079 oracula
2632 5014 2979 5095 loquuntur)
3007 5012 3330 5095 impiorum
3369 5032 3533 5075 more
3547 5011 3645 5072 de-

1996 5105 2347 5188 linquimus,
2372 5107 2511 5169 dum
2532 5106 2866 5168 nescientes
2888 5103 2948 5165 in
2973 5121 3089 5184 quo
3113 5103 3642 5181 oﬁ‘endimus,nos-

1999 5196 2286 5277 motipsos
2318 5196 2562 5274 insuper
2587 5195 3409 5273 justiﬁcamus,putamusque
3443 5210 3549 5251 nos
3570 5191 3645 5251 vi-

1999 5287 2166 5362 dere,
2201 5304 2334 5358 cum
2388 5285 2635 5346 minime
2686 5283 2988 5345 videamus
3017 5287 3044 5344 ?
3077 5281 3399 5361 Obstupuit
3428 5280 3642 5344 coelum

1577 5567 1846 5638 VARUE
1900 5566 2333 5639 LECTIONES.

345 5664 402 5712 9³
422 5668 702 5750 ἀποχέμει,
742 5670 805 5736 S.

261 5746 331 5807 98
359 5751 482 5841 οἴει,
513 5747 584 5815 1).

907 5668 973 5724 94
1014 5669 1345 5752 ἀπονέμουσι,
1404 5671 1466 5735 S.
1568 5670 1634 5724 93
1672 5670 1892 5759 εἰδότες,
1952 5675 2016 5739 8,
2076 5671 2142 5737 Ρ,
2245 5669 2310 5722 96
2352 5670 2617 5751 ἐπιθέντα,
2677 5671 2738 5735 S.
2799 5671 2865 5732 Ρ.

2968 5666 3030 5722 97
3080 5669 3174 5729 οὐκ
3222 5666 3342 5728 οῖδα
3388 5674 3518 5750 τῶς,
3569 5670 3642 5739 D,
