4066 6216
72 3 3994 225 ’π-ῇ--Ὗ--ῆ

1588 378 1955 454 EPISTULA
2014 378 2180 454 Vill.

205 387 363 466 1093

3424 378 3571 453 1094
3642 348 3645 357 ’

200 544 317 595 οὖσι
344 532 427 591 διὰ
457 536 565 589 τῶν
594 551 819 610 πρωτων
877 538 994 590 τοῖς
1039 525 1301 605 δευτέροις
1330 525 1661 601 ἀπονέμεται
1691 525 1755 576 93
1781 527 1847 583 τὰ

1945 544 2040 605 per
2061 527 2280 607 primas
2297 524 2641 605 s‘ecundis,a
2664 528 2826 587 recta
2836 525 3296 606 aequissimaque
3310 525 3573 588 omnium

200 621 324 682 κατ’
382 621 527 686 ἀξίαν
580 623 679 677 ὕπὸ
735 624 834 686 τῆς
854 618 1068 676 πάντων
1098 618 1350 674 εὖτάκτου
1379 616 1467 673 καὶ
1497 614 1843 683 δικαιοτάτης

200 714 454 793 προνοίας
486 726 501 742 ⁸
536 714 584 768 οἱ
643 709 740 785 μὲν
770 716 857 766 οῦν
885 709 974 765 καὶ
1017 706 1192 764 ἄλλων
1245 707 1510 787 ἐπάρχειν
1567 708 1669 763 ὑπὸ
1718 707 1848 764 Θεοῦ

200 802 495 884 ταχθέντες
535 800 863 875 ἀπονείμωσι
909 796 975 848 96
1003 794 1117 873 μεθ’
1151 796 1367 858 ἑαυτοῦς
1423 797 1656 853 καὶτοῖς
1699 800 1847 863 ὒπη-

200 894 352 956 κόοις
401 892 466 948 τὰ
494 889 616 947 κατ’
657 889 825 955 ἀξίαν.
891 884 1199 965 Δημόφιλος
1239 884 1293 942 δὲ
1346 885 1491 964 λόγῳ
1548 887 1635 942 καὶ
1675 888 1843 960 θυμῷ,

200 984 293 1040 καὶ
347 981 593 1057 ἐπιθυμίᾳ
646 980 713 1036 τὰ
761 977 879 1036 κατ’
901 976 1047 1045 ἀξίαν
1102 976 1415 1057 ἀφοριζὲτω,
1476 977 1562 1033 καὶ
1607 976 1684 1051 μὴ
1729 975 1848 1032 ἀδι-

168 1074 366 1140 ,κείτω
394 1071 493 1139 τὴν
536 1071 724 1129 ἑαυτοῦ
778 1067 946 1143 τάξιν,
1005 1064 1120 1124 ἀλλ’
1186 1066 1471 1146 ἔπαρχέτω
1514 1074 1620 1123 τῶν
1692 1067 1845 1145 ὕφει-

202 1161 381 1237 μένων
424 1162 452 1216 ὁ
534 1159 942 1234 ὗπερκείμενος,
983 1154 1164 1233 λόγος.
1222 1157 1283 1212 Ei
1336 1157 1433 1234 γὰρ
1490 1152 1577 1211 ἐπ’
1649 1157 1845 1233 ἀγορᾶς

203 1249 404 1314 ἰδόντες
430 1247 497 1300 κ
553 1248 763 1315 οἰκέτην
791 1244 1045 1321 δεσπότῃ,
1081 1246 1168 1301 καί
1210 1243 1543 1323 πρεσϐύτερῳ
1570 1244 1847 1323 νεώτερον,

416 1338 441 1357 ν
693 1335 706 1353 δ
1073 1333 1086 1356 Ι
1344 1331 1369 1350 ν
1560 1333 1573 1353 Ἰ
1611 1334 1625 1354 9

204 1340 244 1408 ἣ
272 1341 356 1396 καὶ
383 1340 503 1395 υιὸν
541 1359 705 1416 πατρι
767 1333 1274 1411 διαλοιδορουμενον,
1337 1355 1447 1409 αμα
1478 1356 1573 1390 και
1607 1334 1849 1413 επιόντα,

202 1432 296 1488 καί
360 1428 565 1507 πληγὰς
627 1425 924 1484 ἐπιτιθέντα
974 1421 1062 1503 96,
1095 1427 1180 1481 καὶ
1223 1420 1438 1480 ἀσεϐεῖν
1467 1422 1774 1501 ἐδοκοῦμεν,
1807 1425 1851 1480 εί

206 1520 310 1597 μὴ,
360 1531 477 1583 τοῖς
513 1538 803 1595 κριιττοσιν
844 1512 1246 1593 ἐπιδραμόντες,
1304 1511 1700 1589 ἒϐοηθήσαμεν,
1736 1516 1855 1572 καὶ.

207 1631 290 1666 τοι
318 1630 381 1688 γε
408 1608 543 1670 ἴσως
574 1606 774 1664 ἐκεῖνοι
822 1602 1179 1683 προηδίκηντο
1216 1620 1230 1634 ⁸
1286 1609 1399 1666 πῶς
1432 1606 1528 1661 οῦκ
1557 1606 1855 1685 αἰσχυνθη-

208 1699 411 1774 σόμεθα
477 1701 811 1776 παρορῶντες
866 1695 968 1751 ὑπὸ
1038 1697 1201 1771 θυμοῦ
1254 1696 1338 1750 καὶ
1400 1692 1675 1770 ἐπιθυμίας
1736 1692 1855 1751 ἀδι-

206 1789 467 1861 κοὺμενον
526 1785 708 1865 λόγον,
764 1786 852 1842 καὶ
904 1783 1000 1851 τῆς
1058 1784 1119 1840 ἐκ
1179 1792 1311 1842 Θεοῦ
1367 1781 1603 1851 δοθείσης
1681 1785 1857 1866 ἀρχῆς

1930 616 2330 697 providentia,
2362 614 2576 695 cuique
2615 616 2773 693 justa
2804 632 2909 694 pro
2946 614 3172 676 meritis
3206 614 3571 687 tribuuntur,

1930 716 1997 765 ut
2025 706 2307 768 nimirum
2339 705 2379 765 ii
2430 704 2596 784 quia
2630 705 2750 767 Deo
2799 703 3062 766 ordinati
3104 714 3241 766 sunt
3294 706 3577 785 praesides

1930 795 2203 871 aliorum,
2240 793 2624 857 inferioribus
2647 810 2885 874 quoque
2914 792 3287 875 subditisque
3317 795 3442 857 suis
3471 812 3575 875 pro

1935 885 2163 947 meritis
2193 882 2973 965 distribuant.l)emopbilus
2992 883 3195 965 itaque
3217 884 3481 946 sermoni
3508 903 3579 946 ac

1932 974 2116 1036 furori
2130 974 2745 1055 concupiscentiaaque
2769 991 2917 1052 sua),
2949 974 3104 1036 sicut
3125 972 3318 1048 decet,
3331 974 3577 1035 modum

1932 1071 2170 1142 statuat,
2205 1081 2399 1142 neque
2431 1063 2702 1123 ordinem
2748 1061 2948 1135 violet,
2984 1063 3090 1125 sed
3122 1062 3273 1125 ratio
3304 1062 3582 1141 superior

1932 1152 2315 1217 inferioribus
2345 1151 2709 1214 dominetur.
2741 1149 2886 1213 Nam
2919 1154 2992 1231 si,
3021 1170 3155 1213 cum
3182 1152 3240 1213 in
3271 1150 3398 1214 foro
3421 1150 3583 1214 vide-

1937 1261 2066 1304 mus
2079 1243 2363 1305 famulum
2382 1241 2651 1315 domino,
2668 1242 2890 1303 seniori
2906 1241 3584 1322 adolescentulum,sive

1934 1334 2112 1395 etiam
2141 1333 2325 1395 ﬁlium
2389 1331 2538 1413 patri
2587 1330 2968 1408 maledicere,
3011 1331 3308 1409 simulque
3356 1332 3585 1413 impetu

1935 1422 2091 1485 facto
2125 1424 2321 1504 plagas
2348 1424 2599 1498 inferre,
2623 1421 2900 1502 pietatem
2918 1421 3139 1484 violare
3171 1421 3585 1494 videmur,nisi

1939 1523 2345 1588 accurrentes,
2356 1510 2864 1594 praestantioribus
2878 1530 3051 1593 opem
3067 1512 3223 1574 ferre
3239 1511 3588 1574 studeamus

1940 1603 2376 1685 quantumlibet
2396 1602 2481 1665 illi
2500 1603 2745 1665 fortasse
2766 1601 2929 1683 prius
2945 1602 3262 1664 intulerint
3280 1602 3581 1682 injuriam:

1943 1712 2053 1756 cur
2075 1712 2190 1755 non
2224 1691 2765 1772 erubescimus,qui
2795 1692 3087 1754 rationem
3132 1689 3206 1753 ab
3238 1690 3327 1753 ira
3354 1699 3414 1753 et
3436 1710 3587 1754 con-

1943 1784 2306 1865 cupiscentia
2336 1782 2627 1857 violari,et
2654 1800 2687 1843 a
2718 1781 2935 1844 tradito
2966 1780 3082 1844 sibi
3113 1780 3397 1843 divinitus
3429 1781 3588 1861 prin-

204 1877 626 1958 ἐκϐαλλόμενον,
703 1878 791 1934 καὶ
846 1880 901 1934 iv
986 1878 1200 1941 ἑαυτοῖς
1288 1876 1456 1943 ἀσεκῆ
1514 1878 1601 1934 καὶ
1683 1875 1859 1934 ἀδικον

1945 1877 2137 1954 cipatu
2159 1872 2339 1953 dejici
2367 1871 2630 1935 videmus
2642 1881 2817 1953 atque
2831 1871 3410 1952 negligemus,atque
3433 1871 3590 1934 intra

206 1967 448 2041 ἀταξίαν,
507 1966 601 2024 καί
646 1966 853 2046 στάσιν,
885 1967 972 2023 καὶ
1017 1966 1280 2041 ἀκοσμίαν
1322 1967 1661 2044 ἐγείροντες;
1701 1967 1858 2024 Εἰκό-

203 2079 317 2123 τως
347 2060 375 2114 ὁ
432 2057 690 2134 μακάριος
741 2056 898 2131 ἡμῶν
946 2056 1006 2113 ἐκ
1053 2063 1181 2112 Θεοῦ
1241 2059 1532 2131 νομοθέτης
1572 2058 1667 2113 οὒκ
1720 2056 1860 2123 ἀξιοῖ

202 2152 309 2214 τῆς
383 2144 705 2212 Ἐκκλησίας
764 2152 855 2202 τοῦ
888 2152 1019 2202 Θεοῦ
1076 2148 1425 2218 προΐστασθαι
1486 2149 1574 2202 τὸν
1635 2148 1711 2219 μὴ
1767 2153 1859 2203 τοῦ

203 2236 338 2294 ἰδίου
370 2236 522 2294 οἴκου
563 2235 739 2299 καλῶς
772 2233 875 2303 ἤδη
912 2237 1301 2313 προεστηκότα·
1353 2238 1569 2314 καὶγὰρ
1626 2238 1657 2293 ὅ
1705 2237 1857 2302 τάξας

208 2328 399 2386 ὲαυτίν
429 2331 516 2384 καὶ
578 2326 753 2403 ἕτερον
814 2324 975 2390 τάξει⁶
1028 2325 1171 2382 καὶὸ
1210 2325 1388 2404 ἕτερον
1419 2330 1505 2381 καὶ
1534 2326 1689 2384 οἷκον
1730 2350 1739 2358 ’
1773 2331 1859 2384 καὶ

194 2416 240 2476 ,ό
285 2429 436 2473 οτκον
468 2416 552 2471 καὶ
584 2414 737 2472 πόλιν
772 2435 786 2451 ·
821 2417 908 2471 καὶ
939 2418 966 2471 ὁ
999 2414 1153 2471 πόλιν
1183 2418 1270 2471 καί
1302 2415 1446 2479 ἔθνος
1483 2438 1495 2452 ·
1541 2418 1630 2473 καὶ
1674 2416 1858 2480 ἁπλῶς

207 2507 419 2579 εἰπεῖν,
452 2508 524 2569 ὡς
554 2507 618 2561 τὰ
661 2504 818 2583 λογιά
847 2528 1037 2585 φησιν,
1070 2509 1094 2561 ξ
1126 2505 1184 2561 ἓν
1232 2505 1396 2582 ὀλίγῳ
1429 2508 1634 2578 πιστὸς,
1671 2507 1758 2563 καὶ
1806 2510 1862 2563 εν

207 2595 399 2670 πολλῳ
458 2597 650 2658 πιστός
698 2594 810 2651 ἐστι
854 2610 869 2626 ⁶
918 2609 1006 2652 και
1037 2597 1065 2651 ί,
1118 2595 1171 2651 ἐν
1205 2594 1368 2672 ὁλίγῳ
1402 2596 1641 2676 ἀπιστο·,
1690 2600 1774 2653 καὶ
1805 2597 1861 2652 ἐν

207 2684 404 2760 πολλῳ
433 2683 657 2747 ἄπιστος
702 2685 869 2742 ἐστιν.

1945 1972 2369 2045 nosmetipsos,
2401 1964 2540 2024 602
2570 1963 2812 2044 impiam
2846 1962 3252 2043 injustamque
3278 1961 3591 2024 temerita-

1944 2063 2064 2116 tem
2115 2073 2183 2117 ac
2214 2054 2570 2117 seditionem
2624 2051 3166 2132 contusionemque
3210 2050 3534 2114 excitamus
3565 2056 3593 2114 ?

1945 2144 2152 2205 Merito
2184 2162 2327 2207 sane
2358 2143 2596 2205 divinus
2634 2151 2843 2204 noster
2872 2140 3110 2221 legifer,
3144 2139 3428 2204 Ecclesiae
3484 2140 3590 2206 Dei

1944 2232 2171 2312 praeﬁci
2206 2232 2476 2314 prohibet
2505 2235 2678 2294 eum‘
2706 2232 2810 2311 qui
2841 2239 3016 2292 antea
3045 2230 3245 2291 domui
3297 2248 3420 2291 sua:
3470 2249 3590 2293 non

1944 2322 2098 2385 bene
2130 2324 2361 2403 praefuit
2386 2334 2451 2385 ιιι
2486 2323 2588 2403 qui
2622 2322 2781 2383 enim
2829 2322 3094 2400 seipsum
3143 2336 3354 2398 regere
3404 2322 3588 2394 novit,

1945 2423 2005 2475 et
2027 2414 2219 2475 alteru
2248 2422 2468 2492 "reget
2502 2434 2516 2492 ;
2547 2412 2649 2492 qui
2679 2411 2961 2485 alterum,
3000 2410 3180 2473 etiam
3215 2409 3594 2489 domum;qui

1946 2504 2210 2573 domum,
2245 2503 2424 2565 etiam
2452 2503 2752 2564 civitatem
2782 2522 2796 2575 ;
2831 2510 2896 2561 et
2928 2500 3028 2581 qui
3062 2500 3381 2573 civitatem,
3412 2497 3592 2561 etiam

1944 2602 2180 2670 gentem
2210 2616 2225 2667 ς
2258 2600 2457 2673 atque,
2482 2603 2548 2654 ut
2572 2591 2914 2653 summatim
2945 2591 3161 2661 dicam,
3190 2589 3359 2669 juxta
3388 2605 3593 2650 vocem

1946 2682 2363 2764 Veritatis,qui
2396 2685 2455 2745 in
2492 2683 2728 2745 modico
2763 2682 2958 2745 ﬁdelis
2988 2689 3097 2751 est,
3129 2679 3385 2742 etiamin
3408 2679 3597 2741 multo

1948 2773 2138 2835 ﬁdelis
2160 2773 2271 2834 erit
2302 2795 2318 2844 ;
2355 2781 2411 2835 et
2444 2774 2544 2853 qui
2577 2773 2636 2833 in
2663 2772 2898 2834 modico
2925 2769 3210 2843 inﬁdelis,
3240 2778 3298 2831 et
3328 2768 3387 2831 in
3413 2768 3596 2831 multo

1947 2880 2187 2941 quoque
2214 2862 2475 2925 inﬁdelis
2506 2862 2622 2923 crit
2678 2906 2693 2920 .

1831 3023 1861 3102 §
1906 3023 2005 3086 ιν.

299 3184 465 3247 Αὐτὸς
513 3183 612 3257 μὲν
671 3193 758 3243 οῦν
815 3184 1086 3265 ἐπιθυμίᾳ,
1138 3185 1224 3241 καὶ
1277 3188 1447 3261 θυμῷ,
1482 3188 1569 3242 καὶ
1625 3184 1771 3263 λόγῳ
1798 3186 1860 3242 τὰ

2027 3187 2154 3265 ipse
2178 3202 2318 3261 ergo
2337 3182 2643 3264 cupiditati
2676 3200 2746 3245 ac
2764 3181 2977 3258 furori,
3011 3179 3345 3260 rationique
3377 3179 3464 3243 uti
3496 3198 3601 3259 par

211 3270 338 3329 κατ’
385 3271 529 3338 ἀξίαν
585 3273 820 3355 ἀωόριζε,
883 3278 962 3331 σοὶ
1023 3274 1078 3331 δὲ
1112 3278 1160 3331 οἱ
1218 3279 1352 3332 θεῖοι
1383 3275 1699 3355 λειτουργοὶ,
1786 3278 1872 3332 καὶ

212 3363 424 3424 τούτοις
477 3365 525 3420 οἱ
580 3369 765 3442 ἱερεῖς,
843 3365 1087 3445 ίερᾶρχαι
1140 3363 1194 3420 δὲ
1252 3379 1366 3426 τοϊς
1397 3370 1608 3443 ἱερεῦσι,
1643 3366 1869 3429 καὶτοῖς

212 3451 494 3531 ἶεράρχαις
555 3456 601 3509 οἱ
672 3454 988 3534 ἀπόστολοι,
1054 3456 1143 3512 καί
1199 3457 1248 3511 οἱ
1271 3462 1376 3511 τῶν
1407 3455 1720 3511 ἀποστόλων
1751 3453 1869 3511 διά-

214 3538 401 3620 δοχοι.
436 3544 530 3600 Καὶ
553 3544 606 3598 εἷ’
636 3543 737 3601 ποῦ
771 3566 850 3610 τις
881 3544 935 3600 ἐν
964 3546 1186 3607 ἐκείνοις
1217 3554 1308 3603 τοῦ
1336 3546 1696 3622 προσήκοντος
1729 3546 1871 3601 ἀπο-

218 3629 473 3711 σφαλείη,
505 3634 645 3712 παρὰ
672 3641 779 3693 τῶν
808 3636 1091 3712 ὁμοταγῶν
1123 3633 1287 3712 ἀγὶων
1346 3635 1866 3713 ἐπανορθωθήσεται,

216 3722 309 3777 καὶ
352 3720 411 3777 οὗ
441 3724 922 3803 περιστραφήσεται
953 3722 1094 3789 τάξις
1124 3722 1209 3779 ἐπὶ
1240 3722 1531 3797 τάξιν,ἀλλ’
1565 3724 1787 3786 ἕκαστος
1819 3722 1872 3779 ἒν

217 3816 291 3886 τῇ
319 3811 462 3875 τάξει
493 3815 653 3871 αὒτοῦ
679 3816 765 3870 καὶ
796 3813 850 3870 ἐν
881 3819 949 3889 τῇ
976 3812 1278 3891 λειτουργίᾳ
1310 3813 1466 3871 αὐτοῦ
1484 3811 1873 3876 ἕσταιίΐοσαῦ-

217 3900 290 3958 τά
319 3922 402 3958 σοι
437 3902 560 3981 παρ’
600 3904 755 3976 ἡμῶν
785 3903 915 3981 ὑπὲρ
944 3910 1034 3960 τοῦ
1079 3901 1266 3959 εἰδέναι
1299 3904 1383 3960 καὶ
1412 3901 1536 3982 δρᾲν
1570 3904 1634 3959 τά
1663 3902 1871 3963 ἑαυτοῦ.

218 3992 347 4069 Περὶ
406 3990 463 4047 δὲ
497 3996 593 4059 τῆς
640 3994 712 4057 εἰς
744 3992 832 4049 τὸν
862 3990 1021 4072 ἀνδρα
1071 3994 1186 4073 τὸν,
1261 3995 1335 4058 ὡς
1392 3999 1520 4073 φῇς,
1578 3990 1745 4058 ἀσεϐῆ
1786 3992 1875 4050 καὶ

219 4078 498 4159 ἀλιτήριον
541 4081 939 4161 ἀπανθρωπίας,
976 4084 1070 4140 οὒκ
1121 4080 1228 4140 οἶδ’
1285 4080 1432 4146 ὅπως
1482 4082 1546 4132 97
1576 4081 1874 4158 κλαύσομαι

218 4172 285 4226 τὸ
343 4172 640 4250 σὺντριμαα
682 4181 776 4231 τοῦ
832 4171 1113 4251 ἀγαπητοῦ
1142 4195 1245 4248 μου
1275 4188 1290 4204 ⁸
1359 4175 1498 4238 τίνος
1546 4174 1646 4251 γὰρ
1688 4172 1785 4249 οἴῃ
1810 4171 1874 4224 98

219 4263 549 4334 θεραπευτὴς
607 4259 692 4340 ὑφ’
741 4263 896 4337 ἡμῶν
945 4266 1211 4343 ταχθῆναι
1248 4281 1265 4339 ;
1295 4263 1385 4320 καὶ
1434 4263 1558 4342 γὰρ,
1590 4262 1635 4319 εἷ
1667 4263 1746 4336 μὴ
1783 4270 1876 4320 τοῦ

220 4349 445 4431 ἀγαθοῦ,
478 4350 693 4416 πάντως
740 4358 833 4407 τοῦ
891 4353 980 4410 καὶ
1022 4352 1179 4430 ἡμῶν
1235 4353 1444 4433 ἀνάγκη
1493 4374 1551 4411 σε
1599 4353 1743 4411 εἶναι
1788 4356 1876 4412 καὶ

218 4443 324 4509 τῆς
359 4438 472 4499 καθ’
515 4442 658 4517 ἡμᾶς
689 4439 967 4519 θεραπείας
997 4441 1131 4511 ὅλης
1163 4440 1464 4521 ἀλλότριον,
1503 4446 1597 4500 καὶ
1650 4444 1762 4523 ὥρα
1794 4466 1873 4502 σοι

1954 3282 2065 3348 est,
2092 3292 2196 3336 sua
2225 3273 2445 3352 cuique
2477 3272 2679 3333 munia
2710 3270 3055 3351 praescribe,
3080 3268 3187 3332 tibi
3217 3268 3456 3332 interim
3473 3270 3601 3333 dia-

1955 3364 2178 3436 coni,et
2208 3362 2304 3423 bis
2331 3361 2986 3441 sacerdotes,przesules
3014 3378 3151 3422 vero
3184 3359 3599 3422 sacerdotibus

1955 3461 2133 3533 atque
2166 3452 2515 3532 praesulibus
2542 3450 3327 3531 apostoli,successoresque
3357 3458 3597 3528 aposto-

1958 3541 2173 3603 lorum.
2203 3542 2277 3603 At
2308 3541 2357 3601 si
2390 3540 2522 3621 quis
2549 3542 2702 3602 forte
2727 3549 2901 3601 etiam
2949 3543 3107 3600 inter
3136 3538 3271 3599 illos
3302 3557 3333 3597 a
3381 3540 3601 3601 decoro

1954 3631 2267 3711 aberrarit,
2301 3633 2349 3692 is
2379 3649 2413 3692 a
2444 3631 2671 3693 sanctis
2720 3629 2811 3691 sui
2854 3628 3082 3690 ordinis
3132 3627 3485 3706 corrigatur,
3517 3631 3604 3688 sic

1956 3731 2163 3800 neque
2186 3724 2333 3784 ordo
2365 3718 2560 3781 ordini
2586 3718 3276 3800 permiscebitur.verum
3302 3718 3360 3778 in
3393 3716 3604 3778 ordine

1960 3812 2212 3894 quisque
2240 3830 2347 3874 suo
2379 3820 2439 3872 et
2470 3810 2665 3872 ofﬁcio
2698 3807 3049 3871 versabitur.
3085 3807 3280 3888 Atque
3307 3808 3431 3869 haec
3462 3807 3600 3887 qui-

1960 3904 2096 3965 dem
2129 3901 2233 3963 tibi
2263 3920 2298 3963 a
2324 3899 2497 3963 nobis
2522 3900 2680 3961 dicta
2710 3906 2872 3979 sunt,
2909 3906 2972 3960 ut
3020 3906 3078 3960 et
3111 3896 3268 3960 scias
3319 3906 3377 3959 et
3425 3896 3605 3959 facias

1960 4011 2090 4074 quae
2122 3994 2204 4054 tui
2228 3999 2365 4054 sunt
2389 3990 2679 4053 muneris.
2716 3991 2901 4052 Porro
2932 3989 3008 4051 de
3042 3988 3141 4049 illa
3174 3988 3233 4049 in
3266 3986 3456 4049 virum
3516 3986 3603 4068 (ut

1957 4083 2068 4163 ais)
2105 4082 2354 4164 impium
2373 4100 2445 4144 ac
2482 4081 2778 4161 perditum
2809 4079 3201 4153 immanitate,
3241 4075 3446 4140 nescio
3487 4096 3633 4158 quo.

1959 4174 2100 4235 ﬂetu
2133 4173 2409 4255 plangam
2434 4170 2862 4235 contritionem
2886 4169 3262 4232 dilectissimi
3287 4168 3603 4250 mei,cujus

1958 4262 2189 4326 scilicet
2216 4262 2505 4326 cultorem
2537 4269 2595 4325 te
2614 4262 2922 4324 arbitraris
2955 4280 2990 4323 a
3013 4259 3188 4322 nobis
3217 4259 3604 4321 constitutum

1958 4372 2114 4429 esse,
2152 4353 2267 4415 nisi
2297 4359 2460 4415 certe
2482 4351 2646 4415 illius
2695 4350 2913 4413 summi
2943 4349 3086 4412 boni
3118 4350 3311 4412 cultor
3342 4367 3427 4419 es.
3466 4367 3602 4430 pro-

1957 4445 2113 4509 fecto
2143 4451 2204 4506 et
2231 4462 2266 4505 a
2304 4442 2504 4517 nobis,
2536 4443 2781 4505 omnino
2828 4444 2891 4503 et
2933 4438 3007 4502 ab
3061 4438 3225 4501 omni
3251 4447 3470 4501 nostra:
3501 4457 3603 4501 re-

223 4531 313 4588 καὶ
346 4531 477 4587 Θεὸν
505 4530 757 4604 ζητῆσαι,
783 4531 869 4587 καὶ
925 4531 1094 4610 ἱερέας
1124 4531 1355 4612 ἐτέρους,
1416 4534 1505 4590 καὶ
1544 4524 1675 4613 παρ’
1730 4533 1860 4592 ὲκεί-

1956 4532 2194 4614 ligionis
2222 4534 2385 4595 cultu
2415 4532 2648 4595 alienus
2672 4531 2752 4594 sis
2784 4547 3032 4591 necesse
3058 4537 3148 4591 est
3181 4552 3197 4605 ;
3234 4528 3460 4608 tibique
3486 4530 3605 4606 jam

221 4641 338 4685 νοις
368 4623 690 4699 θηριωθῆναι
721 4619 926 4697 μᾶλλον
954 4621 991 4690 ἢ
1024 4622 1360 4697 τελεσθηναι,
1423 4625 1508 4679 καὶ
1566 4624 1709 4682 ε’ίναι
1772 4625 1860 4695 τῆς

1955 4623 2113 4686 Deus
2144 4623 2299 4685 alius
2345 4621 2710 4704 quaerendus
2758 4627 2870 4696 est,
2904 4627 3080 4700 atque
3100 4618 3204 4682 alii
3236 4618 3603 4697 sacerdotes,

225 4709 389 4790 φίλης
433 4710 805 4791 ἀπανθρωπίας
864 4711 1172 4787 ἀμεὶλικτον
1228 4710 1524 4793 ὑπηρέτην.
1589 4707 1715 4791 Ἆρα
1770 4716 1860 4796 γὰρ

1959 4723 2021 4776 ιιι
2051 4712 2206 4795 apud
2231 4700 2650 4777 illos-eﬁ‘ereris
2665 4709 2862 4791 potius
2880 4726 3061 4790 quam
3088 4708 3609 4788 iuitieris,evadas-

220 4801 394 4872 ἡμεῖς
451 4800 605 4858 αἱ)τοί
664 4804 795 4881 πρὸς
836 4806 900 4861 τὸ
943 4804 1118 4872 πάντη
1178 4802 1331 4882 ἅγιον
1391 4802 1860 4881 ἀπινιῖετελέιτμεθα⁵

1958 4822 2078 4883 que
2101 4804 2311 4867 amicae
2348 4802 2452 4865 tibi
2484 4800 2857 4865 crudelitatis
2889 4799 3164 4861 minister
3194 4797 3605 4879 implacabilis.

222 4891 316 4948 καὶ
371 4890 432 4947 οὗ
479 4888 701 4965 δεόμεθα
730 4897 830 4962 τῆς
870 4893 1011 4959 θείας
1039 4894 1121 4974 ἀφ’
1155 4894 1372 4958 ἑαυτοῖς
1429 4892 1822 4974 φιλανθρωπίας
1854 4918 1860 4969 ;

1958 4893 2198 4958 Scilicet
2223 4913 2335 4955 nos
2364 4892 2476 4973 ipsi
2511 4891 2684 4973 plane
2716 4888 2985 4953 sanctiet
3019 4889 3257 4969 perfecti
3288 4906 3514 4959 sumus,
3553 4895 3612 4949 et

221 4981 265 5049 ἦ
319 4982 420 5047 τὴν
477 4978 667 5050 διπλῆν
723 4982 1008 5063 ἁμαρτίαν,
1069 4986 1141 5049 ὡς
1196 4984 1263 5040 τὰ
1304 4982 1461 5061 λόγιά
1535 5005 1694 5066 φησι,
1738 4986 1860 5044 κατᾶ

1959 4982 2520 5046 divinaaclementiaa
2537 4982 2784 5042 minime
2816 4977 3135 5059 egemus.N
3146 4977 3365 5059 unquid
3386 4977 3610 5059 duplici

221 5070 350 5133 τοῦς
384 5068 592 5136 ἀσεϐεῖς
652 5070 1047 5150 ἁμαρτάνομεν,
1083 5076 1178 5133 οὒκ
1225 5069 1419 5137 εἰδότες
1459 5071 1514 5129 ἐν
1552 5065 1668 5131 τίνι
1717 5096 1860 5155 προσ·

1960 5082 2202 5156 peccato
2229 5074 2318 5153 (ut
2338 5075 2575 5135 oracula
2596 5069 2942 5151 loquuntur)
2971 5067 3294 5149 impiorum
3332 5087 3497 5129 more
3510 5065 3610 5127 de-

224 5160 522 5241 κόπτομεν,
608 5159 742 5217 ἀλλά
838 5164 927 5220 καὶ
1008 5160 1331 5229 δικαιοῦντες
1438 5163 1681 5245 ἑαυτοὺς,
1791 5186 1860 5221 κα

1960 5162 2311 5245 linquimus,
2336 5164 2474 5225 dum
2496 5162 2829 5224 nescientes
2852 5159 2911 5220 in
2937 5176 3053 5239 quo
3077 5158 3606 5236 offendimus,nos~

226 5271 462 5328 οιομενοι
508 5239 753 5331 βλέπειν,
801 5252 1015 5321 ἀληθῶς
1067 5251 1122 5309 δέ
1181 5254 1243 5310 οὗ
1280 5251 1566 5330 βλέποντες
1600 5239 1860 5331 ;“Εξέσττ

1963 5239 2250 5334 metipsos
2282 5252 2525 5331 insuper
2551 5250 3373 5329 justiﬁcamus,putamusque
3407 5265 3513 5306 nos
3533 5245 3610 5305 vi-

225 5342 257 5398 δ
288 5341 502 5419 οόρανὸς
555 5340 640 5397 ἐπὶ
689 5343 880 5418 τούτῳ,
967 5345 1055 5403 καὶ
1138 5342 1317 5424 ἔφριξα
1401 5342 1539 5424 ξχὼ,
1599 5345 1687 5403 καὶ
1768 5343 1852 5403 δια

1963 5344 2130 5419 dere,
2166 5360 2298 5415 cum
2353 5341 2599 5402 minime
2650 5340 2952 5401 videamus
2981 5342 3009 5399 ἶ)
3040 5335 3363 5416 Obstupuit
3392 5334 3607 5397 caelum

309 5520 561 5587 ‘lTim.
592 5538 657 5602 ιι,
692 5521 754 5584 2.
842 5533 870 5567 ι
900 5520 1022 5585 Tit.
1047 5537 1089 5585 ι.
1177 5531 1203 5564 ν
1229 5519 1373 5584 Luc.
1408 5539 1530 5600 xu,
1566 5522 1667 5589 10.
1702 5518 1703 5521 “

1542 5626 1811 5696 VARI/E
1865 5623 2298 5696 LECTIONES.

310 5724 667 5817 οξόιαποχέμιι,
707 5730 771 5796 S.
872 5729 939 5783 οι
979 5728 1311 5811 ἀπονίμωσι,
1369 5730 1431 5794 S.
1533 5729 1599 5783 93
1637 5728 1857 5817 εἰδότες,
1916 5732 1980 5796 S.
2041 5729 2107 5793 P.
2210 5726 2276 5780 96
2317 5725 2582 5806 ἐπιθέντα,
2642 5727 2703 5790 S.
2764 5726 2830 5787 Ρ.

2933 5721 2994 5776 97
3045 5724 3139 5784 οὒκ
3186 5721 3307 5783 οῖδα
3353 5728 3483 5804 τῶς,
3534 5724 3607 5794 D,

223 5806 297 5868 98
324 5811 448 5901 ciu,
479 5807 550 5875 Ι).
