4066 6206
388 290 539 357 1183

377 429 538 482 lorum
570 441 685 495 erga
736 423 968 479 homines
1015 420 1312 495 benignitas,
1349 419 1486 495 398.
1543 419 1720 495 An_g_eli
1741 419 2016 495 inferiores

377 515 407 552 a
437 489 803 568 superioribus,
830 492 1067 568 supremi
1083 509 1119 568 a_
1143 489 1245 568 Deo
1291 489 1570 568 initiantur,
1604 491 1715 568 55_._
1734 491 2018 568 Stipremof

378 561 573 624 rum'in
606 561 940 622 illustratione
971 562 1255 631 recipienda
1302 562 1599 626 reverentia,
1651 561 1739 616 55.
1783 561 2015 632 Supremi

375 640 626 710 quomodo
657 637 943 710 expieniur,
969 636 1287 710 illusireutur
1314 641 1362 688 et
1397 632 1734 710 perficiantur,
1765 635 1856 688 55.
1881 632 2014 700 Quid

374 704 594 780 supremi
623 704 791 780 agant,
825 707 914 762 56.
951 704 1128 780 Angeli
1157 713 1302 780 anet
1329 705 1578 780 quomodo
1609 721 1663 760 se
1687 712 1860 758 mutuo
1895 721 2052 780 ηυγ-ο

373 777 512 852 gent,
544 779 630 835 31.
670 779 809 852 Unde
843 777 1099 852 proveniat
1129 777 1257 847 quod
1287 777 1448 852 angeli
1482 783 1620 852 tanto
1652 791 1860 852 numero
1889 777 2009 843 sint,

372 846 494 907 124.
530 851 704 919 Angeli
734 846 1021 920 superiores
1056 846 1267 916 possunt
1307 847 1544 920 quidquid
1595 846 1876 920 inferiores,
1908 864 2011 920 non

370 931 566 982 contra.
604 918 725 977 104.
763 918 953 976 Primis
982 920 1179 987 angelis
1225 919 1473 990 quomodo
1522 919 1843 990 sequentium
1893 919 2016 972 fun-

371 993 568 1048 ctiones
589 993 946 1054 attribuantur,
966 990 1087 1046 119.
1114 989 1284 1060 Angeli
1307 998 1425 1046 sunt
1445 989 1862 1053 innumerabiles,
1889 991 2012 1046 124.

373 1066 555 1135 Angeli
584 1063 834 1135 quomodo
865 1072 983 1117 sunt
1023 1061 1361 1135 immutabiles
1383 1072 1481 1135 “eti
1503 1061 1777 1135 quomodo
1801 1076 2016 1135 moven-

375 1130 484 1202 tur,
511 1130 613 1192 63f
634 1135 894 1200 Quomodo
926 1134 1344 1202 contemplantur.
1372 1130 1498 1186 ibid.
1519 1130 1587 1186 ’ln
1619 1131 1810 1201 angelis
1838 1133 2013 1202 expia-

376 1207 466 1270 tio,
529 1207 828 1262 illuminatio
881 1212 931 1258 et
967 1204 1200 1275 perfectio
1241 1203 1376 1274 quid,
1426 1203 1516 1275 68.
1576 1202 1631 1256 In
1669 1202 1860 1275 angelis
1899 1204 2014 1274 quid

379 1286 550 1333 motus
572 1278 854 1337 circularis.
877 1273 1042 1330 rectus
1071 1283 1121 1329 et
1149 1273 1404 1346 obliquus,
1429 1274 1498 1328 69
1543 1273 1848 1346 Angelorum
1868 1273 2014 1331 cibus

379 1350 562 1420 qualis,
605 1349 689 1404 70.
727 1349 780 1420 In
810 1348 1000 1417 angelis
1018 1346 1136 1420 quid
1166 1355 1242 1400 est
1268 1345 1442 1400 motus
1471 1353 1525 1420 et
1549 1345 1888 1420 stat_us,i_ibid.
1915 1352 2017 1402 An-

375 1415 474 1491 geli
505 1421 663 1475 Deum
697 1419 858 1473 solum
882 1415 943 1471 'et
972 1415 1168 1491 seipsos
1205 1425 1438 1491 noscunt,
1467 1415 2017 1491 _51.ADistributio‘or-

375 1487 548 1546 (tinum
577 1491 940 1560 angelicorum,
974 1488 1061 1543 58.
1125 1487 1252 1552 Quis
1301 1487 1419 1542 ordo
1451 1487 1707 1558 d:gnitatis
1733 1488 1866 1541 inter
1904 1488 2018 1544 illos

373 1562 466 1618 52.
500 1563 672 1633 Angeli
707 1561 954 1633 excedunt
983 1574 1252 1633 numerum
1285 1575 1452 1633 rerum
1471 1572 1852 1633 corporearum.
1890 1561 2016 1633 124.

374 1635 555 1705 Angeli
580 1629 674 1688 cur
712 1631 1036 1705 dissimilibus
1084 1629 1260 1705 formis
1306 1629 1676 1705 describuntur,
1716 1629 1800 1684 17.
1839 1632 2018 1705 Angeii

408 1701 479 1761 ui'
515 1715 779 1770 vocantur,
829 1702 917 1756 86.
979 1701 1156 1771 Angeli
1213 1709 1332 1755 sunt
1392 1702 1552 1755 nostri
1598 1709 1840 1765 rectores,
1882 1701 2014 1759 ibid.

408 1723 458 1761 ut
515 1723 779 1770 vocantur,
829 1723 917 1756 00.
979 1723 1156 1771 angeli
1213 1723 1332 1755 Slﬂll
1392 1723 1552 1755 ηοειῐι
1598 1723 1840 1765 I'CCIUI'CS,
1882 1723 2012 1759 ιοια.

371 1723 512 1841 Quod
545 1775 697 1846 aliqui
731 1791 827 1846 non
848 1773 1136 1846 proficiant,
1171 1771 1216 1846 id
1245 1788 1343 1826 non
1374 1780 1451 1826 est
1480 1772 1827 1846 imputandum
1857 1790 2012 1844 ange-

371 1848 436 1901 lis
464 1865 556 1920 nec
585 1843 712 1908 Deo,
748 1845 878 1899 ibid.
912 1843 1084 1920 Angeli
1123 1843 1646 1920 quinammittuntur,
1838 1843 2012 1920 Augeli

373 1917 537 1972 ventis
564 1924 932 1986 comparantur.
962 1913 1082 1986 131,
1109 1913 1230 1969 145.
1256 1913 1506 1986 Nubibus,
1533 1914 1654 1977 132,
1687 1915 1809 1969 146.
1834 1913 2012 1976 Angeli

375 1998 425 2043 et
450 1985 955 2058 hominesquomodo
989 1985 1352 2049 illuminentur,
1375 1985 1498 2041 390.
1533 1986 1717 2058 Angeli
1738 1996 1857 2040 sunt
1888 1989 2012 2043 aevi-

373 2062 528 2122 terni.
561 2075 658 2114 non
683 2056 785 2112 Deo
812 2059 1066 2120 coaeterni,
1098 2058 1223 2113 505.
1256 2058 1428 2127 Angeli
1459 2063 1579 2110 sunt
1605 2056 1806 2128 quidem
1841 2061 2008 2128 multi,

375 2133 462 2186 sed
495 2147 589 2185 non
624 2129 827 2192 infiniti.
856 2133 972 2184 1‘26.
999 2129 1172 2197 Angeli
1199 2138 1438 2196 respectu
1460 2128 1770 2199 diversorum
1793 2140 2014 2199 prmsunt

375 2212 425 2257 et
455 2204 687 2262 subsunt,
725 2203 844 2254 1‘28.
898 2199 1071 2267 Angeli
1107 2199 1369 2254 inferiores
1408 2215 1506 2254 non
1534 2198 1586 2253 in
1616 2198 2014 2270 totum’partici-

376 2283 492 2345 pant
528 2271 840 2338 superiorum
873 2271 1152 2345 facultates,
1189 2271 1312 2345 106.
1340 2270 1526 2345 _Ang_eli
1555 2286 1647 2324 cur
1666 2271 1900 2327 dicuntur
1918 2289 2013 2327 an-

370 2341 557 2399 tistites
584 2345 870 2407 hominum,
907 2341 1028 2397 107.
1059 2342 1234 2411 Angeli
1261 2350 1312 2396 et
1340 2342 1569 2396 homines
1606 2358 1702 2412 quo
1742 2358 1895 2397 sensu
1944 2345 2012 2400 dii

373 2417 624 2486 dicuntur,
661 2418 779 2472 108.
814 2414 988 2484 Angeli
1019 2414 1301 2484 superiores
1331 2413 1517 2468 habent
1543 2413 1760 2486 Aspecies
1792 2415 2013 2486 univer-

372 2484 763 2551 saliores,'ibid.
795 2485 967 2556 Angeli
995 2495 1041 2538 et
1072 2486 1270 2539 illorum
1303 2484 1585 2539 substantia
1613 2500 1765 2554 quare
1789 2484 1840 2538 in
1869 2484 2013 2541 Scri-

371 2568 516 2630 ptura
545 2575 629 2627 per
657 2556 1252 2630 symbolaetcorporeas
1290 2557 1476 2630 figuras
1520 2556 1866 2630 depingantur,
1917 2558 2006 2614 45.

374 2627 650 2686 Passioues
679 2627 926 2699 quomodo
956 2627 1005 2699 in
1041 2628 1232 2696 angelis
1287 2627 1642 2699 intelligendas,
1700 2629 1782 2699 14.
1835 2630 2009 2698 Angeli

375 2701 573 2756 caeteris
620 2697 947 2754 excellentius
980 2698 1136 2770 Deum
1179 2699 1496 2770 participant.
1555 2697 1643 2762 37,
1694 2697 1789 2753 39.
1839 2697 2020 2770 Angeli

376 2772 507 2827 unde
539 2787 720 2826 nomen
754 2770 991 2833 habeant,
1025 2769 1138 2825 ibid
1166 2812 1183 2835 ,
1215 2772 1302 2826 40.
1339 2769 1432 2824 Per
1455 2769 1660 2839 angelos
1688 2770 1856 2824 divina
1883 2769 2020 2829 reve-

378 2845 561 2906 lantur,
595 2842 682 2896 37.
719 2841 978 2906 Quomodo
1008 2841 1271 2895 inferiores
1297 2857 1383 2910 per
1413 2840 1695 2911 superiores
1739 2841 1803 2896 ad
1855 2842 2019 2900 Deum

377 2914 706 2977 adducantur,
742 2913 958 2984 38.1’er
985 2913 1190 2984 angelos
1220 2910 1514 2984 mysterium
1555 2910 1739 2984 Christi
1771 2912 1917 2968 nobis
1942 2925 2022 2970 est

380 2985 685 3049 nuntiatum,
736 2983 896 3046 ibid,
927 2984 960 3035 2
992 2983 1080 3038 41.
1117 2983 1186 3036 De
1217 2982 1418 3038 Christo
1467 2983 1623 3036 multa
1678 2999 1765 3052 per
1813 2987 2022 3053 angelos

379 3056 632 3120 nuntiata,
685 3054 772 3108 38.
830 3053 1050 3121 Angelus
1079 3053 1195 3123 quid
1243 3062 1340 3118 est,
1374 3053 1459 3107 39.
1496 3053 1714 3123 Angelus
1763 3054 2022 3123 tripliciter

382 3125 606 3188 mobilis,
637 3125 764 3179 ibid.
796 3123 1030 3194 Angelica
1058 3123 1236 3193 elogia,
1272 3123 1402 3178 ibid.
1436 3123 1605 3193 Angeli
1637 3127 1887 3193 quomodo
1928 3129 2022 3182 do-

390 3205 535 3251 ceant
592 3195 844 3262 homines,
880 3193 982 3250 ’40.
1035 3194 1215 3264 Angeli
1264 3195 1546 3265 superiores
1584 3210 1684 3249 non
1738 3196 2023 3254 illuminant

393 3267 676 3322 inferiores.
711 3266 766 3322 lu
809 3267 1000 3334 angelis
1032 3281 1131 3320 non
1163 3273 1240 3320 est
1267 3266 1494 3320 confusio
1525 3266 1856 3334 functionum,
1896 3270 2020 3328 136.

389 3338 614 3409 Angelos
641 3338 799 3392 fuisse
827 3345 944 3409 ante
967 3338 1210 3409 mundum
1240 3338 1324 3408 qui
1353 3337 1591 3402 sentiant,
1625 3338 1748 3392 504.

466 3408 646 3464 Anima
676 3415 756 3462 est
790 3424 816 3462 a
846 3408 999 3463 rebus
1025 3408 1210 3463 creatis
1239 3410 1543 3472 evacuanda,
1575 3409 1700 3463 545.
1743 3409 1869 3466 Tres
1911 3412 2028 3467 ani-

389 3498 483 3536 mtu
516 3481 787 3551 proprietas
825 3480 882 3533 ad
929 3479 1087 3534 Deum
1145 3480 1505 3548 recipiendum,
1557 3479 1687 3534 ibid.
1717 3482 1924 3551 AAnima
1977 3496 2027 3537 et

386 3549 758 3623 spiritus’qtiid
811 3551 931 3613 sint,
982 3551 1108 3623 494.
1146 3551 1215 3605 Ad
1243 3551 1462 3605 animam
1515 3549 1762 3623 quomodo
1812 3555 2026 3610 virtutes

382 3621 633 3701 corporeae
660 3621 774 3701 aint.
797 3622 1083 3701 referenda),
1121 3623 1246 3676 496.
1265 3623 1470 3701 quinia
1499 3621 1744 3701 quomodo
1775 3632 1824 3677 et
1843 3625 2025 3701 qualia

388 3694 548 3764 possit
618 3695 897 3762 intelligere
947 3693 1057 3746 sine
1115 3693 1294 3747 actuali
1355 3693 1626 3747 reﬂexione
1681 3695 1741 3746 ad
1810 3695 2027 3758 phanta-

383 3774 568 3827 smata,
601 3765 724 3820 380.
758 3765 947 3818 Animae
977 3766 1225 3834 quomodo
1257 3764 1864 3834 participantbonitatem,
1898 3765 2024 3824 387.

456 3839 784 3961 Anltistegbgt
830 3836 1079 3906 interpres
1109 3835 1198 3890 Dei
1228 3837 1476 3906 promissa
1524 3835 1729 3906 praemia
1781 3837 2029 3893 defunctis

456 3917 526 3961 stu
552 3926 576 3960 a
608 3951 620 3961 .
709 3909 719 3924 '
767 3950 777 3959 .

415 3908 620 3969 ostulal,
653 3908 777 3961 268.

500 3925 620 3969 illi",
653 3925 777 3961 2’36.

383 3925 902 4036 pOSAPOLLOPHANEs
934 3993 993 4030 ex
1025 3977 1260 4045 prodigiis
1291 3978 1340 4032 in
1371 3978 1500 4032 coelo
1526 3977 1645 4032 visis
1672 3979 1732 4032 ad
1763 3978 1922 4035 Deum
1951 3980 2030 4035 ad-

527 4051 720 4115 debuit,
752 4047 877 4105 594.
930 4047 1259 4104 Convincitur
1311 4049 1506 4120 prOpria
1562 4065 1654 4104 sua
1683 4051 2020 4118 confessione,

456 4192 688 4263 Apostoli
717 4188 852 4263 cibis
893 4191 1028 4246 soles
1065 4197 1116 4244 et
1154 4189 1340 4263 zodiaci
1371 4190 1647 4260 spiritualia
1687 4191 1847 4263 signa,
1895 4194 2021 4248 616.

460 4262 727 4334 Apparilio
746 4261 987 4334 DeiAquid
1016 4270 1092 4317 est
1122 4263 1172 4316 in
1201 4261 1481 4334 Scriptura,
1533 4263 1621 4317 45.
1677 4261 2025 4334 Apparitiones

387 4333 589 4404 Veteris
610 4341 658 4384 et
689 4331 812 4386 Novi
843 4331 1149 4388 Testamenti
1182 4335 1264 4404 qui
1295 4331 1551 4395 differunt,
1585 4335 1671 4386 41.

460 4403 655 4473 Aquilae
693 4405 852 4458 forma
880 4406 963 4471 qui
995 4405 1240 4474 designet,
1276 4406 1394 4466 133,
1448 4406 1568 4458 148.
1602 4406 1838 4474 Aquilina
1866 4409 2027 4462 forma

388 4491 540 4546 quare
569 4476 758 4544 angelis
786 4491 836 4528 in
867 4476 1136 4546 Scripturis
1163 4477 1486 4538 attribuatur,
1524 4477 1606 4538 11,
1646 4478 1728 4532 16.

458 4546 752 4615 Archangeli
806 4547 920 4616 quid
974 4555 1114 4615 sunt,
1165 4548 1253 4602 85.
1306 4548 1394 4600 89.
1446 4547 1750 4615 Archaugeli
1787 4548 2025 4604 dicuntur

389 4617 573 4672 summi
605 4617 788 4683 nuntii,
819 4617 906 4672 88.
953 4617 1140 4673 Horum
1172 4619 1389 4673 ofﬁcium
1417 4619 1579 4687 quale,
1621 4618 1753 4674 ibid.

470 4690 772 4764 Αρμοστής,
808 4688 900 4742 Per
933 4691 1201 4767 ἁρμοστήν
1233 4691 1351 4759 quid
1374 4690 1755 4758 intelligendum
1780 4690 1867 4758 sit,
1900 4691 2024 4752 ‘214,

464 4771 715 4824 Attributa
743 4772 802 4823 118
841 4770 949 4824 Deo
1000 4769 1256 4837 tripliciter
1309 4769 1562 4833 dicuntur,
1624 4772 1712 4825 18.
1773 4769 2029 4826 Attributa

393 4842 680 4895 essentialia
714 4842 799 4893 sed
836 4840 988 4894 etiam
1021 4842 1365 4896 emanationes
1391 4841 1452 4894 ad
1481 4851 1624 4896 extra
1654 4844 1713 4896 de
1744 4849 1846 4895 tota
1867 4840 2030 4895 Trini-

391 4921 494 4965 tate
525 4910 874 4980 praedicantur,
907 4911 1031 4966 316.

393 5053 414 5105 ς
464 4983 716 5105 Αεῗίεἱρξξ
741 4982 847 5053 quit
876 4982 962 5045 sit,
996 4981 1115 5036 113.
1143 4982 1393 5037 Assistere
1437 4991 1488 5037 et
1519 4982 1803 5038 ministrare
1829 4982 1913 5053 qui
1934 4982 2031 5038 dif-

413 5070 534 5105 erun
563 5096 572 5105 .
649 5065 734 5105 1...).

413 5058 572 5115 erunt,
617 5056 734 5107 125.

465 5130 622 5179 Aures
653 5125 769 5195 quid
800 5123 901 5178 sint
931 5123 982 5178 in
1012 5123 1225 5194 angelis,
1261 5127 1381 5180 141.

1191 5231 1239 5290 B

467 5346 756 5413 Baptismus
787 5348 867 5402 dat
887 5346 1087 5401 initium
1119 5346 1395 5414 sanctitati,
1424 5348 1544 5402 167.
1575 5347 1722 5402 Ritus
1748 5348 2032 5404 collationis

395 5415 652 5490 baptismi,
708 5418 826 5490 1‘68.
877 5417 1191 5490 Candidatus
1218 5417 1484 5490 religionis
1530 5417 1781 5490 patrinum
1831 5421 2030 5490 quaerit,

394 5488 517 5542 174.
544 5487 667 5556 Ejus
688 5487 930 5559 officium,
951 5489 1108 5549 ibid.
1131 5489 1251 5544 179.
1273 5487 1585 5558 Baptizaturo
1608 5489 1724 5559 quid
1750 5487 1860 5543 ﬂeri
1875 5490 2033 5545 soleat

393 5575 423 5614 a
450 5559 726 5631 sacerdote,
768 5560 888 5631 178.
943 5559 1272 5631 Baptizandus
1319 5560 1554 5631 abiurare
1583 5559 1733 5616 debet
1760 5560 2034 5616 inﬁdelita-

396 5629 1070 5702 iem,168.1nsufllatioriis
1119 5639 1170 5686 et
1205 5629 1656 5686 abrenu’ntiationis
1704 5631 1855 5702 ritus,
1909 5631 2029 5688 169.

399 5700 737 5756 Pretessionis
779 5701 926 5769 ritus,
961 5701 1093 5758 ibid.
1129 5703 1280 5761 Ritus
1306 5702 1546 5774 antiquus
1583 5700 1864 5774 baptizandi
1895 5704 2034 5760 sole-

1507 284 1746 346 INDEX
1794 285 2060 346 RERUM
2094 285 2191 347 ET
2222 287 2665 350 VERBORUM.

3573 58 3627 68 -σ-

3328 56 3410 89 ’Τ

3601 290 3758 353 1184

2103 419 2302 483 mniter,
2333 421 2462 475 ibid.
2494 421 2646 476 Ritus
2675 422 2755 476 hic
2785 431 2862 477 est
2889 429 3116 482 sanctus.
3151 422 3272 477 171).
3312 422 3553 491 Baptismi
3585 441 3743 480 ciere-

2098 493 2283 564 moniae
2307 492 2590 564 significant
2618 491 2970 564 expiationem.
3001 491 3156 562 ibid,
3191 494 3311 548 174.
3340 493 3611 550 Hierarcha
3633 512 3750 550 om-

2097 561 2246 634 nibus
2275 561 2730 634 lumen_baptistni
2763 573 2961 632 paratus
2997 573 3074 619 est
3115 566 3375 634 impertiri,
3430 565 3554 620 171.
3613 567 3748 631 Quid

2095 633 2337 709 traductio
2365 634 2425 688 ad
2449 632 2705 709 Orientem
2735 635 2962 709 designet
2985 646 3043 709 et
3077 632 3270 709 unctio.
3299 634 3422 691 172.
3447 635 3579 700 Quid
3604 654 3754 709 aqua:

2095 703 2351 760 immersio
2379 712 2428 759 et
2457 706 2694 764 emer-io.
2729 703 2867 762 ibid?
2898 705 3025 772 Quid
3069 705 3338 761 candidum
3389 703 3756 764 vestimentum

2097 784 2159 860 et.
2178 776 2612 860 unct‘io‘ﬂnlalisﬂ
2625 776 2710 832 73.
2745 776 3032 860 Baptismus
3049 778 3232 860 quist
3262 777 3556 860 nominibus
3580 781 3764 860 appel-

2099 847 2244 921 letur,
2265 847 2404 921 _174.
2429 847 2656 921 Qualiter
2681 864 2736 921 se
2765 846 2966 913 habeat,
2990 846 3120 904 ibid.
3155 846 3330 913 Qualis
3361 849 3592 921 minister
3613 846 3760 921 ejus,

2099 915 2226 971 ibid.
2263 917 2555 988 Baptismus
2587 918 2830 987 imprimit
2873 924 3220 976 characterem
3267 936 3328 973 ex
3367 919 3430 976 D.
3473 915 3758 988 Diony'sio',

2102 991 2222 1061 174.
2254 981 2574 1061 Caeremoniae
2602 981 2719 1061 quae
2750 991 2799 1044 in
2831 991 3080 1061 baptismo
3108 989 3336 1045 adhiberi
3365 991 3557 1058 solent,
3595 981 3764 1061 ibid,

2100 1059 2221 1115 175.
2257 1059 2557 1116 Communia
2587 1059 2694 1116 dari
2723 1062 2870 1116 solita
2898 1059 3009 1132 post
3041 1061 3366 1133 baptismum,
3406 1061 3528 1116 175.
3577 1059 3764 1133 Bapti-

2097 1147 2241 1204 smus
2269 1149 2331 1186 ex
2361 1149 2513 1204 opere
2541 1141 2744 1200 operato
2771 1133 2964 1187 confert
2989 1135 3220 1204 gratiam,
3252 1132 3491 1204 ibidLAn
3514 1140 3566 1187 et
3587 1132 3766 1204 pualis

2096 1202 2352 1257 immersio
2380 1203 2442 1258 ad
2483 1204 2785 1274 baptismum
2843 1205 2911 1258 sit
2950 1202 3254 1274 necessaria,
3319 1203 3439 1258 177.
3502 1202 3765 1262 Sacerdos

2097 1275 2348 1342 quomodo
2379 1273 2726 1344 baptizandum
2761 1275 2996 1345 excipiat,
3031 1275 3156 1331 180.
3191 1273 3478 1344 Baptismus
3505 1275 3602 1330 sub
3625 1291 3764 1331 con-

2098 1345 2416 1416 venientibus
2448 1347 2606 1416 signis
2627 1345 2912 1413 institutus,
2941 1345 3060 1401 181.
3099 1346 3386 1416 Baptizatus
3404 1347 3466 1400 ad
3491 1357 3756 1402 certamen

2098 1414 2404 1486 instituitur,
2436 1414 2555 1471 184.
2589 1416 2875 1486 Baptismus
2909 1433 2999 1472 cur
3029 1414 3303 1472 illustratio
3339 1415 3555 1483 dicatur,
3615 1419 3744 1474 187.

2099 1485 2383 1558 Baptismus
2415 1485 2732 1557 parvulorum
2763 1487 2880 1558 quid
2913 1489 2997 1549 sit.
3032 1488 3159 1543 281.

2215 1570 2637 1614 aarHOLouws
2659 1558 2789 1628 (8.),
2813 1560 3040 1630 quaedam
3063 1558 3343 1630 theologica
3361 1559 3585 1630 scripsit,
3613 1561 3752 1616 547.

2174 1629 2311 1682 Beati
2343 1630 2504 1685 Deum
2543 1629 2739 1701 proprie
2793 1629 3102 1701 cognoscunt
3140 1638 3191 1685 et
3242 1629 3580 1701 eloquuntur,
3648 1648 3752 1686 non

2100 1699 2347 1765 viatores,
2379 1701 2504 1754 294.

2170 1769 2464 1841 Benignitas
2493 1771 2588 1827 Dei
2621 1773 2671 1826 in
2712 1769 2917 1826 homine
2947 1773 3278 1837 restituendo,
3313 1772 3440 1827 237.

2169 1842 2387 1896 Bonum.
2409 1843 2636 1898 Bonitas.
2658 1842 2858 1898 Bonum
2875 1851 2986 1896 eute
2999 1844 3136 1914 prius
3151 1845 3446 1904 intenditur.
3465 1843 3594 1907 544,
3617 1843 3750 1902 375.

2096 1911 2288 1968 Bonum
2319 1914 2568 1984 quomodo
2603 1923 2801 1983 appetat
2829 1914 2875 1967 id
2908 1911 3038 1984 quod
3068 1929 3166 1968 non
3196 1925 3296 1984 est,
3329 1915 3454 1970 404.
3487 1917 3622 1971 Inter
3654 1917 3751 1970 bo-

2096 2000 2216 2038 num
2261 1992 2293 2038 ‘t
2324 1987 2489 2040 lutum
2522 1999 2637 2054 quae
2660 1984 2725 2040 sit
2753 1984 2992 2055 afﬁnitas,
3016 1984 3140 2041 377.
3174 1985 3370 2041 Bonum
3399 1994 3451 2040 et
3481 1985 3751 2055 pulchrum

2132 2056 2344 2128 qumodo
2399 2055 2651 2119 differant,
2705 2054 2834 2111 ibid.
2879 2055 3071 2110 Bonum
3111 2056 3226 2128 quid
3268 2065 3319 2110 et
3372 2054 3559 2128 malum
3592 2060 3750 2121 unde,

2133 2125 2216 2180 76.
2243 2126 2496 2181 Bonorum
2527 2144 2682 2182 causa
2706 2143 2828 2188 una.
2863 2130 3108 2182 malorum
3127 2125 3336 2192 inultae,
3361 2127 3485 2182 372.
3509 2127 3585 2182 Ex
3613 2129 3749 2184 bono

2095 2205 2143 2250 et
2172 2206 2369 2271 propter
2385 2198 2587 2271 bonum
2621 2207 2738 2253 sunt
2766 2199 2956 2271 omnia,
2989 2198 3118 2254 ibid.
3163 2197 3358 2271 Bonum
3389 2208 3472 2253 est
3501 2199 3749 2271 quidquid

2093 2279 2192 2340 est,
2222 2269 2346 2324 363.
2378 2269 2575 2324 Bonum
2607 2285 2692 2339 pro
2722 2269 2968 2340 cujusque
3000 2277 3148 2340 captu
3176 2269 3385 2340 singulis
3414 2271 3580 2332 adest.
3614 2269 3743 2328 365.

2097 2339 2291 2395 Bonum
2322 2349 2399 2394 est
2421 2340 2708 2412 pacificum,
2738 2339 2862 2395 367.
2891 2340 3021 2396 Boni
3045 2339 3224 2412 nomen
3250 2339 3397 2395 latius
3427 2349 3572 2410 patet
3592 2357 3750 2412 quam

2095 2425 2276 2465 nomen
2305 2412 2458 2474 entis,
2497 2412 2628 2466 427.
2666 2411 2786 2466 Boni
2816 2411 2926 2465 laus
2965 2422 3042 2466 est
3075 2411 3134 2465 de
3187 2429 3239 2466 re
3275 2413 3404 2466 bona
3450 2412 3606 2482 loqui,
3651 2413 3745 2470 20.

2095 2482 2218 2537 Boni
2249 2499 2348 2536 una
2377 2491 2455 2537 est
2485 2499 2656 2545 causa,
2693 2499 2739 2536 m
2775 2483 2808 2537 li
2839 2492 3008 2537 autem
3041 2485 3234 2550 multae,
3261 2483 3381 2537 423.
3410 2482 3536 2537 Boni
3560 2499 3753 2540 nomen

2092 2563 2144 2607 et
2174 2553 2361 2608 similia
2403 2554 2464 2608 de
2494 2561 2597 2608 tota
2635 2554 2890 2610 Trinitate
2926 2555 3191 2624 aequaliter
3229 2555 3586 2624 praedicantur,
3616 2554 3746 2610 315.

2095 2625 2302 2680 Bonitas
2360 2631 2440 2681 est
2497 2625 2710 2695 primum
2742 2624 2832 2679 Dei
2865 2623 3183 2687 attributum.
3227 2623 3351 2681 351.
3387 2623 3618 2680 Bouitate
3652 2627 3751 2684 Dei

2103 2697 2273 2750 omnia
2304 2697 2608 2760 consistunt,
2644 2697 2767 2760 351,
2793 2696 2918 2760 375,
2939 2696 3062 2753 389.
3091 2701 3130 2750 Α
3152 2695 3373 2751 bonitate
3397 2705 3477 2751 est.
3499 2697 3753 2754 ordinatio

2103 2771 2416 2846 angelorum,
2468 2766 2595 2822 351.
2626 2766 2869 2846 §imi|iter
2903 2782 3086 2846 eorum
3109 2768 3422 2846 functiones,
3456 2767 3582 2846 352.
3609 2769 3752 2846 §unt
3863 2817 3869 2822 .

2103 2837 2283 2894 anima
2315 2852 2589 2909 earumque
2633 2837 2918 2900 facultates,
2971 2837 3103 2894 ibid.
3155 2839 3398 2893 Similiter
3436 2839 3675 2894 animalia
3705 2851 3758 2896 et

2104 2909 2397 2976 inanimata,
2425 2908 2556 2964 ibid.
2590 2908 2794 2963 Bonum
2823 2917 2904 2979 est
2935 2924 3084 2979 super
3114 2910 3301 2972 omnia,
3333 2918 3385 2963 et
3415 2918 3559 2964 vocat
3583 2911 3749 2968 etiam

2106 2952 2904 3051 ἱῖυᾞέὶὶὲἷιῗέιὶιῖῐῖἱιἒῖιῖιῗὲἱδὲἶ
2935 2952 3753 3051 Ἐῦιῖἱιιῖι’”έέῖᾱιὶεεΐῖιῖοἷι’ὲῖιῖἱ

2103 3052 2221 3105 caeli
2249 3059 2300 3106 et
2329 3059 2498 3106 motus
2527 3067 2722 3116 eorum,
2753 3049 2877 3107 353.
2911 3050 3001 3105 Est
3025 3059 3074 3104 et
3096 3067 3248 3105 causa
3274 3050 3482 3106 luminis
3501 3049 3554 3106 et
3574 3068 3743 3107 rerum

2106 3122 2352 3198 omnium,
2560 3122 2755 3198 Bonum
2789 3130 2868 3176 est
2895 3123 3299 3198 congregativum
3331 3129 3384 3198 et
3405 3121 3466 3198 ad
3480 3137 3544 3198 _se
3563 3125 3736 3198 omnia

2105 3195 2365 3257 convertit,
2401 3191 2527 3248 354.
2550 3192 2690 3264 Nihil
2719 3200 2797 3247 est
2820 3191 3010 3246 exsors
3029 3191 3290 3264 bonitatis,
3325 3194 3448 3248 141.
3477 3191 3547 3264 Ex
3568 3194 3737 3248 omni-

2105 3265 2200 3319 bus
2228 3264 2411 3335 aliquid
2441 3263 2559 3318 boni
2591 3263 2947 3332 colligendum,
2995 3262 3121 3335 ibid.
3159 3262 3368 3335 Bonitas
3403 3263 3519 3335 quid
3547 3265 3629 3335 psit
3656 3281 3740 3335 per

2108 3352 2182 3397 se.
2214 3333 2338 3391 513'.
2374 3335 2579 3406 Bonitas
2609 3335 2870 3406 quomodo
2885 3343 2964 3389 est
2993 3333 3082 3390 Dei
3111 3334 3352 3399 essentia,
3380 3333 3505 3390 375.
3541 3333 3743 3392 Bonum

2109 3416 2156 3460 et
2186 3404 2498 3479 verumquid
2523 3404 2932 3479 diﬂerant,_376.
2972 3478 2977 3479 ν
3003 3475 3042 3479 ,Α

2183 3477 2329 3533 Bovis
2359 3475 2516 3532 forma
2544 3477 2659 3548 quid
2689 3475 3084 3548 declaretL132,
3118 3476 3234 3530 147.

2905 3545 2949 3608 C

2181 3626 2351 3696 Caligo
2390 3627 2555 3681 divina
2589 3626 2707 3697 quid
2739 3628 2824 3691 sit,
2854 3627 2980 3682 591.
3015 3625 3189 3697 Caligo
3220 3627 3428 3697 mystica
3475 3627 3634 3681 simul
3678 3638 3757 3683 est

2110 3697 2436 3759 lucidissima,
2477 3698 2601 3753 544.
2634 3697 2808 3766 Caligo
2846 3707 2896 3752 et
2925 3713 3106 3752 arcana
3136 3699 3274 3767 quid,
3306 3697 3431 3752 542.
3469 3697 3756 3768 Caliginetn

2111 3769 2437 3894 (quid
2469 3769 2554 3832 sit,
2586 3769 2710 3824 558.
2743 3769 2913 3838 Caligo
2937 3770 3144 3838 mystica
3172 3769 3228 3822 ﬁt
3252 3785 3316 3824 ex
3338 3769 3468 3823 lucis
3497 3769 3757 3824 abundan-

2114 3851 2201 3896 118.
2233 3851 2366 3896 ιοια.

2416 3926 2559 3984 sacra
2591 3919 2642 3964 et
2668 3911 2908 3984 lectiones
2944 3913 3060 3984 quid
3092 3910 3382 3984 designent,
3419 3909 3546 3964 189.
3581 3909 3759 3965 Canti-

2113 3997 2288 4036 corutn
2320 3982 2654 4050 spiritualium
2685 3997 2794 4052 quae
2823 3983 2887 4036 sit
2917 3980 3365 4050 etiicacitas,’2t7.

2184 4053 2403 4107 Caurus
2431 4053 2530 4121 (8.)
2563 4054 2674 4122 quis
2696 4053 2779 4117 sit,
2809 4055 2934 4108 607.

2182 4124 2566 4249 Catsaiiumenis
2619 4126 2734 4194 quid
2771 4124 2944 4178 audire
2993 4124 3184 4180 licitum
3224 4131 3274 4178 et
3306 4121 3474 4177 videre
3532 4123 3760 4192 prohibi-

2185 4211 2238 4249 η.
2267 4201 2285 4221 "
2379 4237 2393 4249 .
3462 4241 3465 4243 _

2111 4204 2238 4258 tum,
2267 4195 2393 4250 207.
3462 4241 3465 4243 _

2179 4265 2345 4336 Causa
2375 4265 2494 4335 quid
2523 4264 2609 4326 sit,
2644 4263 2770 4319 204.
2821 4264 3000 4321 Causae
3037 4264 3343 4336 principales
3371 4279 3598 4336 quaenam
3629 4265 3754 4328 sint,

2109 4337 2230 4392 45l.
2265 4335 2447 4392 Causae
2476 4337 2535 4390 ad
2568 4336 2801 4390 allectum
2829 4353 2926 4389 non
2957 4335 3049 4390 est
3068 4337 3367 4402 similitudo,
3398 4335 3515 4389 498.

2181 4407 2410 4462 Charitas
2440 4417 2518 4460 est
2544 4408 2689 4476 quasi
2714 4407 2886 4461 anima
2917 4407 3158 4461 virtutum
3180 4416 3492 4474 ceterarum,
3523 4403 3655 4461 379.

2181 4478 2446 4534 Cherubim
2478 4477 2596 4548 quid
2627 4477 2893 4548 signiﬁcat,
2925 4479 3014 4545 53,
3047 4478 3138 4543 55,
3169 4477 3262 4535 59.

2181 4546 2609 4605 ΟΗιιιετυὸ.“Ρει·
2639 4546 2896 4605 Christum
2920 4565 3181 4604 accessum
3211 4549 3454 4603 habemus
3472 4548 3532 4602 ad
3565 4546 3756 4617 Deum,

2113 4624 2197 4677 15.
2224 4621 2462 4677 Christus
2493 4635 2548 4673 se
2575 4621 2770 4690 angelis
2797 4621 2930 4674 clare
2964 4621 3015 4674 in
3043 4621 3222 4690 gloria,
3259 4619 3411 4674 nobis
3433 4617 3650 4673 obscure
3672 4633 3762 4690 per

2111 4692 2337 4763 symbola
2363 4689 2724 4763 communicat,
2754 4691 2884 4763 A154.
2907 4689 3140 4763 Christus
3170 4691 3343 4746 habuit
3363 4693 3531 4745 omnia
3554 4689 3754 4759 propria

2111 4760 2460 4831 humanitatis,
2489 4760 2613 4817 325.
2647 4761 2884 4817 Christus
2929 4762 3200 4817 humanam
3239 4769 3469 4816 naturam
3501 4773 3759 4830 superna-

2111 4834 2336 4889 turaliter
2366 4832 2704 4905 participavit,
2735 4832 2861 4888 322.
2893 4831 3124 4889 Christus
3149 4832 3329 4888 dicitur
3361 4832 3632 4895 αὖτόλιθος
3668 4845 3765 4885 seu

2113 4915 2433 4993 αὒτοπέτρπι,
2464 4911 2588 4970 295.
2615 4910 2955 4993 Christusest
2993 4913 3076 4967 lux
3116 4929 3254 4993 vera,
3288 4915 3339 4967 4.
3368 4909 3619 4993 Christus
3632 4925 3758 4993 quo-

2121 4994 2266 5050 modo
2297 4988 2546 5064 parabolis
2574 5001 2626 5047 et
2660 4991 2902 5064 symbolis
2931 5008 3060 5064 usus
3089 4992 3182 5060 sit,
3211 4993 3337 5064 615.
3372 4988 3769 5064 Christodiviaa

2119 5074 2168 5120 et
2197 5060 2433 5135 subiimia
2455 5064 2659 5126 dantur,
2691 5060 2816 5119 157.
2849 5062 3085 5119 Christus
3111 5063 3360 5135 quomodo
3390 5060 3763 5135 sanctificata,

2119 5135 2244 5190 229.
2277 5134 2475 5192 Christo
2496 5136 2654 5190 multa
2673 5150 2759 5206 per
2789 5135 2995 5206 angelos
3020 5131 3267 5206 nuntiata,
3297 5131 3388 5202 38,
3417 5131 3770 5206 41.Christus

2121 5207 2288 5286 magni
2315 5206 2511 5262 consilii
2539 5202 2948 5331 Ange'luspib—id.
2992 5205 3176 5262 Christi
3223 5204 3554 5285 mansuetudo
3595 5202 3772 5274 potius

2123 5277 2362 5333 imitanda
2390 5292 2539 5344 quam
2569 5293 2623 5331 ze
2647 5292 2707 5331 us
2733 5275 2876 5342 Eltai,
2907 5275 3035 5334 603.
3071 5279 3197 5344 Quae
3221 5284 3288 5330 sit
3307 5283 3698 5332 mansuetorum
3721 5280 3777 5329 et

2123 5293 2362 5333 imitantia
2390 5293 2539 5348 quam
2569 5293 2707 5331 zelus
2733 5293 2876 5342 eius,
2907 5293 3035 5334 oua.
3071 5293 3197 5344 uua:
3221 5293 3288 5330 sit
3307 5293 3698 5332 mansuewrum
3721 5293 3775 5329 οι

2119 5347 2395 5419 crudelium
2422 5347 2714 5419 retributio,
2737 5347 3088 5419 6041Christi
3115 5356 3304 5419 quanta
3337 5345 3404 5402 sit
3433 5344 3775 5419 mansuetudo

2117 5426 2167 5474 et
2202 5418 2502 5490 benignitas,
2533 5419 2661 5484 598,
2692 5416 2818 5474 603.
2855 5416 3055 5475 Christo
3103 5416 3256 5490 grata
3294 5427 3373 5490 est
3407 5416 3768 5490 mansuetudo,

2115 5491 2242 5548 606.
2304 5489 2430 5546 Cum
2472 5489 2674 5548 Christo
2729 5490 3020 5546 certandum
3052 5487 3448 5546 et'moriendum
3492 5495 3595 5553 est,
3639 5487 3771 5544 185.

2115 5562 2347 5618 Christus
2374 5570 2452 5618 est
2483 5576 2633 5617 verus
2662 5561 2834 5626 homo,
2865 5559 2990 5617 589.
3027 5559 3264 5617 Christus
3292 5568 3372 5616 est
3403 5559 3537 5616 Deus
3587 5559 3766 5622 homo,

2116 5633 2242 5704 609.
2273 5632 2504 5689 Christus
2530 5640 2609 5704 est
2648 5634 2761 5704 plus
2789 5646 2939 5704 quam
2970 5630 3146 5698 homo,
3177 5630 3310 5691 ibid.
3356 5629 3544 5688 Christi
3575 5645 3764 5702 opera-

2118 5703 2281 5759 tiones
2311 5704 2485 5776 quales
2513 5702 2632 5769 sint,
2651 5701 2792 5759 7590.
