4242 6270
348 348 428 411 ε
466 360 477 361 γ
523 344 2233 363 ςλ.ψΜψ*α-ὸ-““αμῄνωιωυ-ν
2262 354 2287 359 -ι
2304 352 3608 410 αηρ-ακῃκ--υή-υη-ΜΜΞ--σ

1319 538 2643 705 PRAEFATIO

512 924 703 1069 IN
798 913 1352 1065 DUOS
1434 911 2591 1094 SEQUENTES
2699 917 3440 1071 TOMOS.

400 1518 443 1573 l.
484 1515 620 1586 Quid
651 1514 703 1568 in
742 1512 841 1568 hac
864 1524 1003 1567 nova
1034 1521 1283 1565 VETERUII
1314 1516 1525 1560 eurum
1566 1508 1917 1555 BIBLIOTBECA

330 1612 545 1667 tertium
570 1607 702 1663 illud
739 1616 794 1662 et
826 1612 1077 1675 quartum
1108 1600 1357 1655 volumen
1400 1594 1665 1655 afferant,
1713 1601 1919 1657 quosve

328 1704 539 1767 Patres,
568 1701 867 1773 quibusque
908 1695 1269 1753 recentiorum
1301 1692 1652 1757 interpretum
1683 1691 1775 1738 aut
1803 1680 1918 1738 edi-

326 1806 500 1852 torum
543 1794 738 1851 studiis
784 1791 1074 1847 adornatos
1114 1788 1167 1843 in
1212 1785 1447 1843 medium
1494 1779 1912 1840 adduxeritnus,

325 1888 509 1958 paucis
545 1900 822 1956 exponere
862 1898 957 1953 par
994 1888 1116 1948 est,
1160 1879 1467 1949 priusquam
1495 1915 1511 1940 ,
1568 1880 1625 1926 ut
1660 1879 1817 1924 antea
1862 1868 1913 1921 in

322 1977 713 2034 Tcrtulliauum
740 2020 755 2043 ,
798 1975 877 2029 sic
900 1973 1091 2028 saltem
1123 1980 1177 2026 et
1207 1970 1259 2024 in
1291 1966 1621 2038 Cyprianum
1651 1975 1871 2031 agamus
1898 2000 1913 2025 ,

323 2069 570 2139 virilique
597 2083 697 2139 pro
722 2067 971 2137 portione
998 2075 1107 2119 tum
1134 2062 1202 2118 de
1230 2061 1348 2131 ejus
1375 2060 1693 2113 auctoritate
1713 2064 1767 2110 et
1790 2068 1915 2117 usu,

323 2172 431 2217 tum
466 2161 533 2215 de
563 2158 897 2232 Cyprianicis
935 2156 1219 2212 annalibus
1250 2152 1530 2208 litterariis
1569 2150 1775 2204 alienas
1815 2161 1913 2215 po-

323 2254 425 2309 tius
453 2268 611 2324 quam
643 2261 857 2309 nostras
880 2248 1155 2323 symbolas
1182 2246 1556 2303 exhibeamus.

761 2432 1148 2491 ARTICULUS
1195 2427 1472 2484 PRIMUS.

816 2608 873 2649 εγ
882 2606 1080 2648 LLABUS
1121 2602 1401 2645 AUCTORUM
1413 2624 1425 2639 ο

391 2757 455 2813 ll.
498 2756 634 2812 Rem
672 2751 904 2823 duplicis
944 2748 1240 2821 argumenti
1289 2758 1409 2801 esse
1445 2741 1583 2797 hanc
1610 2736 1909 2795 Bibliothe-

317 2867 437 2907 cam
458 2891 474 2915 ,
503 2863 664 2921 quam
686 2854 743 2903 et
767 2847 984 2901 Cursum
1018 2840 1329 2912 Patrologiw
1354 2837 1800 2908 qualemcumque
1832 2832 1911 2885 in-

318 2944 603 3016 scripsisse
626 2942 799 3007 libuit,
831 2939 913 2995 vel
941 2937 1008 2992 ab
1036 2936 1166 3006 ipsis
1196 2930 1503 2989 nominibus
1534 2928 1693 2982 velim
1723 2925 1913 2994 depre-

320 3037 545 3092 hcndas.
574 3035 711 3090 Hinc
740 3032 880 3087 enim
904 3039 1145 3085 veterum
1178 3024 1502 3087 teStitnouia,
1546 3020 1691 3075 illinc
1718 3031 1909 3073 recen-

320 3131 449 3183 tium
472 3125 860 3183 comntentaria
888 3140 898 3174 :
934 3121 1106 3192 prisca
1136 3132 1265 3189 ergo
1292 3126 1425 3170 aetas
1455 3113 1613 3175 tulit,
1655 3124 1776 3182 quae
1815 3107 1911 3161 ho-

317 3221 503 3277 dierna
535 3232 724 3274 manus
747 3214 1031 3279 recondit;
1059 3212 1218 3268 verba
1245 3209 1395 3265 dedit
1424 3214 1685 3269 vetustas,
1717 3202 1910 3273 quibus

317 3314 727 3385 explanationes
776 3325 1037 3366 novorum
1093 3309 1377 3363 doctorum
1428 3299 1657 3355 varietas
1684 3295 1907 3351 addidit.

320 3408 409 3463 llla
442 3421 573 3478 ergo
601 3406 670 3461 ad
698 3402 1107 3467 Bibliothecam,
1138 3400 1255 3454 hcce
1283 3412 1414 3452 vero
1456 3393 1521 3448 ad
1560 3392 1821 3457 Cursum,
1864 3388 1909 3441 si

316 3498 448 3572 quid
478 3500 549 3554 sit
576 3500 630 3553 in
659 3513 721 3553 ea
752 3511 886 3552 voce
914 3495 1148 3560 virtutis,
1190 3492 1441 3545 attinent.

396 3592 482 3648 lll.
503 3590 778 3648 Prodeunt
800 3589 987 3659 partim
1006 3588 1059 3642 in
1079 3587 1181 3641 hoc
1211 3594 1358 3640 tome
1386 3582 1624 3638 minores
1644 3576 1829 3635 saeculi
1853 3591 1908 3631 tu

317 3686 506 3743 Patres
536 3702 549 3737 ε
582 3683 956 3754 principesque
989 3685 1230 3751 prteeunt
1248 3684 1449 3731 sanctae
1474 3680 1737 3742 martyres
1764 3668 1906 3723 Feli-

316 3777 456 3833 citas
472 3776 820 3845 etPerpetua,
844 3773 1026 3828 nobile
1045 3786 1141 3842 par
1160 3770 1504 3833 feminarum,
1533 3765 1706 3819 amba;
1730 3763 1905 3834 dignae

318 3872 543 3926 Patrum
573 3884 868 3924 coaevorum
908 3867 1095 3922 duces.
1122 3862 1372 3921 Succedit
1403 3861 1602 3931 duplex
1624 3867 1904 3914 auctorum

320 3963 713 4027 triumviratus,
746 3971 849 4016 tres
875 3959 1081 4016 scilicet
1107 3956 1334 4012 Romani
1357 3953 1671 4018 Pontiﬁces,
1700 3950 1907 4005 Corne—

316 4058 455 4122 lius,
504 4056 735 4121 Lucius,
778 4054 1119 4124 Stephanus;
1186 4059 1401 4119 tresque
1463 4042 1904 4114 Carthaginiensis

314 4150 419 4205 fori
473 4150 748 4215 causidici,
803 4147 1045 4219 ejusdem
1098 4159 1272 4201 causa:
1316 4142 1621 4198 christiana:
1666 4137 1901 4211 patroni,

315 4243 600 4309 Minucius,
628 4240 901 4307 Octavius,
930 4238 1178 4295 Ctecilius
1208 4237 1381 4292 fauste
1408 4235 1650 4290 devictus
1671 4273 1685 4298 ,
1732 4230 1822 4301 qui
1852 4236 1908 4284 et

316 4337 644 4407 Cyprianum
683 4335 951 4391 devicisse
980 4331 1235 4389 creditur.
1280 4330 1424 4385 Pone
1462 4326 1697 4383 subeunt
1724 4324 1907 4393 plures

316 4428 483 4500 ignoti
529 4426 766 4483 nominis
811 4436 1079 4493 auctores,
1121 4438 1371 4495 quorum,
1410 4436 1503 4489 pro
1555 4433 1705 4473 more
1754 4415 1906 4471 Chri-

314 4522 649 4589 stianorum,
698 4518 972 4574 humiliter
1031 4516 1353 4571 latitantium
1405 4526 1569 4582 opera
1620 4510 1673 4565 in
1729 4510 1903 4563 lucem

315 4615 532 4685 prodire
559 4623 838 4671 merentur
867 4633 880 4666 :
913 4622 1024 4667 tum
1062 4612 1265 4681 primus
1304 4606 1766 4664 schismaticorum
1810 4618 1906 4657 an-

314 4711 627 4781 tesignanus
649 4752 664 4777 ,
711 4709 960 4779 antipapa
1006 4706 1333 4762 Novatianus
1358 4745 1373 4768 ,
1403 4702 1488 4757 cui
1530 4708 1584 4757 et
1621 4712 1907 4771 propemo-

312 4802 443 4856 dum
480 4804 672 4857 vellem
714 4800 987 4857 accenseri
1027 4796 1414 4854 Caesariensem
1444 4794 1756 4864 episcopum
1788 4789 1906 4844 Fir—

313 4894 592 4948 miliauum
618 4934 633 4961 ,
673 4896 726 4948 ni
766 4892 902 4947 falso
928 4934 942 4958 ,
972 4900 1030 4946 ut
1065 4889 1312 4956 videtur,
1362 4887 1463 4958 ipsi
1509 4882 1908 4940 adscriberetur

312 4989 567 5059 epistola,
592 4990 642 5044 in
669 5004 772 5061 qua
797 4986 1100 5059 Stephanus
1121 5028 1133 5052 ,
1164 4985 1408 5041 Pontifex
1440 4991 1657 5039 sanctus
1685 4989 1739 5036 et
1761 4994 1905 5034 utar-

314 5095 426 5156 tyr,
456 5083 595 5138 male
622 5083 968 5139 antichristus
996 5082 1164 5138 audit.

388 5176 615 5230 Demum
640 5175 689 5229 in
715 5183 859 5231 tomo
878 5175 1066 5243 altero,
1101 5174 1248 5229 solus
1277 5186 1499 5243 operum
1527 5168 1672 5225 mole
1694 5166 1907 5223 caeteris

311 5268 567 5325 omnibus
601 5267 741 5323 haud
776 5270 984 5340 impar,
1023 5282 1161 5323 unus
1186 5276 1241 5323 et
1269 5265 1649 5332 integerrimus
1690 5269 1908 5316 sanctus

309 5362 753 5434 Carthaginensis
777 5362 1059 5433 episcopus
1085 5361 1385 5434 Cyprianus
1410 5358 1715 5415 exhibetur.

385 5454 475 5510 IV.
508 5455 640 5524 Qua:
681 5471 804 5511 cum
848 5457 1140 5527 proposita:
1174 5454 1375 5510 fuerint
1404 5461 1644 5509 veterum
1686 5450 1902 5505 Patrum

310 5551 595 5607 sententia
619 5591 635 5617 ,
684 5551 856 5608 denso
892 5551 1106 5622 agmine
1147 5549 1376 5605 subeunt
1410 5546 1704 5603 recentium
1738 5544 1903 5598 inter-

312 5655 525 5715 pretum
552 5644 813 5717 collegia;
849 5659 1080 5715 quorum
1105 5643 1194 5699 alii
1219 5641 1465 5699 codicum
1489 5641 1619 5695 falsa
1646 5639 1749 5693 huc
1777 5636 1904 5690 illuc

312 5735 720 5807 tempestatibus
766 5746 887 5792 acta
934 5736 1231 5808 colligunt;
1275 5734 1529 5792 fascicula
1572 5730 1900 5797 discutiunt,

553 5831 833 5894 I'A'rtton.
879 5829 993 5891 Ill.

1244 1240 2777 1283 ψ

2026 1485 2338 1541 metnbrana
2362 1485 2592 1553 radunt,
2626 1489 2975 1559 palimpsesta
2998 1531 3011 1556 ,
3043 1498 3101 1545 ut
3137 1492 3207 1546 ita
3236 1492 3447 1563 dicam,
3477 1497 3621 1552 evis-

2022 1592 2242 1645 cerant;
2273 1581 2360 1635 alii
2404 1591 2651 1650 acceptas
2696 1583 2955 1639 lectiones
2998 1585 3404 1656 intrOSpiciunt,
3449 1592 3624 1659 prisca

2022 1672 2411 1728 recentioribus
2436 1714 2450 1736 ,
2480 1672 2639 1728 dubia
2671 1676 2835 1730 certis
2856 1716 2871 1743 ,
2914 1677 3106 1730 similia
3136 1678 3401 1735 similibus
3429 1697 3625 1750 repen-

2021 1762 2157 1818 dunt
2185 1778 2247 1819 ac
2275 1763 2568 1818 elucidant.

2092 1855 2155 1911 V.
2193 1857 2317 1918 Vin,
2352 1855 2447 1911 tibi
2490 1856 2839 1926 praelibentur
2868 1859 3058 1914 saltem
3101 1862 3496 1933 prrecipuorum
3526 1883 3633 1924 no-

2019 1946 2164 2001 mina
2193 1948 2572 2017 interpretum,
2597 1950 2687 2019 qui
2716 1949 2857 2006 inter
2883 1962 3111 2008 caeteros
3135 1958 3538 2022 przestantiores
3561 1975 3625 2015 ac

2030 2042 2196 2097 veluti
2227 2042 2501 2096 variorum
2532 2044 2772 2113 magistri
2803 2044 3014 2109 sedent,
3052 2046 3282 2118 ideoque
3314 2064 3422 2117 pne
3451 2052 3628 2106 omni-

2020 2135 2119 2189 bus
2148 2135 2213 2188 ad
2244 2134 2381 2190 hanc
2411 2136 2678 2191 universae
2705 2138 2781 2191 rei
2815 2138 3101 2207 patristica:
3121 2141 3426 2210 palabstram
3453 2141 3624 2199 addu-

2018 2229 2260 2282 cuntur?
2288 2226 2421 2281 Cum
2458 2228 2632 2296 primo
2662 2228 2887 2299 legenda
2935 2241 3224 2286 occurrunt
3268 2243 3382 2288 acta
3411 2246 3624 2290 sancta-

2018 2334 2137 2373 rum
2181 2318 2473 2390 Martyrum
2521 2320 2936 2387 Africanarum,
2989 2322 3057 2377 ad
3087 2338 3150 2377 ea
3196 2324 3395 2395 duplex
3441 2341 3622 2382 assur-

2016 2410 2128 2480 git,
2180 2411 2252 2464 uti
2287 2410 2603 2480 plerumque
2628 2452 2642 2477 ,
2690 2422 3174 2468 commentatorum
3202 2419 3621 2473 ac‘commenta-

2020 2505 2222 2558 tionum
2250 2519 2420 2574 genus
2452 2523 2463 2556 :
2496 2505 2643 2559 aliud
2694 2506 2965 2589 litteraleu
2982 2523 3177 2578 nempe
3210 2509 3271 2563 Ι).
3302 2510 3622 2568 Theoderici

2017 2594 2303 2660 liuinartii,
2335 2596 2494 2650 Luem
2542 2596 2805 2652 Holsteuii
2836 2610 2890 2653 et
2918 2599 2976 2653 P.
3004 2599 3212 2655 Possini
3233 2642 3248 2668 ,
3280 2606 3367 2671 qui
3418 2603 3622 2671 ipsum-

2016 2699 2128 2744 met
2154 2692 2409 2744 Actorum
2445 2699 2649 2745 textum
2677 2690 2744 2746 de
2772 2692 2939 2746 verbo
2968 2692 3032 2747 ad
3065 2694 3288 2748 verbum
3321 2694 3618 2762 elucidant,

2017 2783 2306 2838 emendant
2346 2786 2809 2854 conﬁrmantque,
2856 2785 3001 2839 aliud
3037 2786 3393 2842 discursivum
3420 2829 3436 2855 ,
3470 2800 3528 2844 ut
3560 2791 3621 2845 fit

2018 2875 2340 2946 Basnagium
2374 2878 2514 2931 inter
2553 2886 2608 2931 et
2643 2878 3129 2932 eminentissimum
3172 2879 3227 2934 S.
3256 2879 3321 2933 Β.
3356 2881 3415 2935 Ε.
3442 2882 3618 2939 cardi-

2017 2969 2192 3025 nalem
2211 2968 2353 3034 Orsi,
2370 2969 2437 3023 tle
2460 2978 2767 3024 sanctarmn
2789 2970 3078 3042 Martyrum
3098 2971 3415 3027 ortltodoxia
3431 2974 3619 3044 dispu-

2016 3067 2191 3113 tantes
2215 3101 2229 3125 ,
2279 3075 2378 3114 nec
2415 3060 2580 3114 dubio
2612 3075 2834 3130 prorsus
2874 3061 3170 3116 certamine
3201 3080 3212 3113 :
3243 3064 3617 3120 tantummodo

2014 3149 2307 3206 dolendum
2341 3151 2482 3223 quod
2506 3153 2967 3209 eminentissimus
2988 3163 3290 3209 Sanctarum
3323 3155 3613 3228 Martyrum

2014 3242 2285 3309 defensor,
2321 3258 2442 3297 cum
2474 3244 2669 3299 invicte
2696 3261 2881 3300 earum
2917 3244 3075 3301 ﬁdem
3106 3247 3497 3314 vindicaverit,
3533 3258 3615 3303 ta-

2016 3351 2140 3391 men
2178 3335 2554 3391 Montauistam
2593 3352 2717 3391 esse
2755 3337 2944 3392 horum
2986 3348 3227 3393 actorum
3276 3341 3617 3399 consarcina-

2016 3434 2186 3482 torem
2208 3428 2559 3483 concesserit.
2592 3428 2723 3483 lluic
2752 3441 2931 3483 autem
2958 3431 3242 3485 sententia:
3273 3433 3468 3487 merito
3498 3448 3618 3489 cer-

2015 3521 2163 3575 tatim
2194 3521 2530 3591 refragantur
2561 3522 2611 3575 iu
2641 3523 2905 3591 prooemio
2932 3523 3044 3591 jam
3093 3524 3340 3578 laudatus
3384 3525 3618 3580 Buiuar-

2016 3613 2118 3668 tius
2148 3623 2199 3669 et
2228 3614 2572 3669 doctissimus
2613 3615 2944 3671 Gallandius.
2991 3618 3127 3673 llinc
3168 3619 3422 3675 emendes
3453 3621 3612 3675 velim

2011 3720 2132 3775 qua:
2173 3708 2223 3760 in
2269 3715 2414 3761 torno
2447 3707 2620 3777 primo
2663 3708 2887 3779 hujusce
2928 3709 3270 3765 bibliotheca:
3319 3713 3479 3781 paulo
3523 3715 3618 3769 du-

2011 3795 2153 3850 riora
2182 3795 2313 3851 dixit
2339 3796 2388 3851 J.
2424 3798 2560 3869 Aug.
2596 3798 2810 3855 Nosst-lt
2843 3801 2895 3853 in
2928 3801 3308 3858 dissertatione
3334 3846 3348 3870 ,
3400 3806 3614 3876 egregia

2011 3887 2227 3943 aliunde
2251 3899 2305 3943 et
2332 3905 2460 3943 sane
2489 3891 2806 3959 gravissima
2830 3934 2842 3958 ,
2875 3907 3032 3962 quam
3063 3894 3113 3947 in
3143 3893 3461 3949 Tertulliani
3490 3910 3613 3965 pro-

2012 3981 2311 4050 legomeuis
2338 3983 2677 4051 protulimus.

2082 4072 2167 4124 Vl.
2234 4072 2373 4127 Inter
2422 4075 2778 4129 vetustissima
2833 4078 2971 4131 tertii
3024 4079 3106 4132 vel
3160 4078 3342 4134 forsan
3388 4081 3612 4136 secundi

2006 4162 2193 4218 saeculi
2225 4164 2441 4229 rudera,
2474 4165 2564 4217 diu
2610 4165 2900 4220 admodum
2945 4168 3157 4223 delituit
3195 4172 3461 4238 quoddam
3504 4189 3611 4226 non

2009 4253 2206 4309 nullius
2238 4254 2393 4324 pretii
2424 4254 2782 4325 fragmentum
2814 4258 3131 4326 acephalum
3172 4259 3239 4313 dc
3271 4261 3489 4317 Canone
3524 4276 3611 4316 sa—

2009 4363 2220 4402 crarum
2267 4347 2708 4418 Scripturarum;
2754 4351 2895 4419 quod
2943 4351 3155 4406 tandem
3200 4352 3377 4408 medio
3423 4355 3613 4409 ultimo

2018 4440 2219 4494 smculo
2250 4440 2453 4509 primus
2485 4441 2626 4495 eruit
2668 4441 2740 4495 cl.
2784 4443 2863 4496 vir
2909 4442 3232 4498 Muratorius
3259 4463 3271 4499 :
3302 4445 3461 4516 idque
3505 4447 3610 4503 ite-

2010 4545 2131 4585 rum
2171 4546 2292 4585 cum
2336 4532 2635 4586 innumeris
2672 4532 2771 4587 aevi
2804 4534 2959 4603 longe
2989 4536 3256 4603 sequioris
3294 4552 3358 4591 ac
3392 4538 3612 4593 omnino

2010 4620 2313 4691 disparibus
2343 4624 2729 4687 monumentis,
2763 4624 2816 4677 in
2848 4623 2947 4679 hac
2972 4625 3115 4680 mole
3158 4642 3350 4695 magna
3399 4630 3613 4685 Italica-

2009 4730 2127 4770 rum
2163 4715 2327 4770 medii
2364 4716 2462 4770 aevi
2492 4716 2890 4786 Autiquitatum
2938 4718 3085 4773 visus
3120 4728 3203 4774 est
3240 4720 3613 4790 abscondisse,

2010 4808 2314 4880 iterumque
2336 4811 2615 4880 sepelisse.
2638 4810 2750 4865 lloc
2777 4827 2906 4868 vero
2929 4814 3268 4882 Opusculum,
3291 4814 3412 4870 licet
3436 4818 3613 4886 capite

2011 4901 2297 4967 minutum,
2328 4901 2510 4972 ignoto
2542 4912 2691 4973 patre
2721 4915 2925 4969 natum,
2960 4904 3165 4961 incerta
3194 4918 3354 4963 (elate
3380 4909 3607 4977 editum,

2010 4992 2229 5049 horrida
2270 5010 2543 5049 naevorum
2586 4994 2748 5051 sorde
2799 4998 3140 5067 squalidum,
3182 5010 3412 5069 utraque
3448 5018 3612 5057 manu

2009 5096 2284 5158 gratanter
2340 5089 2651 5158 excepimus
2697 5107 2709 5140 :
2760 5090 3067 5144 uitidiorem
3123 5106 3186 5143 ac
3250 5093 3607 5149 recentiorem

2009 5179 2132 5236 Joh.
2162 5179 2483 5235 Kirchhofer
2509 5180 2878 5235 recensionem
2921 5178 3291 5245 exhibuimus;
3330 5183 3396 5237 de
3437 5197 3613 5253 eortue

2013 5273 2244 5328 libenter
2270 5272 2596 5327 adduximus
2637 5279 2899 5340 quotquot
2936 5279 3287 5325 occurrerunt
3336 5272 3612 5331 disseren-

2014 5371 2115 5428 tes,
2149 5379 2341 5433 nempe
2373 5363 2463 5415 Dr.
2497 5360 2853 5427 Freindaller,
2886 5360 3114 5415 Herard.
3152 5362 3376 5429 Stosch,
3402 5380 3465 5420 ac
3498 5381 3612 5435 pra:

2010 5455 2261 5508 omnibus
2285 5453 2439 5507 Mart.
2463 5452 2577 5507 Jos.
2606 5450 2810 5518 Routh,
2838 5452 3200 5507 clarissimum
3227 5454 3439 5527 collegii
3463 5455 3607 5527 Mag-

2009 5548 2236 5611 dalenae,
2292 5544 2614 5600 Oxoniensis
2670 5544 2952 5614 przesidem
2983 5545 3069 5599 cui
3126 5544 3307 5601 felices
3365 5547 3610 5617 plurima:
3687 5530 3697 5536 ’

2010 5638 2378 5695 restitutiones
2424 5652 2489 5692 ac
2528 5646 2817 5709 perpetuus
2848 5636 3088 5707 ejusdem
3125 5639 3429 5708 argumenti
3458 5654 3608 5695 com-

2010 5728 2305 5788 meutarius
2334 5728 2619 5786 debentur.

2875 5820 2921 5886 Ι.
