4190 6246
574 312 629 351 ιη
789 306 792 308 ν
2023 267 2411 328 ramum.
3809 252 3867 310 iv

648 404 760 458 VII.
803 404 905 468 At,
961 401 1015 456 in
1072 395 1406 454 excurrendo
1451 391 1668 447 Minucii
1710 388 1906 444 Felicis
1956 386 2178 442 Octavio

574 500 747 567 major
776 508 997 563 campus
1028 500 1141 556 est;
1174 490 1337 543 immo
1367 501 1492 542 vera
1522 483 1788 540 acerrime
1817 480 2166 553 pugnantium

572 588 736 643 acies.
770 587 919 642 Unus
957 593 1133 638 tamen
1181 590 1356 636 textus
1401 581 1453 633 in
1498 591 1606 632 uno
1655 573 1843 632 codice
1886 579 2165 638 servatus,

576 697 678 734 una
706 676 1018 734 certaminis
1044 689 1225 729 causa.
1253 672 1355 726 Vix
1383 685 1511 726 vero
1536 667 1796 724 credibile
1825 681 1982 736 quam
2018 662 2168 718 miris

574 769 752 825 modis
796 768 940 822 hunc
985 767 1200 821 unicum
1253 772 1457 819 textum
1495 762 1611 817 ausi
1647 761 1751 815 sint
1791 759 2166 828 distorquere,

573 873 703 935 quot
745 863 920 916 varias
959 875 1026 915 ex
1064 875 1172 914 uno
1215 859 1361 913 fonte
1408 855 1668 912 lectiones
1712 850 2014 916 hauserint,
2041 856 2172 916 quot

573 955 766 1010 iisdem
799 951 980 1008 verbis
1010 965 1203 1007 sensus
1243 949 1477 1006 absonos
1515 944 1867 1012 intruserint,
1898 950 2030 1013 quot
2057 941 2170 994 ina-

573 1046 735 1102 nibus
764 1043 1124 1109 commentis,
1157 1056 1220 1096 ac
1260 1038 1470 1094 stolidis
1512 1034 1937 1107 conjectionibus
1978 1038 2170 1086 cuncta

573 1138 847 1208 susdeque
883 1134 1286 1189 intricaverint!
1313 1131 1476 1187 Nobis
1505 1137 1683 1184 autem
1712 1127 1763 1181 id
1794 1127 1846 1180 in
1878 1123 2062 1194 primis
2094 1122 2172 1174 in-

575 1230 833 1287 cumbere
861 1228 1147 1293 duximus,
1181 1234 1384 1281 textum
1418 1237 1614 1291 nempe
1641 1221 1783 1274 hunc
1822 1217 2071 1279 unicum,
2105 1226 2171 1265 ex

575 1339 720 1380 nova
748 1331 802 1378 et
831 1319 1244 1391 diligentissima
1276 1319 1432 1372 unius
1472 1314 1678 1370 codicis
1714 1310 2033 1366 recensione
2053 1350 2065 1373 ,
2100 1306 2173 1360 ita

575 1433 771 1489 purum
795 1424 980 1487 putum
1003 1412 1292 1477 exhibere;
1312 1419 1371 1466 ut
1397 1408 1529 1464 nihil
1550 1405 1851 1476 adjiciatur,
1874 1399 2009 1456 nihil
2030 1399 2175 1453 aufe-

578 1521 752 1578 ratur,
773 1522 873 1564 nec
895 1508 1125 1578 ipsamet
1144 1503 1424 1559 manifesta
1447 1497 1852 1556 amanuensium
1876 1491 2175 1565 sphalmata

578 1605 992 1665 omitterentur;
1025 1614 1088 1655 ac
1119 1598 1214 1652 vix
1260 1595 1504 1668 pauculae
1545 1587 1916 1647 tantummodo
1949 1583 2173 1648 voculae,

575 1697 644 1751 ad
689 1709 906 1751 sensum
950 1693 1399 1762 qualemcumque
1440 1682 1820 1748 excitandum,
1876 1679 1929 1732 in
1966 1675 2178 1731 uncinis

579 1790 970 1844 insererentur.
1001 1783 1237 1839 Summae
1267 1781 1427 1850 igitur
1474 1774 1718 1846 religioni
1760 1771 2043 1826 habuimus
2082 1781 2177 1822 vc-

579 1897 695 1936 ram
719 1881 848 1936 dare
891 1892 953 1932 ac
978 1875 1264 1947 genuinam
1313 1870 1455 1926 unici
1498 1867 1700 1924 codicis
1741 1863 1971 1934 efﬁgiem
2013 1876 2042 1915 a
2070 1860 2179 1930 pri—

580 1988 750 2028 maeva
779 1971 914 2026 facie
943 1969 1010 2024 ad
1043 1968 1219 2022 vivum
1250 1977 1586 2034 expressam.
1614 1961 1806 2024 Porro,
1826 1956 1997 2028 posita
2022 1953 2180 2023 hujus

579 2063 834 2133 palmaris
881 2070 1058 2115 textus
1114 2055 1446 2117 sinceritate,
1490 2067 1558 2107 ne
1609 2049 1786 2105 dicam
1831 2045 1954 2100 data
1994 2055 2182 2098 rursus

583 2154 834 2210 editionis
865 2149 1120 2221 principis
1149 2147 1400 2210 veritate,
1430 2141 1630 2212 duplici
1662 2135 2062 2208 explanationis
2087 2148 2182 2203 ge-

583 2261 735 2312 nere,
763 2254 820 2298 ut
848 2241 1050 2308 caueri,
1075 2239 1327 2295 Octavius
1357 2235 1662 2298 instruitur,
1694 2229 2014 2297 duobusque
2033 2239 2180 2279 com-

580 2344 944 2394 mentatorum
999 2332 1185 2388 cuneis
1228 2329 1352 2383 hinc
1393 2337 1448 2382 et
1493 2324 1620 2380 inde
1666 2320 2018 2388 constipatur.
2056 2315 2178 2380 Alii,

582 2426 1054 2500 grammaticorum
1087 2425 1277 2485 instar,
1308 2421 1375 2476 de
1406 2418 1588 2474 littera
1616 2421 1849 2474 certant,
1881 2411 2021 2464 inter
2048 2422 2182 2478 quos

580 2522 804 2577 laudare
846 2520 1003 2590 juvat
1051 2515 1376 2578 I'Ieraldum,
1417 2507 1781 2570 Wowerium,
1819 2501 2179 2562 Gronovium,

582 2613 910 2679 Grunerum,
934 2607 1417 2670 Elmenhorstium,
1448 2600 1756 2673 Bigaltium,
1781 2595 2179 2659 Heumannum,

586 2706 902 2768 Cellarium,
937 2701 1313 2758 Menckenium
1338 2742 1352 2766 ,
1379 2697 1650 2752 Davisium
1672 2736 1688 2762 ,
1720 2690 2018 2756 Ouzelium,
2047 2686 2184 2742 Wo-

581 2798 862 2870 pkenium,
896 2795 1247 2859 Lindnerum,
1287 2788 1652 2852 Gallandium,
1686 2783 2002 2846 Meursium,
2035 2780 2188 2836 Peri-

585 2893 833 2958 zonium,
877 2899 982 2945 etc.
1033 2888 1090 2943 In
1135 2887 1454 2941 innnensum
1501 2879 1765 2935 crevisset
1813 2873 1979 2930 libelli
2030 2873 2186 2940 hujus

587 2981 1030 3046 commentarius,
1063 2977 1165 3033 nisi
1194 2976 1422 3030 fuissent
1467 2972 1654 3028 sedulo
1701 2966 2061 3040 prurienlium
2107 2963 2189 3016 in—

584 3082 885 3142 terpretum
920 3069 1262 3139 loquaciores
1292 3065 1478 3134 rejecti
1499 3105 1513 3130 ,
1543 3062 1650 3117 nisi
1683 3060 1903 3114 omissae
1933 3057 2015 3112 vel
2048 3054 2186 3126 opti-

588 3178 801 3219 morum
870 3162 1166 3214 innumera:
1215 3165 1384 3220 notae,
1419 3163 1774 3223 netarumque
1803 3147 2189 3220 supereflluen-

588 3256 723 3310 tium
766 3253 975 3307 luxuria
1017 3251 1274 3305 dissecta.
1321 3248 1415 3304 Sat
1455 3256 1632 3301 tamen
1665 3258 1936 3314 superque
1963 3239 2189 3295 effluunt

587 3347 810 3404 selectae
858 3344 966 3398 illa:
1017 3343 1293 3413 reliquiae,
1352 3351 1406 3394 ut
1460 3339 1585 3394 inde
1637 3353 1732 3407 per
1788 3345 1870 3402 te,
1933 3334 2038 3399 sis,
2095 3347 2187 3387 ex-

588 3439 826 3510 periare,
880 3438 1068 3501 lector,
1121 3433 1314 3504 quibus
1353 3431 1582 3487 salebris
1636 3429 1917 3484 terendum
1954 3427 2024 3479 sit
2064 3425 2184 3489 iter,

593 3538 652 3584 ut
701 3539 964 3599 perpetuo
1023 3526 1253 3580 decursu
1330 3523 1604 3576 variorum
1653 3515 2074 3574 commentarius
2123 3514 2188 3568 ad

593 3621 757 3677 ﬁnem
801 3634 971 3689 usque
1015 3618 1295 3681 deveniat;
1324 3624 1443 3679 sat,
1481 3615 1734 3683 inquam,
1784 3623 2084 3679 superque,
2135 3615 2191 3660 ut

593 3715 874 3780 speciatim
891 3727 1150 3782 agnoscas
1169 3725 1234 3765 eo
1256 3725 1424 3777 usque
1437 3706 2029 3763 Trans-Rhenanorum
2058 3717 2188 3757 eru-

593 3809 829 3865 ditorum
860 3807 1072 3880 garrula
1102 3805 1268 3861 libido
1293 3818 1414 3859 sese
1445 3803 1655 3858 eﬁrmna
1681 3801 1847 3872 jactet
1891 3809 1945 3854 et
1989 3798 2188 3852 debac-

595 3903 804 3959 chctur.

668 3992 804 4049 VIII.
847 3992 926 4048 Ne
953 3993 1112 4063 igitur
1139 3991 1361 4046 nimium
1396 3988 1625 4043 tinniant
1664 4002 1824 4041 aures
1862 4001 1928 4040 ex
1975 3985 2076 4040 hoc
2104 3985 2190 4038 lit-

591 4088 843 4144 teralium
858 4092 1343 4142 commentatorum
1367 4097 1565 4137 vesano
1589 4081 1840 4146 tumultu,
1862 4079 2190 4144 curavimus,

593 4180 709 4236 sive
739 4180 789 4234 in
823 4177 1124 4248 prooemiis,
1158 4176 1274 4230 sive
1301 4177 1353 4230 in
1395 4173 1589 4229 ﬁnibus
1634 4173 1888 4227 extremis
1933 4172 2091 4240 hujus
2132 4171 2194 4225 Ii-

597 4271 748 4338 belli,
782 4270 919 4325 alios
960 4267 1259 4325 audiendos
1301 4267 1539 4322 melioris
1565 4265 1733 4335 frugis
1763 4265 1904 4318 viros
1932 4263 1997 4318 ad
2026 4279 2194 4334 gene-

593 4364 763 4419 ralem
791 4361 996 4416 Octavii
1027 4361 1253 4415 criticen
1294 4359 1676 4413 adstruendam
1717 4373 1893 4428 gnave
1937 4372 2056 4412 sese
2102 4371 2194 4412 ac-

594 4455 894 4524 cingentes.
924 4451 1060 4506 I-Iinc
1109 4465 1138 4504 a
1185 4449 1358 4520 primo
1393 4450 1579 4504 limine
1628 4448 1793 4503 habes
1834 4449 1898 4502 D.
1941 4447 2191 4503 Gothofr.

594 4547 832 4615 Lumper
877 4545 942 4613 de
991 4543 1060 4597 M.
1114 4542 1332 4597 Minucii
1370 4542 1668 4613 apologetae
1705 4542 1834 4608 vita,
1887 4543 2194 4612 eloquentia

596 4649 652 4694 et
701 4637 937 4708 scriptis,
970 4646 1162 4691 cuncta
1211 4645 1367 4690 antea
1399 4645 1453 4691 et
1479 4651 1638 4706 quam
1680 4641 1882 4707 optime
1929 4636 2069 4692 dicta
2108 4635 2192 4692 di-

595 4737 906 4800 gerentem;
963 4729 1134 4798 prima
1183 4727 1381 4782 iterum
1435 4727 1612 4784 fronte
1667 4729 1974 4799 appendere
2018 4729 2198 4784 decuit

595 4821 946 4891 principalem
990 4820 1262 4876 Francisci
1307 4819 1556 4875 Balduini
1596 4820 2058 4889 dissertationem,
2093 4837 2198 4893 qua

595 4914 802 4984 primus
831 4928 928 4967 suo
960 4927 1086 4966 vero
1109 4913 1313 4966 auctori
1341 4911 1622 4967 Octavium
1654 4913 1910 4967 restituit.

665 5003 762 5060 Cui
806 5003 1162 5057 annexuimus
1203 5003 1515 5073 praeclaram
1538 5046 1553 5071 ,
1587 5018 1649 5058 ac
1691 5004 1746 5059 in
1791 5005 1909 5059 viro
1939 5003 2007 5059 de
2033 5019 2199 5075 grege

592 5087 1222 5168 pseudoreformatorum
1287 5097 1806 5164 commendabilem,
1868 5096 1992 5152 Joh.
2057 5097 2195 5168 Aug.

592 5189 812 5246 Ernesti
841 5192 1147 5262 epistolam,
1187 5192 1373 5261 primae
1399 5191 1660 5247 Lindneri
1681 5192 1907 5247 editioni
1943 5191 2196 5255 afﬁxam;

594 5284 648 5339 in
679 5302 803 5356 qua,
839 5288 905 5341 ab
941 5287 1144 5342 Octavii
1175 5287 1573 5358 elegantissima
1619 5285 1986 5343 concinnitate
2009 5300 2195 5341 ansam

593 5378 880 5447 arripiens,
904 5378 1131 5438 multum
1154 5380 1421 5433 etcximie
1445 5388 1558 5434 tum
1583 5379 1648 5434 de
1684 5389 1929 5434 veterum
1952 5378 2195 5445 Patrum,

592 5477 701 5523 tum
729 5467 798 5522 de
832 5471 1216 5533 recentiorum,
1256 5485 1318 5523 ac
1355 5469 1406 5522 in
1451 5470 1638 5539 primis
1675 5469 1742 5525 de
1787 5469 1892 5523 divi
1937 5469 2195 5523 Bernardi

587 5558 898 5628 eloquentia
930 5557 1187 5628 disputat.

656 5654 870 5713 Claudit
892 5654 1110 5709 demum
1145 5654 1260 5708 hmo
1287 5654 1619 5726 longiuscula
1649 5654 2031 5724 prolegomena
2053 5654 2196 5722 ejus-

577 5745 696 5802 dem
728 5743 990 5811 Gottlieb.
1042 5746 1296 5802 Lindneri
1340 5749 1537 5816 przevia
1589 5745 1894 5815 compendii
1940 5745 2192 5814 analytici

2274 381 2567 453 indagatio,
2598 392 2716 449 quae
2748 382 2917 430 totum
2947 371 3153 444 Dialogi
3176 369 3464 426 Minuciani
3492 373 3864 440 argumentum

2273 475 2375 529 sub
2395 487 2503 529 uno
2519 468 2802 542 synoptico
2821 476 2874 524 et
2893 465 3172 522 dialectico
3193 469 3488 534 conspectu
3513 459 3870 532 comprehen-

2274 579 2393 621 sum
2423 562 2660 621 exhibet.

2347 657 2474 712 Haec
2515 663 2601 710 est
2643 651 2709 707 ad
2754 650 3036 707 Octavium
3075 655 3245 703 strata
3272 647 3355 701 via
3388 663 3401 700 :
3433 653 3652 716 totoque
3678 658 3866 715 opere,

2276 766 2383 805 non
2415 747 2753 805 obSIantibus
2783 743 2985 799 morosi
3015 740 3388 798 commentarii
3418 738 3667 804 fastidiis,
3699 738 3872 794 conti-

2277 860 2385 900 nuo
2425 858 2586 899 cursu
2621 846 2940 910 peragrato,
2971 833 3253 890 recreandi
3280 834 3444 890 animi
3470 849 3629 889 causa
3654 873 3670 900 ,
3701 846 3871 888 venu-

2275 949 2414 996 stam
2458 938 2618 993 Lucae
2657 929 2923 988 Holstenii
2960 928 3245 1000 epistolam
3295 926 3361 982 ad
3408 926 3500 982 Fr.
3541 923 3869 982 cardinalem

2277 1030 2658 1092 Barberinum,
2692 1025 2758 1080 de
2784 1022 3032 1078 Verubus
3073 1020 3260 1074 Diana:
3293 1018 3539 1090 Ephesia:
3570 1018 3622 1072 in
3653 1017 3874 1073 Octavio

2278 1122 2612 1185 memoratis,
2647 1134 2712 1175 eo
2741 1116 2994 1173 libentius
3019 1113 3337 1184 collegimus
3357 1153 3371 1178 ,
3395 1111 3537 1183 quod
3579 1111 3631 1164 in
3671 1111 3875 1168 recenti

2278 1217 2598 1274 collectione
2627 1214 2848 1269 doctiss.
2879 1211 2978 1266 viri
3006 1209 3367 1280 Epistolarum
3394 1223 3425 1263 a
3458 1208 3520 1262 D.
3545 1205 3876 1262 Boissonade

2278 1308 2500 1364 Parisiis
2530 1306 2651 1362 data
2674 1348 2688 1371 ,
2718 1304 2989 1361 immerito
3030 1315 3254 1372 prorsus
3295 1299 3434 1357 desit
3469 1299 3585 1355 haec
3618 1298 3876 1355 disserta-

2279 1401 2539 1458 tiuncula.

2353 1494 2559 1564 Agmen
2588 1499 2769 1546 autem
2803 1496 2882 1544 tot
2906 1487 3068 1544 unius
3091 1485 3259 1543 libelli
3289 1488 3793 1548 commentatorum,
3822 1489 3880 1535 ut

2280 1582 2466 1654 incipit
2518 1582 2582 1637 D.
2630 1581 2888 1650 Lumper,
2929 1577 3002 1635 ita
3043 1576 3284 1648 ejusdem
3335 1574 3539 1631 ordinis
3585 1573 3881 1629 monachus

2284 1677 2347 1731 Ι).
2379 1674 2550 1732 Nicol.
2584 1674 2660 1730 Le
2688 1673 2905 1745 Nourry
2933 1671 3162 1742 perﬁcit.
3204 1671 3418 1738 Quanto
3463 1675 3622 1724 antea
3661 1666 3879 1722 laudum

2283 1769 2542 1840 applausu
2587 1767 2829 1838 ejusdem
2871 1765 2940 1821 de
2986 1763 3303 1820 Tertulliani
3349 1760 3701 1832 apologeticis
3733 1758 3884 1815 libris

2284 1860 2721 1917 dissertationem
2748 1858 3079 1928 excepimus,
3101 1864 3251 1911 tanto
3275 1855 3434 1910 etiam
3455 1867 3596 1908 nunc
3619 1851 3886 1908 extollen-

2283 1954 2410 2009 dum
2434 1960 2518 2008 est
2541 1952 2643 2007 hoc
2660 1951 2860 2022 egregii
2878 1949 2976 2005 viri
2997 1949 3270 2019 egregium
3294 1960 3451 2016 Opus,
3476 1946 3592 2000 haec
3613 1942 3886 1999 uberrima

2284 2059 2463 2100 rerum
2490 2050 2731 2098 veterum
2765 2057 2828 2097 ac
2859 2055 3116 2096 novarum
3146 2040 3198 2094 in
3221 2038 3442 2095 Octavio
3483 2037 3660 2092 refusa
3695 2049 3882 2106 seges;

2287 2135 2390 2190 hoc
2411 2151 2475 2190 ex
2499 2135 2718 2204 eptimis
2744 2135 2984 2190 omnium
3011 2141 3226 2188 aetatum
3255 2147 3317 2186 ac
3341 2129 3739 2200 provinciarum
3769 2127 3889 2197 phi-

2285 2229 2549 2299 losophis,
2575 2229 2768 2298 poetis,
2789 2227 3172 2298 grammaticis,
3194 2223 3499 2280 oratoribus
3520 2222 3883 2294 Spicilegium;

2285 2321 2420 2376 nihil
2446 2322 2726 2386 intactum,
2755 2321 2888 2376 nihil
2911 2321 3255 2391 irrepertum,
3282 2317 3416 2373 nihil
3442 2324 3564 2386 post
3585 2314 3702 2386 ejus
3726 2313 3891 2370 vesti-

2285 2411 2370 2482 gia
2397 2411 2800 2482 requirendum.

2359 2506 2448 2560 IX.
2491 2505 2744 2560 Succedit
2793 2505 3047 2575 anonymi
3117 2502 3358 2558 auctoris
3423 2499 3731 2556 Chronicon
3790 2498 3893 2554 sub

2287 2597 2597 2652 Alexandro
2656 2597 2861 2652 Severo
2913 2595 3314 2664 conscriptum;
3369 2593 3608 2648 omnium
3666 2590 3895 2662 proinde

2289 2688 2658 2759 hujuscemodi
2709 2695 3222 2749 monumentorum,
3265 2686 3318 2739 in
3363 2683 3594 2738 decursu
3640 2681 3898 2737 christia-

2290 2781 2474 2836 nitatis
2525 2789 2631 2834 tam
2691 2778 3075 2848 frequentium,
3127 2777 3381 2846 pritnum,
3430 2783 3483 2829 et
3538 2773 3591 2828 in
3647 2771 3897 2828 Ecclesia

2291 2874 2478 2929 Latina
2511 2871 2702 2926 saltem
2747 2870 3220 2940 antiquissimum;
3268 2867 3422 2936 cujus
3448 2864 3641 2935 opella:
3666 2873 3898 2920 vetusta:

2293 2979 2356 3020 ea
2389 2963 2486 3018 fuit
2536 2964 2654 3018 laus
2701 2962 2948 3033 insignis,
2984 2969 3042 3016 ut
3069 2959 3212 3014 Patri
3241 2959 3380 3014 inter
3409 2957 3590 3029 plures
3634 2956 3897 3024 maximo,

2291 3069 2479 3113 sancto
2507 3069 2707 3126 nempe
2733 3054 3043 3126 Hippolyto,
3065 3052 3301 3108 Ostiensi
3331 3051 3606 3121 cpisc0po,
3632 3047 3901 3104 tribuere-

2292 3159 2400 3215 tur,
2436 3159 2603 3220 utque
2627 3164 2772 3214 eam,
2803 3149 2854 3203 in
2887 3146 3267 3202 dissertatione
3297 3159 3456 3215 quam
3491 3151 3611 3213 post
3638 3143 3698 3197 D.
3732 3141 3902 3198 Lum-

2293 3259 2480 3314 perum
2512 3242 2802 3307 edidimus,
2836 3240 3232 3295 illustrissimus
3278 3236 3598 3292 Franciscus
3642 3234 3901 3290 Blanchi-

2294 3342 2419 3396 nius
2448 3341 2773 3404 delinearet,
2807 3346 3169 3406 accurateque
3194 3333 3403 3389 calculo
3431 3331 3774 3402 rependeret.

2369 3433 2434 3487 Χ.
2477 3431 2715 3501 Carptim
2748 3430 2978 3486 subinde
3018 3435 3388 3484 memorantur
3432 3439 3499 3480 ex
3543 3423 3731 3480 ordine
3762 3431 3903 3478 tem-

2295 3542 2512 3597 porum,
2564 3535 2992 3596 argumentoque
3039 3522 3187 3578 brevi
3234 3519 3603 3590 indigitantur,
3655 3517 3906 3588 plurimae

2294 3621 2688 3682 eonfessorum,
2705 3617 2823 3672 sive
2839 3617 3225 3676 Romanorum,
3243 3612 3359 3667 sive
3369 3609 3903 3681 Carthaginensium,

2295 3711 2560 3781 epistolae,
2594 3709 2731 3764 infra
2776 3709 2917 3764 inter
2943 3722 3110 3778 opera
3137 3708 3197 3762 D.
3229 3703 3483 3776 Cypriani
3537 3701 3903 3758 remittendae.

2297 3805 2412 3859 Iloc
2437 3805 2582 3860 enim
2613 3805 2794 3858 animo
2824 3801 3334 3872 prmoccupavimus,
3365 3798 3597 3868 quoties,
3624 3797 3694 3852 ob
3716 3812 3904 3852 rerum

2296 3898 2692 3953 connexionem
2737 3912 2801 3952 ac
2843 3905 3140 3966 temporum
3184 3893 3405 3960 seriem,
3433 3891 3685 3948 nonnulla
3731 3905 3903 3962 opus-

2297 3991 2419 4046 cula
2449 4006 2514 4047 ex
2545 3991 2725 4060 ampla
2772 3989 3090 4044 collectione
3113 3985 3456 4055 decerpenda
3492 3984 3702 4051 forent,
3734 3983 3909 4039 toties

2299 4097 2486 4138 eorum
2539 4081 2772 4137 dandam
2819 4095 2940 4137 esse
2981 4095 3080 4136 suo
3129 4095 3272 4134 anno
3313 4087 3368 4133 et
3406 4077 3524 4132 loco
3568 4076 3910 4133 mentionem

2299 4185 2618 4246 argumento
2649 4191 2827 4230 rerum
2870 4172 3227 4236 elucidatam;
3261 4186 3329 4225 ne
3379 4172 3581 4240 integra
3607 4183 3673 4225 ea
3701 4169 3913 4226 collec—

2301 4266 2394 4332 tio,
2429 4280 2461 4320 e
2489 4281 2592 4336 qua
2623 4265 3000 4332 desumuntur,
3032 4263 3271 4329 nomine,
3303 4261 3543 4333 pondere
3589 4275 3676 4328 ac,
3725 4270 3790 4316 ut
3836 4261 3914 4316 ita

2299 4357 2498 4422 dicam,
2557 4357 2741 4412 habitu
2795 4365 2851 4412 et
2889 4357 3038 4412 vultu
3108 4354 3410 4422 notissima,
3442 4354 3760 4408 immutetur
3818 4363 3918 4410 aut

2300 4448 2616 4517 dissipetur.

2375 4538 2464 4592 XI.
2507 4538 2660 4594 Nunc
2705 4554 2833 4594 vero
2879 4538 3060 4594 debita
3105 4553 3227 4594 cum
3278 4537 3604 4603 reverentia,
3651 4536 3808 4591 cultu
3861 4546 3920 4592 et

2301 4645 2464 4699 cura,
2498 4632 2551 4686 in
2575 4631 2752 4687 lucem
2785 4631 3049 4702 prodeant
3097 4631 3370 4701 pontiﬁcia
3413 4628 3597 4686 saeculi
3628 4644 3687 4684 ιιι
3714 4643 3920 4684 monu-

2304 4734 2518 4791 menta;
2551 4723 2636 4780 his
2687 4725 2947 4794 prooemia
2993 4724 3252 4780 historica
3297 4739 3365 4780 ex
3412 4721 3629 4793 optimis
3667 4719 3923 4778 fontibus

2303 4818 2536 4874 adducta
2565 4819 2995 4888 praeambulent;
3045 4819 3161 4874 haec
3188 4818 3332 4873 unde
3363 4827 3418 4873 et
3459 4830 3694 4887 quanam
3726 4831 3920 4872 rerum

2303 4919 2628 4980 tempestate
2670 4911 2934 4974 oriantur,
2983 4909 3185 4967 diserta
3234 4910 3616 4981 prolegomena
3656 4922 3922 4977 praenun-

2309 5003 2476 5067 tient;
2521 5001 2712 5057 horum
2744 5005 2789 5057 si
2834 5003 3118 5070 nonnulla,
3151 5003 3251 5058 τιξνὶ
3291 5001 3559 5058 edacitate
3595 4999 3919 5074 absumpta,

2307 5092 2709 5160 desiderentur,
2760 5097 3015 5165 specialis
3067 5095 3256 5150 notitia
3311 5102 3674 5166 praemoneat;
3718 5095 3922 5151 horum

2307 5188 2548 5242 omnium
2581 5204 2933 5260 qumcumque
2965 5204 3250 5258 superesse
3281 5188 3526 5258 contigit,
3557 5197 3744 5244 textus
3771 5188 3922 5244 inte-

2305 5281 2452 5351 grior
2506 5282 2572 5336 ad
2622 5283 2865 5338 melioris
2915 5283 3169 5338 editionis
3224 5297 3470 5339 normam
3526 5290 3920 5346 recenseatur;

2306 5374 2470 5427 vari:e
2522 5374 2776 5429 lectiones
2817 5374 3083 5431 indefessa
3129 5390 3296 5446 opera
3343 5374 3689 5446 colligantur,
3719 5373 3921 5428 confe-

2308 5473 2514 5531 rantur,
2539 5466 2922 5537 dispiciantur;
2950 5483 3144 5524 sensus
3161 5468 3401 5540 judicum
3424 5465 3664 5521 omnium
3687 5465 3926 5521 calculis

2307 5561 2692 5632 perpendatur,
2726 5565 2966 5620 omnium
2999 5564 3333 5621 eruditorum
3371 5559 3726 5631 religiositate
3757 5560 3918 5614 resti-

2309 5659 2488 5710 tuatur
2542 5666 2632 5710 aut
2683 5669 2960 5725 servetur;
3009 5658 3247 5714 omnium
3296 5655 3653 5722 interpretum
3694 5649 3927 5721 indaga-

2313 5742 2457 5800 tione
2487 5746 2809 5805 elucidetur.
2859 5750 2952 5807 His
3002 5749 3217 5804 demum
3268 5745 3527 5803 accedant
3575 5741 3783 5814 qumvis
3827 5744 3931 5799 sub
