4242 6270
335 289 370 334 v
1820 317 2205 383 PREFATIO.

335 407 610 457 tantorum
657 407 874 462 nomine
916 407 1057 464 inter
1109 412 1414 476 Catholieos
1468 425 1939 501 circumferuntur,

330 506 402 548 ne
460 493 682 551 nimium
734 503 1134 561 tteoterlcorum
1196 513 1318 567 crisi
1367 511 1593 588 abrepti,
1646 531 1846 582 temere
1889 527 1938 583 in

330 579 611 642 interitum
673 605 827 648 sacra
886 601 1174 656 vetustatis
1231 617 1450 664 munera
1505 617 1936 690 pessumdemus,

325 692 467 734 neve
523 679 704 739 forsan
778 684 1044 746 lutulento
1094 693 1318 764 pulvere
1379 679 1666 776 parumper
1719 708 1933 767 suiiusa:

325 769 636 842 margaritae
666 775 1082 839 conettlcentur.

397 859 728 938 Hincigitur
753 869 820 926 ad
863 887 1035 931 annos
1063 887 1375 938 sanctorum
1404 885 1657 959 Cornelii,
1690 893 1836 950 Lucii
1869 908 1921 952 et

323 953 609 1027 Stephani,
647 963 966 1033 pontificum
997 978 1051 1025 et
1078 982 1397 1045 martyrum,
1431 981 1602 1049 primo
1631 953 1697 1040 de
1737 1003 1922 1044 eorum

319 1048 490 1116 gestis
531 1059 586 1108 et
612 1053 828 1125 scriptis
881 1063 1232 1119 summarium
1284 1048 1604 1129 intexnimus
1627 1077 1918 1136 chronieon

318 1150 388 1193 ex
415 1141 686 1199 veteribus
729 1151 1231 1227 recentioribusque
1273 1155 1649 1234 desumptnm:
1691 1169 1916 1240 scilicet,

319 1227 449 1286 hinc
475 1249 540 1288 ex
571 1235 632 1292 D.
664 1237 1024 1313 Hieronymo,
1057 1261 1122 1301 ex
1155 1227 1515 1321 Anastasio,'e
1545 1255 1727 1315 libello
1755 1227 1927 1334 Sync:-

318 1319 462 1390 dico,
491 1341 554 1382 ex
579 1327 834 1401 Syncello
856 1351 870 1400 ;
895 1335 1047 1393 illinc
1068 1353 1133 1394 ex
1164 1337 1415 1410 Baronlo,
1449 1345 1625 1419 Binio,
1655 1349 1922 1424 Fabricio,

316 1412 504 1486 Pagio,
557 1418 810 1490 Labbteo,
852 1423 1221 1499 Tilletnontio,
1286 1412 1626 1508 Constantio,
1667 1412 1918 1512 Gellerio;

315 1504 611 1580 Lumpero,
641 1514 918 1574 Gallandio
958 1531 1011 1576 et
1041 1519 1442 1597 Bollandianis;
1473 1504 1666 1591 deinde
1711 1504 1918 1596 textum

312 1601 664 1671 epistularum
694 1607 881 1666 damus
928 1614 993 1668 ad
1043 1617 1276 1686 optimas
1321 1627 1668 1686 recensiones
1707 1647 1768 1687 ac
1809 1649 1920 1704 prae

312 1694 568 1752 omnibus
596 1701 844 1758 eximiam
879 1705 943 1760 D.
977 1705 1277 1766 Constantii
1312 1715 1602 1775 editionem
1630 1719 1916 1795 integerri-

309 1797 458 1841 mam
507 1789 820 1861 accipimus.
869 1795 1028 1866 Tum,
1080 1801 1146 1856 ad
1202 1811 1382 1861 textus
1425 1807 1637 1878 plenam
1683 1815 1917 1874 illustra-

311 1877 531 1945 tionem,
558 1897 741 1938 curam
769 1889 1008 1944 omnium
1029 1892 1382 1964 interpretum
1405 1912 1638 1961 nostram
1663 1905 1910 1980 fecimus,

306 1964 528 2027 Pamelii
585 1974 864 2045 videlicet,
914 1981 1168 2051 Labbtei,
1237 1987 1534 2062 ilarduini,
1583 1964 1906 2070 Constantii:

305 2059 531 2132 Valesli,
564 2065 804 2124 Balnzii:
849 2088 947 2130 nec
975 2075 1274 2134 identidem
1323 2087 1654 2156 negleximns
1686 2094 1912 2151 selectas

299 2161 370 2208 ex
401 2156 623 2224 optimis
652 2169 806 2216 notas
848 2169 1206 2235 quorumdant
1241 2172 1689 2237 bcterodoxorum
1712 2226 1726 2251 ,
1776 2183 1907 2243 Felli

298 2253 449 2313 puta,
483 2246 740 2322 Reading,
771 2253 1009 2321 Routhii,
1069 2260 1388 2333 Goldhorni,
1450 2246 1903 2346 Schmnemanni,

295 2337 614 2407 quibuscum
663 2343 806 2400 {cede
855 2350 1093 2405 coutitur
1151 2353 1438 2426 Rigaitius,
1490 2359 1626 2418 adeo
1672 2337 1904 2424 nominis

292 2427 551 2485 Catholici
582 2432 852 2505 indignus,
907 2449 964 2494 ut
1007 2455 1132 2498 eum
1164 2454 1473 2518 respuerint
1499 2469 1560 2509 ac
1606 2470 1750 2528 stupe
1777 2470 1902 2516 nota

294 2527 707 2580 transverterint
776 2531 994 2600 ipsimet
1061 2536 1296 2595 editores
1355 2545 1637 2616 Anglicani
1707 2552 1903 2623 aliique

291 2617 531 2670 sectarii.
581 2618 770 2674 Varias
813 2634 988 2679 autem
1036 2627 1319 2698 lectiones,
1363 2647 1622 2707 quotquot
1660 2642 1896 2700 editores

288 2704 598 2777 Anglicani,
643 2711 695 2765 in
742 2714 808 2768 iis
849 2716 1170 2788 colligendis
1219 2704 1625 2797 studiosissimi,
1676 2732 1893 2803 habent,

287 2796 614 2855 exhibemus
639 2803 826 2861 multis
855 2808 972 2863 aliis
1003 2809 1129 2867 hinc
1156 2822 1211 2868 et
1231 2815 1358 2872 inde
1384 2817 1650 2879 demessis
1691 2837 1897 2894 auctas,

285 2899 599 2962 nostraque
644 2897 884 2952 versioui
937 2905 1391 2963 aemmodatas.
1461 2910 1690 2969 Domum
1740 2932 1896 2974 acce-

285 2980 426 3038 dunt
473 2984 528 3038 in
575 2988 966 3056 appendicibus
1010 2997 1261 3065 epistola:
1307 3001 1501 3058 iisdem
1556 3008 1899 3076 pontiﬁcibus

284 3075 433 3133 haud
455 3078 525 3133 ita
545 3090 694 3136 certo
707 3083 1098 3157 sdseribeodet,
1116 3090 1332 3148 decreta
1350 3095 1637 3167 subdubia,
1655 3101 1898 3172 ipszemet

284 3167 601 3235 Decretales
647 3173 844 3232 littera:
897 3187 1007 3234 tam
1049 3181 1144 3236 diu
1195 3185 1247 3238 in
1279 3186 1412 3243 orbe
1458 3167 1744 3249 doctorum
1795 3196 1894 3252 de‘

281 3265 556 3331 cantate,
603 3277 664 3322 ut
691 3270 773 3324 vel
823 3285 891 3327 eo
932 3273 1054 3328 solo
1094 3277 1313 3334 nomine
1341 3279 1408 3335 iis
1456 3282 1512 3336 in
1557 3282 1663 3340 hac
1710 3296 1892 3342 nostra

283 3355 610 3414 collectione
657 3361 971 3430 plettissims
1016 3381 1125 3422 non
1191 3369 1368 3426 locum
1420 3373 1555 3430 dare
1599 3377 1755 3433 nei'as
1800 3380 1891 3435 sit.

283 3447 555 3521 Denique,
595 3465 722 3508 eum
769 3455 1089 3529 plerumque
1131 3461 1363 3518 concilia
1396 3466 1494 3521 sub
1543 3468 1894 3529 Pontiﬁcibus

283 3542 516 3596 summis
573 3541 844 3601 celebrata
894 3548 1024 3614 sint,
1076 3558 1351 3622 tamquam
1411 3556 1623 3613 illorum
1681 3575 1888 3631 opera,

284 3629 510 3688 amante
535 3633 720 3704 Patro,
761 3637 986 3708 scripta,
1007 3640 1362 3715 duriusque
1388 3647 1502 3702 suis
1527 3629 1736 3704 servata
1762 3629 1891 3708 con-

278 3722 643 3796 signataque,
698 3728 782 3783 vel
847 3746 878 3783 a
929 3732 1257 3801 quibusda
1319 3737 1632 3797 doctoribus
1677 3746 1891 3801 eximiis

279 3814 576 3884 adornata,
602 3821 975 3896 qualiaﬂtere
1001 3836 1128 3880 octo
1165 3829 1397 3895 concilia
1443 3831 1888 3905 Carthaginensia

281 3918 344 3963 et
371 3905 482 3962 duo
499 3907 742 3967 Romanu
757 3913 860 3972 sub
889 3915 988 3970 SS.
1019 3917 1277 3975 Cometio
1293 3931 1350 3976 et
1371 3922 1648 3994 Stephano
1668 3926 1849 3984 habita
1869 3946 1883 3994 ;

277 3995 490 4054 idcinoo
532 3999 780 4072 religioni
829 4005 1086 4063 duximus
1125 4023 1192 4064 ea
1231 4010 1406 4067 obiter
1454 4015 1730 4085 relegere,
1784 4035 1887 4074 nec

279 4088 388 4146 nisi
425 4105 458 4145 a
488 4093 812 4152 collectione
840 4100 1208 4156 recentissima
1236 4102 1433 4174 Mansi,
1469 4107 1552 4162 vel
1578 4109 1647 4164 ab
1689 4111 1886 4166 eximia

277 4196 346 4240 ac
372 4187 594 4256 speciali
628 4191 948 4249 recensione
989 4193 1228 4262 Rotuln'i,
1277 4197 1422 4254 inter
1452 4199 1689 4271 ejusdem
1737 4203 1878 4258 Reti-

275 4279 424 4349 θεὸν
447 4293 626 4338 sacrm
651 4285 961 4355 occepimus
991 4297 1044 4343 ct
1069 4289 1406 4348 tradidimus.

347 4369 466 4428 XII.
494 4373 640 4431 inter
667 4378 931 4434 maximas
967 4381 1047 4435 rei
1074 4383 1382 4440 christiana:
1417 4399 1614 4443 causas
1649 4403 1771 4460 quae
1813 4393 1867 4447 in

275 4461 381 4520 hoc
408 4467 609 4522 omento
631 4470 795 4525 tertio
821 4469 1045 4527 inerunt
1066 4479 1372 4546 exagitata,
1413 4479 1560 4533 nulla
1590 4481 1877 4552 insignior,

273 4555 424 4612 nulla
440 4559 678 4628 majores
695 4563 960 4618 tumultu
989 4566 1041 4620 in
1067 4575 1178 4622 tota
1203 4568 1450 4626 Ecclesia
1477 4572 1696 4640 excivit,
1722 4591 1881 4645 quam

274 4648 633 4706 celeberrima
678 4653 747 4708 de
801 4654 1175 4714 haereticorum
1206 4662 1536 4732 Baptismate
1567 4665 1879 4737 disputatio.

275 4737 412 4808 Quae
440 4751 497 4798 ut
523 4735 676 4814 plena
712 4746 830 4804 luce
853 4749 1100 4821 prodeat,
1131 4762 1191 4809 ut
1214 4752 1340 4811 hinc
1371 4764 1426 4813 et
1455 4753 1579 4813 inde
1600 4735 1878 4819 momenta

274 4833 461 4920 omnia
507 4833 670 4906 pendi
709 4851 908 4910 queant
953 4858 1015 4900 ac
1055 4848 1319 4915 revocari,
1353 4848 1498 4906 nulla
1544 4851 1878 4922 negleximus

274 4903 631 4982 dianam
673 4903 782 4985 non
823 4932 1033 4989 nullius
1077 4938 1266 5006 pretii,
1317 4941 1588 4996 siveinter
1635 4953 1877 5002 veterum

275 5015 403 5071 sive
458 5017 597 5076 inter
645 5023 1006 5080 reeentiornm
1065 5039 1357 5096 excursus,
1407 5045 1542 5105 quas
1586 5037 1755 5095 edidit
1815 5039 1880 5098 lis

273 5107 373 5165 illa
403 5126 596 5184 magna
621 5115 671 5170 in
699 5133 798 5188 qua
821 5121 1020 5178 studiis
1037 5123 1267 5183 diversis
1287 5127 1480 5188 Oriens
1500 5141 1556 5189 et
1589 5122 1879 5202 Occidens,

271 5199 768 5264 Inlinendaiset
780 5211 1067 5285 Africana,
1091 5221 1439 5288 pontiﬁceset
1453 5234 1718 5298 martyres
1733 5199 1878 5283 haud

272 5293 401 5350 sine
413 5303 800 5368 magnorerum
815 5306 1046 5362 tumultu
1060 5323 1330 5369 exarsere.
1345 5311 1409 5370 ιη
1423 5315 1553 5372 duas
1571 5293 1733 5388 igitur
1749 5319 1881 5376 clas-

269 5401 368 5445 ses
391 5389 564 5446 visum
596 5401 677 5449 est
701 5393 1070 5458 dislribuenda
1098 5419 1222 5463 esse
1243 5406 1472 5478 hujusce
1500 5409 1879 5481 disputationis

274 5497 624 5544 mutuom:
649 5506 667 5544 :
690 5491 865 5560 prima
902 5496 1160 5552 nimirum
1201 5501 1578 5572 complectitur
1606 5505 1872 5575 pracipu-

271 5583 517 5634 veterum
539 5587 659 5638 acta
689 5593 745 5639 et
771 5588 970 5659 scripta
997 5603 1120 5660 qua:
1145 5591 1198 5645 in
1233 5590 1338 5648 hac
1374 5607 1532 5650 causa
1555 5604 1872 5659 versantur;

273 5665 448 5738 iisque
475 5685 712 5741 przestmt
738 5678 859 5748 jure
904 5681 1198 5757 pontiﬁcio:
1243 5679 1623 5754 prtece‘ilentiae
1653 5687 1713 5745 S.
1751 5685 1875 5743 Ste-

274 5761 440 5835 phani
493 5765 791 5826 deeretales
819 5776 1123 5844 sententiae,
1159 5792 1288 5848 quas
1311 5781 1370 5836 in
1416 5781 1660 5851 epistolis
1682 5780 1739 5837 5-
1771 5778 1876 5850 [Υ-

3585 398 3645 440 Vl

2054 457 2222 525 priani
2261 470 2314 516 et
2352 461 2643 526 Firmiliaui
2681 476 2929 548 disjectas
2960 485 3278 565 invenimus,
3312 509 3366 555 et
3393 517 3511 573 qua:
3541 509 3637 565 de-

2049 563 2216 617 tntilli,
2261 555 2373 611 sive
2404 559 2453 613 in
2484 561 2719 634 Oriente,
2753 571 2864 627 sive
2897 577 2946 632 in
2979 578 3285 660 Occidente,
3329 611 3639 662 reverenter

2045 653 2301 755 acceptor,
2344 667 2558 710 causam
2604 660 2811 721 (iniere.
2856 667 2948 726 liis
2990 689 3130 745 pone
3167 684 3309 741 subit
3351 696 3633 755 concilium

2990 727 3011 745 ι,
3035 727 3128 734 ν---
3167 727 3309 741 νηυιν
3351 727 3631 755 ιυιΙι-ιιιυΙΙΙ

2047 727 2344 795 Romanum
2367 751 2491 800 tunc
2509 755 2760 822 temporis
2780 759 2847 815 ab
2868 761 3055 822 eodem
3075 769 3128 826 S.
3154 772 3426 848 Stephano
3441 801 3631 860 magna

2047 837 2161 860 ριιπη
2211 835 2522 860 θΙΙΙὶίηιιζιιιίο
2577 843 2648 860 -~‘
2691 844 2701 860 ³
2790 858 2797 860 ‘
2968 859 2973 860 ⁷

2023 1772 2150 1814 usus
2181 1771 2345 1820 totam
2379 1767 2586 1842 integro
2613 1775 2750 1846 pede
2783 1781 2931 1839 adire
2962 1785 3207 1850 iecimus.
3233 1795 3402 1855 Porro
3428 1818 3492 1858 ex
3523 1806 3619 1862 tri-

2020 1845 2121 1905 bus
2147 1851 2304 1926 longe
2330 1857 2556 1919 diversis
2583 1845 2816 1928 fontibus
2845 1875 3119 1936 hausimus
3145 1885 3352 1948 litteras
3378 1909 3440 1950 ea
3470 1898 3538 1953 de
3561 1917 3622 1956 re

2019 1939 2209 2012 datas,
2267 1949 2437 2018 primo
2487 1972 2679 2029 nempe
2731 1965 3083 2038 fragmentum
3134 1979 3290 2036 unius
3341 1984 3621 2048 dumtaxat

2017 2036 2260 2105 epistolae
2290 2051 2382 2098 τοῦ
2419 2055 2671 2128 μακαρίου
2713 2036 2950 2131 Dionysii
2992 2036 3466 2133 Alexandrini—ad
3501 2036 3616 2139 8ιέΣ

2015 2125 2250 2195 phanum
2282 2149 2504 2206 papam,
2536 2125 2600 2196 ex
2633 2125 2867 2206 Eusebio
2909 2150 3210 2229 decerpta;
3245 2164 3441 2224 deinde
3479 2187 3613 2242 qua-

2014 2228 2140 2275 tuor
2177 2223 2426 2326 Cypriani
2471 2233 2536 2287 ad
2583 2235 2851 2311 Magnum,
2885 2244 2953 2301 ad
2983 2223 3271 2326 Quintum,
3303 2259 3369 2316 ad
3397 2223 3615 2321 Julia—ia-

2016 2327 2165 2382 nnm,
2193 2318 2258 2371 ad
2284 2317 2688 2398 Pompeianum,
2719 2349 2876 2391 unam
2913 2337 3148 2412 demum,
3181 2363 3281 2405 nec
3305 2353 3615 2415 celebritate

2018 2404 2280 2476 ultimam,
2302 2409 2618 2485 Firmiiiani,
2648 2421 2994 2487 Caesariensis
3015 2435 3275 2510 episcopi,
3294 2442 3360 2497 ad
3391 2446 3614 2519 Cypria-

2184 2515 2200 2519 _
2480 2508 2512 2519 _
2581 2510 2610 2519 _
2716 2514 2726 2519 _

2011 2511 2139 2552 num
2180 2500 2440 2560 adversus
2479 2508 2534 2564 S.
2579 2510 2930 2584 Stephanum.
2955 2521 3139 2581 Porro
3181 2531 3360 2589 nullus
3405 2500 3610 2597 inficias

2009 2588 2098 2646 ibo
2128 2592 2179 2646 in
2223 2593 2286 2650 iis
2313 2597 2650 2674 colligendis,
2678 2623 2783 2664 non
2807 2620 3008 2669 tantum
3043 2620 3092 2673 in
3125 2623 3303 2680 animo
3331 2615 3609 2688 iuisseires

2009 2683 2248 2753 ejusdem
2279 2698 2576 2761 argumenti
2601 2698 2653 2753 in
2677 2718 2838 2757 unum
2867 2710 3233 2784 compingere,
3261 2718 3355 2773 sed
3383 2729 3435 2776 et
3458 2737 3609 2780 seor-

2006 2775 2128 2844 sitn,
2157 2781 2259 2836 sub
2288 2798 2501 2855 unoque
2530 2787 2744 2845 critices
2773 2794 2929 2850 oculo
2957 2813 3221 2870 seponere
3257 2824 3606 2871 monumenta

2005 2866 2194 2924 eodem
2224 2875 2412 2937 νοθείας
2453 2879 2678 2937 crimine
2721 2879 2896 2941 inusta
2926 2887 3174 2960 :jurene,
3205 2911 3271 2951 an
3312 2898 3604 2972 immerito,

2004 2976 2111 3017 non
2155 2967 2438 3023 causabor.
2471 2967 2547 3026 Ea
2596 2982 2770 3031 tamen
2821 2981 3061 3040 criminis
3108 2989 3258 3059 argui
3303 3005 3386 3048 sat
3422 2998 3603 3066 gravis

2002 3067 2145 3120 reor,
2175 3072 2294 3127 qua:
2316 3076 2342 3112 a
2370 3063 2619 3132 genuinis
2665 3067 2724 3121 Ι).
2755 3069 3010 3142 Cypriani
3041 3080 3288 3149 epistolis
3311 3063 3601 3146 amovean-

2004 3156 2090 3202 tur
2121 3165 2183 3204 ac
2212 3151 2261 3206 in
2306 3152 2410 3210 hoc
2452 3157 2572 3212 loco
2613 3163 2925 3237 seligantur,
2953 3178 3226 3244 tamquam
3259 3193 3466 3252 magna:
3490 3183 3603 3241 litis

2003 3245 2280 3320 theologos
2309 3253 2448 3308 inter
2482 3265 2535 3311 et
2559 3257 2862 3332 philologos
2894 3267 3180 3335 pendentis
3218 3272 3594 3334 instrumenta.

2000 3333 2070 3392 Ut
2109 3349 2166 3393 ut
2204 3341 2290 3409 sit,
2335 3343 2399 3398 iis
2442 3346 2857 3422 subjungnntur,
2888 3333 2954 3411 ad
2985 3374 3164 3416 veram
3198 3363 3267 3419 ab
3295 3365 3445 3423 initio
3477 3385 3602 3437 pro-

1997 3430 2225 3498 positam
2251 3437 2596 3508 sentoutiam,
2621 3442 2704 3498 vel
2726 3446 2827 3500 sub
2848 3446 2954 3504 line
2982 3451 3464 3527 corroborandam,
3490 3460 3598 3517 duo

1998 3518 2162 3578 libelli
2203 3523 2402 3596 absque
2441 3534 2678 3589 auctoris
2709 3538 2944 3607 nomine,
2977 3543 3072 3598 sed
3111 3546 3322 3620 egregia
3350 3549 3595 3609 doctrina

1995 3611 2064 3668 ab
2116 3617 2365 3672 erunibus
2412 3621 2742 3682 admittenda
2796 3611 3285 3700 prmstantesxilis
3331 3641 3596 3702 clauditur

1994 3707 2164 3764 series
2190 3721 2433 3776 veterum
2461 3732 2933 3778 monumentorum
2962 3742 3081 3796 qua:
3111 3729 3179 3786 ad
3210 3731 3386 3790 lucem
3416 3735 3471 3790 in
3493 3736 3594 3793 hac

1993 3795 2356 3868 disputatione
2383 3804 2782 3868 ditl‘undcndam
2814 3795 3108 3890 coegimus.

2064 3889 2202 3947 XIII.
2233 3891 2380 3951 Multi
2409 3900 2570 3954 multa
2605 3902 2656 3957 in
2687 3903 2873 3961 eadem
2898 3889 3115 3980 querela
3145 3925 3393 3974 recentes
3431 3923 3593 3991 scrip-

1992 3997 2144 4048 sere;
2171 3997 2243 4052 et,
2269 3987 2454 4046 iisdem
2483 4002 2726 4051 veterum
2759 4001 3076 4059 testimoniis
3100 4006 3224 4065 licet
3247 4017 3480 4078 utentes,
3499 4013 3592 4069 alii

1993 4069 2044 4128 in
2074 4075 2204 4129 alias
2229 4079 2414 4135 abiere
2452 4087 2770 4156 sententias,
2811 4106 3020 4150 summa
3041 4105 3248 4156 tantum
3279 4102 3453 4170 capita
3497 4119 3588 4160 re-

1991 4175 2294 4236 censentes,
2338 4187 2457 4242 qua:
2499 4173 2653 4230 nobis
2699 4194 2810 4247 prae
2857 4185 3107 4241 omnibus
3155 4192 3374 4244 maximi
3431 4195 3589 4260 pretii

1991 4259 2102 4313 visa
2148 4271 2293 4326 sunt,
2335 4279 2397 4319 ea
2431 4265 2698 4322 veteribus
2745 4269 3121 4342 adjunxintus;
3153 4287 3392 4335 veterum
3443 4283 3587 4338 enim

1990 4369 2143 4409 more
2159 4354 2343 4412 haberi
2366 4353 2470 4414 CC.
2489 4359 2530 4414 V
2543 4360 2602 4415 V.
2623 4362 2876 4421 Ludovic.
2901 4368 3335 4442 Thomassinum,
3364 4375 3427 4431 D.
3446 4377 3588 4435 Cou-

1991 4446 2266 4513 stantium,
2299 4465 2456 4505 nemo
2484 4456 2840 4512 suecensebit.
2871 4459 2981 4516 Nec
3013 4462 3310 4522 minoribus
3338 4466 3452 4526 fere
3479 4470 3586 4526 lau-

1991 4535 2148 4593 dibus
2205 4539 2394 4612 dignas
2464 4547 2639 4614 periti,
2725 4549 2776 4604 ni
2857 4551 3055 4622 fallor,
3136 4557 3584 4627 habebuntduas

1991 4632 2204 4686 ultimas
2232 4634 2635 4694 dissertationes
2663 4656 2784 4711 quae
2814 4647 2907 4698 toti
2937 4645 3057 4702 huic
3094 4652 3307 4706 testium
3340 4665 3582 4711 veterum

1990 4729 2041 4777 et
2075 4724 2370 4781 recentium
2411 4730 2608 4799 agmini
2635 4735 2906 4804 egregium
2934 4735 3092 4794 tinem
3127 4742 3428 4814 imponunt.
3459 4745 3583 4802 Ηωο

1991 4822 2168 4868 autem
2203 4821 2484 4886 prooemia,
2513 4821 2638 4877 licet
2683 4822 2871 4880 fusiori
2897 4843 3058 4898 quam
3086 4833 3264 4903 rebar,
3291 4835 3431 4906 stylo
3459 4851 3584 4910 pro-

1990 4904 2171 4973 telata,
2203 4923 2389 4965 revera
2418 4927 2694 4984 nequeunt
2720 4917 2946 4986 absolvi,
2979 4923 3105 4993 quin
3134 4927 3305 4982 multo
3330 4928 3483 4998 plura
3513 4930 3581 4986 de

1989 4995 2052 5052 D.
2084 4999 2338 5072 Cypriani
2369 5005 2621 5075 operibus
2649 5007 2704 5062 in
2739 5010 2838 5066 hoc
2879 5021 2934 5067 et
2975 5013 3029 5067 in
3070 5015 3242 5072 altero
3272 4995 3419 5074 toino
3446 5034 3579 5075 con-

1988 5092 2149 5147 tentis
2181 5093 2464 5150 addantur.
2510 5097 2584 5153 Ea
2623 5109 2798 5155 tamen
2827 5103 2994 5158 satius
3024 5105 3076 5158 in
3105 5107 3454 5175 sequentibus
3488 5124 3577 5164 ar-

1988 5183 2163 5237 tiCulis
2202 5185 2468 5256 sigillatim
2499 5189 2829 5259 deducenda,
2863 5202 2952 5247 ant
2977 5197 3137 5263 paulo
3173 5195 3314 5252 intra
3353 5199 3408 5255 in
3439 5200 3580 5259 litte—

1988 5276 2142 5330 rariis
2173 5278 2470 5336 Annalibus
2498 5283 2815 5337 remittenda
2841 5282 3114 5343 duximus.

2548 5417 2936 5478 ARTlCULUS
2973 5423 3037 5478 li.

2345 5568 2410 5609 DE
2452 5571 2821 5615 AUCTORITATE
2852 5575 2898 5616 S.
2941 5578 3206 5621 CYPRIANI.

2055 5685 2097 5741 Ι.
2129 5688 2492 5760 Quatcuutque
2516 5702 2679 5750 antea
2707 5695 2758 5750 in
2791 5698 2968 5766 primo
2991 5708 3144 5758 torno
3170 5699 3239 5756 de
3259 5703 3576 5758 auctoritate

1988 5795 2114 5836 vera
2137 5789 2190 5837 et
2211 5792 2359 5838 recto
2377 5799 2472 5838 usu
2491 5786 2806 5848 Tertulliani
2827 5791 3334 5860 elimaverint)“
3359 5792 3576 5869 eadem,
