4190 6246
580 697 744 753 licum
771 698 827 746 et
850 692 1095 744 sanetum
1122 678 1400 735 doctorem
1426 713 1442 739 ,
1472 682 1596 724 cum
1622 678 1783 734 super

586 781 905 859 presbytero
957 774 1272 848 episcopum
1311 762 1610 835 legitimum
1660 763 1715 811 et
1746 746 2143 823 pientissimum
2166 783 2180 807 ,

586 894 708 935 cum
734 868 1053 930 Montanista
1077 842 1333 935 perverso
1349 864 1404 912 et
1424 864 1629 911 vesano
1658 842 1931 917 egregium
1964 854 1997 893 u

590 967 850 1028 Ecclesiae
876 969 1201 1019 assertorem
1224 994 1240 1021 ,
1286 965 1410 1007 cum
1454 938 1819 1002 haeresiarcha
1850 939 2144 1003 martyrem
2169 966 2185 991 ,

592 1080 713 1122 cum
732 1063 859 1132 lupo
876 1064 1146 1129 pastorem
1160 1045 1410 1106 conferre
1425 1039 1632 1095 videar.
1646 1032 1762 1091 Etsi
1779 1043 1915 1086 unus
1935 1025 2003 1081 ab
2018 1023 2191 1079 altero

593 1099 713 1122 ιυιιι
734 1099 858 1132 ιιιγν
878 1099 1047 1129 γυιυννυ
1063 1099 1146 1108 νυ-
1165 1099 1281 1106 ---η
1296 1099 1357 1102 -,,

593 1157 758 1216 totius
787 1152 908 1209 cmli
939 1155 1113 1204 tractu
1138 1143 1337 1207 distet,
1370 1144 1497 1193 sunt
1526 1143 1707 1187 tamen
1738 1128 1878 1182 inter
1906 1129 2194 1187 utrumque
2299 1099 2619 1164 sertoribus,

2306 1191 2720 1262 antesignanum
2745 1174 3139 1253 deprehendet.

594 1266 701 1309 non
724 1247 898 1305 solum
922 1238 1168 1312 originis,
1191 1232 1379 1305 patriae
1401 1237 1457 1285 et
1473 1224 1757 1288 natalium,
1775 1216 1871 1275 sed
1896 1224 1951 1271 et
1972 1208 2193 1283 ingenii,

595 1340 961 1400 doctrinarum
990 1342 1043 1388 et
1073 1323 1427 1409 expositionis
1455 1316 1826 1391 apologeticae,
1855 1305 2192 1378 dogmaticae,

610 1484 682 1492 .--
713 1484 799 1505 τη-
820 1484 856 1487 η

596 1521 942 1598 explicandas
985 1517 1091 1571 alio
1130 1513 1267 1568 alius
1299 1514 1473 1564 curet.
1501 1502 1692 1558 Mirum
1724 1506 1904 1551 tamen
1933 1488 2090 1545 nobis
2120 1484 2202 1540 vi-

598 1635 718 1676 sum
748 1624 831 1673 est
856 1610 999 1685 quod
1018 1651 1034 1678 ,
1065 1620 1189 1665 cum
1216 1598 1476 1659 neoterici
1514 1595 1572 1651 in
1601 1607 1726 1650 suas
1770 1594 1952 1659 partes
1981 1579 2203 1638 Tertul-

598 1714 802 1769 lianum
848 1706 1083 1762 libenter
1126 1698 1416 1760 adducere,
1462 1687 1905 1760 Cyprianumque

604 1805 890 1865 deberent,
919 1799 1086 1853 immo
1111 1806 1177 1848 eo
1205 1789 1440 1860 priorem
1472 1781 1651 1837 acrius
1679 1772 1912 1830 aversati
1941 1768 2071 1833 sint,
2100 1776 2208 1835 quo

609 1860 898 1967 posteriori
932 1884 1229 1943 studiosius
1268 1874 1618 1935 adhaeserint.
1652 1866 1841 1924 Infelix
1890 1860 2212 1918 infaustum-

611 2003 719 2060 que
750 1986 850 2040 fuit
875 1994 1086 2051 semper
1101 1972 1376 2031 haereticis
1392 1963 1632 2024 haeretici
1649 1956 1965 2018 Tertulliani
1987 1966 2210 2017 nomen,

610 2094 861 2152 maguum
874 2089 1006 2131 vero
1022 2081 1079 2129 et
1097 2086 1127 2125 a
1140 2066 1369 2126 summis
1387 2064 1528 2119 inter
1542 2056 1850 2116 Catholicos
1866 2044 2216 2107 commenda-

614 2139 749 2231 tum.
770 2168 926 2228 Unde
942 2167 1061 2222 haec
1086 2162 1249 2218 habet
1272 2158 1341 2214 de
1365 2149 1696 2211 Tertulliano
1719 2143 1984 2213 Georgius
2011 2139 2219 2193 Roseu-

614 2268 846 2326 muller:
885 2283 904 2317 ί
945 2260 1044 2317 Hic
1070 2257 1173 2321 vir,
1205 2262 1265 2309 ut
1292 2246 1583 2322 primarius
1624 2236 1903 2297 latinitatis
1932 2229 2221 2290 ecclesias-

618 2362 739 2419 ticzn
764 2365 951 2414 auctor
978 2352 1098 2417 fuit,
1131 2350 1203 2404 ita
1232 2343 1395 2401 etiam
1437 2341 1490 2395 in
1534 2335 1651 2407 ejus
1688 2331 1843 2389 libris
1883 2328 2058 2398 prima
2098 2328 2225 2376 sunt

621 2451 830 2508 semina
877 2413 1162 2513 theologia:
1193 2435 1463 2493 Africana:
1486 2441 1540 2486 et
1566 2426 1777 2484 Latinae
1820 2435 1939 2493 qua:
1978 2425 2058 2472 tot
2085 2413 2225 2469 mala

592 2538 884 2599 Ecclesia:
928 2544 985 2591 et
1028 2502 1278 2603 religioni
1327 2523 1524 2581 attulit.
1574 2519 1910 2587 Quamquam
1964 2509 2109 2566 enim
2158 2502 2227 2559 ad

625 2634 977 2692 Montanistas
1005 2595 1223 2688 defecit,
1254 2620 1359 2676 hoc
1386 2627 1563 2673 tamen
1594 2606 1902 2667 auctoritati
1929 2603 2047 2674 ejus
2084 2595 2229 2670 apud

628 2723 941 2784 Catltolicos
962 2730 1153 2790 parum
1173 2710 1424 2770 detraxit.
1448 2705 1663 2764 Etenim
1692 2701 1982 2758 maximam
2003 2706 2230 2765 operum

629 2829 852 2875 suorum
876 2824 1081 2885 partem
1098 2809 1152 2863 in
1174 2801 1571 2862 Catholicorum
1591 2790 1973 2853 communione
1993 2784 2232 2856 scripsit;

634 2919 689 2966 et
729 2904 1122 2962 montanismus
1159 2897 1281 2963 ille,
1313 2909 1473 2966 quem
1510 2897 1729 2947 secutus
1754 2895 1861 2951 est,
1893 2878 2235 2950 disciplinam

634 2996 1054 3059 ecclesiasticam
1093 2998 1300 3047 tantum
1335 2982 1677 3049 sollieitavit‘,
1709 2979 1870 3034 fidem
1910 2989 2016 3030 non
2064 2969 2235 3026 viola-

635 3095 729 3149 vit.
763 3089 984 3146 Accedit
1005 3085 1148 3157 quod
1176 3080 1477 3154 Cyprianus
1506 3091 1698 3147 magna
1725 3068 2043 3129 eruditionis
2071 3073 2127 3122 et
2149 3079 2240 3120 or-

637 3180 908 3239 thodoxia:
925 3176 1086 3233 laude
1114 3175 1167 3230 in
1190 3171 1409 3242 antiqua
1430 3167 1669 3224 Ecclesia
1699 3164 1920 3228 florens,
1951 3165 2240 3229 perpetuus

639 3273 959 3333 Tertulliani
991 3269 1229 3325 imitator
1253 3264 1373 3332 fuit,
1403 3258 1796 3332 eumqueadeo
1835 3254 2132 3310 admiratus
2159 3257 2243 3305 est

647 3377 707 3423 ut
727 3382 874 3433 eum,
904 3363 1014 3420 κατ’
1040 3363 1249 3432 ἐξοχὴ-ιο,
1276 3357 1596 3429 magistrum
1618 3344 1989 3419 vocitaret(i).
2007 3364 2027 3398 ι
2047 3340 2243 3414 Sphal—

644 3468 787 3516 mata
826 3457 952 3511 hinc
995 3451 1120 3507 inde
1160 3463 1407 3521 respersa
1439 3447 1492 3502 in
1518 3443 1604 3500 his
1625 3442 1806 3499 verbis
1843 3439 1887 3493 si
1919 3433 2242 3508 neglexeris,

645 3553 701 3609 id
730 3551 884 3606 facile
909 3547 1091 3603 animo
1114 3542 1383 3607 attendes,
1417 3549 1625 3596 tantum
1653 3538 1736 3593 his
1763 3534 1933 3591 minui
1960 3530 2247 3588 Tertullia-

648 3659 800 3710 num,
822 3646 1080 3712 quantum
1110 3634 1299 3692 iisdem
1327 3632 1510 3689 extolli
1536 3630 1885 3702 Cyprianum.

720 3735 784 3791 Ιῐ.
817 3732 1096 3790 Undenam
1139 3736 1289 3783 tanto
1316 3726 1430 3781 viro
1476 3722 1694 3794 indigna
1724 3720 1883 3775 laus?
1909 3714 2062 3773 Unde
2094 3713 2250 3769 triste

653 3824 1020 3902 praeconium?
1051 3823 1129 3878 Ex
1160 3819 1328 3892 ipsius
1356 3832 1478 3873 cum
1520 3812 1791 3885 Stephano
1819 3809 2082 3866 Pontifice
2117 3821 2252 3865 con-

657 3918 826 3977 ﬂictu.
886 3915 1023 3971 llinc
1058 3914 1112 3969 in
1161 3926 1285 3969 eum
1326 3907 1553 3966 conﬂata
1598 3904 1995 3962 neotericornm
2040 3900 2249 3970 studia,

657 4012 902 4082 tantique
956 4005 1185 4079 impensi
1213 4004 1455 4069 labores;
1489 3999 1615 4056 hinc
1669 3995 1951 4068 splendida
1994 3994 2083 4049 illa
2122 4008 2254 4065 Ope-

656 4120 774 4161 rum
828 4102 945 4173 ejus
974 4098 1140 4156 editio
1190 4095 1381 4153 Oxonii
1434 4093 1598 4157 data;
1641 4090 1766 4147 hinc
1818 4087 2088 4144 indefessa
2125 4085 2253 4142 Fel-

650 4198 724 4263 li,
774 4192 1084 4256 Pearsonii,
1132 4186 1432 4254 Dodwelli,
1477 4182 1730 4255 Rigaltii,
1776 4180 2028 4245 Routhii,
2088 4179 2257 4233 Mars-

657 4288 822 4353 chall,
856 4285 1042 4350 Poole,
1070 4278 1335 4336 Matthiesi
1362 4292 1551 4345 opera,
1576 4284 1767 4330 cuncta
1800 4273 1879 4328 rei
1919 4270 2258 4343 Cyprianicze

659 4383 931 4436 momenta
952 4414 968 4439 ,
1008 4370 1154 4425 haud
1184 4369 1301 4423 sine
1327 4368 1510 4437 iniquo
1540 4363 1769 4436 partium
1797 4362 2003 4428 favore,
2052 4375 2255 4431 pensa,

661 4471 884 4545 probata
906 4463 1259 4537 reprobatave
1274 4501 1289 4527 ,
1317 4469 1373 4517 et
1397 4457 1699 4515 decretorio
1720 4454 1922 4526 judicio
1946 4455 2257 4511 constituta.

735 4559 848 4615 Hoc
896 4557 1056 4627 igitur
1101 4551 1281 4611 oneris
1324 4549 1593 4607 catholico
1634 4547 1855 4604 cuilibet
1902 4547 1961 4603 S.
2005 4544 2260 4617 Cypriani

666 4652 858 4710 editori
891 4648 1185 4715 incumbit,
1223 4657 1311 4716 ut,
1345 4643 1569 4700 sublatis
1612 4640 1754 4696 unde
1791 4638 1931 4711 apud
1959 4636 2263 4694 neotericos

668 4760 865 4803 nomen
897 4743 1015 4814 ejus
1039 4741 1280 4797 elevetur
1309 4734 1704 4798 fundamentis,
1744 4741 1951 4788 tantum
1993 4729 2133 4800 apud
2159 4727 2265 4783 Ec-

667 4839 847 4897 clesiae
896 4835 1034 4891 ﬁlios
1076 4841 1287 4890 crescat
1323 4846 1448 4886 vera
1471 4829 1589 4899 ejus
1636 4825 1963 4892 auctoritas,
2007 4830 2263 4893 quantum

670 4930 812 5003 apud
840 4936 1128 4985 extraneos
1163 4922 1391 4995 deprimi
1420 4922 1684 4977 videatur.
1720 4918 1914 4972 Totam
1942 4916 2103 4987 igitur
2142 4927 2267 4969 nos-

672 5032 809 5078 tram
836 5020 903 5077 de
929 5018 1245 5075 auctoritate
1273 5014 1526 5087 Cypriani
1555 5009 1986 5082 disquisitionem
2020 5009 2073 5062 in
2098 5005 2270 5077 expli-

674 5114 845 5173 canda
896 5114 1063 5184 ipsius
1108 5110 1373 5169 sententia
1405 5108 1548 5163 circa
1590 5103 1920 5176 pontificiam
1954 5101 2270 5174 praecellen-

674 5206 802 5264 tiam
825 5204 1177 5277 colligendam
1197 5217 1320 5259 esse
1343 5199 1589 5257 arbitrati
1616 5211 1824 5253 sumus.

747 5302 834 5358 Ill.
865 5302 947 5356 Ah
967 5300 1215 5355 omnibus
1260 5304 1538 5369 receptum
1576 5302 1661 5351 est
1706 5294 2025 5364 scriptorem
2078 5304 2271 5361 quem-

678 5394 809 5447 libet
855 5390 1205 5461 judicandum
1236 5404 1379 5454 esse,
1403 5403 1509 5445 non
1535 5403 1601 5443 ex
1633 5401 1740 5442 uno
1776 5385 2019 5441 alterove
2070 5396 2276 5439 sermo-

681 5497 809 5540 num
840 5482 957 5551 ejus
986 5482 1176 5548 verbo;
1209 5481 1307 5537 sed
1333 5497 1401 5536 ex
1431 5480 1689 5537 continuo
1735 5478 2000 5534 doctrina:
2052 5484 2274 5540 tenore;

729 5676 831 5756 μ)
861 5673 1366 5756 Ηίῇοῃλξεετρνςι.
1398 5673 1582 5756 libros;
1599 5672 1705 5729 ss.
1733 5673 1787 5728 in
1817 5671 2048 5728 Ecclesia
2076 5671 2274 5737 christ,

671 5744 998 5827 niidburgh.
1028 5746 1185 5814 1798.
1211 5743 1348 5818 part.
1381 5758 1440 5816 ιι,
1466 5760 1521 5817 ρ.
1549 5743 1604 5797 2.

3781 209 3885 256 νιιι

2282 377 2390 418 non
2421 372 2489 413 ex
2520 345 2826 423 improvisis
2870 337 3045 399 etiatis
3076 336 3132 393 in
3161 321 3491 390 commercio
3535 318 3835 377 litterarum
3862 353 3879 379 ,

3249 416 3520 483 excitatis,
3552 410 3647 469 sed
3670 424 3739 465 ex
3767 416 3885 463 rata

1955 499 2176 526 "IULIqu
2285 499 2370 510 --ιν
2387 499 2397 507 .
2414 499 2531 506 νη--
2562 499 2577 501 ἡ
2600 499 2606 501 _

1951 564 1964 614 i
1990 558 2179 614 catlio-
2284 545 2536 614 serioque
2562 542 2785 593 tractata
2814 525 3102 591 sententia,
3132 534 3241 577 non
3264 532 3333 572 ex
3376 509 3633 583 Opinione
3658 499 3886 573 carptim

1787 659 1856 715 bo
1881 664 1935 712 et
1963 648 2183 725 dyscolo
2287 603 2506 694 defensa
2542 639 2598 687 et
2626 627 2881 694 deinceps
2924 624 3149 682 mutata,
3189 608 3287 667 sed
3310 621 3378 663 ex
3405 603 3597 666 firmo,
3633 608 3888 669 peremp-

2550 724 2557 725 “
2610 722 2628 725 ⁸
2678 720 2689 725 ⁸
2782 716 2794 725 ⁸
2856 713 2888 725 “⁶
2927 711 2940 723 ⁶
3034 704 3286 725 Λνκθ--ηε-
3313 707 3491 725 -.ι-η...
3545 687 3764 725 unum,I
3804 684 3888 725 ιτς,

2292 730 2429 786 torio
2449 741 2513 782 ac
2532 720 2752 780 deﬁnito
2777 711 3002 786 judicio.
3032 704 3289 777 Quisquis
3312 707 3513 762 autem,

2004 784 2187 893 uitatis
2292 820 2570 896 principiis
2590 859 2606 885 ,
2627 784 2947 886 Cyprianica
2972 814 3137 873 opera
3162 793 3452 857 evolverit,
3503 784 3701 843 nedum
3730 790 3892 835 sanc-

2296 875 2409 972 ium
2442 875 2759 970 P‘ontiﬁcem
2782 900 2940 959 Sedis
2963 898 3221 952 Romana:
3240 887 3630 957 refragatorem
3660 875 3858 933 habeat
3875 912 3891 936 ,

2298 1025 2422 1066 eum
2450 1006 2629 1078 potius
2660 1002 2712 1057 in
2737 993 2925 1069 primis
2959 990 3329 1047 Romanorum
3362 973 3766 1051 privilegiorum
3804 980 3897 1021 as-

3545 687 3766 748 attentis
3804 684 3893 741 his

2661 1107 2725 1149 ac
2738 1064 2892 1162 pene
2920 1085 3096 1142 dicam
3126 1080 3493 1135 Romanorum
3523 1064 3901 1134 theologorum

2375 1284 2463 1341 ιν.
2484 1249 2627 1338 haec
2654 1249 2979 1340 enimsunt,
3024 1283 3094 1325 ne
3135 1260 3388 1320 allusisse
3422 1254 3643 1318 videar,
3675 1249 3905 1320 ipsamet

2304 1378 2555 1448 dogmata
2593 1385 2717 1443 quae
2762 1367 2964 1438 passim
2990 1362 3047 1417 in
3093 1355 3266 1415 sancti
3292 1347 3540 1409 Doctoris
3565 1344 3817 1413 scriptis,
3847 1342 3907 1392 ut

2306 1466 2596 1529 luminaria
2626 1462 2897 1526 emicant,
2929 1453 3185 1511 nimirum
3218 1467 3233 1503 :

2384 1563 2439 1617 1°
2480 1555 2816 1620 Ecclesiam,
2863 1556 3017 1607 extra
3063 1558 3225 1617 quam
3268 1552 3430 1597 nemo
3479 1534 3665 1591 vivere
3710 1523 3914 1600 possit,

1951 1685 2207 1732 amovere
2311 1669 2434 1713 esse
2465 1665 2626 1708 unam
2646 1664 2661 1715 ;

2381 1746 2440 1801 ‘2‘
2484 1742 2660 1801 Unam
2705 1738 2848 1793 hanc
2897 1732 3199 1790 Ecclesiam
3242 1740 3366 1783 esse
3415 1718 3773 1779 catholicam,
3819 1724 3917 1767 seu

2316 1858 2413 1914 per
2443 1848 2614 1895 totum
2639 1833 2827 1891 orbem
2856 1828 3137 1889 diﬂ'usam;

2388 1931 2445 1988 5°
2479 1929 2650 1987 Unam
2699 1925 2841 1979 hanc
2886 1928 2944 1977 et
2981 1915 3300 1974 catholicam
3349 1906 3649 1966 Ecclesiam
3700 1902 3926 1971 insuper

2320 2038 2441 2082 esse
2489 2021 2824 2082 Romanam,
2874 2013 2927 2068 in
2969 2010 3131 2066 Petro
3175 2003 3488 2067 fundatam,
3527 2011 3628 2054 nec
3662 2011 3692 2050 a
3739 1999 3930 2050 sancta

2320 2115 2463 2174 Sede
2521 2113 2765 2167 Romana
2817 2104 3163 2165 distinctam,
3216 2111 3318 2153 nec
3353 2109 3384 2149 a
3412 2103 3628 2149 summo
3668 2082 3934 2142 Pontiﬁce

2324 2209 2594 2266 diversam
2616 2220 2633 2270 ;

2397 2301 2455 2357 4°
2485 2297 2659 2355 Unam
2681 2293 2822 2349 hanc
2846 2286 3169 2347 catholicam
3208 2290 3264 2339 et
3299 2281 3599 2335 Romanam
3633 2270 3937 2329 Ecclesiam

2329 2409 2471 2460 esse,
2503 2391 2573 2448 ad
2590 2396 2823 2446 mentem
2846 2380 3125 2456 Cypriani,
3158 2375 3282 2434 fidei
3310 2372 3552 2446 regulam
3576 2364 3942 2427 certissimam

2334 2506 2437 2548 nec
2483 2484 2687 2545 erroris
2730 2481 2894 2538 ullius
2946 2476 3069 2533 labe
3113 2470 3519 2533 intaminatam,
3568 2478 3668 2521 nec
3719 2456 3942 2517 intami-

2335 2582 2589 2640 nandam.

2410 2676 2472 2730 V.
2516 2671 2693 2729 Velim
2723 2669 2840 2725 sine
2867 2677 3021 2723 mora
3061 2659 3250 2717 audias
3292 2657 3583 2728 ipsummet
3610 2646 3951 2723 Cyprianum

2337 2769 2696 2825 disserentem
2714 2783 2727 2815 ;

2412 2857 2585 2927 ιποε
2605 2856 2801 2911 unitate
2822 2851 3089 2907 Ecclesiat.
3117 2847 3178 2903 In
3197 2845 3339 2903 libro
3377 2843 3457 2900 sic
3501 2838 3795 2909 inscripto,
3844 2835 3954 2906 Cy-

2340 2957 2568 3029 prianus
2595 2952 2714 3024 ipse
2740 2956 2969 3005 testatur
2994 2960 3054 3001 se
3091 2954 3308 2999 omnem
3348 2950 3524 3001 suam,
3554 2938 3814 3005 quantum
3849 2942 3955 3000 po-

2342 3022 2465 3118 tuit,
2496 3022 2734 3103 mentem
2762 3042 2832 3098 de
2868 3038 3116 3096 Ecclesia
3158 3032 3441 3090 infudisse.
3479 3027 3588 3085 Sed
3618 3034 3675 3083 et
3705 3043 3726 3078 ι
3758 3022 3958 3080 catho-

2345 3116 2463 3197 licze
2503 3136 2762 3194 Ecclesia:
2787 3136 3048 3188 unitatem
3068 3171 3081 3194 ,
3118 3146 3137 3180 ι
3182 3125 3378 3196 inquit,
3410 3141 3431 3176 ‹
3459 3130 3716 3193 quantum
3739 3116 3956 3189 potuit,

2345 3230 2614 3303 expressit
2656 3235 2841 3283 nostra
2888 3220 3258 3279 mediocritas.
3294 3233 3314 3268 ο
3366 3234 3385 3269 ‹
3417 3214 3476 3270 In
3523 3212 3650 3277 illo,
3701 3227 3721 3263 ι
3773 3207 3961 3280 inquit

2347 3300 2604 3381 diaconus
2632 3319 2856 3376 Pontius
2875 3358 2892 3385 ,
2921 3315 3046 3369 vita:
3073 3320 3129 3368 et
3173 3309 3373 3366 mentis
3418 3304 3663 3376 magistri
3693 3302 3778 3359 sui
3809 3300 3961 3357 inte-

2347 3416 2612 3489 gerrimus
2639 3412 2791 3468 testis
2812 3451 2830 3479 ,
2867 3426 2886 3460 ι
2914 3405 3099 3463 docuit
3119 3402 3402 3460 veritatem
3429 3397 3716 3453 haereticos
3733 3435 3750 3461 ,
3778 3392 3963 3450 schis-

2350 3484 2577 3564 maticos
2625 3504 2911 3568 unitatem,
2964 3498 3105 3553 ﬁlios
3157 3494 3253 3551 Dei
3287 3505 3473 3564 pacem
3506 3487 3609 3561 (t).
3648 3506 3668 3539 ι
3730 3487 3813 3542 Ex
3854 3484 3966 3542 hoc

2351 3610 2529 3657 autem
2557 3596 2739 3655 libello
2775 3594 2865 3649 :t°
2899 3611 2919 3644 ε
2954 3588 3247 3647 Ecclesiam
3273 3600 3435 3642 unam
3460 3584 3515 3639 in
3534 3580 3760 3637 Cantica
3784 3578 3969 3635 canti-

2352 3710 2539 3753 corum
2566 3690 2799 3763 Spiritus
2824 3692 3043 3743 sanctus
3071 3699 3142 3741 ex
3171 3693 3403 3753 persona
3448 3674 3665 3732 Domini
3702 3672 3971 3744 designat

2353 3796 2408 3844 et
2443 3785 2578 3843 dicit
2598 3782 2771 3854 (Cant.
2796 3794 2849 3835 vr
2865 3820 2881 3847 ,
2907 3778 2942 3835 9
2967 3776 2988 3850 )
3020 3794 3035 3833 :
3070 3773 3187 3831 Una
3211 3781 3287 3828 est
3315 3769 3550 3826 columba
3575 3782 3708 3835 nica,
3732 3767 3972 3838 perfecta

2353 3895 2497 3944 mea,
2533 3892 2638 3931 una
2690 3884 2763 3930 est
2810 3869 2989 3926 matris
3032 3882 3170 3933 suae,
3199 3865 3357 3921 electa
3383 3859 3642 3935 genitricis
3668 3873 3777 3914 suis
3793 3855 3901 3930 (2).
3940 3875 3963 3911 s

2354 3973 2414 4027 2°
2453 3991 2471 4023 ‹
2508 3970 2707 4026 Beatus
2730 3964 3007 4037 apostolus
3037 3960 3235 4017 Paulus
3275 3958 3379 4015 hoc
3406 3957 3545 4013 idem
3580 3955 3761 4021 docet,
3787 3960 3847 4009 et
3870 3967 3971 4008 sa-

2360 4072 2701 4120 cramentum
2725 4058 2944 4115 unitatis
2972 4052 3229 4119 ostendit,
3252 4047 3673 4120 dicens(Ephes.
3704 4059 3783 4112 tv,
3811 4042 3967 4116 4-6):

2366 4155 2538 4211 Unum
2590 4168 2774 4224 corpus
2818 4159 2865 4204 et
2908 4164 3042 4203 unus
3072 4145 3314 4217 spiritus,
3369 4158 3472 4197 una
3519 4155 3635 4211 spes
3681 4136 3975 4194 vocationis

2361 4257 2569 4310 vestrm;
2615 4260 2747 4299 unus
2791 4240 3064 4305 Dominus,
3116 4252 3219 4292 una
3266 4234 3415 4305 ﬁdes,
3469 4247 3631 4287 unum
3668 4229 3972 4300 baptism,

2363 4358 2493 4397 unus
2519 4339 2658 4394 Deus
2684 4334 2785 4411 (5).
2822 4353 2841 4387 ι
2881 4334 2937 4389 3°
2971 4352 2991 4383 ί
3024 4331 3196 4400 Quam
3224 4329 3487 4384 unitatem
3515 4324 3743 4380 firmiter
3772 4330 3978 4379 tenere

2364 4441 2419 4489 et
2438 4428 2712 4493 vindicare
2739 4426 3021 4489 debemus,
3045 4424 3279 4479 maxime
3295 4416 3556 4491 episcopi,
3572 4415 3666 4488 qui
3694 4415 3749 4471 in
3776 4413 3979 4471 Eccle-

2367 4524 2444 4579 sia
2473 4518 2857 4592 praasidemus,
2890 4526 2950 4573 ut
2968 4514 3341 4585 episcopatum
3361 4507 3768 4582 quoqueipsum
3800 4518 3981 4562 unum

2443 4676 2520 4747 (ι)
2565 4675 2665 4758 περ.
2821 4680 2953 4758 am.
2986 4686 3059 4758 av.
3382 4662 3715 4758 {Pi‘ilffii
3744 4660 3985 4758 suam

2368 4729 2729 4829 est‘occusione
2759 4729 3056 4829 schismatis'
3075 4737 3446 4829 Novatianiftt‘
3476 4732 3715 4829 factionis
3740 4729 3979 4788 Felicis-

3036 4821 3048 4829 .
3127 4820 3144 4829 -
3188 4825 3205 4829 ,
3256 4824 3286 4829 ..
3502 4819 3528 4829 Α
3572 4804 3607 4829 2s
3680 4811 3728 4829 ..ι
3782 4819 3797 4829 .
3830 4800 3979 4829 ιιι...

2370 4800 2505 4902 simi.
2538 4817 2748 4902 pupin,
2766 4814 3096 4902 .Bibl.‘ouct.,
3127 4820 3227 4893 επι,
3256 4800 3630 4902 ηηῖϐοίθᾱίι.
3654 4803 3754 4902 ia}.
3782 4819 3797 4855 :
3820 4800 3985 4902 Lébe'r

2374 4870 2866 4944 iiié’izdsb'wéiidum
2900 4870 3182 4937 Novatiani
3214 4870 3814 4944 schisma'conscrigtus.
3855 4870 3984 4928 Fel-

2521 4974 2585 5043 pl.~
2600 4958 2738 5043 104A
2754 4957 2853 5043 Ed.
2878 4956 3060 5043 Brem:
3084 4951 3282 5043 Ρξιξξηι
3308 4948 3467 5030 abest,
3488 4942 3986 5043 inquit‘ﬂollﬁn'ttg,

2372 5012 2660 5085 ἱεὶῖῖεὲζ
2682 5012 2812 5082 ῬΡ.
2840 5038 2882 5081 ι.
2907 5041 2988 5090 ttt,
3028 5038 3082 5093 p.
3126 5020 3254 5084 192,
3284 5020 3405 5089 quin
3429 5012 3633 5072 credam
3660 5013 3804 5093 hunc
3834 5012 3987 5093 filici-

2375 5082 2484 5183 Iulii
2501 5082 2627 5183 del}
2632 5101 2789 5153 nitate
2812 5082 3054 5183 Ecclesia}
3067 5082 3347 5175 orationem
3505 5101 3656 5168 quam
3681 5082 3989 5183 Eyprianus

2376 5173 2443 5226 ad
2470 5172 2757 5241 episcopos,
2789 5169 3078 5241 alterumque
3102 5164 3156 5241 in
3171 5178 3327 5241 causa
3370 5154 3658 5241 schismatis
3688 5154 3991 5208 Nooatiani

2378 5231 2589 5325 tollendi
2609 5231 2941 5325 congregatos
2967 5231 3142 5290 liabuit
3160 5233 3341 5325 ;Lhanc
3384 5231 3732 5297 coniecturam
3752 5240 3989 5325 'sequen-

3100 5319 3183 5325 -.--
3224 5319 3247 5325 -
3308 5317 3407 5325 μω
3450 5314 3631 5325 _-.._....
3686 5312 3746 5325 ..,.
3784 5303 3940 5325 ﬂ--.
3974 5308 3989 5322 .

2379 5315 2450 5368 tia
2514 5296 2738 5393 ejusdem
2786 5296 3031 5363 tractatus
3100 5296 3249 5358 verba
3307 5317 3410 5356 non
3448 5314 3635 5393 pagum
3686 5296 3989 5351 roborant:

2732 5390 2741 5393 _
2785 5388 2795 5393 -
2912 5380 2939 5393 Α
3026 5376 3113 5393 ’-Αγ
3148 5384 3310 5393 .-η-μ-
3350 5382 3386 5393 ,ι
3426 5374 3506 5393 --ἐμ
3549 5370 3682 5393 2..-..-
3739 5365 3989 5393 J-L_m..-

2384 5402 2403 5436 ί
2437 5365 2590 5465 quoin
2633 5381 2876 5464 unitatem
2901 5376 3116 5465 ﬁrmiter
3144 5384 3312 5465 tenere
3338 5382 3386 5427 et
3425 5365 3682 5465 vindicare
3734 5365 3989 5449 debemus

2379 5438 2600 5509 maxime
2621 5452 2843 5521 episcopi
2867 5438 2953 5521 q'ui
2982 5448 3035 5501 in
3063 5446 3297 5501 Ecclesia
3324 5441 3654 5521 prtesidemus
3696 5445 3752 5521 ut
3774 5438 3990 5507 episco-

2381 5506 2565 5596 patum
2578 5506 2774 5595 quoque
2792 5506 2959 5591 ipsimi
2980 5534 3139 5574 unum
3162 5527 3314 5586 atque
3324 5506 3610 5569 't'ndivisum
3631 5506 3930 5579 probemus.
3960 5523 3981 5559 ι

2380 5597 2465 5653 Cf.
2497 5604 2539 5651 t.
2566 5611 2645 5653 tv.
2672 5593 2778 5650 col.
2821 5592 2951 5650 501.
3476 5652 3484 5653 ί
3618 5650 3633 5653 Α

2452 5635 2465 5650 .
2497 5608 2539 5651 ῑ.
2566 5611 2645 5659 ιν,
2672 5608 2778 5650 θοι.
2821 5608 2951 5650 θυι.

2709 5661 3002 5792 dgoflnégsite
3028 5660 3192 5725 Each,
3226 5666 3263 5714 t.
3297 5669 3376 5724 tv,
3404 5652 3515 5711 col.
3538 5650 3665 5708 500.

2482 5733 2541 5795 ὃ)
2564 5736 2697 5795 Ibid.
2730 5734 2835 5792 col.
2868 5733 2992 5789 501.
