4242 6270
362 448 424 492 ιι
1816 427 2209 485 ΡΒίΕΡΑΊΊΟ.
3647 439 3676 477 x

362 555 534 616 atque
570 543 859 600 indivisum
891 541 1186 613 probemus
1208 542 1308 615 (1).
1345 563 1362 596 ι
1389 545 1445 598 1⁸
1478 562 1496 596 ι
1532 543 1815 613 Quomodo
1841 545 1970 599 solis

360 637 522 694 multi
551 636 728 704 radii,
755 635 851 691 sed
893 634 1076 691 lumen
1105 650 1301 701 unum;
1329 646 1382 691 et
1400 637 1533 691 rami
1564 636 1772 692 arboris
1797 635 1968 703 multi,

359 731 464 789 sed
495 731 661 786 robur
691 744 858 785 unum
891 729 1068 784 tenaci
1101 727 1282 784 radice
1332 729 1643 794 fundatum;
1677 738 1872 784 etcum
1906 727 1973 782 de

360 825 517 882 fonte
541 839 649 880 uno
671 823 777 878 rivi
796 822 1011 894 plurimi
1034 821 1368 888 deﬂuunt...,
1391 824 1569 878 unitas
1591 832 1768 878 tamen
1791 837 1973 877 serva-

358 928 454 975 tur
514 920 568 974 in
618 918 896 989 origine...
945 916 1037 972 Sic
1099 926 1153 971 et
1194 916 1435 972 Ecclesia
1499 915 1906 987 Domini...(2).
1947 933 1965 966 ι

360 1012 422 1068 5°
457 1030 476 1064 ι
511 1010 821 1067 Adulterari
873 1025 980 1065 non
1027 1017 1204 1080 potest
1248 1025 1443 1080 sponsa
1471 1009 1741 1066 Christi...
1795 1008 1969 1065 Unam

360 1103 584 1160 domum
603 1105 775 1170 uovit,
802 1103 962 1158 unius
981 1102 1212 1158 cubiculi
1236 1103 1570 1157 sanctitatem
1591 1113 1740 1157 casto
1766 1101 1972 1172 pudore

361 1198 671 1254 custodit...
700 1198 834 1269 (5).)
871 1197 928 1251 6°
963 1214 982 1247 ι
1014 1194 1130 1251 Uua
1163 1203 1247 1250 est
1275 1205 1426 1250 extra
1450 1211 1610 1266 quam
1641 1194 1783 1248 haud
1813 1209 1970 1248 secus

361 1305 428 1345 ac
455 1298 606 1346 extra
635 1304 818 1344 arcam
839 1287 974 1353 Noe,
997 1302 1160 1342 nemo
1189 1287 1372 1342 salvus
1399 1287 1608 1352 evadit;
1635 1286 1838 1340 habere
1859 1286 1969 1354 jam

361 1398 471 1438 non
499 1391 678 1454 potest
732 1381 901 1436 Deum
930 1389 1161 1449 patrem,
1194 1380 1284 1449 qui
1325 1379 1624 1434 Ecclesiam
1655 1393 1763 1432 non
1811 1377 1972 1432 habet

361 1483 596 1530 matrem
621 1471 722 1544 (Io).
760 1491 779 1524 ι
811 1471 1071 1527 Etalibi:
1110 1489 1129 1523 ‹
1164 1470 1276 1526 Nec
1317 1479 1505 1539 putent
1546 1470 1648 1526 sibi
1702 1469 1827 1524 vita:
1880 1478 1972 1524 aut

363 1567 558 1622 salutis
581 1575 826 1620 constare
857 1565 1147 1630 rationem,
1178 1564 1224 1618 si
1273 1564 1544 1632 episcopis
1574 1571 1630 1616 et
1677 1563 1970 1616 sacerdoti-

366 1656 472 1711 bus
488 1657 866 1726 obtemperare
890 1655 1234 1709 noluerint...
1256 1653 1443 1724 Neque
1465 1653 1610 1707 enim
1633 1654 1816 1708 vivere
1839 1652 1971 1706 foris

365 1756 616 1817 possunt,
642 1761 764 1801 cum
791 1746 980 1802 domus
1005 1745 1100 1800 Dei
1128 1760 1231 1800 una
1255 1745 1342 1810 sit,
1373 1753 1428 1799 et
1457 1745 1658 1799 nemini
1681 1745 1826 1799 salus
1851 1758 1971 1798 esse

365 1842 470 1898 nisi
498 1843 549 1896 in
581 1839 822 1895 Ecclesia
849 1840 1020 1909 possit
1041 1837 1255 1910 (5).»7°
1277 1855 1294 1889 ι
1327 1837 1466 1891 Dicit
1486 1837 1743 1892 Dominus
1769 1836 1965 1908 (Joan.

359 1949 418 2002 ι,
442 1933 546 2004 50)
569 1950 584 1986 :
615 1931 729 2001 Ego
755 1941 802 1985 et
837 1929 994 1986 Pater
1016 1947 1176 1985 unum
1198 1945 1390 1984 sumus.
1409 1929 1476 1984 Et
1502 1929 1694 1984 iterum
1718 1928 1784 1982 de
1810 1927 1971 1982 Patre

363 2025 577 2081 etFilio
620 2035 676 2080 et
729 2022 927 2092 Spiritu
972 2036 1163 2078 sancto
1217 2023 1478 2093 scriptum
1526 2030 1608 2076 est
1662 2019 1843 2088 (Joan.
1911 2035 1967 2084 ι,

366 2136 417 2186 ν,
452 2122 546 2190 7):
582 2118 651 2172 Et
677 2119 730 2172 lii
755 2128 856 2172 tre:
871 2135 1029 2173 unum
1053 2127 1191 2173 sunt.
1221 2117 1288 2172 Et
1308 2117 1591 2187 quisquam
1621 2114 1794 2171 credit
1832 2114 1969 2168 hanc

363 2211 696 2266 unitatem...
726 2209 900 2264 scindi
946 2210 1002 2264 in
1049 2208 1290 2264 Ecclesia
1321 2208 1580 2278 posse...?
1607 2206 1755 2262 Hanc
1797 2206 1971 2260 unita-

363 2313 472 2358 tem
501 2300 594 2372 qui
624 2316 731 2356 non
757 2309 922 2365 tenet,
958 2300 1051 2355 Dei
1090 2301 1264 2371 legem
1307 2315 1412 2355 non
1447 2309 1622 2365 tenet;
1669 2314 1774 2353 non
1826 2308 1972 2353 tenet

360 2397 544 2453 Patris
561 2407 616 2453 et
641 2396 763 2452 Filii
793 2397 978 2463 ﬁdem,
997 2397 1162 2451 vitam
1192 2411 1299 2450 non
1323 2403 1470 2450 tenet
1493 2404 1548 2450 et
1575 2395 1800 2451 salutem
1826 2393 1962 2463 (6).»

365 2490 427 2542 8'
458 2510 477 2543 ι
514 2491 625 2546 lloc
652 2491 874 2545 unitatis
903 2499 1368 2545 sacramentum...
1413 2488 1716 2544 ostenditur
1756 2487 1970 2557 quando

365 2583 420 2638 in
453 2583 747 2653 Evangelio
772 2585 950 2638 tunica
974 2583 1186 2638 Domini
1213 2583 1338 2638 Jesu
1360 2580 1560 2638 Christi
1586 2597 1690 2637 non
1719 2582 1971 2636 dividitur

363 2675 587 2730 omnino
609 2689 708 2730 nec
728 2674 993 2730 scinditur
1016 2674 1194 2746 (7)....
1222 2674 1520 2741 lndividua,
1545 2674 1811 2744 copulata,
1839 2687 1970 2728 con-

365 2781 507 2822 nexa
538 2766 772 2822 ostendit
790 2767 973 2838 populi
1004 2769 1208 2833 nostri,
1238 2768 1328 2837 qui
1359 2767 1629 2822 Christum
1661 2766 1967 2830 induimus,

364 2861 711 2916 concordiam
739 2861 1180 2916 cohaerentem...
1216 2879 1233 2912 i
1257 2859 1314 2914 9°
1340 2879 1356 2911 ι
1385 2859 1564 2914 Monet
1588 2861 1701 2928 ipse
1721 2861 1771 2914 in
1793 2859 1969 2914 Evan-

366 2953 508 3024 gelio
538 2967 638 3007 suo
662 2961 717 3007 et
738 2952 916 3018 docet,
951 2952 1137 3007 dicens
1168 2951 1346 3024 (Joan.
1375 2970 1428 3018 x,
1464 2952 1585 3020 16):
1619 2952 1686 3006 Et
1718 2954 1810 3007 erit
1839 2969 1970 3008 unus

368 3061 492 3117 grex
535 3056 581 3100 et
625 3062 757 3100 unus
808 3056 986 3118 pastor
1015 3044 1116 3116 (8).
1160 3064 1177 3095 ι
1216 3046 1304 3101 10°
1335 3045 1456 3101 Sint
1495 3045 1751 3100 clausula:
1799 3047 1970 3100 instar

368 3137 485 3193 hmc
511 3139 598 3208 pie
643 3138 914 3208 precantis
951 3137 1113 3193 verba
1147 3157 1160 3192 :
1193 3157 1210 3190 ι
1244 3137 1382 3208 Opto
1423 3138 1704 3208 equidem,
1734 3139 1969 3194 dilectis-

365 3229 490 3285 simi
521 3229 740 3295 fratres,
769 3238 823 3285 et
850 3229 1075 3284 consulo
1096 3230 1300 3301 pariter
1338 3239 1391 3285 et
1415 3230 1639 3296 suadeo,
1667 3239 1744 3297 ut,
1778 3231 1823 3284 si
1853 3229 1968 3285 ﬁeri

367 3335 568 3397 potest,
608 3341 771 3382 nemo
796 3326 866 3382 de
913 3327 1166 3382 fratribus
1214 3337 1418 3397 pereat,
1475 3337 1530 3383 et
1583 3326 1970 3382 consentientis

368 3421 548 3492 populi
598 3437 796 3492 corpus
831 3438 993 3477 unum
1023 3423 1231 3492 gremio
1261 3437 1359 3476 suo
1400 3423 1642 3493 gaudens
1690 3433 1861 3476 mater
1887 3422 1970 3476 iu-

369 3515 620 3571 cludat...
651 3517 792 3572 Deus
839 3532 975 3571 unus
1023 3527 1126 3584 est,
1179 3527 1234 3572 et
1287 3516 1535 3572 Christus
1568 3533 1724 3582 unus,
1758 3527 1812 3572 et
1864 3532 1970 3572 una

370 3605 618 3663 Ecclesia
647 3611 785 3679 ejus,
815 3619 868 3664 et
910 3609 1044 3665 ﬁdes
1071 3625 1206 3674 una,
1259 3619 1313 3664 et
1336 3611 1486 3680 plebs
1531 3627 1632 3666 una
1662 3612 1714 3666 in
1741 3611 1969 3666 solidam

367 3704 614 3772 corporis
635 3703 938 3757 concordia:
961 3703 1166 3773 glutino
1193 3705 1440 3774 copulata
1475 3703 1568 3771 (9).
1597 3723 1616 3755 ι

446 3786 538 3840 \‘l.
577 3787 634 3840 2"
678 3787 754 3842 De
793 3787 1025 3842 Ecclesia
1081 3805 1185 3842 una
1237 3799 1283 3843 et
1330 3789 1598 3844 catholica.
1647 3789 1772 3845 Haec
1807 3788 1970 3845 modo

375 3879 608 3950 carptim
660 3882 853 3948 allata,
920 3883 973 3936 in
1035 3883 1228 3938 eodem
1298 3885 1434 3938 libro
1488 3894 1542 3939 et
1603 3885 1729 3940 alibi
1807 3886 1970 3941 habet

375 3973 676 4044 Cyprianus
725 3994 735 4026 :
812 3996 827 4026 ι
865 3975 1110 4030 Ecclesia
1181 3993 1284 4032 una
1331 3987 1414 4032 est
1457 3993 1576 4048 quae
1631 3979 1684 4032 in
1729 3980 1967 4035 multitu—

371 4067 555 4123 dinem
583 4067 741 4123 latius
772 4070 1107 4126 incremento
1134 4069 1496 4127 foecunditatis
1536 4073 1964 4130 extenditur.....

370 4161 655 4231 Quomodo
708 4163 838 4218 solis
906 4163 1060 4218 multi
1113 4164 1247 4219 radii
1282 4208 1294 4231 ,
1366 4165 1459 4220 sed
1514 4165 1694 4220 lumen
1742 4181 1905 4220 unum
1952 4184 1966 4232 ;

370 4265 423 4309 et
481 4255 617 4308 rami
670 4254 882 4309 arboris
945 4255 1097 4309 multi
1131 4295 1145 4318 ,
1199 4255 1293 4309 sed
1345 4255 1513 4309 robur
1567 4271 1730 4309 unum
1795 4257 1968 4311 tenaci

371 4347 552 4402 radice
593 4347 869 4402 fundatum
911 4366 923 4400 :
973 4359 1028 4403 et
1079 4363 1201 4403 cum
1233 4348 1299 4403 de
1339 4347 1490 4403 l‘oute
1535 4365 1645 4404 uno
1695 4350 1795 4404 rivi
1849 4350 1965 4420 plu—

371 4441 494 4495 rimi
537 4441 780 4496 deﬂuuut
814 4485 828 4508 ,
885 4444 1248 4499 numerositas
1311 4444 1438 4498 licet
1485 4443 1676 4500 ditl'usa
1724 4445 1972 4501 videatur

371 4535 706 4591 exundantis
749 4537 920 4606 copia:
999 4539 1264 4609 largitate,
1340 4537 1518 4593 unitas
1601 4547 1778 4594 tamen
1854 4554 1969 4594 ser-

376 4640 530 4684 vatur
584 4631 634 4684 in
686 4630 1032 4700 origine....:
1084 4631 1162 4685 sic
1209 4641 1261 4686 et
1283 4630 1526 4685 Ecclesia
1576 4630 1787 4684 Domini
1849 4630 1970 4686 luce

376 4723 589 4793 perfusa
639 4739 737 4794 per
798 4725 985 4778 orbem
1055 4733 1228 4780 totum
1283 4723 1466 4778 radios
1521 4738 1652 4779 suos
1703 4723 1967 4794 porrigit;

379 4831 542 4870 unum
574 4826 750 4872 tamen
773 4818 954 4872 lumen
976 4826 1079 4880 est,
1113 4816 1255 4888 quod
1279 4817 1478 4886 ubique
1507 4816 1845 4883 diﬂ‘unditur,
1873 4831 1972 4872 nec

377 4911 558 4964 unitas
583 4912 828 4980 corporis
857 4921 1139 4982 separatur
1165 4928 1178 4977 ;
1205 4927 1387 4966 ramos
1416 4927 1544 4966 suos
1575 4913 1628 4967 in
1660 4913 1971 4968 universam

379 5013 577 5058 terram
618 5006 771 5074 copia
801 5005 1062 5060 ubertatis
1099 5006 1360 5072 extendit,
1397 5006 1726 5076 proﬂuentes
1755 5008 1973 5079 largiter

377 5097 524 5152 rivos
550 5097 705 5153 latius
725 5099 980 5171 expandit
1003 5100 1183 5171 (10)...
1212 5100 1471 5156 Ecclesia:
1493 5102 1756 5158 universa:
1780 5118 1874 5174 per
1893 5112 1971 5160 t0-

451 5279 533 5419 (1)
559 5278 678 5334 Lib.
711 5280 773 5333 de
802 5279 1008 5336 Unitate
1032 5279 1177 5335 Eccl.
1214 5291 1251 5337 t.
1275 5296 1352 5348 tv,
1383 5280 1488 5336 σοι.
1522 5280 1647 5337 501.

451 5351 510 5417 (2
565 5350 719 5415 lbid.,
748 5352 850 5406 col.
885 5353 1009 5408 502.

448 5350 533 5417 (2)
565 5350 719 5415 lbid.,
748 5352 850 5406 col.
885 5353 1009 5408 502.

449 5422 533 5493 (5)
568 5421 727 5488 lbid.,
767 5424 872 5477 col.
900 5425 1029 5490 502,
1062 5425 1184 5481 505.

445 5493 846 5563 (4)]th,coL
883 5495 1007 5552 505.

447 5564 525 5632 (5)
559 5564 730 5632 Epist.
757 5581 882 5628 Lxu,
911 5568 1018 5622 col.
1046 5568 1172 5631 570,
1206 5568 1328 5623 371.

452 5636 530 5708 (6)
559 5635 742 5708 uuae
776 5636 919 5691 Um't.
955 5638 1126 5705 Eccl.,
1160 5649 1198 5694 t.
1230 5654 1306 5708 IV,
1340 5640 1442 5696 col.
1479 5639 1602 5696 504.

450 5705 534 5775 (7)
562 5705 719 5775 lbid.,
746 5709 856 5763 col.
880 5708 1008 5763 504.

475 5775 531 5844 8)
558 5775 714 5844 lbid.,
737 5783 843 5833 col.
877 5779 1001 5834 505.

477 5847 724 5920 9){lhid.,
751 5851 1002 5905 col.317.

483 5918 721 5975 tO)lbuL
760 5922 864 5975 ξομ
898 5921 1170 5992 50l,502.

2086 553 2195 597 tum
2231 545 2488 597 mundum
2519 541 2799 596 nobiscum
2847 541 3069 596 unitatis
3099 541 3312 597 vinculo
3342 542 3676 613 copulatae...

2085 633 2234 690 Unde
2247 635 2386 689 scire
2401 635 2587 690 debes.
2601 672 2639 690 ..
2657 635 2853 690 frustra
2871 636 2973 690 sibi
2992 635 3220 691 blandiri
3243 651 3338 690 eos
3360 637 3469 706 qui,
3489 652 3675 706 pacem

2079 742 2201 781 cum
2250 728 2624 783 sacerdotibus
2654 728 2745 784 Dei
2775 743 2880 782 non
2909 727 3192 792 habentes,
3231 729 3495 798 obrepunt
3523 740 3575 783 et
3605 729 3682 782 la.

2081 830 2255 876 tenter
2277 822 2416 892 apud
2445 822 2706 892 quosdam
2734 825 3135 878 communicare
3151 838 3210 878 se
3235 823 3482 886 credunt,
3507 839 3680 892 quan-

2079 915 2148 970 do
2181 917 2578 987 Ecclesia,qu;e
2608 919 2878 973 catholica
2908 927 2961 973 et
2993 933 3094 972 una
3119 926 3223 984 est,
3255 919 3422 972 scissa
3453 932 3557 973 non
3587 920 3679 985 sit,

2079 1024 2254 1079 neque
2289 1010 2479 1077 divisa,
2513 1011 2607 1066 sed
2632 1013 2703 1066 sit
2729 1011 2914 1081 utique
2944 1026 3186 1066 connexa
3218 1019 3272 1065 et
3293 1011 3678 1066 cohazrentium

2078 1103 2178 1158 sibi
2213 1104 2443 1158 invicem
2475 1105 2817 1160 sacerdotum
2841 1106 3047 1176 glutino
3075 1106 3324 1174 c0pulata
3348 1105 3449 1176 (1).
3476 1125 3493 1158 ι

2151 1193 2263 1251 VII.
2299 1195 2392 1250 His
2417 1207 2472 1250 et
2519 1197 2641 1250 aliis
2670 1197 2808 1251 bene
2856 1198 3040 1251 multis
3078 1213 3198 1266 qua:
3244 1197 3547 1252 meridiano
3572 1200 3686 1253 sole

2078 1288 2306 1343 clariora
2337 1299 2482 1354 sunt,
2529 1290 2784 1344 nebulam
2825 1290 3110 1346 oﬂ'undere
3159 1291 3413 1347 videntur
3457 1308 3518 1347 ea
3569 1309 3688 1361 qua:

2077 1369 2394 1452 sequuntur,
2427 1381 2568 1437 haud
2592 1384 2760 1438 semel
2793 1384 3222 1453 praecedentibus
3246 1401 3489 1440 annexa:
3522 1405 3540 1436 ι
3570 1387 3686 1441 Sci-

2077 1491 2137 1530 re
2157 1474 2324 1528 debes
2353 1476 2665 1544 episcopum
2701 1476 2754 1530 in
2788 1476 3029 1532 Ecclesia
3058 1492 3178 1532 esse
3211 1488 3266 1532 et
3306 1479 3602 1534 Ecclesiam
3633 1479 3684 1532 in

2077 1567 2335 1635 episcopo
2363 1565 2468 1638 (2).
2513 1565 2641 1621 Inde
2669 1567 2813 1621 enim
2854 1568 3038 1637 plures
3071 1568 3369 1623 intulerunt
3415 1569 3686 1640 Cypriauo

2077 1657 2315 1728 ignotam
2336 1658 2502 1713 fuisse
2527 1659 2814 1728 genuinam
2837 1660 3058 1714 unitatis
3077 1660 3358 1715 catholicae
3383 1661 3683 1726 notionem,

2077 1749 2244 1803 immo
2270 1764 2391 1803 cum
2421 1750 2678 1813 sensisse,
2709 1751 2852 1820 quod
2887 1751 3049 1805 etiam
3084 1767 3226 1805 nunc
3253 1752 3404 1806 multi
3434 1753 3588 1807 bona:
3619 1755 3683 1807 ti.

2076 1842 2161 1897 dei
2192 1843 2560 1898 Protestantes
2590 1841 2958 1908 admitterent,
2989 1844 3247 1899 unitatem
3269 1855 3549 1900 externam
3575 1845 3683 1899 Ec-

2076 1936 2258 1990 clesia:
2291 1936 2361 1990 ita
2397 1937 2600 1991 sensim
2654 1935 2771 1990 sine
2799 1950 2962 1992 sensu
2990 1937 3311 1999 accrevisse,
3362 1948 3420 1991 ut
3460 1937 3684 2008 singulae

2077 2028 2342 2094 ecclesize,
2365 2029 2540 2098 primo
2565 2029 2904 2084 solainterna
2934 2028 3056 2084 ﬁdei
3091 2038 3147 2085 et
3175 2030 3451 2085 charitatis
3477 2031 3682 2087 unitate

2079 2122 2325 2191 vigentes
2353 2119 2768 2186 etcoadunataa,
2797 2137 3010 2178 omnem
3067 2123 3118 2178 in
3159 2137 3258 2177 suo
3302 2139 3528 2193 quaeque
3571 2127 3684 2194 cpio

2077 2227 2242 2281 scopo
2269 2213 2666 2266 communionis
2687 2211 2971 2268 catholica:
2995 2215 3104 2267 vim
3130 2222 3179 2268 et
3199 2214 3472 2268 vinculum
3489 2228 3682 2283 posue—

2077 2303 2207 2370 rint,
2229 2319 2402 2374 eoque
2422 2305 2646 2359 interna:
2665 2305 2879 2360 virtutis
2897 2306 3098 2359 inﬂuxu
3113 2305 3358 2360 excitata:
3386 2306 3585 2360 fuerint
3613 2308 3680 2360 ad

2076 2397 2176 2452 sibi
2207 2399 2342 2452 alias
2370 2399 2627 2453 ecclesias
2659 2398 2850 2454 eodem
2873 2399 3090 2454 vinculo
3117 2398 3528 2466 coadunandas;
3557 2400 3681 2454 hinc

2076 2504 2207 2560 ergo
2234 2499 2513 2559 separatas
2545 2492 2776 2560 primum
2809 2491 3084 2546 Ecclesias
3107 2491 3158 2546 in
3192 2506 3358 2545 unum
3391 2505 3512 2546 sese
3552 2506 3684 2562 pau-

2078 2580 2226 2633 latim
2258 2581 2613 2645 convertisse,
2638 2582 2762 2644 sibi,
2798 2581 3105 2637 labentibus
3137 2582 3370 2645 saeculis,
3403 2582 3535 2636 alias
3556 2583 3678 2638 aliis

2077 2672 2433 2737 assimilasse,
2487 2687 2516 2725 a
2560 2672 2867 2742 pluralitate
2923 2673 2989 2727 ad
3021 2674 3278 2728 unitatem
3329 2673 3681 2738 conﬂuxisse.

2077 2780 2176 2819 nec
2229 2774 2407 2820 tamen
2463 2767 2675 2835 penitus
2729 2766 2976 2821 amisisse
3018 2767 3288 2836 primmva:
3327 2766 3588 2822 libertatis
3628 2778 3682 2822 et

2076 2857 2430 2925 Singularium
2451 2857 2898 2912 communitatum
2921 2857 3043 2926 jura
3073 2856 3472 2912 indefectibilia.

2149 2951 2496 3007 Gravissima:
2528 2951 2688 3022 hujus
2719 2936 3482 3024 controversiaa‘Cyprianicze
3517 2952 3680 3009 cardo

2079 3053 2223 3099 totus
2255 3045 2481 3099 vertitur
2531 3047 2581 3099 iu
2631 3060 2696 3100 eo
2737 3045 2880 3116 quod
2919 3044 3221 3117 Cyprianus
3257 3045 3326 3100 de
3367 3047 3680 3115 episcopatu

2076 3139 2342 3204 senserit;
2375 3137 2539 3209 idque
2561 3139 2629 3194 ab
2647 3154 2707 3194 ea
2727 3155 2886 3209 quam
2917 3139 3019 3194 sibi
3047 3139 3320 3196 efﬂuxerit
3345 3138 3679 3209 apostolatus

2076 3230 2193 3284 idea
2225 3230 2501 3285 derivasse
2535 3240 2701 3299 patet.
2753 3230 3053 3301 Utrumque
3084 3246 3213 3302 ergo
3245 3230 3430 3299 paucis
3458 3230 3680 3284 investi-

2075 3324 2328 3395 gandum.
2355 3325 2524 3378 Porro
2541 3323 2836 3395 Cyprianus
2858 3324 2989 3379 illud
3014 3323 3228 3395 penitus
3251 3324 3304 3378 in
3332 3333 3513 3379 mente
3539 3339 3678 3394 prre-

2075 3426 2392 3487 conceptum
2442 3415 2669 3480 habuit,
2731 3417 3024 3488 Apostolos
3080 3417 3131 3470 in
3187 3416 3384 3485 quibus
3429 3415 3675 3472 Ecclesia

2074 3510 2320 3566 subsedit
2348 3525 2411 3565 ac
2441 3509 2700 3566 aediﬁcata
2733 3509 2848 3574 fuit,
2900 3509 3211 3578 neutiquam
3241 3508 3407 3562 fuisse
3447 3509 3582 3562 alios
3607 3508 3674 3561 ab

2073 3602 2195 3657 aliis
2239 3602 2550 3671 sejunctos,
2610 3601 2678 3655 ab
2733 3616 2839 3656 uno
2883 3601 3097 3656 Christo
3137 3601 3364 3656 seorsim
3407 3615 3502 3654 sua
3527 3600 3672 3670 jura,

2073 3712 2226 3752 suam
2261 3705 2582 3768 potestatem
2641 3695 2935 3761 habentes;
2985 3695 3150 3749 immo
3201 3709 3330 3748 vero
3385 3708 3575 3748 omnes
3621 3704 3676 3747 et

2075 3805 2510 3860 unumquemque
2553 3790 2608 3844 in
2639 3805 2802 3844 unum
2853 3787 3104 3857 idemque
3148 3801 3345 3856 corpus
3389 3784 3670 3849 conﬂatos,

2077 3881 2146 3935 ab
2187 3881 2378 3936 eadem
2402 3881 2698 3944 voluntate,
2726 3880 2778 3934 in
2803 3879 2992 3935 eadem
3009 3879 3207 3933 virtute
3227 3876 3292 3932 ad
3319 3893 3480 3930 unum
3509 3877 3671 3929 ﬁnem

2075 3976 2427 4040 convenisse;
2458 3989 2735 4046 unumque
2770 3973 2988 4028 Petrum
3031 3986 3154 4028 esse
3187 3973 3352 4027 totius
3390 3969 3672 4041 apostolici

2075 4068 2322 4135 corporis
2366 4076 2547 4136 caput,
2594 4065 2814 4120 unitatis
2855 4073 3100 4120 centrqu
3135 4074 3190 4119 et
3228 4063 3530 4132 lastigium;
3564 4077 3672 4117 non

2076 4168 2281 4215 tantum
2306 4174 2434 4228 ergo
2458 4174 2622 4211 unum
2641 4172 2762 4212 esse
2780 4157 3064 4226 apostolici
3078 4157 3290 4225 collegii
3313 4166 3491 4224 caput,
3511 4154 3605 4209 sed
3620 4164 3674 4209 et

2077 4269 2236 4308 unam
2260 4248 2610 4324 apostolicam
2644 4263 2951 4320 personam.
2973 4248 3177 4302 Hincin
3195 4249 3310 4317 ipso
3338 4249 3676 4317 rebaptizan-

2078 4347 2206 4401 tium
2246 4344 2475 4400 tumultu
2505 4343 2619 4397 hmc
2645 4339 2945 4412 Cyprianus
2963 4338 3030 4393 ad
3068 4338 3388 4393 Jubaianum
3416 4355 3429 4392 :
3457 4355 3476 4391 ι
3512 4338 3674 4393 Petro

2076 4439 2310 4508 primum
2333 4435 2595 4490 Dominus
2621 4447 2784 4503 super
2811 4447 2972 4502 quem
3001 4430 3285 4484 aediﬁcavit
3315 4429 3573 4485 Ecclesia.
3609 4429 3677 4485 Et

2082 4533 2225 4587 unde
2249 4531 2470 4586 unitatis
2490 4529 2752 4600 originem
2775 4527 3006 4581 instituit
3043 4537 3097 4581 et
3140 4525 3395 4592 ostendit,
3434 4533 3676 4596 potesta-

2080 4635 2185 4680 tem
2219 4623 2375 4678 istam
2402 4622 2572 4688 dedit,
2613 4629 2672 4675 ut
2697 4620 2749 4674 id
2793 4620 3096 4674 solveretur
3125 4619 3178 4674 in
3209 4621 3385 4687 cmlis,
3414 4619 3556 4690 quod
3583 4619 3679 4675 ille

2078 4717 2328 4772 solvisset
2356 4715 2406 4769 in
2441 4713 2620 4768 terris.
2648 4713 2710 4766 Et
2743 4721 2864 4781 post
2896 4712 3348 4768 resurrectionem
3371 4727 3587 4783 quoque
3606 4711 3676 4767 ad

2078 4809 2368 4882 Apostolos
2394 4808 2652 4879 loquitur,
2681 4807 2902 4862 dicens:
2937 4806 3086 4861 Sicut
3105 4808 3242 4862 misit
3272 4823 3372 4874 me,
3401 4815 3508 4863 etc.
3538 4805 3670 4878 (5)..

2079 4904 2288 4959 Clamat
2317 4902 2574 4958 Dominus
2593 4943 2608 4968 ,
2639 4902 2801 4970 utqui
2826 4901 2952 4968 sitit,
2982 4902 3219 4955 veniat...
3247 4899 3315 4954 ad
3353 4901 3674 4964 Ecclesiam,

2079 5012 2197 5067 qua:
2221 5011 2324 5050 una
2350 5003 2433 5050 est
2460 5002 2516 5048 et
2545 5007 2708 5064 super
2737 5008 2899 5048 unum
2923 5033 2937 5060 ,
2980 4993 3071 5062 qui
3098 5003 3151 5047 et
3180 4992 3358 5045 claves
3380 4993 3496 5060 ejus
3515 5005 3676 5045 acce-

2079 5090 2190 5161 pit,
2224 5087 2431 5143 Domini
2475 5101 2608 5140 voce
2657 5085 2876 5140 fundata
2917 5092 3001 5138 est
3045 5083 3141 5153 (4).
3179 5082 3408 5150 Spiritus
3455 5090 3676 5135 sanctus

2079 5195 2239 5247 unus,
2273 5189 2327 5235 et
2365 5194 2467 5233 una
2497 5177 2742 5233 Ecclesia
2787 5191 2818 5230 a
2862 5173 3077 5228 Christo
3107 5173 3334 5227 Domino
3379 5187 3541 5242 super
3571 5173 3673 5230 Pe—

2081 5285 2220 5328 trum
2252 5271 2459 5341 origine
2485 5268 2706 5323 unitatis
2734 5275 2788 5320 et
2831 5265 3042 5318 ratione
3084 5261 3301 5318 fundata
3348 5264 3447 5335 (5).
3492 5263 3674 5332 Unde,

2077 5368 2186 5437 jam
2209 5364 2419 5420 laudata
2460 5372 2736 5415 resumere
2773 5356 2952 5427 juvat,
2990 5374 3008 5406 ‹
3043 5365 3098 5410 ut
3128 5354 3386 5411 unitatem
3416 5355 3676 5412 manifes-

2083 5468 2241 5525 taret,
2275 5470 2433 5510 unam
2463 5450 2771 5509 cathedram
2814 5450 3112 5518 constituit,
3165 5449 3383 5508 unitatis
3428 5450 3673 5523 ejusdem

2155 5635 2238 5706 (1)
2268 5634 2371 5706 Ep.
2405 5649 2549 5700 Lm,
2575 5642 2615 5706 t.
2644 5647 2717 5700 tv,
2743 5633 2846 5689 col.
2872 5632 2998 5690 406.

2159 5705 2236 5776 (2)
2266 5705 2398 5760 lbid.
2429 5707 2529 5760 loc.
2566 5705 2661 5764 cit.

2153 5772 2234 5847 ('3')
2271 5777 2440 5847 Epist.
2470 5792 2630 5832 Lxxiu
2659 5793 2712 5831 n.
2739 5777 2793 5839 7.
2830 5785 2960 5831 tom.
2993 5792 3072 5844 ιιι,
3096 5776 3201 5832 col.
3229 5772 3384 5847 1114.

2160 5842 2241 5920 (ι’)
2270 5842 2440 5918 Epist.
2475 5864 2659 5914 Lxxui,
2689 5865 2743 5903 n.
2772 5849 2861 5914 11,
2895 5858 3022 5903 tom.
3054 5842 3132 5916 in,
3165 5844 3266 5900 col.
3300 5842 3458 5898 1116.

2158 5921 2240 5989 (ii)
2275 5920 2444 5992 Epist,
2475 5935 2598 5988 Lxx,
2631 5936 2682 5976 ης
2716 5921 2765 5975 δι
