4190 6246
563 360 618 408 xt
2007 353 2393 416 PRIEFATIO.

565 463 824 534 originem
869 464 938 519 ab
981 477 1087 518 uno
1134 464 1476 536 incipientem
1509 479 1604 521 sua
1633 468 1956 524 auctoritate
1982 468 2159 539 dispo-

567 555 690 612 suit.
739 555 852 612 Hoc
877 565 1034 613 erant
1054 554 1236 628 utique
1278 566 1332 612 et
1369 557 1613 629 Apostoli
1655 559 1797 630 quod
1822 559 2161 628 iuiti’etrus;

561 645 683 717 pari
707 646 985 702 consortio
1017 646 1226 717 praediti
1253 646 1479 703 honoris
1505 657 1562 705 et
1592 649 1908 721 potestatis,
1942 651 2037 706 sed
2068 667 2164 706 ex-

563 737 774 795 ordium
820 737 888 794 ab
928 739 1131 795 unitate
1163 741 1555 815 proﬁciscitur,
1588 755 1642 800 et
1691 745 1952 816 primatus
2004 745 2164 802 Petro

565 831 743 900 datur,
776 839 834 887 ut
855 847 960 888 una
987 831 1192 889 Christi
1224 835 1468 893 Ecclesia
1491 846 1545 893 et
1565 837 1820 893 cathedra
1857 854 1958 894 una
1987 855 2166 895 mons-

561 933 759 980 tretur.
792 925 860 979 Et
890 935 1134 996 pastores
1166 937 1292 982 sunt
1342 943 1556 998 omnes,
1587 939 1638 984 et
1661 947 1792 1002 grex
1823 948 1964 986 unus
1987 943 2168 987 osten-

564 1015 709 1071 ditur
747 1017 836 1084 qui
867 1017 936 1072 ah
963 1018 1237 1090 Apostolis
1268 1021 1520 1077 omnibus
1544 1022 1784 1078 unanimi
1809 1025 2169 1079 consensione

563 1118 837 1180 pascatur,
868 1118 925 1165 ut
955 1109 1195 1166 Ecclesia
1245 1111 1441 1167 Christi
1492 1128 1594 1168 una
1635 1124 1971 1170 monstretur
2017 1115 2162 1186 (1).:

560 1199 634 1254 Ει
660 1199 844 1270 paucis
881 1200 1178 1272 interjectis
1218 1221 1229 1255 :
1279 1223 1298 1256 ι
1332 1203 1500 1273 Quam
1537 1205 1796 1260 unitatem
1838 1205 2065 1260 ﬁrmiter
2090 1217 2170 1262 te-

563 1308 699 1349 nere
739 1302 794 1349 et
831 1293 1106 1350 vindicare
1140 1295 1401 1351 debemus
1427 1337 1441 1361 ,
1486 1297 1722 1352 maxime
1765 1299 2029 1369 episcopi,
2084 1300 2171 1372 qui

566 1384 620 1438 in
639 1383 878 1440 Ecclesia
902 1384 1274 1456 praesidemus,
1297 1395 1354 1440 ut
1376 1388 1746 1458 episc0patum
1765 1404 1978 1460 quoque
1999 1389 2169 1461 ipsum

574 1492 738 1532 unum
812 1485 973 1548 atque
1027 1477 1316 1532 indivisum
1368 1481 1753 1549 probemus....
1817 1480 2174 1554 Episcopatus

568 1585 707 1624 unus
725 1577 829 1635 est,
850 1569 1003 1638 cujus
1017 1584 1044 1623 a
1059 1570 1286 1641 singulis
1305 1571 1358 1625 in
1383 1571 1612 1627 solidum
1633 1587 1758 1642 pars
1784 1582 2000 1630 tenetur
2030 1574 2126 1646 (Ξ).
2144 1593 2162 1625 ι

640 1663 767 1718 Haec
784 1663 1046 1733 estigitur
1063 1679 1187 1718 vera
1205 1673 1256 1718 et
1270 1665 1499 1733 genuina
1517 1665 1768 1735 Cypriani
1793 1674 1904 1719 tum
1922 1665 1989 1720 de
2006 1668 2041 1719 Α
2053 1682 2174 1737 pos-

573 1754 721 1820 tolis,
743 1762 852 1808 tum
881 1753 946 1808 de
974 1754 1242 1823 episcopis
1261 1754 1539 1808 doctrina:
1563 1755 1698 1810 Utin
1723 1756 1882 1810 Petro
1902 1772 2041 1812 unus
2060 1767 2178 1812 erat

571 1846 925 1918 apostolatus,
959 1845 1030 1899 ita
1057 1855 1112 1900 et
1140 1860 1277 1901 unus
1306 1847 1680 1915 epise0patus;
1725 1856 1781 1901 ut
1832 1849 1972 1904 inter
1998 1849 2178 1918 plures

568 1935 865 2006 Apostolos
883 1950 984 1989 una
1004 1946 1121 1990 erat
1144 1934 1423 2001 cathedra,
1462 1938 1534 1990 ita
1569 1935 1711 1992 inter
1733 1937 1914 2006 plures
1933 1948 2179 2009 pastores

567 2042 708 2083 unus
737 2042 866 2098 grex
890 2069 906 2095 ,
938 2043 1042 2082 una
1069 2027 1296 2083 ecclesia
1323 2045 1338 2093 ;
1383 2037 1440 2082 ut
1465 2027 1518 2081 in
1544 2027 1842 2098 apostolico
1867 2030 2091 2101 collegio
2121 2046 2180 2085 os

568 2137 735 2177 unum
751 2129 806 2176 et
821 2136 986 2175 unum
1007 2121 1149 2175 Petri
1172 2121 1448 2192 caput,_ita
1465 2122 1806 2192 episcopatus
1823 2139 1927 2176 una
1955 2137 2180 2194 persona

571 2221 860 2282 est,quaea
891 2211 1115 2282 singulis
1144 2212 1195 2265 in
1218 2211 1450 2267 solidum
1477 2212 1705 2268 obtinet.
1739 2212 1870 2268 Hine
1898 2216 2183 2284 episeOpns

571 2304 629 2358 in
655 2302 900 2358 Ecclesia
925 2311 1009 2358 est
1027 2314 1080 2357 et
1106 2303 1343 2358 Ecclesia
1368 2304 1419 2357 in
1443 2304 1718 2375 episc0po.
1744 2305 1878 2360 l-iinc
1904 2306 2182 2360 exordium

573 2395 644 2449 ab
671 2396 875 2450 unitate
905 2393 1287 2464 proficiscitur,
1328 2393 1524 2448 nedum
1551 2411 1578 2448 a
1605 2395 1908 2464 pluralitate
1935 2395 1985 2449 in
2021 2412 2182 2450 unum

575 2485 862 2542 coalescat.
895 2485 972 2540 Ex
1001 2486 1231 2555 ipsamet
1259 2484 1418 2539 Petra
1446 2486 1613 2541 excisi
1634 2501 1840 2551 sumus,
1868 2502 1974 2540 non
2003 2499 2183 2542 autem

576 2592 696 2633 eam
719 2577 821 2648 ipsi
848 2577 902 2631 in
932 2576 1165 2632 medium
1193 2577 1506 2631 attulimus:
1538 2592 1644 2632 non
1665 2587 1748 2632 est
1776 2578 1864 2632 ille
1893 2577 2028 2648 lapis
2056 2578 2151 2632 ulti
2171 2606 2186 2617 -

575 2687 698 2728 mus
721 2671 786 2728 ab
813 2670 1202 2727 :ediﬁcantibus
1225 2669 1508 2737 adductus,
1540 2669 1635 2726 sed
1657 2672 1707 2725 in
1727 2685 1792 2726 eo
1817 2679 1925 2725 tota
1954 2669 2190 2725 aediﬁca-

577 2764 654 2818 tio
673 2762 1004 2818 substruitur
1022 2769 1076 2816 et
1092 2763 1384 2829 accrescit;
1416 2778 1521 2817 non
1546 2770 1631 2818 est
1657 2771 1860 2817 tanturn
1888 2762 2022 2832 lapis
2040 2778 2155 2817 sum
2169 2793 2186 2802 -

580 2869 700 2909 mus
717 2865 770 2909 et
787 2852 957 2908 ultimi
982 2851 1200 2922 fastigii,
1215 2853 1312 2908 sed
1333 2863 1387 2909 et
1401 2853 1673 2924 angularis
1686 2864 1738 2908 et
1751 2853 2185 2919 tundamentalis,

581 2965 686 3005 non
719 2965 748 3005 a
777 2950 959 3004 multis
984 2949 1230 3006 ccclesiis
1253 2965 1353 3002 una
1380 2948 1642 3013 Ecclesia,
1676 2947 1770 3003 sed
1801 2948 1986 3002 abuna
2010 2949 2190 3002 multae

582 3053 715 3097 ortae
738 3051 881 3097 sunt.
905 3033 1010 3098 Sus
1040 3058 1167 3111 ergo
1189 3042 1362 3112 deque
1384 3042 1613 3094 vertitur
1629 3041 1763 3094 ordo
1789 3055 1964 3094 rerum
1983 3050 2035 3094 ct
2059 3040 2191 3094 ratio

586 3149 714 3188 vera
740 3134 795 3187 in
825 3133 923 3189 hac
955 3150 1112 3204 quam
1146 3147 1177 3188 e
1201 3130 1468 3202 Cypriane
1493 3147 1649 3194 supra
1681 3131 1912 3186 eiﬁctam
1936 3131 2188 3197 diximus,

588 3223 669 3281 rei
680 3222 985 3278 christiana:
1003 3224 1362 3278 successivam
1380 3231 1434 3276 et
1451 3223 1795 3277 adventiliaut
1817 3222 1867 3276 in
1887 3238 2049 3277 unum
2069 3237 2190 3276 cor-

590 3335 688 3390 pus
721 3319 1186 3374 coadunationem.

666 3408 800 3464 Vill.
838 3408 894 3462 '5'
920 3409 1159 3463 Ecclesia
1201 3406 1315 3462 haec
1366 3421 1470 3461 una
1525 3417 1578 3460 et
1627 3405 1924 3473 catholica,
1961 3408 2193 3462 Romana

594 3514 666 3557 est
698 3505 928 3572 insuper,
968 3503 1018 3556 in
1055 3501 1209 3557 Petro
1242 3502 1487 3574 fundata,
1528 3518 1617 3554 nec
1658 3503 1719 3554 ab
1749 3501 2032 3571 apostolica
2064 3500 2196 3556 Sede

597 3593 839 3649 distincta
859 3635 874 3660 ,
903 3610 992 3647 nec
1017 3611 1048 3646 α
1081 3611 1277 3648 summa
1309 3592 1565 3662 Pontiﬁce
1591 3594 1812 3648 diversa.

671 3686 900 3740 Moveris
928 3685 1108 3740 forsan
1143 3701 1208 3740 ex
1237 3701 1302 3740 eo
1333 3685 1473 3756 quod
1507 3695 1662 3739 antea
1693 3686 2030 3742 conﬁdenter
2059 3685 2199 3740 dixi-

606 3793 726 3834 mus
745 3777 1075 3849 Cyprianum
1104 3793 1226 3832 esse
1256 3776 1624 3846 theologorum
1654 3775 2019 3831 Romanorum
2048 3787 2198 3832 ante-

599 3873 904 3944 signanum.
923 3870 1062 3938 Quid
1081 3871 1222 3940 quod
1245 3879 1299 3925 et
1323 3886 1515 3924 recens
1532 3878 1719 3924 auctor
1743 3885 2044 3941 anonymns
2063 3871 2200 3924 inter

596 3963 902 4020 Germania:
950 3962 1503 4034 pseudoreformatos,
1549 3962 1706 4032 longe
1734 3961 1835 4016 alia
1873 3975 2200 4018 mentecen-

597 4053 774 4109 suerit
812 4053 869 4109 S.
896 4053 1226 4124 Cyprianum
1250 4067 1436 4108 revera
1466 4051 1630 4107 fuisse
1652 4053 1878 4122 primum
1902 4053 1989 4122 qui
2010 4052 2200 4122 dogma

604 4145 757 4213 illud,
784 4163 802 4198 ι
827 4145 994 4202 Unica
1024 4155 1110 4202 est
1139 4145 1399 4211 Ecclesia,
1431 4154 1486 4199 et
1515 4153 1664 4200 extra
1695 4144 1842 4199 illam
1863 4159 1968 4200 non
1999 4155 2083 4200 est
2110 4159 2200 4199 sa-

603 4238 710 4306 lus,
741 4255 761 4290 ι
791 4237 1051 4293 invexerit
1095 4236 1197 4310 (5).
1249 4236 1536 4292 Enimvero
1585 4245 1709 4290 ante
1752 4251 1874 4290 eum
1927 4251 2106 4300 nemo,
2138 4251 2205 4290 ne

602 4329 812 4386 Irenaeo
862 4329 1081 4400 quidem
1128 4339 1391 4397 excepto,
1447 4327 1758 4396 praeclarius
1806 4327 2206 4382 commendavit

604 4422 895 4492 ipsammet
935 4439 953 4471 ι
985 4419 1130 4473 Petri
1181 4418 1535 4483 cathedram,
1587 4415 1886 4472 Ecclesiam
1936 4420 2205 4488 principa-

608 4515 737 4579 lem,
771 4511 914 4566 unde
955 4509 1305 4565 sacerdotalis
1351 4510 1525 4564 unitas
1552 4518 1739 4565 exorta
1765 4521 1846 4566 est
1875 4509 1978 4582 (Ιι),
2015 4511 2202 4566 Eccle-

612 4607 706 4659 siae
733 4603 1012 4659 catholicae
1065 4601 1300 4656 radicem
1330 4609 1386 4656 et
1425 4603 1701 4656 matricem
1737 4601 1836 4673 (5).
1872 4622 1889 4655 ι
1920 4607 2055 4659 Ante
2083 4620 2204 4658 eum

613 4709 794 4761 nemo,
824 4709 893 4750 ne
917 4692 1248 4750 Tertulli-ano
1269 4692 1486 4763 quidem
1517 4701 1764 4764 excepto,
1793 4696 1985 4765 majori
2015 4697 2207 4752 extulit

612 4787 886 4859 praeconio
915 4803 934 4838 ι
969 4800 1238 4840 summum
1278 4786 1634 4853 sacerdotem,
1663 4787 1973 4857 episc0putn
2001 4788 2210 4858 episco-

616 4897 831 4954 porum,
869 4900 889 4934 ι
936 4881 1050 4935 sive
1095 4877 1428 4947 Cornelium,
1462 4901 1480 4934 ι
1510 4881 1576 4936 de
1617 4881 1711 4937 Dei
1743 4892 1796 4937 et
1843 4883 2043 4938 Christi
2092 4883 2210 4953 ejus

615 4975 818 5048 judicio
842 4971 1039 5028 factum
1067 4971 1534 5042 cpiscopum,cum
1559 4973 1785 5029 Fabiani
1813 4975 1987 5040 locus,
2021 4976 2071 5030 id
2105 4984 2206 5042 est,

619 5082 741 5123 cum
789 5067 941 5121 locus
964 5063 1107 5118 Petri
1136 5074 1187 5120 et
1217 5063 1414 5133 gradus
1441 5065 1714 5120 cathedra:
1745 5066 2093 5122 sacerdotalis
2121 5083 2210 5123 va-

619 5165 768 5214 caret
803 5156 882 5227 (6)
913 5197 928 5221 ,
981 5173 1000 5208 ι
1057 5155 1169 5209 sive
1211 5156 1498 5225 ipsummet
1549 5156 1882 5226 Stephanum
1911 5199 1926 5224 ,
1997 5177 2016 5211 ι
2051 5175 2208 5230 quem

621 5257 834 5320 oportet
863 5248 1038 5302 facere
1081 5246 1420 5316 plenissimas
1451 5249 1656 5304 litteras
1686 5250 1752 5304 ad
1780 5251 2134 5324 coepiscopos
2156 5253 2208 5308 in

725 5361 775 5431 Ι)
799 5357 922 5431 Lib.
951 5357 1194 5431 de_Unit.
1214 5357 1359 5414 Eccl.
1387 5360 1493 5416 col.
1523 5361 1647 5417 501.

725 5429 780 5496 2⁷)
816 5429 974 5494 lbid.,
1015 5429 1118 5484 Ioc.
1152 5430 1245 5484 cit.

618 5507 632 5547 λ
704 5499 996 5574 (5)__Weder
1025 5501 1108 5574 die
1129 5500 1419 5574 christliche
1443 5504 1676 5574 religion,
1705 5505 1834 5558 noch
1878 5505 1960 5559 die
1987 5507 2208 5560 ro'miscli

631 5568 740 5647 .....
763 5568 810 5622 Κ
819 5569 1100 5647 atho_lis_c_lte
1129 5569 1402 5647 kircltejst
1449 5568 1558 5627 die'
1585 5575 1866 5647 alleinselig
1912 5578 2207 5633 mae/tende.

626 5646 809 5712 Leipz.
842 5638 971 5712 und.
1002 5639 1239 5705 Franct‘.,
1261 5641 1421 5712 i791.

721 5709 751 5767 ᾖ
795 5711 963 5782 Epist.
980 5727 1067 5774 LV,
1084 5712 1216 5765 alias
1235 5709 1299 5766 ad
1319 5710 1539 5769 Cornel.
1557 5730 1654 5782 Ill,
1676 5724 1714 5772 t.
1733 5732 1809 5783 ιιι,
1828 5717 1932 5773 eoi.
1949 5716 2205 5774 818-821.

721 5713 981 5852 SiEpist.
1014 5797 1135 5848 xcv,
1160 5781 1292 5837 alias
1317 5782 1384 5838 ad
1414 5783 1653 5852 Cornel.,
1691 5803 1763 5850 tv,
1798 5797 1834 5842 t.
1859 5804 1917 5852 ιι,
1945 5789 2047 5841 col.
2083 5789 2203 5845 710.

721 5717 751 5767 4
795 5715 963 5782 Epist.
980 5727 1067 5774 LV,
1084 5715 1216 5765 alias
1235 5715 1299 5766 ad
1319 5715 1539 5769 Cornel.
1557 5730 1654 5782 Ill,
1676 5724 1714 5772 t.
1733 5732 1809 5783 ιιι,
1828 5717 1932 5773 eoi.
1949 5716 2203 5774 818-821.

695 5715 981 5855 i5i_Epist.
1014 5797 1135 5848 xcv,
1160 5781 1384 5855 aliasad
1414 5783 1653 5852 Cornel.,
1691 5803 1763 5850 tv,
1798 5797 1834 5842 t.
1859 5804 1917 5855 ιι,
1945 5789 2047 5841 col.
2083 5789 2203 5845 710.

677 5851 761 5925 (b‘)
780 5851 960 5923 Epist.
979 5855 1218 5919 Ln,alias
1246 5853 1310 5909 ad
1326 5852 1545 5913 Cornel.
1577 5851 1690 5927 x,t.
1713 5873 1793 5924 ιιι,
1819 5851 1921 5916 θοι.
1949 5857 2202 5928 771,772.

3792 389 3866 436 χιι

2270 472 2458 528 Galliis
2491 475 2836 546 constitutos,
2867 493 3031 554 quem
3082 496 3189 539 non
3242 482 3399 540 decet
3446 485 3552 556 pati
3602 487 3870 557 episcopis

2268 561 2496 623 illuderc
2526 577 2578 623 et
2607 567 2674 624 de
2716 569 2999 641 majestate
3045 588 3108 630 ac
3162 573 3422 646 dignitate
3449 576 3708 635 Ecclesiae
3730 578 3871 648 judi-

2269 670 2394 712 care
2417 655 2518 731 (ι).
2552 678 2569 711 ι
2598 658 2707 717 Nec
2736 672 2862 720 ante
2890 678 2988 719 nec
3014 676 3133 734 post
3161 682 3281 722 eum
3304 661 3585 740 quisq’uam
3609 671 3788 727 acrius
3809 687 3871 727 ac

2274 748 2646 806 vehementius
2669 753 2958 809 insectavit
2984 771 3013 809 a
3032 756 3272 813 Romana
3311 759 3553 817 Ecclesia
3583 761 3870 820 disceden-

2274 848 2374 908 tes,
2396 839 2676 897 Novatiani
2703 844 2895 912 instar,
2923 865 2940 899 ι
2963 848 3076 917 qui,
3104 848 3390 906 discordiae
3414 849 3601 910 furore
3620 869 3868 924 vesanus,

2276 931 2575 989 Ecclesiam
2624 936 2865 1006 scindit,
2916 938 3076 996 ﬁdem
3127 941 3377 1011 destruit,
3432 960 3619 1016 pacem
3672 949 3871 1017 turbat,

2276 1025 2592 1085 charitatem
2643 1031 2891 1105 dissipat,
2941 1046 3342 1094 sacramentum
3393 1043 3658 1110 profanat.
3707 1044 3874 1102 Arma

2275 1121 2362 1177 ille
2413 1133 2600 1180 contra
2652 1125 2953 1182 Ecclesiam
2988 1137 3197 1198 portat,
3231 1140 3418 1189 contra
3466 1135 3873 1206 dispositionem

2280 1213 2373 1270 Dei
2427 1226 2708 1289 repugnat.
2753 1217 2933 1277 ilostis
2989 1222 3196 1287 altaris,
3241 1224 3500 1284 adversus
3547 1230 3872 1287 sacriﬁcium

2275 1305 2473 1362 Christi
2504 1307 2742 1377 rebellis,
2777 1326 2873 1381 pro
2919 1311 3025 1367 ﬁde
3077 1313 3333 1384 perﬁdus,
3367 1331 3464 1388 pro
3497 1318 3754 1389 religione
3783 1336 3876 1375 sa-

2277 1395 2531 1468 crilegus,
2562 1397 2924 1471 inobsequens
2976 1417 3186 1469 servus,
3238 1404 3377 1460 ﬁlius
3434 1406 3652 1479 impius,
3710 1407 3876 1464 frater

2280 1487 2545 1554 inimicus,
2591 1493 2912 1564 contemptis
2964 1495 3230 1565 episcopis
3274 1505 3327 1552 et
3377 1496 3473 1553 Dei
3503 1497 3878 1555 sacerdotibus

2279 1583 2502 1652 relictis,
2519 1586 2848 1642 constituere
2875 1587 3189 1646 audetalind
3212 1591 3381 1646 altare
3411 1607 3625 1662 precem
3651 1593 3877 1650 alteram

2281 1674 2480 1733 illicitis
2529 1677 2749 1732 vocibus
2784 1676 2995 1748 facere,
3044 1679 3332 1738 Dominiea:
3371 1683 3562 1741 hostire
3601 1686 3878 1741 veritatem

2279 1783 2377 1840 per
2407 1769 2538 1826 falsa
2570 1771 2830 1827 sacriﬁcia
2863 1772 3144 1843 profanare
3170 1776 3274 1848 (2).
3301 1777 3468 1844 Quale
3514 1780 3766 1836 delictum
3800 1793 3884 1842 est

2281 1862 2426 1932 quod
2483 1877 2583 1920 nec
2628 1863 2897 1934 baptismo
2948 1866 3223 1936 sanguinis
3263 1878 3441 1939 potest
3477 1870 3620 1928 ablui
3657 1875 3669 1926 ι
3723 1876 3883 1944 quale

2283 1956 2488 2012 crimen
2513 1966 2615 2022 est,
2641 1957 2783 2028 quod
2813 1959 3072 2031 martyrio
3091 1975 3196 2016 non
3222 1970 3398 2032 potest
3425 1963 3626 2032 expiari
3656 1966 3769 2036 (5)!
3799 1965 3883 2021 ln-

2285 2049 2572 2120 expiabilis
2622 2051 2776 2123 culpa
2807 2052 2819 2105 !
2856 2052 3063 2107 macula
3111 2054 3212 2109 ista
3261 2070 3361 2111 nec
3407 2057 3667 2126 sanguine
3707 2057 3876 2113 ablui-

2289 2151 2374 2196 tur
2405 2139 2506 2214 (ι).
2535 2143 2776 2199 Ardeant
2815 2144 2938 2200 licet
2964 2145 3214 2214 ﬂammis,
3245 2157 3300 2202 et
3327 2147 3535 2218 ignibus
3566 2149 3763 2217 traditi,
3799 2151 3881 2208 vel

2287 2233 2484 2302 objecti
2530 2232 2749 2300 bestiis,
2783 2236 2990 2317 animas
3029 2251 3156 2293 suas
3180 2249 3399 2308 ponant,
3429 2254 3536 2298 non
3563 2240 3666 2296 erit
3710 2242 3796 2297 illa
3823 2243 3882 2297 ﬁ—

2291 2323 2377 2379 dei
2409 2339 2630 2394 corona,
2659 2326 2753 2382 sed
2786 2342 2939 2398 pmna
2969 2330 3228 2400 perﬁdiae.
3261 2331 3368 2387 Nec
3399 2333 3573 2388 exitus
3593 2334 3877 2404 gloriosus,

2288 2415 2383 2470 sed
2430 2417 2823 2486 deslierationis
2856 2422 3122 2479 interitus.
3155 2423 3337 2480 Occidi
3385 2425 3506 2481 talis
3567 2437 3765 2498 potest,
3793 2443 3882 2484 co-

2290 2509 2470 2566 ronari
2506 2526 2610 2566 non
2642 2522 2818 2582 potest
2864 2514 2964 2587 (5).
2997 2535 3016 2568 ι

2363 2599 2453 2656 I.\'.
2481 2601 2618 2668 Quid
2650 2605 2800 2674 plura
2827 2605 2848 2659 7
2882 2607 3049 2662 multo
3073 2609 3250 2680 plane,
3283 2626 3344 2666 ea
3374 2628 3569 2683 nempe
3597 2629 3717 2683 qua:
3745 2630 3882 2670 uon-

2291 2691 2418 2748 dum
2471 2695 2765 2765 attigimus,
2796 2712 2857 2752 ea
2895 2714 3016 2769 quae
3071 2700 3328 2756 audacter
3379 2717 3442 2757 ex
3474 2702 3742 2774 Cypriane
3773 2713 3882 2758 sta-

2293 2785 2490 2840 tuenda
2537 2788 2931 2857 proposuimus,
2965 2790 3170 2845 nullum
3199 2793 3395 2864 quippe
3428 2794 3478 2849 iu
3509 2794 3677 2864 ipsius
3706 2807 3885 2851 mente

2294 2877 2666 2933 interCessisse
2715 2879 3003 2937 discrimen
3039 2883 3178 2938 inter
3207 2883 3510 2940 Ecclesiam
3541 2901 3699 2942 unam
3722 2897 3774 2940 ct
3799 2901 3884 2940 ca-

2295 2968 2574 3038 tholicam,
2605 2981 2655 3025 et
2687 2972 2980 3029 Ecclesiam
3015 2974 3334 3042 Romanam,
3366 2979 3507 3032 inter
3537 2978 3737 3032 fontem
3768 2979 3851 3048 epi

2295 3073 2546 3135 scepatus
2600 3075 2654 3119 et
2697 3065 2890 3122 Sedem
2947 3069 3336 3138 apostolicam,
3391 3071 3531 3125 inter
3586 3070 3804 3125 Petrum
3835 3080 3885 3125 et

2293 3157 2567 3214 Christum
2606 3161 2657 3214 in
2690 3162 2847 3217 terris
2890 3162 3171 3219 sedentem
3203 3174 3257 3219 et
3287 3165 3595 3232 docentem,
3629 3166 3766 3220 inter
3791 3166 3887 3220 Pe-

2299 3262 2435 3306 trum
2483 3263 2534 3308 et
2589 3253 2774 3310 sedem
2827 3270 2975 3310 suam
3004 3299 3018 3324 ,
3054 3268 3109 3311 et
3163 3273 3506 3313 successores
3554 3274 3730 3323 ευυε,
3782 3276 3888 3313 uno

2298 3346 2462 3400 verbo
2515 3347 2728 3401 Petrum
2779 3347 2916 3401 inter
2961 3357 3015 3402 et
3054 3349 3292 3404 Petrum.
3329 3349 3560 3406 Attende
3620 3351 3794 3421 potius
3839 3361 3891 3406 et

2299 3438 2420 3494 attdi
2452 3439 2720 3509 quomodo
2746 3441 2834 3511 qui
2861 3457 2980 3494 etnn
3013 3439 3266 3497 Cornelio
3288 3444 3671 3505 communicat,
3707 3445 3817 3512 ipse
3839 3453 3893 3498 et

2299 3548 2421 3587 cum
2478 3533 2715 3587 Ecclesia
2758 3533 3022 3588 catholica
3068 3538 3428 3591 connnnuicet
3474 3553 3484 3589 :
3522 3555 3538 3586 ι
3592 3536 3892 3606 Scripsistis

2300 3626 2485 3689 etiam,
2520 3625 2710 3693 inquit,
2768 3634 2824 3677 ut
2880 3627 3183 3694 exemplum
3242 3626 3548 3682 earumdem
3594 3625 3892 3681 litterarum

2301 3715 2367 3770 ad
2408 3715 2717 3771 Cornelium
2745 3715 3002 3786 collegam
3052 3727 3291 3772 nostrum
3341 3719 3781 3782 transmitterem,
3815 3728 3890 3782 ut,

2301 3807 2545 3877 deposita
2587 3807 2732 3862 omni
2790 3808 3171 3874 sollicitudine,
3204 3809 3317 3878 jam
3376 3809 3539 3863 sciret
3593 3819 3643 3861 te
3688 3823 3892 3875 secum,

2305 3897 2407 3952 hoc
2437 3909 2519 3952 est
2564 3913 2684 3952 cum
2715 3898 2978 3953 catholica
3012 3899 3252 3954 Ecclesia
3290 3901 3692 3958 communicare
3729 3899 3831 3973 (6).
3873 3921 3889 3952 ι

2306 3990 2442 4044 Audi
2471 3999 2524 4044 ct
2553 3990 2766 4044 attende
2797 3991 3067 4061 quomodo
3097 4011 3114 4044 ι
3153 3991 3409 4047 Ecclesia:
3447 3994 3710 4048 renitatur
3730 4004 3782 4050 et
3809 4011 3896 4050 re-

2305 4083 2480 4149 sistat,
2513 4102 2530 4133 ι
2562 4094 2685 4136 sunt
2708 4083 2874 4153 ipsius
2901 4084 3082 4151 verba,
3115 4103 3132 4135 ι
3158 4085 3244 4153 qui
3270 4084 3578 4141 cathedram
3608 4086 3774 4155 Petri,
3804 4103 3897 4142 su-

2307 4191 2405 4248 per
2433 4192 2589 4248 quatn
2647 4177 2862 4232 fundata
2894 4186 2977 4232 est
3015 4178 3280 4246 Ecclesia,
3310 4179 3510 4235 deserit
3543 4197 3558 4247 ;
3591 4183 3832 4253 quisquis
3857 4185 3900 4238 is

2308 4279 2410 4336 est,
2442 4270 2668 4340 necjam
2702 4272 2751 4323 in
2786 4271 3025 4327 Ecclesia
3058 4287 3116 4327 sc
3157 4287 3276 4328 esse
3305 4274 3540 4329 conﬁdat
3570 4277 3670 4348 (7).
3710 4295 3728 4329 ι
3762 4279 3900 4334 Audi

2311 4364 2361 4414 in
2390 4359 2551 4416 Petro
2593 4372 2646 4416 et
2677 4362 2727 4415 in
2757 4363 2873 4432 ejus
2919 4367 3321 4421 successoribus
3376 4377 3538 4422 totam
3567 4384 3688 4425 esse
3716 4370 3902 4426 Eccle~

2309 4454 2401 4506 sim
2431 4454 2692 4509 rationem
2725 4464 2778 4509 ct
2808 4455 3220 4524 institutionem,
3268 4459 3439 4527 qualis
3466 4478 3494 4513 ιι
3522 4459 3737 4516 Christe
3769 4477 3902 4517 con-

2309 4547 2418 4604 dita
2470 4549 2650 4616 fuerit,
2700 4550 3085 4619 positam.Nec
3138 4552 3187 4606 id
3217 4554 3392 4608 obiter
3444 4566 3498 4610 et
3552 4559 3903 4627 properatim,

2311 4640 2406 4695 sed
2436 4641 2748 4713 frequenter
2774 4644 2888 4698 sive
2915 4643 2966 4697 in
3013 4644 3279 4714 epistolis,
3325 4646 3439 4701 sive
3492 4648 3544 4703 iu
3595 4649 3815 4717 Speeiali
3843 4651 3906 4703 de

2315 4731 2522 4788 Unitate
2552 4735 2796 4790 Ecclesia:
2825 4735 2997 4790 libro:
3037 4754 3055 4787 ι
3094 4737 3353 4806 Loquitur
3397 4738 3655 4794 Dominus
3685 4740 3752 4794 ad
3799 4740 3904 4796 Pe-

2313 4834 2452 4879 trum
2490 4844 2500 4877 :
2533 4823 2646 4898 Ego
2685 4827 2771 4880 tibi
2801 4826 2936 4891 dico,
2969 4828 3158 4898 inquit,
3193 4829 3312 4896 quia
3350 4839 3404 4885 tu
3431 4847 3483 4886 es
3517 4830 3725 4899 Petrus,
3750 4842 3796 4887 et
3819 4849 3908 4886 su.

2315 4937 2405 4990 per
2435 4921 2566 4974 hanc
2592 4919 2801 4975 Petram
2839 4921 3105 4990 mdiﬁcabo
3136 4923 3416 4976 Ecclesiam
3445 4941 3641 4988 meam;
3672 4939 3718 4978 et
3747 4937 3908 4996 porta:

2313 5013 2465 5082 inferi
2495 5030 2594 5066 non
2635 5014 2830 5068 uincent
2862 5032 3083 5070 eam.....
3104 5036 3121 5066 ι
3155 5015 3222 5070 Ει
3250 5017 3465 5084 iterum,
3502 5035 3519 5068 t
3559 5018 3756 5085 eidem,
3787 5029 3909 5090 post

2314 5107 2762 5160 resurrectionem
2792 5122 2965 5173 suam,
3001 5107 3130 5161 dicit
3157 5125 3169 5160 :
3196 5107 3359 5162 Prisce
3404 5125 3518 5162 oves
3547 5126 3699 5164 meas.
3734 5111 3908 5179 Super

2319 5195 2465 5249 illum
2491 5211 2651 5250 unum
2684 5195 2912 5253 aediﬁcat
2947 5197 3244 5254 Ecclesiam
3275 5215 3450 5266 suam,
3485 5210 3538 5256 ct
3567 5200 3643 5255 illi
3675 5216 3903 5272 pascen-

2386 5413 2466 5486 (i)
2499 5414 2594 5486 Ep.
2622 5429 2785 5478 vau,
2814 5413 2880 5486 ad
2909 5414 3120 5486 Steph.,
3148 5421 3184 5469 t.
3216 5430 3292 5484 Ill,
3324 5416 3428 5471 col.
3458 5417 3583 5471 995.

2388 5487 2464 5558 (2)
2498 5485 2702 5558 [fassim
2728 5485 2901 5558 ill‘iib.
2923 5487 2999 5558 ide
3031 5485 3200 5552 Unit.,
3237 5505 3291 5540 ιι.
3323 5491 3354 5542 8
3385 5496 3438 5541 et
3463 5502 3614 5557 seqq.

2414 5561 2465 5628 5)
2491 5555 2571 5628 De
2598 5554 3066 5628 Ot'ut.__Domi_uica,
3099 5569 3134 5613 t.
3162 5571 3238 5612 tv.

2411 5625 2464 5698 4)
2499 5627 2616 5682 Lib.
2645 5627 2707 5679 de
2739 5625 2878 5680 Uuit.
2914 5625 3058 5682 Eccl.

2409 5702 2466 5769 5)
2501 5698 2656 5763 lbid.,
2684 5700 2787 5755 col.
2817 5699 2941 5752 5H.

2387 5769 2469 5839 (6)
2499 5769 2599 5838 Ep.
2629 5785 2716 5836 ιιι,
2751 5771 2881 5824 alias
2910 5770 2975 5824 ad
2995 5769 3185 5836 Corn.,
3214 5786 3267 5835 x,
3290 5779 3328 5825 t.
3360 5787 3435 5832 ιιι.
3459 5771 3565 5827 col.
3597 5772 3719 5831 768'.

2386 5843 2464 5913 (7)
2497 5840 2613 5895 Lib.
2643 5842 2706 5894 de
2735 5839 2876 5893 Unil.
2916 5841 3080 5908 Eccl.,
3119 5851 3157 5896 t.
3187 5857 3258 5909 tv,
3293 5843 3398 5897 col.
3430 5842 3556 5899 500.
