4242 6270
344 355 442 409 xm
1800 346 1947 404 PR1!

2061 347 2192 403 Τιο.
2666 347 2691 365 έ
3553 363 3643 403 xrv

343 467 442 522 das
487 461 707 518 mandat
733 474 870 517 oves
919 474 1066 516 suas.
1096 462 1164 519 Et
1193 464 1434 533 quamvis
1467 463 1741 533 Apostolis
1765 463 1940 518 omni-

343 559 448 613 bus
476 561 598 626 post
623 552 1084 610 resurrectionem
1109 569 1262 610 suam
1288 570 1469 625 parem
1504 562 1826 624 potestatem
1845 555 1942 609 tri-

341 653 471 708 buat
493 659 550 708 et
575 648 728 706 dicat
749 647 932 705 :Sicut
957 649 1098 703 misit
1121 665 1200 704 me
1229 648 1408 717 Pater,
1423 659 1467 704 et
1484 665 1577 719 ego
1597 649 1741 703 mitto
1763 664 1944 714 vos...;

342 755 548 811 tamen,
581 750 642 800 ut
693 741 957 798 unitatem
1009 741 1403 808 manifestaret,
1436 757 1596 796 unam
1635 741 1942 797 cathedram

342 835 647 900 constituit,
706 832 933 888 unitatis
970 831 1217 902 ejusdem
1269 833 1534 904 originem
1573 833 1642 888 ab
1671 848 1776 888 uno
1806 833 1937 888 inci—

340 931 582 1000 pientem
615 941 713 982 sua
753 925 1074 982 auctoritate
1117 926 1406 995 disposuit.
1437 926 1549 982 l-loc
1577 935 1732 980 erant
1761 935 1813 981 et
1842 941 1945 980 cae-

339 1021 441 1078 teri
467 1019 881 1090 Apostoliquod
913 1019 1014 1074 fuit
1043 1018 1259 1085 Petrus,
1295 1020 1407 1088 pari
1433 1019 1708 1074 consortio
1737 1018 1942 1088 praediti

338 1127 397 1174 et
441 1117 665 1173 honoris
697 1124 752 1172 et
784 1115 1106 1186 potestatis;
1162 1114 1258 1169 sed
1290 1115 1570 1171 exordium
1617 1115 1683 1170 ab
1741 1115 1944 1170 unitate

339 1208 722 1278 proﬁciscitur,
751 1216 804 1261 et
831 1206 1097 1275 primatus
1130 1205 1289 1260 Petro
1319 1205 1495 1272 datur,
1528 1215 1585 1260 ut
1614 1222 1717 1261 una
1745 1204 1943 1261 Christi

338 1301 581 1356 Ecclesia
611 1309 666 1355 et
688 1298 945 1354 cathedra
977 1314 1080 1352 una
1111 1306 1440 1354 monstretur
1465 1297 1569 1369 (l).
1602 1318 1620 1351 ι

415 1393 544 1447 llaec
573 1392 626 1446 in
670 1392 789 1460 ipso
817 1390 1218 1461 rebaptismatis
1251 1392 1499 1456 tumultu,
1532 1399 1593 1445 ut
1619 1390 1779 1446 modo
1808 1391 1942 1445 dixi-

343 1495 493 1551 mus,
514 1482 581 1536 ad
607 1479 925 1536 Jubaianum
955 1481 1162 1544 scribit,
1196 1481 1386 1536 dicens
1417 1499 1430 1533 :
1462 1478 1486 1533 't
1522 1481 1684 1537 Petro
1714 1483 1941 1550 primum

345 1572 630 1640 Dominus,
662 1586 825 1643 super
854 1587 1014 1645 quem
1047 1571 1342 1627 aediﬁcavit
1385 1571 1706 1641 Ecclesiam,
1727 1583 1781 1629 et
1802 1572 1945 1630 unde

342 1662 570 1722 unitatis
624 1664 886 1736 originem
937 1665 1174 1722 instituit
1231 1674 1286 1720 et
1331 1665 1589 1732 ostendit,
1620 1675 1943 1736 potestatem

344 1756 508 1812 istam
536 1755 705 1821 dedit,
737 1765 793 1810 ut
831 1756 884 1811 id
915 1755 1219 1811 solveretur
1267 1755 1318 1810 in
1346 1758 1500 1812 emlis
1523 1758 1665 1828 quod
1713 1757 1802 1813 ille
1828 1759 1943 1813 sol-

352 1850 520 1904 visset
546 1850 600 1903 in
633 1847 791 1904 terris
836 1847 940 1920 (2).
969 1849 1180 1904 Clamat
1211 1849 1468 1905 Dominus
1512 1860 1569 1906 ut
1593 1852 1678 1922 qui
1714 1851 1839 1921 sitit,
1863 1867 1945 1907 ve-

337 1943 450 2001 niat
500 1954 549 1998 et
579 1941 714 2000 bibat
753 1942 822 2000 de
862 1943 1175 2000 ﬂuminibus
1216 1960 1369 2016 aqua:
1403 1945 1542 2000 viva:
1577 1962 1698 2017 qua:
1735 1944 1802 2002 de
1828 1947 1944 2017 ejus

342 2046 536 2092 ventre
617 2035 908 2092 ﬂuxerunt.
965 2036 1086 2102 Quo
1153 2045 1419 2090 venturus
1491 2047 1573 2091 est
1637 2037 1728 2106 qui
1787 2037 1946 2092 sitit?

345 2139 602 2187 utrumne
631 2129 697 2184 ad
723 2128 1102 2196 hteretieos...,
1132 2143 1199 2184 an
1231 2129 1297 2184 ad
1325 2128 1650 2197 Ecclesiam,
1691 2145 1809 2200 quae
1840 2143 1944 2186 una

347 2232 432 2280 est
453 2232 505 2278 et
524 2237 686 2294 super
709 2237 894 2288 unum,
925 2221 1015 2292 qui
1043 2229 1098 2276 et
1123 2221 1301 2277 claves
1329 2221 1446 2292 ejus
1468 2221 1694 2292 accepit,
1731 2221 1944 2278 Domini

343 2329 478 2372 voce
502 2312 724 2369 fundata
753 2312 881 2369 est?
910 2311 1040 2368 Haec
1068 2322 1151 2368 est
1181 2328 1284 2367 una
1314 2328 1434 2382 quae
1457 2321 1604 2369 tenet
1623 2321 1678 2367 et
1706 2312 1948 2383 possidet

341 2421 568 2463 omnem
619 2406 805 2476 Sponsi
834 2406 915 2461 sui
946 2413 1000 2460 et
1024 2405 1228 2459 domini
1275 2413 1592 2475 potestatem
1634 2405 1733 2477 (5).
1768 2425 1786 2458 ι
1823 2403 1948 2461 "me

347 2500 542 2558 eadem
575 2501 714 2555 intra
756 2497 1259 2570 Carthaginensium
1300 2495 1627 2570 synodorum
1659 2497 1947 2554 conciones

345 2603 404 2652 et
422 2594 662 2661 decreta,
691 2593 778 2650 vel
820 2593 1166 2662 semetipsum
1216 2591 1568 2648 damnaturus
1597 2592 1794 2659 sanxit,
1821 2607 1947 2648 cum

344 2688 484 2744 dixit
526 2705 539 2741 :
583 2705 602 2740 ι
635 2686 870 2757 Spiritus
925 2696 1146 2740 sanctus
1200 2701 1360 2753 uitus,
1398 2695 1453 2741 et
1499 2700 1603 2740 una
1649 2685 1888 2740 Ecclesia
1917 2700 1946 2740 a

347 2781 572 2838 Christo
601 2782 834 2838 Domino
864 2796 1025 2852 super
1055 2780 1271 2835 Petrum
1295 2780 1503 2851 origine
1533 2781 1753 2838 unitatis
1775 2788 1830 2836 et
1857 2795 1947 2836 ra-

348 2874 515 2931 tionis
542 2873 755 2931 fundata
786 2873 886 2946 (4).
922 2894 939 2927 ι

422 2965 492 3021 Χ.
525 2965 742 3021 Nullum
795 2982 903 3020 non
961 2976 1244 3023 moverunt
1274 2965 1504 3037 lapidem
1537 2967 1680 3034 quia
1711 2965 1817 3022 ﬁde
1846 2966 1947 3022 lio-

350 3074 514 3115 mana
545 3058 878 3127 defecerunt,
905 3069 963 3114 ut
990 3060 1131 3114 hanc
1163 3059 1591 3115 testimoniorum
1621 3059 1816 3113 molem
1840 3059 1948 3114 dis-

348 3149 551 3222 sipent.
601 3149 724 3216 Alii,
775 3150 937 3206 dente
965 3149 1145 3206 invido
1185 3151 1346 3206 verba
1377 3149 1528 3221 quasi
1574 3149 1945 3218 corrodentes,

349 3244 608 3300 nonnulla
636 3245 911 3300 excidisse
933 3247 984 3300 in
1009 3246 1284 3301 nonnullis
1299 3245 1576 3301 codicibus
1605 3261 1948 3316 summopere

345 3336 574 3406 jactant.
607 3335 806 3404 Quidni
855 3351 982 3392 vero
1020 3337 1185 3392 refert
1226 3336 1484 3392 exciderit
1527 3351 1592 3394 ex
1628 3338 1709 3392 bis
1739 3351 1842 3392 una
1872 3339 1949 3392 al-

353 3437 538 3484 terave
566 3429 778 3496 vocula,
807 3427 1100 3485 dummodo
1127 3437 1270 3485 stent
1291 3428 1530 3484 caetera?
1559 3427 1712 3484 Stant
1745 3443 1872 3484 vero
1894 3439 1949 3485 et

352 3522 507 3592 plura
533 3531 712 3587 ;stant
741 3522 936 3578 invicta
966 3533 1018 3577 et
1046 3520 1434 3577 ineluctabilis.
1455 3520 1557 3576 Alii
1587 3535 1806 3576 sensum
1835 3520 1945 3577 dis-

353 3622 626 3684 torquent,
660 3623 734 3678 et,
776 3613 992 3668 Petrum
1020 3612 1169 3667 velut
1207 3611 1563 3666 utnbraticum
1610 3613 1819 3682 signum
1850 3625 1948 3680 pro

353 3703 533 3760 derisu
585 3703 866 3772 habentes,
895 3703 968 3759 nil
1003 3704 1100 3758 nisi
1129 3719 1353 3758 vacuum
1383 3703 1619 3772 episc0pi
1663 3701 1951 3774 cujuslibet

357 3806 545 3868 typum
572 3796 626 3852 in
652 3813 717 3854 eo
741 3797 1173 3869 deprehendunt,
1203 3807 1294 3849 aut
1319 3793 1599 3865 quamdam
1628 3794 1740 3850 fere
1768 3794 1950 3850 evani-

358 3892 486 3947 dam
514 3892 676 3946 totius
703 3891 1042 3961 episcopatus
1092 3891 1401 3959 itnaginem,
1455 3889 1608 3957 cujus
1639 3889 1705 3942 ad
1735 3902 1950 3942 succes-

355 4002 512 4045 sores
541 4002 639 4041 nec
667 3986 798 4041 levis
843 3987 1026 4040 umbra
1083 3983 1408 4056 pertransiit.
1437 3982 1556 4049 Alii,
1602 3997 1661 4036 ac
1687 3982 1950 4052 prmeipue

354 4080 498 4136 inter
541 4087 810 4134 nostrates
854 4077 1168 4150 gallicanos,
1202 4074 1464 4130 SUilliiiOI‘i
1492 4072 1723 4143 quodam
1759 4072 1948 4127 intuitu

352 4173 547 4230 Sedem
601 4187 630 4227 a
660 4171 887 4226 sedente
931 4170 1322 4232 discernentes,
1368 4166 1628 4237 quidquid
1677 4173 1946 4228 sanctum,

353 4281 605 4336 magnum
637 4279 700 4318 ac
745 4262 1057 4332 primarium
1085 4268 1168 4314 est
1208 4259 1334 4316 Setli
1367 4259 1533 4313 effuse
1566 4257 1832 4321 tri-buunt,
1865 4270 1950 4310 se-

353 4361 608 4417 dentibus
625 4366 804 4413 autem
827 4355 1171 4410 Pontiﬁcibus
1187 4353 1576 4416 inﬁrmitatem,
1601 4348 1948 4404 imbecillita-

355 4462 482 4519 tem,
507 4465 752 4507 errorem
771 4448 1099 4514 condonant,
1119 4461 1318 4515 easque
1337 4444 1689 4514 prurientium
1711 4441 1951 4496 scholas-

355 4546 582 4600 ticorum
607 4543 770 4597 tricas
798 4539 1158 4596 venerandam
1182 4537 1559 4607 antiquitatem
1593 4549 1654 4589 ac
1679 4533 1731 4588 in
1763 4534 1951 4604 primis

355 4637 682 4710 Cyprianum
742 4633 901 4706 pleno
946 4632 1192 4702 amplexu
1242 4629 1537 4699 excepisse,
1596 4625 1812 4691 fovisse,
1858 4625 1952 4679 do-

357 4732 536 4786 cuisse
562 4736 955 4785 contestantur.
985 4726 1158 4781 Testis
1188 4735 1362 4780 tamen
1395 4731 1512 4778 esto
1555 4723 1669 4792 ipse
1715 4717 1952 4790 pontifex

357 4833 413 4880 et
461 4831 684 4892 martyr,
727 4824 818 4892 qui
861 4820 974 4875 base
1027 4827 1211 4889 aperte
1253 4825 1565 4872 asseverat:
1601 4816 1652 4868 l"
1680 4812 1950 4868 Christum

357 4914 616 4969 fundasse
646 4912 905 4968 unitatem
937 4910 1062 4965 ﬁdei
1092 4920 1145 4964 et
1175 4908 1576 4963 communionis
1598 4906 1875 4962 catholiczu
1899 4906 1952 4960 in

359 5008 524 5062 Petro
550 5023 566 5074 ;
591 5006 650 5062 2°
679 5006 730 5060 in
764 5005 908 5060 Petri
941 5005 1116 5059 locum
1145 5003 1474 5058 successisse
1499 5001 1736 5074 legitimo
1768 5010 1822 5055 et
1851 5000 1953 5070 ple-

360 5100 588 5156 nissimo
604 5099 726 5169 jure
751 5099 1082 5165 Cornelium,
1111 5097 1355 5161 Lucium,
1378 5095 1710 5165 Stephanum
1737 5111 1752 5158 ;
1783 5093 1838 5149 5'
1861 5092 1952 5164 qui

358 5209 482 5249 cum
514 5192 615 5247 illis
648 5192 984 5256 nominatim,
1011 5205 1110 5245 nec
1156 5197 1361 5244 tantum
1403 5205 1522 5243 cum
1566 5189 1780 5243 illorum
1814 5187 1953 5244 Sede

363 5287 596 5342 inaniter
626 5287 680 5342 in
707 5283 982 5342 abstracto
1010 5283 1373 5355 apprehensa,
1398 5284 1777 5350 communicat,
1806 5298 1952 5338 com-

361 5379 640 5436 municare
663 5392 785 5434 cum
817 5377 1053 5434 Ecclesia
1083 5377 1348 5433 catholica
1378 5393 1391 5442 ;
1425 5376 1483 5430 4°
1515 5376 1604 5445 qui
1634 5391 1762 5431 vero
1800 5377 1867 5431 ab
1891 5376 1954 5430 iis

433 5560 512 5635 (i)
540 5561 603 5635 ὲ.
634 5560 697 5614 de
721 5558 864 5615 Unit.
898 5558 1124 5625 Eccles.,
1145 5567 1196 5635 _t.
1227 5575 1309 5635 _Iv,
1334 5558 1435 5635 col.
1467 5555 1590 5612 500.

355 5641 367 5702 ξ
433 5631 512 5701 (2)
538 5633 635 5701 Ep.
668 5647 862 5695 Lxxttt,
898 5641 937 5686 t.
970 5647 1046 5695 ill,
1079 5631 1182 5702 eoi.
1207 5631 1378 5702 fit”.

437 5703 515 5773 (3)
555 5703 655 5772 Ep.
679 5719 862 5769 LXXIII,
892 5714 929 5756 t.
959 5719 1036 5769 nt,
1056 5701 1160 5756 col.
1196 5701 1356 5773 illi}.

359 5785 366 5848 ξ
437 5768 518 5844 (4)
549 5768 751 5827 Concil.
807 5768 1061 5844 Carthag.
1108 5773 1207 5830 sub
1245 5772 1410 5846 Cypr.
1441 5788 1491 5839 ν,
1535 5771 1602 5827 de
1644 5768 1846 5840 Baptis.
1872 5786 1905 5824 ιι
1940 5809 1956 5842 ,

425 5862 504 5902 ill.
537 5844 637 5901 col.
669 5845 830 5902 1045.

425 5862 504 5914 ιιι,
537 5859 637 5901 cot.
669 5859 830 5902 tota.

2053 462 2427 531 Pontiﬁcibus,
2462 479 2568 519 non
2624 473 2830 520 tantum
2871 465 2938 518 ab
2992 465 3206 520 illorum
3234 465 3379 521 sedis
3428 464 3639 527 umbra,

2050 560 2380 623 discesserit,
2396 575 2515 614 eum
2537 559 2830 613 Ecclesiam
2848 558 3088 624 scidisse,
3109 557 3269 614 ﬁdem
3285 558 3641 626 destruxisse,

2049 662 2238 709 contra
2287 655 2582 709 Ecclesiam
2615 664 2664 708 et
2700 654 2792 709 Dei
2838 653 3244 723 dispositionem
3293 668 3640 724 repugnassc,

2052 762 2148 817 pro
2177 747 2284 802 ﬁde
2313 748 2599 817 perﬁdum,
2644 762 2744 802 nec
2770 747 2838 800 ab
2879 748 3108 815 ipsamet
3138 747 3262 801 ﬁdei
3287 761 3408 800 cum
3439 753 3645 816 marty-

2027 841 2131 921 .rio
2156 839 2500 896 confessione
2526 839 2874 908 expiandum.
2910 838 3036 893 Haac
3079 839 3212 892 satis
3243 846 3404 892 sunto
3437 837 3503 892 ad
3536 845 3646 892 sta-

2049 932 2322 998 tuendam,
2376 942 2432 986 ut
2484 933 2778 994 voluimus,
2825 931 3246 1000 propositionem
3280 938 3517 984 nostram
3549 946 3563 982 :
3594 930 3647 984 in

2048 1034 2229 1080 mente
2258 1040 2453 1096 nempe
2486 1023 2739 1095 Cypriani
2793 1024 3092 1079 Ecclesiam
3139 1038 3300 1078 unam
3345 1031 3400 1077 et
3425 1022 3650 1078 catholi-

2048 1131 2166 1172 cam
2192 1131 2298 1172 non
2329 1117 2493 1170 fuisse
2522 1131 2551 1168 a
2584 1116 2826 1170 Romana
2855 1113 2985 1169 sede
3013 1114 3334 1183 seiunctam.

2119 1206 2209 1261 XI.
2239 1208 2296 1262 4°
2327 1206 2565 1262 Ecclesia
2604 1206 2720 1261 haec
2769 1221 2893 1272 una,
2926 1205 3214 1270 catholica,
3264 1205 3508 1260 Romana
3530 1246 3544 1271 ,
3579 1205 3646 1261 ad

2050 1306 2284 1353 mentem
2306 1289 2585 1368 Cypriani,
2607 1313 2723 1351 vera
2743 1308 2816 1352 est
2835 1306 2883 1351 et
2905 1299 3055 1350 unica
3077 1295 3197 1365 ﬁdei
3220 1297 3394 1368 regula
3429 1296 3650 1351 certissi-

2050 1405 2150 1455 ma,
2183 1405 2272 1442 nec
2301 1390 2488 1444 erroris
2511 1389 2668 1444 ullius
2698 1388 2811 1444 labe
2849 1389 3155 1442 inluminata
3203 1404 3294 1441 nec
3338 1389 3650 1442 intaminati-

2051 1479 2190 1533 dam.

2122 1573 2268 1637 Hil'c,
2300 1575 2401 1627 etsi
2432 1574 2674 1643 pluribus
2719 1576 2827 1628 sint
2889 1574 3114 1644 prodigii
3145 1574 3363 1642 similia,
3393 1589 3460 1629 ex
3490 1583 3650 1630 antea

2050 1664 2206 1720 dictis
2255 1665 2423 1719 ﬂuere
2472 1681 2535 1719 ac
2593 1665 2906 1720 necessario
2978 1666 3193 1720 tramite
3245 1665 3438 1721 deduci
3482 1674 3648 1734 patet.

2049 1757 2238 1814 Nonne
2285 1759 2353 1812 ibi
2407 1756 2509 1812 erit
2552 1757 2674 1811 fidei
2715 1757 2897 1827 regula
2951 1772 3076 1812 vera
3108 1766 3165 1811 et
3217 1757 3394 1824 unica,
3448 1757 3536 1812 ubi
3569 1765 3653 1812 est

2056 1872 2075 1904 ί
2107 1868 2207 1906 una
2237 1860 2291 1905 et
2340 1853 2572 1920 perfecta
2620 1849 2717 1905 Dei
2760 1849 3005 1905 columba
3032 1867 3046 1914 ;
3087 1869 3104 1901 ι
3132 1850 3220 1904 ubi
3255 1869 3274 1902 ε
3305 1865 3442 1905 unus
3471 1849 3653 1904 Domi-

2051 1959 2172 2009 nus,
2204 1957 2306 1996 una
2365 1941 2518 2008 ﬁdes,
2549 1957 2689 1996 unus
2721 1941 2903 2008 Deus;
2939 1961 2958 1994 ι
2993 1941 3082 1996 ubi
3121 1960 3140 1993 ‹
3182 1957 3323 1997 unus
3355 1952 3438 1998 est
3482 1956 3545 1997 ac
3574 1943 3655 1996 in-

2051 2036 2258 2092 divisus
2286 2036 2661 2107 episcOpatus;
2691 2055 2710 2088 ›
2740 2035 2828 2090 ubi
2854 2054 2873 2086 (
2903 2035 3245 2090 immaculata
3275 2049 3474 2106 sponsa
3497 2034 3654 2090 Chri-

2052 2129 2141 2196 sti,
2177 2143 2281 2183 una
2312 2128 2456 2183 illius
2487 2129 2703 2196 domus,
2737 2127 2896 2182 unius
2927 2127 3160 2182 cubiculi
3189 2128 3476 2192 sanctitas;
3514 2146 3533 2178 ›
3563 2125 3656 2182 ubi

2058 2241 2076 2273 ‹
2105 2237 2218 2285 una
2262 2220 2391 2276 vita:
2445 2231 2500 2276 et
2540 2220 2726 2276 salutis
2755 2221 2894 2275 ratio
2925 2237 2939 2286 ;
2979 2238 2998 2272 ›
3035 2221 3172 2275 adeo
3211 2229 3270 2275 ut
3301 2239 3320 2272 ‹
3351 2228 3500 2276 extra
3532 2235 3652 2274 eam

2052 2330 2213 2374 nemo
2246 2314 2425 2370 vivere
2484 2315 2672 2385 possit,
2705 2329 2804 2370 nec
2835 2314 3000 2369 Deum
3058 2313 3254 2370 habeat
3293 2315 3506 2370 Patrem
3565 2312 3656 2384 qui

2052 2423 2169 2462 eam
2207 2423 2313 2462 non
2345 2407 2505 2463 habet
2556 2416 2819 2473 matrem;
2856 2421 2954 2461 nec
2999 2406 3093 2461 Dei
3133 2406 3330 2477 legem,
3356 2421 3455 2460 nec
3481 2405 3657 2460 Patris

2052 2511 2109 2556 et
2143 2501 2258 2555 Filii
2287 2500 2445 2556 ﬁdem
2482 2510 2658 2556 teneat
2682 2503 2770 2570 qui
2799 2516 2916 2556 eam
2949 2517 3054 2555 non
3085 2509 3234 2556 tenet
3260 2504 3471 2555 unicam
3527 2501 3654 2557 ﬁdei

2053 2592 2290 2664 regulam
2323 2594 2346 2646 ’ἰ
2379 2611 2398 2643 ι
2432 2591 2622 2647 Nonne
2672 2608 2778 2646 una
2824 2602 2910 2647 est
2959 2603 3011 2647 et
3062 2609 3188 2647 vera
3225 2601 3280 2647 et
3305 2594 3507 2646 erroris
3560 2607 3627 2648 ex

2053 2701 2176 2756 pers
2205 2685 2328 2740 ﬁdei
2356 2686 2559 2758 regula,
2588 2685 2676 2739 illa
2699 2684 2940 2740 Ecclesia
2959 2700 3099 2756 qum,
3130 2685 3373 2740 «Domini
3397 2685 3517 2740 luce
3540 2700 3655 2756 per-

2052 2779 2191 2846 fusa,
2223 2795 2318 2856 per
2343 2779 2527 2834 orbem
2559 2787 2728 2832 totum
2776 2777 2956 2832 radios
2983 2792 3112 2831 suos
3140 2776 3383 2847 porrigit,
3412 2792 3533 2846 quae
3559 2792 3656 2846 per

2052 2879 2224 2925 totum
2280 2870 2467 2924 orbem
2511 2868 2731 2924 unitatis
2759 2869 2974 2924 vinculo
3019 2869 3299 2939 copulatur
3329 2886 3344 2935 ;
3381 2887 3399 2920 ι
3432 2867 3545 2935 illa,
3576 2867 3656 2923 in-

2053 2980 2238 3036 quam,
2270 2965 2511 3020 Ecclesia
2561 2980 2687 3031 una,
2745 2963 3031 3028 catholica,
3065 2963 3327 3029 Romana,
3360 2981 3378 3013 (
3412 2963 3554 3017 unde
3581 2978 3658 3019 sa-

2052 3058 2340 3115 cerdotalis
2371 3059 2546 3112 unitas
2572 3066 2759 3112 exorta
2787 3067 2892 3123 est,
2923 3056 3273 3113 ecclesiarum
3303 3055 3544 3110 omnium
3575 3072 3658 3110 ra-

2053 3151 2142 3206 dix
2169 3160 2224 3206 et
2270 3149 2486 3216 matrix,
2517 3164 2547 3203 a
2573 3165 2675 3220 qua
2704 3164 2865 3204 nemo
2914 3145 3162 3215 discedit,
3195 3147 3321 3216 quin
3376 3146 3536 3202 fidem
3565 3146 3660 3202 de-

2053 3251 2246 3307 struat,
2302 3239 2599 3297 Ecclesiam
2653 3239 2883 3306 scindat,
2939 3253 3126 3310 pacem
3177 3239 3377 3306 turbet,
3423 3254 3571 3293 arma
3602 3241 3655 3292 in

2055 3332 2222 3388 Deum
2253 3331 2408 3402 ferat,
2439 3333 2640 3390 Christi
2691 3331 2910 3386 rebellis
2948 3331 3140 3387 evadat
3188 3341 3242 3386 et
3271 3347 3368 3402 pro
3397 3331 3500 3387 ﬁde
3532 3347 3657 3401 per-

2053 3426 2190 3482 lidus
2221 3443 2235 3491 ;
2273 3447 2290 3478 ι
2323 3427 2432 3494 illa,
2466 3427 2706 3498 inquam,
2737 3423 3103 3479 Romanorum
3130 3423 3446 3479 Pontiﬁcum
3498 3439 3658 3479 unam

2053 3530 2106 3578 et
2133 3521 2465 3576 infallibilem
2512 3521 2634 3575 ﬁdei
2678 3520 2952 3589 regulam,
2993 3519 3309 3589 quibuscum
3353 3519 3656 3574 communi-

2053 3631 2178 3671 care
2201 3614 2421 3686 perinde
2449 3629 2510 3670 ac
2537 3615 2602 3670 sit
2633 3613 3040 3669 communicare
3064 3612 3345 3668 catholicae
3363 3611 3654 3675 Ecclesiae;

2053 3708 2372 3780 quibuscum
2401 3706 2769 3772 constituitur,
2795 3715 2856 3759 ut
2882 3707 2936 3759 in
2961 3720 3066 3759 uno
3085 3703 3267 3769 Petro,
3291 3703 3464 3757 omnis
3490 3701 3657 3756 (ediﬁ-

2055 3801 2196 3856 catio
2224 3798 2485 3854 Ecclesiae
2515 3814 2675 3869 quam
2729 3813 2835 3852 non
2862 3797 3078 3850 vincent
3123 3804 3293 3866 porta:
3326 3795 3478 3851 inferi
3509 3811 3524 3862 ;
3555 3810 3657 3848 una

2055 3906 2253 3960 nempe
2307 3888 2582 3955 cathedra,
2634 3888 2851 3943 unitatis
2905 3886 3117 3956 ejudem
3172 3888 3346 3958 origo,
3400 3886 3657 3955 primatus

2056 3983 2217 4038 Petro
2247 3981 2422 4049 datus,
2455 3993 2513 4036 ut
2559 3995 2660 4036 una
2686 3981 2886 4036 Christi
2918 3980 3158 4035 Ecclesia
3187 3989 3241 4036 et
3267 3978 3526 4034 cathedra
3555 3994 3658 4033 una

2057 4083 2405 4130 monstretur.
2435 4074 2574 4141 Quid
2602 4074 2744 4143 quod
2774 4088 2880 4128 non
2935 4083 3142 4127 tantum
3180 4075 3263 4127 via
3295 4071 3657 4136 deductionis,

2055 4169 2152 4228 sed
2193 4168 2323 4238 ipsis
2371 4165 2629 4236 Cypriani
2658 4165 2836 4220 verbis
2888 4164 3001 4218 haec
3040 4165 3230 4218 eadem
3260 4163 3517 4217 Ecclesim
3545 4163 3656 4216 R0-

2057 4275 2232 4318 mana:
2281 4257 2573 4313 auctoritas
2625 4254 2926 4311 infallibilis
2953 4261 3140 4324 aperte
3191 4251 3548 4322 praedicatur?
3577 4253 3656 4306 En

2055 4355 2202 4409 enim
2256 4367 2318 4407 os
2366 4364 2528 4406 omne
2580 4348 2964 4418 refragantium
3016 4345 3310 4400 obtrudunt
3355 4343 3658 4399 clarissima

2057 4447 2173 4502 haec
2198 4444 2265 4500 ad
2291 4443 2597 4499 Cornelium
2620 4454 2815 4511 papam
2842 4438 2910 4494 de
2933 4436 3246 4491 Novatianis
3271 4444 3324 4491 et
3349 4443 3658 4506 perempto-

2057 4540 2137 4595 ria
2167 4537 2334 4593 verba
2365 4553 2378 4589 :
2410 4555 2428 4586 ι
2468 4535 2600 4590 Post
2626 4534 2727 4588 ista
2753 4531 2927 4587 adhuc
2955 4531 3174 4600 insuper
3198 4527 3660 4598 pseudoepiscopo

2057 4630 2158 4688 sibi
2188 4629 2256 4683 ab
2286 4626 2558 4683 hmreticis
2586 4625 2857 4680 constituo
2885 4622 3142 4690 navigare
3163 4620 3364 4676 audent
3389 4628 3442 4674 et
3471 4617 3540 4673 ad
3566 4618 3662 4674 Pe-

2061 4724 2124 4778 tri
2157 4721 2467 4779 cathedram
2497 4729 2658 4790 atque
2683 4717 2749 4771 ad
2782 4713 3082 4771 Ecclesiam
3110 4712 3487 4785 principalem,
3518 4709 3659 4765 unde

2059 4816 2237 4871 unitas
2267 4812 2624 4869 sacerdotalis
2651 4819 2840 4865 exorta
2869 4816 2973 4874 est,
3000 4821 3030 4858 a
3062 4805 3421 4861 schismaticis
3453 4812 3506 4860 et
3533 4818 3661 4875 pro-

2060 4913 2198 4968 fanis
2251 4911 2457 4964 litteras
2487 4907 2646 4972 ferre,
2678 4917 2776 4959 nec
2823 4902 3062 4973 cogitare
3115 4915 3208 4955 eos
3233 4915 3354 4955 esse
3385 4899 3658 4954 Romanos

2060 5019 2286 5074 quorum
2335 5000 2467 5056 ﬁdes
2517 4996 2776 5068 Apostolo
2825 4993 3150 5064 praedicante
3180 4990 3389 5045 laudata
3431 4998 3515 5043 est
3547 5005 3560 5053 ;
3589 4987 3657 5041 ad

2061 5115 2195 5170 quos
2242 5092 2464 5166 perﬁdia
2518 5091 2720 5146 habere
2770 5085 3006 5141 nondum
3060 5083 3251 5154 potuit,
3304 5081 3467 5134 immo
3508 5077 3656 5134 nullo

2060 5169 2313 5262 umquam
2346 5199 2586 5256 tempore
2613 5183 2812 5238 habere
2840 5177 3005 5248 possit
3032 5188 3308 5230 accessum
3332 5169 3462 5243 (1).»
3483 5171 3655 5228 Nemo

2060 5300 2192 5342 sane
2218 5292 2301 5339 est
2327 5280 2698 5348 theologorum
2723 5272 2978 5324 Romana:
3007 5267 3136 5323 Sedi
3162 5265 3652 5321 addictissimorum

2061 5375 2151 5446 qui
2203 5372 2270 5429 de
2310 5371 2551 5425 Romana
2591 5359 2968 5419 infallibilitate
3013 5355 3229 5414 uberius
3261 5365 3313 5412 et
3344 5355 3652 5426 praeclarius

2062 5466 2277 5524 dixerit.

2135 5557 2251 5616 ΧΠ.
2293 5557 2410 5613 Jam
2441 5555 2590 5626 plura
2619 5549 3034 5623 supersedemus
3076 5549 3383 5606 testimonia
3433 5547 3651 5605 aﬁerre.

2066 5653 2257 5709 Paucis
2287 5659 2465 5706 tamen
2497 5662 2657 5719 quam
2684 5645 2792 5702 cito
2823 5643 3215 5700 occurrendum
3257 5653 3338 5700 est
3391 5643 3530 5699 trita:
3560 5656 3654 5711 per

2142 5831 2218 5907 (l)
2247 5829 2343 5902 Ep.
2375 5845 2464 5902 Lv,
2492 5823 2624 5887 alias
2653 5825 2720 5885 ad
2745 5823 2911 5884 Corn.
2935 5840 3034 5897 xu,
3065 5833 3105 5882 t.
3135 5840 3210 5897 ut,
3241 5821 3347 5882 col.
3376 5822 3504 5883 818.
