4242 6270
626 355 694 396 xv
2080 346 2471 408 PREFATIO.
3827 369 3913 409 xvt

624 457 864 513 omnium
897 472 989 514 ora
1011 458 1299 528 objectioni
1330 473 1395 513 ex
1427 458 1649 515 dissidio
1675 459 1926 534 Cypriani
1946 478 2067 519 cum
2089 463 2208 519 Ste-

621 550 806 618 phano
835 551 1057 605 obortae.
1095 539 1098 543 ’

697 643 812 699 Νοη
844 644 997 699 nobis
1024 643 1235 699 animus
1266 656 1367 712 est,
1403 660 1502 701 nec
1523 646 1630 701 ulla
1656 661 1786 702 sane
1813 649 2107 703 necessitas
2133 648 2213 703 in-

621 735 847 795 cumbit,
867 734 926 790 S.
946 734 1278 805 Stephanum
1294 738 1445 807 quasi
1465 738 1667 793 erroris
1690 747 1783 792 aut
1802 738 2044 793 criminis
2060 752 2211 794 reum

618 826 945 883 defendendi
976 844 988 880 :
1011 826 1161 884 fuere
1181 830 1426 884 satmulti
1451 830 1539 900 qui
1570 831 1707 885 hanc
1730 831 2058 901 provinciam
2077 842 2213 887 stre-

617 935 724 975 nue
750 937 1037 991 accepere,
1072 924 1145 978 uti
1187 923 1371 979 videre
1400 935 1482 979 est
1511 926 1561 979 in
1592 925 1692 980 hoc
1730 925 1845 995 ipso
1889 942 2088 997 opere;
2128 936 2215 982 sat

614 1013 768 1067 multi
801 1013 869 1067 ab
892 1014 1089 1084 iniquis
1118 1014 1292 1071 Vossii
1313 1058 1328 1082 ,
1355 1016 1620 1072 Blondclli
1644 1058 1660 1083 ,
1699 1017 1964 1089 Basnagii,
1994 1020 2209 1075 Antonii

583 1100 587 1105 ’
613 1102 687 1157 de
714 1103 976 1170 Dominis,
994 1106 1243 1173 Launoii,
1273 1108 1505 1179 Dupinii,
1529 1119 1659 1176 etc.,
1682 1111 1939 1165 conviciis
1966 1122 2210 1168 sanctum

613 1192 903 1266 Martyretn
960 1196 1331 1266 vindicantes,
1385 1198 1613 1278 ﬁrmiter
1660 1194 1897 1257 statuere
1927 1218 2050 1257 eum
2101 1220 2210 1259 non

610 1290 784 1343 solum
805 1291 856 1344 in
882 1290 1129 1346 haeresim
1161 1308 1267 1346 non
1286 1293 1566 1360 cecidisse,
1595 1294 1688 1349 sed
1724 1306 1831 1349 tum
1854 1296 2206 1366 antiquitatis,

611 1392 727 1436 tum
759 1383 998 1439 veritatis
1040 1395 1364 1440 assertorem
1387 1427 1401 1450 ,
1433 1401 1530 1441 nec
1558 1402 1588 1439 a
1618 1401 1745 1441 vera
1790 1387 2051 1443 doctrina:
2081 1388 2164 1444 via
2190 1432 2205 1459 ,

608 1490 713 1531 nec
743 1491 771 1529 a
800 1489 949 1531 recto
975 1478 1186 1533 tramite
1212 1478 1507 1548 apostolico
1536 1478 1859 1535 declinasse.

679 1589 833 1651 XIII.
864 1591 1029 1655 Multo
1078 1593 1246 1663 magis
1297 1593 1527 1648 tuendus
1566 1591 1870 1665 Cyprianus
1918 1595 2208 1667 czcterique

604 1682 1002 1753 rebaptismatis
1042 1685 1317 1740 fautores:
1346 1686 1437 1739 alii
1469 1686 1624 1741 aliam
1654 1692 1793 1741 viam
1822 1688 1921 1743 sibi
1959 1689 2027 1743 ad
2066 1689 2207 1744 hunc

601 1775 767 1832 ﬁnem
796 1788 1079 1843 stravere;
1114 1780 1354 1849 plerique
1395 1780 1532 1834 nihil
1560 1781 1662 1835 nisi
1705 1782 2104 1853 disciplinarem
2153 1785 2205 1840 in

601 1882 664 1923 re
691 1869 929 1923 nondum
961 1869 1182 1924 definita
1240 1886 1452 1926 naevum
1492 1872 1933 1942 deprehendere,
1990 1876 2063 1929 nil
2103 1877 2205 1931 nisi

596 1950 657 2014 in
708 1948 870 2015 nnum
893 1960 1232 2026 Pontificem,
1275 1963 1424 2017 salva
1450 1979 1678 2019 summm
1706 1963 1861 2021 Sedis
1902 1967 2202 2037 majestate,

598 2042 895 2131 oﬂ‘ensam,
921 2040 1201 2111 catholica:
1227 2058 1618 2123 communioni,
1653 2059 1878 2130 zeloque
1909 2061 2204 2133 episcopali

595 2146 780 2217 aliquo
828 2148 990 2202 modo
1039 2148 1573 2204 accommodandam.
1605 2150 1806 2217 Porro,
1864 2153 1918 2206 in
1948 2151 2202 2225 Cypriani

597 2251 761 2294 causa
792 2239 1158 2306 defendenda,
1190 2241 1397 2295 nullum
1430 2242 1778 2311 peritiorem,
1804 2243 2005 2299 nullum
2036 2245 2202 2301 benc-

599 2330 963 2387 volentiorem
994 2340 1277 2401 patronum
1314 2348 1474 2405 quam
1505 2333 1865 2404 Augustinum
1906 2351 2204 2406 agnoscen-

590 2430 713 2487 tes,
772 2421 971 2493 duplici
1031 2433 1237 2478 tantum
1277 2440 1384 2495 quo
1434 2438 1562 2479 usus
1603 2435 1716 2492 est,
1778 2427 2037 2482 utendum
2082 2444 2205 2486 esse

596 2527 917 2586 argumento
962 2517 1313 2572 arbitramur.
1360 2520 1468 2574 Aut
1495 2522 1639 2576 enim
1689 2535 1812 2575 cum
1845 2521 1938 2575 illo
1975 2523 2205 2578 candide

597 2606 965 2663 confitendum
1019 2624 1273 2679 peccasse
1316 2608 1680 2682 Cyprianum,
1720 2628 1985 2686 suamque
2027 2617 2205 2671 minus

591 2708 802 2755 rectam
832 2703 1157 2757 sententiam
1188 2713 1375 2773 postea
1405 2706 1731 2774 correxisse,
1764 2707 1832 2761 ab
1863 2723 2038 2779 eoque
2068 2725 2203 2777 prae-

590 2800 765 2859 terea,
798 2793 939 2863 quod
967 2803 1085 2849 erat
1104 2795 1503 2851 emendandum
1535 2812 1792 2867 purgasse
1819 2798 2035 2855 Patrem
2064 2800 2203 2857 falce

590 2887 893 2956 passionis;
952 2898 1045 2943 aut
1093 2900 1280 2958 aperte
1336 2892 1759 2947 asseverandum
1811 2908 1912 2948 nec
1966 2895 2204 2951 sensisse

594 2993 698 3033 nec
722 2980 1007 3049 scripsisse
1031 2980 1359 3051 Cyprianum
1379 2996 1498 3051 quae
1520 2982 1566 3036 ei
1600 2983 1952 3051 epistolarum
1984 3000 2201 3041 suarum

598 3052 833 3127 audaces
890 3073 1329 3143 interpellatores
1354 3075 1781 3145 adscripserunt.
1815 3078 1985 3133 Immo
2014 3080 2202 3135 audia-

597 3180 720 3219 mus
741 3163 799 3219 S.
826 3164 1111 3221 Doctorem
1135 3167 1185 3221 in
1212 3166 1454 3237 Epistola
1483 3168 1552 3222 ad
1575 3167 1919 3224 Vincentium:
1944 3171 2201 3243 «Cypria-

598 3271 702 3311 nus
743 3257 980 3312 sensisse
1037 3257 1193 3313 aliter
1242 3258 1310 3313 de
1350 3259 1666 3328 Baptismo,
1717 3276 1874 3331 quam
1926 3262 2097 3318 forma
2146 3274 2203 3320 et

594 3349 931 3404 consuetudo
953 3349 1184 3404 habebat
1214 3351 1502 3420 Ecclesiae,
1544 3369 1647 3408 non
1680 3354 1732 3407 in
1762 3355 2035 3411 canonicis
2059 3398 2072 3421 ,
2107 3358 2201 3413 sed

597 3440 651 3495 in
694 3442 805 3496 suis
859 3451 915 3496 et
968 3442 1021 3496 in
1074 3442 1289 3497 concilii
1340 3445 1533 3500 litteris
1562 3446 2203 3515 invenitur;correxisse

596 3540 778 3587 autem
826 3533 981 3586 istam
1038 3534 1364 3589 sententiam
1393 3552 1500 3591 non
1532 3536 1803 3592 invenitur
1832 3556 1845 3591 :
1881 3554 1987 3593 non
2017 3540 2202 3596 incon-

599 3631 859 3692 gruenter
874 3634 1047 3677 tamen
1068 3623 1135 3679 de
1151 3623 1241 3678 tali
1255 3626 1369 3679 viro
1388 3627 1803 3683 existimandum
1823 3638 1905 3684 est
1922 3631 2063 3700 quod
2082 3647 2203 3687 cor-

598 3715 818 3780 rexerit,
838 3726 890 3771 et
904 3716 1132 3772 fortasse
1151 3734 1501 3788 suppressum
1523 3721 1590 3774 sit
1608 3721 1676 3775 ab
1690 3721 1766 3776 eis
1784 3722 1873 3791 qui
1894 3723 1997 3777 hoc
2016 3737 2203 3780 errore

598 3811 823 3865 nimium
873 3809 1125 3865 delectati
1157 3821 1301 3875 sunt,
1331 3820 1385 3867 et
1413 3820 1561 3867 tanto
1588 3813 1743 3867 velut
1769 3815 2069 3884 patrocinio
2114 3830 2202 3872 ca-

597 3914 721 3955 rere
739 3903 1046 3957 noluerunt.
1069 3901 1402 3972 Quamquam
1429 3918 1533 3957 non
1552 3903 1731 3958 desint
1756 3906 1843 3975 qui
1862 3904 1965 3960 hoc
1982 3904 2203 3977 Cypria-

599 4007 728 4047 num
771 4008 993 4063 prorsus
1040 4010 1147 4048 non
1191 3996 1428 4051 sensisse
1454 3996 1803 4063 contendant,
1831 4000 1925 4054 sed
1955 4000 2055 4055 sub
2085 4002 2202 4072 ejus

598 4070 819 4140 nomine
848 4102 876 4140 a
922 4088 1406 4157 przcsumptoribus
1444 4101 1604 4160 atque
1642 4092 1994 4149 mendacibus
2036 4094 2201 4152 fuisse

596 4174 925 4243 confictum;
986 4194 1159 4248 neque
1209 4180 1352 4234 enim
1393 4180 1473 4236 sic
1524 4183 1699 4251 petuit
1728 4184 2007 4255 integritas
2040 4197 2201 4257 atque

595 4267 786 4333 notitia
834 4268 1135 4323 litterarum
1170 4270 1326 4324 unius
1368 4271 1663 4339 quamlibet
1705 4273 1931 4330 illustris
1962 4278 2199 4347 episcOpi

595 4357 881 4422 custodiri,
908 4358 1364 4428 quemadmodum
1387 4362 1651 4431 scriptura
1676 4367 1958 4431 canonica,
1992 4377 2069 4422 tot
2096 4370 2199 4424 liu-

596 4465 823 4521 guarum
853 4451 1066 4515 litteris,
1100 4460 1153 4506 et
1177 4452 1368 4506 ordine
1390 4494 1403 4517 ,
1429 4463 1485 4508 et
1510 4457 1851 4513 successione
1880 4460 2200 4518 celebratio-

598 4543 687 4595 nis
714 4542 1094 4597 ccclesiasticae
1126 4543 1449 4609 custoditur,
1479 4555 1668 4601 contra
1695 4563 1855 4618 quam
1888 4561 2065 4608 tamen
2092 4570 2197 4611 non

598 4633 891 4690 defuerunt
941 4636 1032 4706 qui
1087 4636 1185 4690 sub
1230 4638 1541 4694 nominibus
1595 4642 1975 4711 Apostolorum
2028 4648 2195 4704 multa

594 4728 972 4799 confingerent
1000 4745 1012 4782 :
1045 4727 1243 4784 frustra
1272 4731 1487 4801 quidem
1507 4774 1522 4799 ,
1552 4734 1675 4804 quia
1703 4735 1791 4789 illa
1822 4738 1898 4793 sic
1920 4754 2197 4796 commen-

595 4820 752 4885 data,
783 4821 860 4874 sic
889 4820 1161 4875 celebrata
1188 4864 1203 4888 ,
1235 4821 1313 4877 sic
1341 4834 1463 4879 nota
1495 4834 1577 4880 est
1605 4842 1617 4879 :
1646 4841 1829 4881 verum
1863 4831 1989 4899 quid
2023 4835 2193 4901 possit

593 4910 855 4967 adversus
882 4913 1109 4978 litteras,
1143 4904 1249 4968 non
1272 4916 1530 4970 canonica
1559 4918 1877 4976 auctoritate
1908 4922 2154 4979 fundatas
2174 4968 2189 4994 ,

593 5004 758 5059 etiam
814 5002 939 5059 hinc
980 5004 1373 5061 demonstravit
1424 5007 1603 5078 impia:
1656 5022 1883 5067 conatus
1924 5014 2192 5085 audacia,

593 5096 737 5166 quod
764 5105 819 5153 et.
842 5096 1104 5153 adversus
1134 5113 1227 5153 eas
1246 5114 1367 5170 qua:
1392 5110 1534 5156 tanta
1558 5103 1764 5157 notitiae
1790 5106 1932 5160 mole
1973 5108 2195 5165 firmatae

596 5197 757 5254 sunt,
793 5204 917 5245 sese
980 5190 1190 5260 erigere
1241 5207 1347 5247 non
1397 5194 1759 5262 praetermisit.
1790 5196 1958 5251 Porro
2012 5208 2192 5256 autem

596 5278 917 5351 Cyprianus,
948 5292 1039 5336 aut
1068 5299 1172 5338 non
1202 5285 1371 5339 sensit
1396 5286 1617 5341 omnino
1642 5288 1782 5357 quod
1806 5303 1927 5343 eum
1959 5291 2194 5347 sensisse

594 5376 834 5432 recitatis
859 5394 874 5442 ;
903 5386 995 5431 aut
1017 5376 1121 5433 hoc
1152 5391 1334 5448 postea
1365 5384 1599 5438 correxit
1629 5384 1680 5438 in
1712 5388 1893 5457 regula
1915 5389 2189 5457 veritatis;

594 5476 689 5521 aut
743 5467 885 5522 hunc
922 5471 1076 5539 quasi
1132 5487 1341 5525 naevum
1388 5475 1471 5528 sui
1529 5476 1897 5534 candidissimi
1958 5484 2190 5552 pectoris

592 5562 872 5632 cooperuit
916 5564 1081 5617 ubere
1132 5564 1411 5620 charitatis
1437 5610 1451 5632 ,
1481 5569 1606 5625 dum
1638 5574 1892 5629 unitatem
1934 5576 2189 5634 Ecclesiae

592 5665 710 5709 toto
753 5654 886 5710 orbe
931 5656 1258 5722 crescentis,
1314 5667 1368 5712 et
1409 5662 1781 5731 cepiosissime
1824 5667 2098 5738 defendit,
2132 5681 2187 5728 et

596 5748 1133 5817 perseverantissime
1178 5750 1349 5806 tenuit
1398 5753 1664 5811 vinculum
1706 5760 1895 5827 pacis;
1927 5763 2184 5833 scriptum

588 5847 673 5897 cst
700 5834 841 5897 enim
870 5860 881 5896 :
914 5842 1151 5899 Charitas
1179 5845 1406 5915 cooperit
1430 5846 1807 5905 multitudinem
1837 5862 2173 5919 peccatorum.

2321 464 2551 521 accessit
2579 465 2683 520 huc
2701 463 2885 532 etiam,
2910 463 3051 535 quod
3082 474 3351 536 tamquam
3392 472 3726 524 sarmentum
3774 469 3914 528 fruc-

2321 559 2718 627 tuosissimum,
2767 560 2813 615 si
2864 558 2991 630 quid
3043 559 3096 614 in
3146 574 3212 614 eo
3254 558 3431 616 fuerat
3476 562 3910 628 emendandum,

2318 651 2565 723 purgavit
2590 652 2749 709 Pater
2775 651 2912 708 falce
2951 652 3219 723 passionis
3250 673 3262 708 :
3295 653 3625 710 Sarmentum
3646 658 3803 723 enim,
3837 659 3914 714 ait

2321 743 2602 813 Dominus,
2630 744 2767 815 quod
2791 745 2844 800 in
2872 761 2952 800 me
2974 745 3061 799 dat
3082 745 3308 816 fructum
3333 789 3349 815 ,
3378 758 3560 820 purgat
3586 750 3722 805 illud
3751 750 3912 807 Pater

2317 852 2458 891 meus
2481 877 2497 905 ,
2545 847 2603 892 ut
2644 838 2891 905 maiorem
2936 840 3159 909 fructum
3198 837 3405 906 amarat.
3432 840 3631 897 Unde?
3655 843 3756 897 nisi
3788 844 3912 914 quia

2320 929 2532 985 haarens
2583 929 2635 984 in
2674 929 2962 985 dilfusione
3013 932 3171 998 vitis,
3225 931 3458 988 radicem
3513 948 3621 989 non
3674 934 3913 991 deseruit

2317 1020 2558 1075 unitatis.
2588 1020 2744 1085 Nam,
2768 1022 2869 1076 etsi
2896 1020 3133 1078 traderet
3159 1037 3354 1093 corpus
3381 1038 3539 1078 suum
3569 1035 3629 1080 ut
3662 1025 3905 1093 arderet,

2315 1114 2632 1171 charitatem
2678 1125 2857 1173 autem
2913 1131 3017 1172 non
3090 1116 3344 1183 haberet,
3397 1118 3530 1173 nihil
3584 1120 3634 1176 ei
3686 1120 3911 1193 prodes-

2315 1214 2397 1260 set
2426 1203 2526 1276 (l).
2566 1224 2584 1258 ι

2385 1453 2757 1533 (1),Ρ1υι’ξζξιιε-
2781 1460 3238 1533 ιξθοεηιςτ-ιζῑεμλῐη
3284 1469 3369 1533 est
3411 1461 3550 1517 haud
3577 1463 3753 1533 exigui
3792 1478 3912 1520 mo-

2310 1525 2479 1606 menti
2494 1540 2616 1606 esse
2631 1527 2817 1606 il|_ud_A
2828 1530 3057 1606 ugustini
3072 1529 3289 1586 dubium
3308 1532 3376 1606 de
3403 1525 3697 1606 puncti-m1?
3710 1535 3911 1606 episto-

2313 1595 2487 1651 larum
2528 1595 2971 1669 Cyprianicafum
3001 1600 3052 1655 in
3080 1616 3237 1656 causa
3268 1595 3910 1669 rebaptizantium.'luter

2311 1680 2407 1738 eos
2427 1671 2626 1736 primas
2646 1679 2823 1737 partes
2842 1680 3026 1725 tenent
3050 1671 3153 1726 PP.
3178 1672 3477 1738 Missorius,
3500 1686 3554 1729 et
3579 1675 3737 1731 Micb.
3770 1676 3905 1731 Mol-

2310 1735 2560 1794 kenbuhr
2586 1782 2600 1807 ,
2632 1735 2864 1809 uterque
2893 1742 3103 1796 ordinis
3132 1742 3188 1797 S.
3220 1735 3492 1799 Francisci
3516 1787 3530 1809 ,
3560 1758 3614 1801 et
3642 1747 3702 1801 P.
3734 1746 3907 1802 Tour—

2311 1809 2587 1885 pemine‘e
2616 1811 3070 1885 societatedesu;
3106 1828 3334 1885 quorum
3372 1816 3517 1884 prior
3542 1826 3599 1872 et
3636 1821 3909 1885 posterior

2311 1878 2364 1933 in
2396 1880 2639 1937 eamdem
2668 1883 3030 1955 sententiam,
3061 1878 3253 1939 eodem
3294 1878 3566 1955 tempore.
3596 1878 3750 1943 inscii
3779 1902 3909 1944 con-

2313 1964 2518 2026 venere
2540 1962 2596 2007 et
2626 1954 2921 2026 scripsere.
2939 1953 3225 2026 Edidimus
3250 1956 3316 2010 ad
3338 1953 3539 2011 calcem
3562 1958 3721 2026 hujus
3752 1960 3907 2013 volu-

2309 2021 2473 2096 minis
2519 2021 2856 2096 principuam
2906 2024 2975 2078 M.
3030 2024 3386 2081 Molkenbuhr
3435 2021 3904 2096 dissertationem,

2310 2090 2452 2167 haud
2483 2093 2580 2167 abs
2607 2110 2665 2149 re
2698 2090 2875 2149 forsan
2907 2097 3010 2151 erit
3037 2097 3305 2167 praecipua
3333 2099 3437 2153 PP.
3460 2098 3821 2155 Tournemine
3853 2090 3908 2158 et

2308 2161 2541 2241 Missorji
2594 2177 2911 2241 argumenta
2965 2161 3045 2222 eo'
3084 2161 3429 2241 locijcursim
3486 2170 3905 2241 relegere;haac

2310 2233 2471 2310 longe
2500 2233 2839 2310 brevioraac
2863 2237 2975 2310 fere
3004 2238 3274 2307 generalia
3305 2240 3464 2295 habet
3489 2233 3637 2310 prio}
3663 2260 3675 2295 :
3708 2233 3763 2297 1⁸⁵
3787 2242 3902 2299 Divi

2308 2305 2595 2379 Augustini
2636 2307 2799 2361 dubia
2848 2305 3103 2375 refricat,
3147 2325 3267 2379 quae
3323 2305 3506 2367 modo'
3535 2315 3902 2379 eXposuimus.

2307 2375 2365 2429 2°
2419 2374 2603 2454 Lorige
2636 2392 2666 2432 a
2723 2393 2856 2433 vero
2892 2374 3137 2454 alienum
3165 2374 3421 2454 autumat
3472 2374 3798 2454 Cyprianum
3836 2401 3903 2442 eo

2309 2448 2678 2524 conviciorum
2709 2450 2941 2524 aceto_in
2969 2466 3237 2505 summum
3270 2448 3584 2524 Pontificem
3613 2456 3900 2524 exanissc,

2308 2518 2506 2589 quippe
2534 2521 2624 2589 qui
2656 2529 2762 2574 tam
2794 2520 3235 2584 vehementer,ut
3257 2523 3512 2588 vidimus,
3532 2518 3903 2582 schismaticos

2309 2588 2689 2668 increpaverit.
2746 2591 2802 2668 3_°
2842 2591 3061 2668 Multum
3111 2592 3410 2668 diversagin
3456 2596 3538 2651 his
3567 2594 3903 2668 Cyprianicis

2310 2660 2571 2738 principia
2616 2662 2875 2738 doctrinm
2900 2678 2978 2738 ac_
3004 2664 3066 2738 in
3085 2666 3297 2738 caeteris
3334 2666 3485 2722 libris
3509 2660 3759 2738 genuinis
3802 2670 3901 2726 de-

2311 2731 2618 2811 prehendit.
2652 2734 2708 2811 4°
2737 2733 2916 2811 Immo
2930 2734 3168 2811 duriora
3212 2731 3608 2811 Donatistarum
3650 2740 3901 2811 dogmata

2307 2814 2493 2877 aperte
2521 2802 2793 2861 docuisset
2816 2805 2872 2861 8.
2900 2806 3099 2877 Martyr
3125 2824 3137 2861 :
3172 2808 3312 2861 unde
3334 2809 3685 2865 vehementer
3708 2802 3899 2869 Harum

2308 2871 2606 2948 litterarum
2622 2888 2897 2931 auctorem
2914 2871 3099 2930 verum
3122 2892 3245 2933 esse
3266 2882 3551 2948 quemdam
3570 2883 3899 2940 Donatistam

2306 2945 2526 3016 criticus
2555 2956 2741 3003 noster
2770 2949 3096 3016 suSpicatur,
3114 2964 3212 3003 nec
3237 2945 3389 3005 istius
3407 2951 3553 3006 modi
3580 2952 3782 3010 fraudis
3806 2972 3902 3011 eos

2307 3013 2593 3071 haereticos
2637 3034 2759 3073 esse
2785 3013 3053 3074 immunes
3082 3020 3334 3075 ostendit.
3379 3024 3436 3078 5°
3470 3022 3729 3080 Eamulem
3774 3028 3901 3082 ada-

2309 3088 2968 3168 tn‘ussim.sitnilitudinem
3002 3093 3199 3168 tnm_i_n
3241 3092 3324 3168 his
3360 3095 3605 3168 epistolis
3630 3095 3900 3168 Cypriano

2306 3156 2615 3227 adscriptis,
2644 3171 2752 3214 tum
2786 3161 2838 3214 iu
2874 3177 2935 3215 ea
2964 3177 3084 3227 quae
3116 3156 3411 3218 Firmiliani
3432 3168 3648 3222 nomine
3669 3156 3901 3223 circum-

2308 3226 2503 3294 fertur,
2530 3232 2716 3285 tumin
2744 3226 3027 3287 sententiis
3067 3242 3120 3288 et
3152 3233 3345 3289 litteris
3380 3237 3729 3292 conciliorum
3757 3239 3899 3295 Afri-

2306 3312 2565 3381 canorum
2580 3317 2916 3381 nequaquam
2936 3304 3305 3360 intercessisse
3324 3304 3551 3381 firmiter
3564 3310 3753 3377 credit,
3768 3313 3895 3381 quin

2307 3368 2497 3425 horum
2555 3368 2812 3428 similium
2860 3386 3332 3431 monumentorum
3382 3377 3522 3433 idem
3565 3382 3635 3435 sit
3670 3368 3897 3438 et'u'nus

2305 3449 2511 3497 auctor.
2568 3443 2625 3498 6°
2676 3444 2900 3499 Planum
2954 3446 3023 3501 de
3075 3462 3139 3502 ea
3193 3453 3560 3505 controversia
3625 3453 3895 3509 silentium

2306 3510 2478 3593 Potitii
2498 3514 2741 3570 diacouis
2767 3515 2819 3593 in
2842 3516 2959 3593 Vita
2983 3516 3237 3593 Cypriani
3268 3522 3578 3593 nonnullius
3603 3537 3723 3578 esse
3741 3526 3895 3593 pretii

2305 3583 2372 3635 ad
2399 3598 2550 3637 suam
2576 3587 2897 3641 sententiam
2921 3583 3237 3643 firmandam
3261 3592 3360 3646 sub
3383 3592 3544 3646 linem
3568 3609 3679 3648 sua:
3697 3583 3898 3651 disser«

2306 3654 2615 3728 tatiuuculaa
2644 3658 3036 3713 animadvertit.
3067 3659 3354 3728 (Mémoire
3382 3663 3445 3718 de
3481 3663 3742 3728 Trévoux,
3766 3681 3893 3721 ann.

2306 3724 2614 3804 1834,10m.
2647 3744 2719 3793 tv,
2749 3732 2884 3795 déc.,
2916 3747 2966 3798 p.
2996 3724 3338 3804 $245-$262.
3375 3733 3487 3804 )—
3507 3724 3897 3793 hlissoriittttttc

2307 3798 2575 3875 praecipua
2604 3811 2925 3875 argumenta
2970 3800 3145 3875 obiter
3190 3798 3613 3875 perstringemus
3658 3826 3669 3859 :
3709 3808 3896 3871 positis

2308 3867 2489 3921 multis
2531 3869 2888 3945 axiorriatihus
2941 3874 3158 3945 praeviis
3178 3867 3205 3939 ,”
3238 3890 3303 3929 ex
3337 3867 3632 3945 septuplice
3676 3867 3894 3935 theore-

2307 3950 2450 3993 mate
2480 3947 2645 3994 totam
2680 3942 2872 3996 thesim
2914 3958 3064 3997 suam
3096 3944 3333 3999 instruit.
3380 3942 3439 4001 ιύ
3470 3942 3546 4003 Ex
3590 3950 3893 4005 Donatista-

2305 4023 2422 4062 rum
2474 4020 2771 4082 systemate
2829 4011 2990 4068 infert
3043 4030 3190 4071 mera
3253 4017 3445 4072 horum
3518 4020 3891 4077 haereticorum

2304 4092 2605 4156 commenta
2634 4098 2756 4138 esse
2790 4083 3137 4156 Cyprianicas
3172 4087 3461 4156 epistolas;
3504 4106 3599 4146 eos
3629 4093 3771 4147 enim
3801 4094 3895 4149 de-

2304 4151 2591 4227 prehendit
2617 4163 2728 4208 tuiu
2759 4151 2885 4211 esse
2904 4156 3185 4211 calumnia:
3209 4151 3602 4227 peritissimos,
3635 4163 3895 4219 affectata:

2304 4224 2639 4296 sanctitatis,
2688 4238 2958 4296 certaeque
3006 4224 3320 4296 impietatis,
3375 4230 3522 4287 falsae
3553 4224 3810 4289 doctrina:
3841 4248 3895 4289 et

2304 4293 2529 4372 modica:
2550 4297 2791 4372 scientia:
2817 4338 2830 4360 ,
2858 4293 2967 4351 t'um
2998 4293 3332 4372 excogitasse
3353 4318 3596 4358 errorem
3645 4306 3889 4372 fallaciis,

2306 4365 2441 4438 adeo
2456 4365 2711 4431 obsitum,
2730 4377 2785 4420 ut
2800 4375 2863 4422 sit
2888 4365 3166 4438 perpaucis
3180 4371 3401 4437 obvius;
3429 4374 3568 4431 unde
3582 4387 3630 4430 et
3652 4365 3890 4432 locoruni

2304 4436 2464 4500 ratio,
2496 4436 3046 4517 ettemporuniordo
3066 4481 3089 4517 ,_
3112 4451 3165 4494 et
3194 4457 3373 4497 rerum
3392 4436 3562 4500 Series
3585 4488 3599 4509 ,
3631 4457 3686 4503 et
3707 4463 3895 4517 persoc

2304 4518 2493 4587 narum
2520 4506 2822 4587 diSppsitio,
2846 4519 2899 4564 et
2920 4509 3179 4587 doctrina:
3200 4522 3371 4587 ortus,
3402 4506 3740 4587 progressus,
3773 4521 3894 4575 exi-

2305 4582 2493 4657 tusque
2510 4578 2838 4657 eXplicatur;
2858 4596 2921 4635 ac
2942 4584 3167 4657 multum
3186 4578 3381 4641 exinde
3402 4578 3627 4657 patescit
3646 4578 3892 4647 Donatis-

2306 4650 2818 4731 taruuinpertinacia
2874 4653 3102 4731 stolida,
3159 4660 3355 4711 astutia
3381 4650 3416 4722 ,’
3448 4658 3847 4731 falsiloquentia
3873 4706 3889 4731 ,

2304 4716 2752 4800 incredibilisque
2768 4723 2819 4777 in
2858 4716 3098 4800 antiquis
3111 4716 3491 4800 monumentis
3530 4716 3891 4800 depravandis

2301 4789 2542 4875 audacia.
2599 4791 2663 4845 2°
2713 4793 2793 4848 Ex
2841 4789 3121 4875 Augustini
3160 4810 3482 4875 systentate,
3512 4789 3889 4875 seu-Cypriani

2301 4858 2615 4943 defensione
2644 4879 2804 4943 supra
2826 4858 3022 4943 allata,
3055 4858 3321 4943 ostendit,
3344 4872 3457 4943 sive
3472 4858 3761 4943 absolute,
3777 4858 3889 4933 sive

2301 4929 2645 5009 ltypothetice
2711 4929 3038 5009 intelligatur
3105 4939 3220 4994 haec
3294 4929 3577 5009 defensio,
3641 4929 3890 5004 simil—iter

2299 5002 2617 5081 [ejiciendus
2665 5021 2787 5062 esse
2823 5002 3171 5079 cyprianicas
3219 5013 3497 5081 epistolas.
3532 5002 3593 5071 δῖ)
3620 5015 3700 5072 Ex
3732 5002 3888 5075 libris

2297 5070 2355 5127 S.
2384 5071 2561 5154 thati
2586 5118 2605 5154 ,_
2626 5093 2722 5132 seu
2753 5070 2929 5154 potius
2948 5097 3013 5135 ex
3059 5082 3166 5135 alto
3196 5070 3374 5153 Optati
3395 5086 3641 5154 silentio,
3666 5070 3889 5145 asserta:

2300 5144 2637 5218 conﬁctionis
2685 5144 2920 5218 suspicio
2970 5144 3335 5209 confirmatur.
3380 5159 3443 5212 λιυ
3490 5160 3565 5212 lix
3615 5144 3888 5216 nonnullis

2300 5215 2424 5270 aliis
2464 5216 2603 5273 idem
2633 5215 2919 5301 evincitur,
2947 5238 3141 5301 pempe
3167 5225 3397 5301 cx‘diac.
3431 5228 3606 5285 Pontii
3630 5215 3883 5301 silentio,

2302 5300 2367 5340 ex
2395 5292 2646 5369 anonymi
2678 5291 2744 5345 de
2773 5291 3148 5369 hzureticorupt
3180 5297 3562 5369 rebaptismate
3591 5291 3882 5369 sententia,

2298 5372 2364 5411 ex
2396 5358 2621 5445 Eusebii
2637 5378 2759 5445 cum
2784 5362 2933 5445 .Afris
2958 5404 2973 5428 ,
3007 5375 3061 5445 et
3087 5364 3285 5445 Ruffini
3312 5358 3432 5445 cum
3450 5373 3697 5445 Eusebio
3723 5358 3884 5445 retin-'-

2295 5432 2531 5515 gpantia.
2564 5432 2621 5488 5°
2641 5433 2929 5515 Shpeciatim
2971 5435 3036 5489 ad
3067 5438 3281 5515 concilii
3314 5438 3751 5515 Carthagincnsis
3780 5432 3882 5515 in,

2294 5500 2428 5582 alias
2458 5518 2532 5582 ut.
2558 5500 2933 5582 confictionem
2957 5511 3302 5565 asserendam
3327 5500 3702 5582 expenduntur
3721 5500 3883 5574 duliia

2294 5574 2605 5653 augustini,
2640 5585 2937 5653 temporum
2981 5582 3287 5653 perturbata
3302 5574 3490 5653 ratio,
3539 5597 3662 5640 octo
3694 5589 3883 5653 prasfa-

2295 5644 2452 5697 tionis
2480 5644 2616 5719 loca.
2635 5644 2909 5702 conclusio
2932 5644 3172 5719 epistolae
3198 5651 3263 5705 ad
3294 5644 3635 5711 Jubaianum.
3672 5644 3730 5714 6°
3749 5659 3881 5717 Tota

2290 5717 2933 5797 resumitoriinpugnatio
2970 5717 3053 5797 ing
3082 5722 3337 5791 epistolas
3386 5724 3735 5797 Cyprianicas
3786 5732 3880 5788 de-

2293 5783 2591 5855 Baptismo,
2625 5783 3613 5874 absu‘rdaqtte,nsit'c'cotnmunia,'_sive
3640 5783 3875 5874 propria,

2291 5867 2660 5926 recensentur,
2684 5862 2953 5931 respuitur
2989 5861 3168 5919 fictum
3191 5861 3784 5945 Stephanl‘dec‘ret'unt',
3816 5861 3877 5933 ac
