4190 6246
587 353 679 399 ιιι
2035 342 2416 404 ΡΠΑΞΙῬΛΤΙΟ.
2632 377 2636 382 »
3812 365 3880 405 xx

589 457 721 512 dunt
739 455 984 511 Caecilius
1004 455 1072 510 de
1095 455 1250 526 Biita,
1271 464 1401 509 tom.
1426 471 1500 524 ιιι,
1527 455 1812 522 col.1054;
1837 455 2180 513 Crescentius

589 551 656 606 de
686 551 829 606 Cirta
860 550 962 604 col.
997 545 1153 614 1058,
1207 547 1458 604 editionis
1487 545 1850 614 Oxoniensls;
1902 558 1956 603 et
1987 548 2183 605 Lucius

591 643 660 698 de
689 641 978 707 Thebeste,
1009 642 1097 712 qui
1127 657 1315 697 omnes
1345 642 1412 698 de
1443 641 1543 696 hac
1575 643 1723 713 praxi
1751 650 2035 696 testantur.
2070 642 2183 698 Mos

589 742 706 790 erat
734 733 934 803 pariter
970 733 1303 789 exorcismos
1331 733 1610 790 instituere
1639 745 1802 804 super
1831 745 1928 788 eos
1953 733 2042 804 qui
2081 734 2181 789 ob-

588 824 725 884 sessi
748 831 905 881 erant
942 841 972 880 ιι
1018 824 1316 894 daamoniis,
1346 827 1437 899 qui
1464 826 1693 897 adjurati
1740 826 1793 880 in
1824 827 2041 884 nomine
2071 827 2181 882 veri

588 922 684 980 Del
710 923 904 978 cedere
931 922 1281 998 cogebantur,
1310 931 1364 978 et
1393 922 1461 979 de
1493 921 1598 978 illis
1629 921 1951 992 corporibus
1977 923 2178 978 exiere.

596 1035 613 1069 ι
645 1015 707 1073 Hl
735 1024 913 1072 tamen
936 1015 1166 1087 adjurati
1187 1031 1285 1087 per
1309 1015 1472 1072 Deum
1495 1031 1679 1072 verum
1707 1030 1734 1069 a
1761 1017 1935 1084 nobis,
1970 1036 1988 1068 ι
2017 1017 2185 1085 inquit

588 1109 648 1167 S.
671 1110 1042 1182 Cyprianusin
1063 1123 1162 1164 suo
1182 1118 1410 1164 tractatu
1435 1109 1760 1165 deVanitate
1789 1107 2059 1164 [dolorum
2081 1109 2179 1180 (i),

597 1219 616 1254 ι
648 1202 824 1257 statim
855 1201 1072 1266 cedunt,
1099 1202 1244 1257 etde
1285 1203 1524 1257 obsessis
1555 1202 1877 1272 corporibus
1912 1203 2061 1256 exire
2093 1217 2183 1256 co-

591 1301 806 1366 guntur.
841 1291 1035 1351 Videas
1067 1291 1210 1360 illos,
1249 1312 1268 1346 ι
1302 1292 1652 1364 subjuogits.
1681 1292 1898 1358 Doctor,
1941 1311 1959 1344 ι
2003 1303 2183 1348 nostra

590 1396 742 1452 voce,
775 1395 829 1441 et
857 1385 1172 1456 operatione
1223 1385 1517 1455 majestatis
1552 1383 1782 1450 occulta,
1813 1384 1993 1456 ﬂagris
2025 1383 2181 1451 caedi,

594 1477 716 1549 igne
749 1477 1326 1543 torreri;incremento
1355 1493 1526 1548 preme
1553 1480 1898 1549 propagantis
1940 1480 2179 1546 extendi,

593 1569 816 1644 ejulare,
841 1587 1078 1642 gemere,
1109 1572 1425 1641 deprecari;
1459 1573 1600 1628 unde
1625 1575 1862 1640 veniant,
1889 1583 1943 1628 ct
1970 1573 2184 1641 quando

593 1661 897 1732 discedunt,
933 1665 1064 1734 ipsis
1110 1665 1313 1731 etiam,
1347 1666 1435 1734 qui
1483 1679 1542 1719 se
1589 1665 1773 1720 colunt
1818 1665 2181 1727 audientibus.

594 1757 871 1823 confiteri;
905 1767 959 1813 et
989 1758 1068 1811 vel
1096 1757 1568 1823 exsiliuntstatim,
1605 1759 1689 1812 vel
1713 1768 2183 1828 evanescuntgra-

597 1847 788 1916 datim,
822 1857 981 1920 prout
1028 1848 1159 1903 fides
1203 1849 1454 1919 patientis
1489 1849 1736 1919 adjuvat,
1767 1859 1859 1904 aut
1887 1851 2057 1920 gratia
2095 1865 2179 1904 cu-

595 1939 765 1994 rantis
805 1939 1026 2010 asplrat.
1068 1958 1086 1992 ι
1118 1939 1464 1996 [labebantur
1507 1941 1668 2011 igitur
1700 1940 1928 2011 duplicis
1973 1941 2186 2012 generis

594 2030 918 2098 exorcismi;
955 2031 1006 2086 lii
1042 2031 1260 2103 quidem
1299 2048 1463 2103 super
1499 2047 1594 2089 eos
1627 2035 1715 2104 qui
1746 2035 2188 2104 prarparabantur

599 2124 907 2194 Baptismo,
951 2125 1029 2180 illi
1062 2140 1191 2180 vero
1239 2141 1400 2196 super
1451 2141 1869 2196 energumeuos.
1921 2127 2086 2182 Primi
2133 2125 2185 2181 in

600 2216 832 2272 ecclesia
864 2215 1278 2287 peragebantur,
1323 2232 1506 2272 coram
1538 2218 1823 2286 fidelibus;
1865 2219 2055 2290 reliqui
2087 2218 2184 2275 lbi-

601 2308 724 2364 dem
745 2309 1103 2365 communiter
1124 2324 1230 2365 non
1255 2311 1664 2381 peragebantur,
1684 2312 1828 2381 quia,
1851 2322 1906 2365 ut
1927 2312 2179 2379 vidimus,

596 2402 798 2458 ethnici
845 2405 1166 2475 quandoque
1214 2405 1312 2475 ipsi
1359 2404 1605 2460 aderant.
1650 2406 1942 2460 Exorcistue
1980 2406 2181 2475 itaque,

596 2496 849 2565 quoniam
869 2498 946 2552 sic
971 2513 1108 2568 opus
1133 2508 1279 2564 erat,
1319 2497 1384 2553 ad
1411 2498 1528 2554 illos
1550 2498 1850 2569 migrabant
1877 2497 1967 2569 qui
1996 2512 2184 2553 eorum

597 2588 907 2660 indigebant
934 2591 1252 2647 ministerio.
1465 2594 1468 2596 ⁷

669 2680 733 2735 ν.
767 2680 986 2752 Signum
1007 2684 1171 2737 crucis
1201 2683 1253 2736 in
1272 2687 1440 2752 fronte
1460 2699 1634 2737 eorum
1652 2683 1739 2754 qui
1757 2683 2187 2737 abluebantur.—

599 2771 821 2843 Signum
852 2773 1030 2828 crucis
1057 2774 1112 2830 in
1141 2773 1316 2829 fronte
1343 2789 1530 2829 eorum
1559 2774 1648 2845 qui
1678 2775 2039 2845 tingebantur,
2068 2785 2184 2830 erat

597 2863 702 2918 alia
742 2865 1064 2920 cmremonia
1105 2865 1345 2920 adhibita
1386 2865 1438 2919 in
1479 2866 1770 2920 collatione
1797 2865 2075 2935 Baptismi.
2114 2865 2189 2920 De

597 2955 699 3010 hac
753 2957 904 3027 praxi
961 2957 1327 3011 testiinonium
1396 2956 1646 3027 perhibet
1702 2957 2186 3011 luculentissimum

596 3059 815 3106 sanctus
847 3049 1146 3121 Cyprianus
1178 3051 1237 3103 1ο
1270 3051 1322 3104 in
1353 3066 1452 3104 suo
1483 3057 1714 3105 tractatu
1745 3051 1812 3104 de
1843 3049 2032 3119 Lapsis
2067 3067 2078 3102 :
2114 3049 2188 3104 ibi

599 3143 864 3214 siquidem
906 3144 973 3198 de
1015 3144 1122 3198 illis
1152 3143 1316 3198 verba
1345 3144 1549 3199 faciens
1585 3144 1673 3213 qui
1709 3144 1759 3196 in
1811 3143 2190 3212 persecutione

601 3237 944 3292 confessores
971 3237 1306 3301 exstiterant,
1332 3237 1408 3290 ait
1440 3236 1642 3290 frontes
1673 3235 1851 3290 crucis
1877 3238 2030 3305 signo
2059 3250 2189 3289 con-

601 3339 858 3384 secratas.
893 3345 911 3380 ι
941 3328 1116 3383 Frons
1157 3343 1278 3382 cum
1309 3327 1464 3398 signo
1501 3328 1590 3382 Dei
1624 3341 1775 3397 pura,
1803 3327 2001 3382 diaboli
2032 3341 2190 3381 coro-

599 3436 721 3476 nam
769 3419 911 3476 ferre
938 3438 1044 3476 non
1092 3423 1297 3492 potuit,
1345 3437 1561 3477 coronae
1605 3422 1814 3476 Domini
1854 3437 1912 3475 se
1947 3437 2190 3477 reserva-

598 3513 675 3566 vit
697 3511 799 3584 (2).
825 3533 842 3564 ι
868 3513 932 3567 2°
955 3512 1011 3568 In
1035 3521 1262 3568 tractatu
1292 3513 1360 3569 de
1383 3512 1598 3569 Unitate
1629 3513 1886 3568 Ecclesia:
1912 3513 2187 3568 disserens

598 3604 666 3660 de
693 3601 842 3673 Ozia,
867 3606 954 3676 qui
985 3605 1151 3676 lepra;
1176 3605 1432 3661 varietate
1464 3605 1517 3660 in
1549 3606 1724 3661 fronte
1755 3607 2057 3661 maculatus
2082 3616 2186 3675 est,

599 3698 761 3753 tradit
786 3698 923 3753 hanc
948 3714 1069 3753 esse
1098 3713 1214 3753 eam
1238 3698 1486 3769 corporis
1515 3707 1720 3767 partem
1743 3739 1757 3763 ,
1788 3698 1878 3754 ubi
1911 3698 2190 3769 signantur

599 3790 687 3861 qui
715 3789 976 3860 Baptismi
1005 3804 1162 3861 aqua'
1185 3790 1476 3844 abluuntur
1519 3805 1532 3842 :
1570 3808 1588 3841 ι
1631 3787 1732 3844 Ubi
1762 3791 2064 3859 signantur,
2096 3789 2188 3859 qui

601 3882 886 3938 Dominum
914 3893 1292 3953 promerentur
1323 3881 1424 3956 (5).
1463 3901 1482 3935 ι
1515 3882 1575 3936 50
1600 3881 1656 3936 in
1686 3891 1913 3937 tractatu
1931 3882 2188 3938 adversus

600 3976 1002 4033 Demetrianum
1035 3979 1374 4048 apertissime
1400 3993 1521 4032 cum
1548 3976 1829 4032 Ezechiele
1862 3975 1939 4048 (4)
1970 3977 2184 4040 asserit,

598 4069 743 4140 quod
772 4069 806 4124 ii
857 4070 959 4125 soli
992 4069 1123 4125 salvi
1153 4081 1312 4125 erunt
1363 4071 1453 4140 qui
1489 4070 1662 4125 renati
1714 4077 1768 4124 et
1811 4069 1964 4138 signo
1992 4066 2188 4124 Christi

598 4163 791 4236 signati
815 4165 1010 4220 iuerint
1041 4164 1148 4238 (5).
1182 4183 1202 4215 ι

669 4255 758 4313 VI.
795 4256 1024 4312 Editoris
1063 4257 1368 4312 Oxoniensis
1411 4265 1532 4311 nota
1577 4258 1673 4310 hac
1707 4273 1859 4326 super
1899 4272 1952 4309 re
1991 4255 2189 4325 refelli-

599 4358 700 4404 tur.
733 4382 803 4389 —
828 4349 1242 4404 Observavimus
1281 4350 1392 4419 jam
1439 4349 1492 4402 in
1548 4348 1915 4418 superioribus
1939 4348 2095 4402 tomis
2125 4363 2191 4402 ex

601 4441 874 4496 nonnullis
901 4442 1164 4504 i‘atribus,
1182 4441 1454 4510 prteeipue
1473 4454 1598 4494 vero
1623 4455 1687 4494 ex
1707 4438 2059 4502 Tcrlulliano,
2079 4440 2189 4508 sig-

599 4548 726 4587 num
758 4532 932 4587 crucis
953 4531 1091 4602 apud
1111 4539 1322 4586 veteres
1345 4530 1532 4586 fideles
1558 4530 1994 4601 frequentissimo
2017 4531 2068 4584 in
2095 4546 2193 4584 usu

601 4624 784 4679 fuisse.
817 4622 1138 4680 Oxoniensis
1168 4624 1276 4678 divi
1306 4621 1560 4696 Cypriani
1599 4623 1774 4679 editor
1801 4622 2030 4693 idipsum
2064 4623 2194 4677 fate-

603 4727 710 4785 tur,
741 4726 795 4774 et
824 4718 984 4773 tradit
1010 4718 1062 4772 in
1088 4717 1318 4788 quadam
1347 4727 1470 4772 nota
1505 4719 1555 4773 in
1580 4733 1744 4772 unum
1773 4733 1837 4772 ex
1865 4732 2025 4787 supra
2055 4717 2194 4770 rcci-

605 4811 725 4866 tatis
753 4811 810 4866 S.
848 4811 1088 4866 Doctoris
1119 4809 1484 4866 testimonium
1516 4830 1528 4866 :
1571 4829 1588 4862 ι
1610 4809 1725 4866 Νοιι
1752 4820 1956 4866 tantum
1986 4811 2089 4883 (6);
2115 4811 2194 4866 in-

603 4912 683 4958 ter
719 4902 976 4973 Baptismi
1009 4902 1268 4958 solemnia
1290 4945 1304 4970 ,
1346 4902 1612 4959 frontibus
1652 4904 1827 4959 crucis
1849 4904 2058 4975 signum
2092 4905 2193 4958 im-

601 4993 907 5066 primebant
954 4991 1278 5063 Christiani,
1329 4993 1424 5051 sed
1466 4995 1535 5051 ad
1582 5010 1798 5052 omnem
1849 5012 2192 5068 progressum

673 5179 1064 5252 (l)Cyprian.,
1117 5180 1209 5236 lib.
1258 5179 1322 5232 de
1366 5178 1566 5234 Idolor.
1625 5177 1876 5247 Vanitat.,
1927 5187 2057 5234 tom.
2113 5196 2198 5246 iv,

601 5267 650 5360 ς’
675 5252 1060 5396 ἕῗέέριίθηη
1091 5323 1184 5396 lib.
1206 5323 1274 5396 de
1301 5322 1506 5396 Lapsis,
1531 5338 1580 5378 c.
1607 5321 1711 5378 466
1740 5338 1792 5376 ιι.

602 5403 610 5458 ξ
680 5393 757 5463 (5)
791 5393 958 5458 Idem,
993 5395 1082 5450 lib.
1118 5395 1180 5447 de
1204 5393 1349 5453 Unit.
1377 5394 1597 5462 Ecclus,
1634 5405 1670 5449 ι.
1698 5411 1772 5462 Iv,
1803 5409 1850 5449 c.
1881 5393 2055 5449 514Α.

603 5482 609 5526 ξ
680 5464 758 5532 (Ii)
796 5464 1069 5526 Ezechiel,
1099 5481 1171 5532 ix,
1208 5468 1261 5519 6.

703 5401 757 5463 5)
792 5401 958 5458 Idem,
993 5401 1082 5450 lib.
1118 5401 1180 5447 de
1204 5401 1349 5453 Unit.
1377 5401 1597 5462 Ecclus,
1634 5405 1670 5449 ι.
1698 5411 1772 5462 Iv,
1803 5409 1850 5449 c.
1881 5401 2055 5449 514A.

701 5466 734 5517 4
796 5464 1069 5526 Ezechiel,
1099 5481 1171 5532 ix,
1208 5468 1261 5519 6.

677 5401 758 5606 (ὅ)
797 5536 1066 5607 Cyprian.
1097 5578 1110 5600 ,
1155 5544 1365 5589 tractat.
1433 5536 1548 5590 adu.
1599 5536 1955 5599 Demetrium,
2015 5545 2051 5592 t.
2119 5553 2199 5606 tv,

605 5622 654 5662 c.
851 5623 912 5672 B;
945 5615 998 5661 et
1056 5607 1434 5675 Testimonior.,
1479 5607 1596 5676 lib.,
1647 5624 1704 5676 ιι,
1747 5623 1864 5678 cap.
1910 5609 2003 5676 ‘2‘2,
2051 5619 2088 5664 ι.
2122 5628 2204 5679 ιν,

955 5751 1264 5808 Bremensis
1283 5727 1438 5808 Joan.
1457 5751 1590 5808 Feili
1607 5748 1778 5805 Oxon.
1796 5753 2036 5824 episcop.
2049 5793 2063 5820 ,
2081 5766 2202 5823 pag.

2291 466 2450 528 atque
2477 466 2810 530 promotum,
2844 458 2909 514 ad
2936 473 3148 516 omnem
3195 461 3397 518 aditum
3446 472 3497 518 et
3536 465 3767 531 exitum,
3813 467 3878 522 ad

2295 550 2543 604 vestitum
2585 560 2638 604 et
2667 550 2998 616 calceatum,
3032 549 3096 606 ad
3126 550 3359 620 lavacra,
3393 553 3460 609 ad
3509 571 3724 611 mensas
3750 598 3763 623 ,
3815 559 3878 612 ad

2292 641 2495 706 limina,
2525 642 2589 696 ad
2619 642 2831 706 cubilia,
2862 642 2926 696 ad
2975 643 3183 710 sedilia,
3210 661 3548 716 quacumque
3587 647 3710 702 illos
3746 664 3879 703 con-

2291 734 2524 789 versatio
2552 744 2788 801 exercet,
2819 734 3051 789 frontem
3079 735 3269 793 Crucis
3285 739 3561 808 signaculo
3579 742 3874 796 terebant.»

2293 826 2492 881 Verum
2522 826 2703 881 subdit
2732 827 3015 897 episcopus
3046 829 3146 884 iste
3167 871 3180 895 ,
3210 832 3300 899 qui
3336 833 3475 887 inter
3514 833 3881 891 Prolcstantes

2291 919 2433 976 haud
2457 920 2704 976 ultimum
2736 921 2912 977 locum
2944 921 3124 990 habet,
3159 925 3299 994 quod
3331 927 3564 982 nondum
3589 929 3764 983 cultus
3793 947 3884 985 re-

2291 1011 2510 1082 ligiosus
2546 1012 2902 1082 praestabatur
2936 1011 3096 1070 Cruci
3127 1032 3140 1070 :
3179 1033 3196 1066 ι
3231 1015 3449 1072 Interim
3467 1019 3643 1074 cultus
3671 1022 3885 1092 religio-

2290 1121 2382 1161 sus
2403 1106 2616 1161 aberat:
2642 1125 2659 1160 ι
2683 1107 2926 1176 hancque
2950 1107 3238 1163 falsitatem
3261 1118 3314 1164 ut
3337 1112 3673 1181 comprobet,
3698 1129 3886 1184 quem-

2291 1197 2413 1254 dam
2437 1198 2642 1271 profert
2671 1208 2880 1254 textum
2922 1200 3138 1256 Minucii
3175 1201 3471 1276 Felicis,,in
3501 1219 3605 1273 quo
3633 1204 3886 1262 Octavius

2292 1290 2542 1348 observat
2580 1302 2631 1347 et
2675 1294 2870 1349 asserit
2909 1290 3243 1349 Christianos
3284 1310 3618 1367 nequaquam
3658 1298 3886 1355 adorare

2291 1382 2515 1439 Crucem
2559 1404 2572 1439 :
2613 1403 2630 1437 ‹
2660 1383 2862 1441 Cruces
2903 1402 3005 1440 nec
3049 1386 3296 1444 colimus.
3335 1407 3354 1442 ›
3390 1390 3560 1456 Quem
3602 1405 3733 1445 sane
3765 1399 3888 1445 tex-

2295 1485 2402 1530 tum
2435 1491 2532 1532 suo
2563 1477 2683 1532 loco
2727 1478 2920 1547 protuli
2955 1489 3006 1534 et
3040 1479 3334 1550 explicavi,
3376 1481 3592 1552 iiiicque
3629 1483 3889 1538 lectorem

2291 1570 2509 1624 remitto
2541 1567 2636 1640 (i).
2677 1567 2851 1624 Unum
2877 1570 3222 1626 Solummodo
3253 1571 3339 1626 hic
3365 1571 3558 1627 addam
3579 1615 3593 1639 ,
3624 1589 3780 1628 usum
3810 1575 3890 1629 vi-

2291 1656 2489 1713 delicet
2514 1657 2740 1727 alicujus
2772 1658 2848 1712 rei
2885 1659 2936 1712 in
2964 1673 3304 1730 quocumque
3335 1663 3612 1732 religionis
3636 1674 3757 1719 actu
3787 1666 3891 1735 sig-

2292 1765 2417 1805 num
2450 1765 2590 1816 esse,
2620 1765 2726 1821 quo
2749 1750 2923 1820 majus
2950 1767 3054 1806 non
3088 1751 3246 1806 datur
3271 1753 3415 1808 aliud
3448 1755 3684 1824 religiosi
3715 1759 3891 1813 cultus

2291 1858 2415 1914 erga
2440 1859 2552 1900 rem
2580 1843 2848 1900 eamdem.
2871 1844 2969 1900 Ast
2990 1844 3312 1902 Oxonieusis
3335 1847 3623 1917 episcopus
3641 1891 3654 1915 ,
3675 1849 3890 1905 Tertul-

2293 1929 2417 1989 liani
2451 1937 2773 1993 auctoritate
2804 1947 3044 2001 coactus,
3087 1937 3303 2000 fatetur,
3330 1937 3670 1996 Christianos
3703 1943 3889 2010 primis

2293 2027 2556 2082 Ecclesia:
2577 2028 2789 2083 saeculis
2815 2029 2866 2083 id
2895 2030 3198 2099 peregisse:
3219 2027 3482 2085 Catholici
3502 2045 3630 2101 ergo
3645 2031 3696 2084 in
3719 2032 3886 2102 cultu,

2292 2136 2452 2190 quem
2484 2131 2745 2189 przcstant
2771 2121 2958 2187 Cruci,
2991 2121 3274 2176 beatorum
3323 2121 3537 2178 illorum
3587 2132 3888 2194 temporum

2291 2213 2500 2281 praxim
2529 2212 2688 2268 hodie
2711 2224 3028 2282 sequuntur.

2366 2301 2475 2357 νιι.
2519 2303 2614 2358 Sat
2651 2306 2701 2357 in
2737 2321 2823 2358 ore
2856 2320 3030 2358 eorum
3062 2305 3147 2375 qui
3178 2302 3589 2376 baptizabantur.
3615 2337 3684 2350 -
3711 2308 3888 2364 (liere-

2294 2398 2594 2452 moniarum
2639 2397 2894 2466 Baptismi
2941 2414 3042 2453 una
3089 2399 3294 2470 pariter
3321 2409 3424 2466 est,
3455 2400 3595 2471 quod
3629 2402 3708 2456 sal
3735 2403 3888 2472 poni-

2295 2498 2384 2543 tur
2426 2489 2476 2543 in
2510 2504 2624 2555 ore,
2660 2500 2750 2544 aut
2781 2505 2943 2560 super
2987 2490 3166 2560 lingua
3224 2491 3365 2546 illius
3405 2491 3884 2562 qui-baptizatur;

2292 2582 2528 2654 dumque
2556 2583 2606 2638 id
2632 2585 2836 2656 peragit
2874 2585 3120 2640 minister
3152 2584 3266 2640 haec
3292 2585 3496 2656 profert
3516 2589 3676 2642 verba
3706 2606 3717 2642 :
3748 2588 3885 2642 «Ac-

2293 2679 2414 2750 cipe
2445 2679 2612 2734 saiem
2641 2679 2940 2748 sapientiae,
2973 2688 3076 2735 etc.
3106 2697 3125 2731 ι
3176 2679 3289 2748 Ego
3329 2688 3506 2733 autem
3537 2695 3684 2746 reor,
3715 2681 3886 2750 inquit

2295 2773 2362 2828 cl.
2399 2772 2707 2828 Bernardus
2736 2771 3022 2827 Mareehall
3047 2779 3229 2826 noster
3254 2770 3353 2844 (2),
3396 2771 3533 2826 hanc
3561 2773 3765 2842 praxim
3795 2772 3887 2827 de-

2296 2865 2494 2934 signari
2527 2865 2576 2918 in
2607 2863 2962 2919 celeberrimo
2984 2863 3212 2918 concilio
3232 2862 3663 2933 Carthaginiensi,
3687 2863 3752 2918 de
3779 2880 3886 2932 quo

2295 2957 2543 3026 superius
2576 2954 2736 3011 verba
2773 2956 2903 3021 feci;
2937 2956 2987 3010 in
3019 2970 3085 3010 eo
3113 2955 3380 3025 siquidem
3422 2956 3620 3010 Lucius
3664 2953 3731 3009 de
3757 2955 3886 3010 Cas-

2297 3048 2540 3118 trogaiba
2561 3092 2574 3114 ,
2603 3057 2660 3103 ut
2689 3049 2879 3120 probet
2907 3047 3282 3103 schismaticos
3315 3048 3550 3118 legitime
3579 3064 3686 3102 non
3714 3049 3886 3117 bapti-

2295 3157 2438 3210 zare,
2463 3156 2556 3196 eos
2583 3140 2654 3194 ait
2682 3158 2786 3194 non
2825 3154 2982 3210 posse
3011 3140 3139 3194 dare
3163 3140 3330 3194 salem
3360 3141 3638 3210 sapientiae
3669 3140 3886 3210 spirita-

2297 3234 2362 3288 lis
2391 3252 2402 3288 :
2444 3252 2462 3284 ι
2492 3232 2875 3290 Schismaticos
2908 3250 3012 3287 non
3048 3247 3205 3302 posse
3231 3232 3451 3288 condire
3491 3233 3750 3304 sapientia
3781 3233 3888 3303 Spi-

2295 3329 2472 3384 rituali
2501 3370 2514 3395 ,
2564 3345 2684 3384 cum
2728 3329 2826 3398 ipsi
2854 3331 2920 3384 ab
2949 3329 3189 3385 Ecclesia
3231 3329 3545 3386 recedentes
3574 3330 3884 3386 infatuati...

2298 3423 2419 3476 facti
2451 3422 2559 3477 sint
2587 3420 2668 3493 (5)
2696 3441 2714 3473 ι
2742 3421 2946 3489 Quibus
2972 3437 3100 3477 sane
3129 3422 3304 3477 verbis
3348 3423 3651 3492 respexisse
3681 3424 3890 3477 videtur

2299 3525 2408 3568 tum
2433 3513 2808 3568 cwremoniam
2833 3514 2901 3567 de
2920 3529 3023 3582 qua
3050 3529 3230 3568 sermo
3257 3525 3361 3582 est,
3394 3524 3503 3568 tum
3537 3514 3650 3568 hsce
3679 3515 3838 3568 verba
3873 3533 3884 3568 :

2303 3625 2321 3656 ε
2353 3606 2552 3676 Accipe
2579 3607 2747 3661 salem
2777 3607 3074 3676 sapientiai.
3115 3627 3133 3657 ι

2370 3697 2505 3755 Vill.
2535 3699 2967 3772 Interrogationes
3008 3700 3061 3754 in
3092 3699 3378 3770 Baptismo.
3422 3729 3492 3741 —
3518 3702 3558 3754 Α
3603 3700 3891 3771 neopliytis

2296 3798 2605 3868 priusquam
2635 3797 2684 3850 in
2721 3811 2856 3866 aqua
2889 3797 3367 3866 immergerentur,
3401 3796 3776 3867 inquirebatur
3807 3798 3890 3851 in-

2299 3899 2380 3944 ter
2401 3898 2618 3957 caetera,
2648 3905 2773 3944 num
2800 3889 3085 3944 crederent
3115 3890 3276 3944 vitam
3307 3899 3585 3957 aeternam,
3621 3900 3676 3946 et
3705 3892 3891 3946 remis-

2298 3981 2505 4038 sionem
2537 3991 2879 4052 peccatorum
2911 3997 3002 4051 per
3032 3992 3272 4037 sanctam
3306 3980 3626 4036 Ecclesium.
3659 3982 3778 4052 ipse
3811 3983 3893 4036 di-

2299 4090 2396 4132 vus
2417 4074 2714 4148 Cyprianus
2737 4074 3217 4130 lnculentissimum
3241 4075 3308 4129 de
3329 4074 3427 4129 bac
3446 4090 3506 4129 re
3527 4074 3891 4130 testimonium

2301 4168 2548 4240 perhibet
2575 4168 2813 4239 Epistola
2848 4182 2990 4230 inx,
3009 4167 3315 4236 energicam
3335 4164 3569 4236 praefata:
3587 4166 3892 4234 interroga-

2304 4260 2463 4314 tionis
2502 4260 2608 4313 vim
2654 4258 2917 4314 adhibens
2946 4299 2961 4324 ,
3010 4268 3067 4314 ut
3117 4257 3368 4313 ostendat
3412 4257 3892 4328 interrogationem

2302 4356 2442 4411 hanc
2465 4370 2569 4410 non
2590 4369 2748 4424 posse
2771 4354 2966 4409 abillis
3002 4353 3116 4408 fieri
3153 4352 3243 4422 qui
3275 4352 3343 4408 ab
3367 4351 3625 4407 Ecclesia:
3651 4367 3895 4410 commu-

2303 4449 2465 4502 nione
2494 4456 2619 4500 sunt
2642 4445 2872 4516 separati
2901 4463 2911 4497 :
2936 4463 2953 4496 ‹
2985 4443 3117 4498 Nam
3141 4457 3263 4498 cum
3279 4443 3464 4498 dicunt
3489 4461 3507 4496 ι
3538 4444 3621 4515 (S.
3641 4441 3894 4515 Cypriani

2305 4539 2569 4609 ipsissima
2598 4546 2724 4593 sunt
2753 4538 2937 4605 verba,
2969 4537 3056 4609 qui
3085 4535 3154 4592 de
3194 4536 3462 4592 iliL‘l'ellCiS
3492 4548 3548 4592 et
3587 4536 3895 4592 schismati-

2303 4633 2379 4689 cis
2417 4631 2674 4704 loquitur)
2707 4651 2719 4686 ε
2751 4652 2770 4685 ι
2803 4629 2994 4689 Credis
3036 4630 3408 4686 remissionem
3453 4638 3794 4699 peccatorum
3843 4637 3899 4684 et

2305 4727 2468 4782 vitam
2495 4735 2754 4782 aeternam
2800 4741 2897 4796 per
2926 4732 3166 4780 sanctam
3202 4721 3535 4778 Ecclesiam?
3566 4721 3900 4776 mentiuntur

2306 4818 2359 4875 in
2378 4820 2818 4890 interrogatione,
2838 4816 3052 4889 quando
3070 4832 3176 4872 non
3193 4815 3424 4871 habeant
3441 4813 3736 4869 Ecclesium
3758 4812 3856 4885 (4).
3871 4829 3890 4863 ι

2306 4912 2476 4983 Hujus
2498 4911 2738 4983 ejusdem
2765 4907 3170 4966 consuetudinis
3186 4907 3311 4962 alibi
3337 4905 3578 4962 meminit
3612 4905 3757 4960 hisce
3780 4919 3897 4959 ver-

2305 5006 2427 5062 bis:
2466 5024 2484 5058 ‹
2520 5004 2639 5073 ipsa
2668 5002 3012 5073 interrogatio
3040 5016 3160 5071 qua:
3199 4999 3259 5054 fit
3293 4999 3346 5053 in
3392 4997 3705 5066 Baptismo,
3749 4997 3900 5052 testis

2309 5108 2390 5153 est
2414 5097 2574 5168 hujus
2603 5096 2845 5152 veritatis
2873 5093 3040 5167 (quod
3080 5095 3194 5148 sola
3238 5093 3475 5148 Ecclesia
3512 5093 3738 5148 remittit
3773 5106 3900 5162 pec-

2307 5190 2450 5263 cata)
2474 5209 2484 5244 :
2512 5205 2657 5255 nam,
2686 5203 2807 5244 cum
2830 5187 3056 5242 dicimus
3082 5203 3093 5239 :
3119 5184 3309 5241 Credis
3336 5183 3391 5240 in
3417 5183 3583 5241 vitam
3599 5194 3857 5241 aeternam
3882 5225 3898 5252 ,

2383 5391 2458 5467 (i)
2484 5391 2556 5467 _D.
2582 5391 2834 5467 Lumper,
2855 5387 3136 5467 Historiam
3160 5385 3407 5467 Tftfofeg.
3437 5384 3610 5440 Critic.
3642 5392 3781 5454 part.
3803 5399 3899 5452 vn,
3985 5413 3994 5416 -

2311 5459 2448 5521 seet.
2477 5464 2533 5529 Ξ,
2558 5478 2675 5532 cap.
2708 5462 2764 5526 2,
2793 5472 2895 5532 art.
2923 5462 2974 5528 7,
3005 5474 3126 5532 pag.
3156 5459 3421 5532 liis-[Sit

2386 5525 2814 5610 (2)_Mar_e_chall.
2845 5525 3108 5610 Concord:
3145 5529 3248 5586 SS.
3293 5528 3412 5583 PP.
3454 5537 3489 5582 ι.
3525 5541 3582 5591 ιι,
3621 5539 3742 5596 pag.
3773 5525 3899 5594 liii,

2314 5605 2452 5664 edit.
2469 5607 2586 5661 Lat.
2623 5605 2808 5659 Venet.
2840 5605 2996 5659 1767.

2387 5678 2463 5752 (5)
2497 5676 2674 5733 Concil
2701 5677 3000 5746 (.‘nrtlmgiu.
3035 5691 3126 5741 vn,
3169 5687 3260 5728 seu
3293 5686 3349 5726 ιιι
3381 5670 3442 5726 de
3468 5667 3707 5740 Bapt.,t.
3743 5684 3820 5735 ιιι,
3850 5684 3901 5724 c.

2313 5752 2453 5808 1058
2484 5765 2533 5803 B.

2315 5889 2324 5896 ξ
2389 5819 2465 5894 (λι)
2495 5820 2752 5892 Cyprian.
2780 5818 2880 5890 Ep.
2909 5832 3078 5896 inx._
