  <div class='ocr_page' id='page_1' title='image "/cluster/home/n/w/nwhite01/storage/ocr_20150623/3/hvd.32044054086798/020.png"; bbox 0 0 4242 6270; ppageno 0'>
   <div class='ocr_carea' id='block_1_1' title="bbox 341 377 434 418">
    <p class='ocr_par' dir='ltr' id='par_1_1' title="bbox 341 377 434 418">
     <span class='ocr_line' id='line_1_1' title="bbox 341 377 434 418; baseline -0.032 0"><span class='ocrx_word' id='word_1_1' title='bbox 341 377 434 418; x_wconf 70' lang='lat' dir='ltr'><strong>XXI</strong></span> 
     </span>
    </p>
   </div>
   <div class='ocr_carea' id='block_1_2' title="bbox 343 469 1934 544">
    <p class='ocr_par' dir='ltr' id='par_1_2' title="bbox 343 469 1934 544">
     <span class='ocr_line' id='line_1_2' title="bbox 343 469 1934 544; baseline -0.003 -13"><span class='ocrx_word' id='word_1_2' title='bbox 343 483 397 531; x_wconf 89' lang='lat' dir='ltr'><strong>et</strong></span> <span class='ocrx_word' id='word_1_3' title='bbox 423 469 796 530; x_wconf 81' lang='lat' dir='ltr'><strong>remissionem</strong></span> <span class='ocrx_word' id='word_1_4' title='bbox 822 478 1164 544; x_wconf 74' lang='lat' dir='ltr'><strong>peccatorum</strong></span> <span class='ocrx_word' id='word_1_5' title='bbox 1191 472 1404 529; x_wconf 85' lang='lat' dir='ltr'><strong>nonnisi</strong></span> <span class='ocrx_word' id='word_1_6' title='bbox 1449 473 1501 529; x_wconf 92' lang='lat' dir='ltr'><strong>in</strong></span> <span class='ocrx_word' id='word_1_7' title='bbox 1527 471 1768 528; x_wconf 85' lang='lat' dir='ltr'><strong>Ecclesia</strong></span> <span class='ocrx_word' id='word_1_8' title='bbox 1795 471 1934 539; x_wconf 86' lang='lat' dir='ltr'><strong>dari,</strong></span> 
     </span>
    </p>
   </div>
   <div class='ocr_carea' id='block_1_3' title="bbox 343 561 1940 638">
    <p class='ocr_par' dir='ltr' id='par_1_3' title="bbox 343 561 1940 638">
     <span class='ocr_line' id='line_1_3' title="bbox 343 561 1940 638; baseline -0.003 -14"><span class='ocrx_word' id='word_1_9' title='bbox 343 565 483 638; x_wconf 91' lang='lat' dir='ltr'><strong>apud</strong></span> <span class='ocrx_word' id='word_1_10' title='bbox 512 561 800 620; x_wconf 66' lang='lat' dir='ltr'><strong>haereticos</strong></span> <span class='ocrx_word' id='word_1_11' title='bbox 829 572 1009 620; x_wconf 89' lang='lat' dir='ltr'><strong>autem</strong></span> <span class='ocrx_word' id='word_1_12' title='bbox 1035 605 1050 630; x_wconf 86' lang='lat'><strong>,</strong></span> <span class='ocrx_word' id='word_1_13' title='bbox 1093 563 1182 620; x_wconf 91' lang='lat' dir='ltr'><strong>ubi</strong></span> <span class='ocrx_word' id='word_1_14' title='bbox 1234 563 1467 622; x_wconf 83' lang='lat' dir='ltr'><strong>Ecclesia</strong></span> <span class='ocrx_word' id='word_1_15' title='bbox 1519 580 1626 620; x_wconf 91' lang='lat' dir='ltr'><strong>non</strong></span> <span class='ocrx_word' id='word_1_16' title='bbox 1674 565 1778 628; x_wconf 82' lang='lat' dir='ltr'><strong>sit.</strong></span> <span class='ocrx_word' id='word_1_17' title='bbox 1831 579 1940 620; x_wconf 91' lang='lat' dir='ltr'><strong>non</strong></span> 
     </span>
    </p>
   </div>
   <div class='ocr_carea' id='block_1_4' title="bbox 343 656 1192 734">
    <p class='ocr_par' dir='ltr' id='par_1_4' title="bbox 343 656 1192 734">
     <span class='ocr_line' id='line_1_4' title="bbox 343 656 1192 734; baseline -0.011 -15"><span class='ocrx_word' id='word_1_18' title='bbox 343 676 507 734; x_wconf 85' lang='lat' dir='ltr'><strong>posse</strong></span> <span class='ocrx_word' id='word_1_19' title='bbox 534 666 752 733; x_wconf 88' lang='lat' dir='ltr'><strong>peccata</strong></span> <span class='ocrx_word' id='word_1_20' title='bbox 783 656 980 714; x_wconf 89' lang='lat' dir='ltr'><strong>dimitti</strong></span> <span class='ocrx_word' id='word_1_21' title='bbox 1010 656 1137 730; x_wconf 84' lang='lat' dir='ltr'>(I)?</span> <span class='ocrx_word' id='word_1_22' title='bbox 1173 675 1192 710; x_wconf 73' lang='grc' dir='ltr'><strong>ι</strong></span> 
     </span>
    </p>
   </div>
   <div class='ocr_carea' id='block_1_5' title="bbox 415 750 1935 823">
    <p class='ocr_par' dir='ltr' id='par_1_5' title="bbox 415 750 1935 823">
     <span class='ocr_line' id='line_1_5' title="bbox 415 750 1935 823; baseline -0.004 -12"><span class='ocrx_word' id='word_1_23' title='bbox 415 753 509 811; x_wconf 82' lang='lat' dir='ltr'><strong>IX.</strong></span> <span class='ocrx_word' id='word_1_24' title='bbox 544 751 930 809; x_wconf 84' lang='lat' dir='ltr'><strong>Abrenuntialio</strong></span> <span class='ocrx_word' id='word_1_25' title='bbox 952 751 1161 819; x_wconf 75' lang='lat' dir='ltr'><strong>swculo,</strong></span> <span class='ocrx_word' id='word_1_26' title='bbox 1180 753 1385 823; x_wconf 74' lang='lat' dir='ltr'><strong>ejusque</strong></span> <span class='ocrx_word' id='word_1_27' title='bbox 1407 751 1601 806; x_wconf 77' lang='lat' dir='ltr'><strong>deliciis</strong></span> <span class='ocrx_word' id='word_1_28' title='bbox 1627 767 1688 805; x_wconf 86' lang='lat' dir='ltr'><strong>ac</strong></span> <span class='ocrx_word' id='word_1_29' title='bbox 1715 750 1935 822; x_wconf 74' lang='lat' dir='ltr'><strong>pompis.</strong></span> 
     </span>
    </p>
   </div>
   <div class='ocr_carea' id='block_1_6' title="bbox 341 841 1942 915">
    <p class='ocr_par' dir='ltr' id='par_1_6' title="bbox 341 841 1942 915">
     <span class='ocr_line' id='line_1_6' title="bbox 341 841 1942 915; baseline -0.002 -15"><span class='ocrx_word' id='word_1_30' title='bbox 341 878 412 889; x_wconf 88' lang='lat'><strong>——</strong></span> <span class='ocrx_word' id='word_1_31' title='bbox 438 841 577 900; x_wconf 89' lang='lat' dir='ltr'><strong>Illud</strong></span> <span class='ocrx_word' id='word_1_32' title='bbox 629 842 830 915; x_wconf 89' lang='lat' dir='ltr'><strong>pariter</strong></span> <span class='ocrx_word' id='word_1_33' title='bbox 861 841 1176 913; x_wconf 79' lang='lat' dir='ltr'><strong>exigebatur</strong></span> <span class='ocrx_word' id='word_1_34' title='bbox 1200 856 1230 896; x_wconf 90' lang='lat' dir='ltr'><strong>a</strong></span> <span class='ocrx_word' id='word_1_35' title='bbox 1257 841 1564 914; x_wconf 85' lang='lat' dir='ltr'><strong>ncophytis,</strong></span> <span class='ocrx_word' id='word_1_36' title='bbox 1597 852 1650 896; x_wconf 94' lang='lat' dir='ltr'><strong>ut</strong></span> <span class='ocrx_word' id='word_1_37' title='bbox 1675 841 1942 896; x_wconf 90' lang='lat' dir='ltr'><strong>abrenun-</strong></span> 
     </span>
    </p>
   </div>
   <div class='ocr_carea' id='block_1_7' title="bbox 341 935 1934 1008">
    <p class='ocr_par' dir='ltr' id='par_1_7' title="bbox 341 935 1934 1008">
     <span class='ocr_line' id='line_1_7' title="bbox 341 935 1934 1008; baseline -0.008 -11"><span class='ocrx_word' id='word_1_38' title='bbox 341 939 539 997; x_wconf 90' lang='lat' dir='ltr'><strong>tiareut</strong></span> <span class='ocrx_word' id='word_1_39' title='bbox 577 935 826 1004; x_wconf 84' lang='lat' dir='ltr'><strong>diabolo,</strong></span> <span class='ocrx_word' id='word_1_40' title='bbox 868 935 1071 991; x_wconf 92' lang='lat' dir='ltr'><strong>mundo</strong></span> <span class='ocrx_word' id='word_1_41' title='bbox 1111 935 1331 1008; x_wconf 90' lang='lat' dir='ltr'><strong>ejusque</strong></span> <span class='ocrx_word' id='word_1_42' title='bbox 1372 937 1578 992; x_wconf 81' lang='lat' dir='ltr'><strong>deliciis</strong></span> <span class='ocrx_word' id='word_1_43' title='bbox 1609 952 1672 992; x_wconf 89' lang='lat' dir='ltr'><strong>ac</strong></span> <span class='ocrx_word' id='word_1_44' title='bbox 1709 937 1934 1008; x_wconf 82' lang='lat' dir='ltr'><strong>pompis.</strong></span> 
     </span>
    </p>
   </div>
   <div class='ocr_carea' id='block_1_8' title="bbox 342 1028 1938 1101">
    <p class='ocr_par' dir='ltr' id='par_1_8' title="bbox 342 1028 1938 1101">
     <span class='ocr_line' id='line_1_8' title="bbox 342 1028 1938 1101; baseline -0.005 -11"><span class='ocrx_word' id='word_1_45' title='bbox 342 1034 611 1090; x_wconf 80' lang='lat' dir='ltr'><strong>Probatur</strong></span> <span class='ocrx_word' id='word_1_46' title='bbox 641 1029 693 1085; x_wconf 90' lang='lat' dir='ltr'><strong>id</strong></span> <span class='ocrx_word' id='word_1_47' title='bbox 725 1029 1154 1086; x_wconf 90' lang='lat' dir='ltr'><strong>luculentissime</strong></span> <span class='ocrx_word' id='word_1_48' title='bbox 1181 1028 1498 1084; x_wconf 85' lang='lat' dir='ltr'><strong>auctoritate</strong></span> <span class='ocrx_word' id='word_1_49' title='bbox 1524 1028 1630 1084; x_wconf 90' lang='lat' dir='ltr'><strong>divi</strong></span> <span class='ocrx_word' id='word_1_50' title='bbox 1661 1028 1938 1101; x_wconf 87' lang='lat' dir='ltr'><strong>Cypriani,</strong></span> 
     </span>
    </p>
   </div>
   <div class='ocr_carea' id='block_1_9' title="bbox 344 1119 1942 1198">
    <p class='ocr_par' dir='ltr' id='par_1_9' title="bbox 344 1119 1942 1198">
     <span class='ocr_line' id='line_1_9' title="bbox 344 1119 1942 1198; baseline -0.003 -17"><span class='ocrx_word' id='word_1_51' title='bbox 344 1123 441 1198; x_wconf 87' lang='lat' dir='ltr'><strong>qui</strong></span> <span class='ocrx_word' id='word_1_52' title='bbox 469 1125 522 1180; x_wconf 89' lang='lat' dir='ltr'><strong>in</strong></span> <span class='ocrx_word' id='word_1_53' title='bbox 559 1130 786 1178; x_wconf 90' lang='lat' dir='ltr'><strong>tractatu</strong></span> <span class='ocrx_word' id='word_1_54' title='bbox 815 1122 884 1176; x_wconf 88' lang='lat' dir='ltr'><strong>de</strong></span> <span class='ocrx_word' id='word_1_55' title='bbox 917 1119 1115 1176; x_wconf 83' lang='lat' dir='ltr'><strong>Habitu</strong></span> <span class='ocrx_word' id='word_1_56' title='bbox 1145 1120 1456 1192; x_wconf 81' lang='lat' dir='ltr'><strong>Virginum,</strong></span> <span class='ocrx_word' id='word_1_57' title='bbox 1501 1120 1712 1177; x_wconf 81' lang='lat' dir='ltr'><strong>divitias</strong></span> <span class='ocrx_word' id='word_1_58' title='bbox 1757 1121 1942 1178; x_wconf 90' lang='lat' dir='ltr'><strong>mundi</strong></span> 
     </span>
    </p>
   </div>
   <div class='ocr_carea' id='block_1_10' title="bbox 345 1210 1944 1283">
    <p class='ocr_par' dir='ltr' id='par_1_10' title="bbox 345 1210 1944 1283">
     <span class='ocr_line' id='line_1_10' title="bbox 345 1210 1944 1283; baseline -0.004 -10"><span class='ocrx_word' id='word_1_59' title='bbox 345 1228 453 1273; x_wconf 90' lang='lat' dir='ltr'><strong>tam</strong></span> <span class='ocrx_word' id='word_1_60' title='bbox 485 1212 910 1272; x_wconf 84' lang='lat' dir='ltr'><strong>contemnendas</strong></span> <span class='ocrx_word' id='word_1_61' title='bbox 950 1227 1071 1269; x_wconf 91' lang='lat' dir='ltr'><strong>esse</strong></span> <span class='ocrx_word' id='word_1_62' title='bbox 1114 1213 1314 1283; x_wconf 90' lang='lat' dir='ltr'><strong>inquit,</strong></span> <span class='ocrx_word' id='word_1_63' title='bbox 1357 1228 1516 1283; x_wconf 88' lang='lat' dir='ltr'><strong>quam</strong></span> <span class='ocrx_word' id='word_1_64' title='bbox 1563 1210 1794 1266; x_wconf 87' lang='lat' dir='ltr'><strong>mundus</strong></span> <span class='ocrx_word' id='word_1_65' title='bbox 1831 1212 1944 1282; x_wconf 88' lang='lat' dir='ltr'><strong>ipse</strong></span> 
     </span>
    </p>
   </div>
   <div class='ocr_carea' id='block_1_11' title="bbox 343 1303 1933 1376">
    <p class='ocr_par' dir='ltr' id='par_1_11' title="bbox 343 1303 1933 1376">
     <span class='ocr_line' id='line_1_11' title="bbox 343 1303 1933 1376; baseline -0.004 -11"><span class='ocrx_word' id='word_1_66' title='bbox 343 1308 706 1366; x_wconf 88' lang='lat' dir='ltr'><strong>contemnitur</strong></span> <span class='ocrx_word' id='word_1_67' title='bbox 742 1325 760 1358; x_wconf 76' lang='grc' dir='ltr'><strong>ι</strong></span> <span class='ocrx_word' id='word_1_68' title='bbox 791 1305 946 1376; x_wconf 91' lang='lat' dir='ltr'><strong>cujus</strong></span> <span class='ocrx_word' id='word_1_69' title='bbox 983 1305 1191 1376; x_wconf 90' lang='lat' dir='ltr'><strong>pompis</strong></span> <span class='ocrx_word' id='word_1_70' title='bbox 1231 1315 1284 1360; x_wconf 91' lang='lat' dir='ltr'><strong>et</strong></span> <span class='ocrx_word' id='word_1_71' title='bbox 1323 1304 1532 1360; x_wconf 81' lang='lat' dir='ltr'><strong>deliciis</strong></span> <span class='ocrx_word' id='word_1_72' title='bbox 1556 1303 1664 1374; x_wconf 90' lang='lat' dir='ltr'><strong>jam</strong></span> <span class='ocrx_word' id='word_1_73' title='bbox 1699 1313 1824 1358; x_wconf 91' lang='lat' dir='ltr'><strong>tunc</strong></span> <span class='ocrx_word' id='word_1_74' title='bbox 1855 1319 1933 1358; x_wconf 90' lang='lat' dir='ltr'><strong>re-</strong></span> 
     </span>
    </p>
   </div>
   <div class='ocr_carea' id='block_1_12' title="bbox 346 1396 1941 1471">
    <p class='ocr_par' dir='ltr' id='par_1_12' title="bbox 346 1396 1941 1471">
     <span class='ocr_line' id='line_1_12' title="bbox 346 1396 1941 1471; baseline -0.004 -14"><span class='ocrx_word' id='word_1_75' title='bbox 346 1400 708 1457; x_wconf 85' lang='lat' dir='ltr'><strong>nuntiavimus</strong></span> <span class='ocrx_word' id='word_1_76' title='bbox 735 1397 867 1471; x_wconf 64' lang='lat'>(2).;</span> <span class='ocrx_word' id='word_1_77' title='bbox 909 1416 925 1448; x_wconf 70' lang='grc' dir='ltr'><strong>ε</strong></span> <span class='ocrx_word' id='word_1_78' title='bbox 946 1398 1158 1452; x_wconf 73' lang='lat' dir='ltr'><strong>Steculo</strong></span> <span class='ocrx_word' id='word_1_79' title='bbox 1180 1417 1198 1449; x_wconf 73' lang='grc' dir='ltr'><strong>ι</strong></span> <span class='ocrx_word' id='word_1_80' title='bbox 1236 1396 1407 1469; x_wconf 86' lang='lat' dir='ltr'><strong>inquit</strong></span> <span class='ocrx_word' id='word_1_81' title='bbox 1436 1397 1541 1451; x_wconf 87' lang='lat' dir='ltr'><strong>alio</strong></span> <span class='ocrx_word' id='word_1_82' title='bbox 1573 1397 1689 1452; x_wconf 90' lang='lat' dir='ltr'><strong>loco</strong></span> <span class='ocrx_word' id='word_1_83' title='bbox 1709 1396 1790 1469; x_wconf 88' lang='grc'><strong>(5)</strong></span> <span class='ocrx_word' id='word_1_84' title='bbox 1811 1415 1827 1448; x_wconf 86' lang='grc'><strong>‹</strong></span> <span class='ocrx_word' id='word_1_85' title='bbox 1856 1412 1941 1452; x_wconf 84' lang='lat' dir='ltr'><strong>re-</strong></span> 
     </span>
    </p>
   </div>
   <div class='ocr_carea' id='block_1_13' title="bbox 347 1489 1942 1562">
    <p class='ocr_par' dir='ltr' id='par_1_13' title="bbox 347 1489 1942 1562">
     <span class='ocr_line' id='line_1_13' title="bbox 347 1489 1942 1562; baseline -0.006 -10"><span class='ocrx_word' id='word_1_86' title='bbox 347 1495 807 1561; x_wconf 87' lang='lat' dir='ltr'><strong>nuntiaveramus,</strong></span> <span class='ocrx_word' id='word_1_87' title='bbox 841 1507 962 1547; x_wconf 86' lang='lat' dir='ltr'><strong>eum</strong></span> <span class='ocrx_word' id='word_1_88' title='bbox 987 1491 1237 1562; x_wconf 83' lang='lat' dir='ltr'><strong>baptizati</strong></span> <span class='ocrx_word' id='word_1_89' title='bbox 1262 1506 1466 1546; x_wconf 92' lang='lat' dir='ltr'><strong>sumus.</strong></span> <span class='ocrx_word' id='word_1_90' title='bbox 1492 1509 1510 1544; x_wconf 86' lang='grc'><strong>›</strong></span> <span class='ocrx_word' id='word_1_91' title='bbox 1541 1489 1607 1546; x_wconf 84' lang='lat' dir='ltr'><strong>Et</strong></span> <span class='ocrx_word' id='word_1_92' title='bbox 1629 1491 1680 1545; x_wconf 93' lang='lat' dir='ltr'><strong>in</strong></span> <span class='ocrx_word' id='word_1_93' title='bbox 1716 1498 1942 1544; x_wconf 89' lang='lat' dir='ltr'><strong>tractatu</strong></span> 
     </span>
    </p>
   </div>
   <div class='ocr_carea' id='block_1_14' title="bbox 349 1585 1941 1660">
    <p class='ocr_par' dir='ltr' id='par_1_14' title="bbox 349 1585 1941 1660">
     <span class='ocr_line' id='line_1_14' title="bbox 349 1585 1941 1660; baseline -0.006 -13"><span class='ocrx_word' id='word_1_94' title='bbox 349 1591 422 1647; x_wconf 90' lang='lat' dir='ltr'><strong>de</strong></span> <span class='ocrx_word' id='word_1_95' title='bbox 453 1589 656 1660; x_wconf 86' lang='lat' dir='ltr'><strong>Lapsis,</strong></span> <span class='ocrx_word' id='word_1_96' title='bbox 687 1585 944 1660; x_wconf 88' lang='lat' dir='ltr'><strong>quosdam</strong></span> <span class='ocrx_word' id='word_1_97' title='bbox 977 1585 1308 1641; x_wconf 88' lang='lat' dir='ltr'><strong>Christianos</strong></span> <span class='ocrx_word' id='word_1_98' title='bbox 1341 1596 1446 1640; x_wconf 91' lang='lat' dir='ltr'><strong>tam</strong></span> <span class='ocrx_word' id='word_1_99' title='bbox 1476 1599 1758 1654; x_wconf 85' lang='lat' dir='ltr'><strong>perversos</strong></span> <span class='ocrx_word' id='word_1_100' title='bbox 1787 1585 1941 1638; x_wconf 74' lang='lat' dir='ltr'><strong>adin~</strong></span> 
     </span>
    </p>
   </div>
   <div class='ocr_carea' id='block_1_15' title="bbox 347 1675 1943 1748">
    <p class='ocr_par' dir='ltr' id='par_1_15' title="bbox 347 1675 1943 1748">
     <span class='ocr_line' id='line_1_15' title="bbox 347 1675 1943 1748; baseline -0.006 -8"><span class='ocrx_word' id='word_1_101' title='bbox 347 1694 542 1740; x_wconf 78' lang='lat' dir='ltr'><strong>ventos</strong></span> <span class='ocrx_word' id='word_1_102' title='bbox 567 1679 729 1736; x_wconf 89' lang='lat' dir='ltr'><strong>fuisse</strong></span> <span class='ocrx_word' id='word_1_103' title='bbox 761 1675 1072 1744; x_wconf 85' lang='lat' dir='ltr'><strong>admiratur,</strong></span> <span class='ocrx_word' id='word_1_104' title='bbox 1101 1678 1191 1748; x_wconf 88' lang='lat' dir='ltr'><strong>qui</strong></span> <span class='ocrx_word' id='word_1_105' title='bbox 1218 1677 1332 1732; x_wconf 89' lang='lat' dir='ltr'><strong>ausi</strong></span> <span class='ocrx_word' id='word_1_106' title='bbox 1357 1676 1462 1731; x_wconf 91' lang='lat' dir='ltr'><strong>sint</strong></span> <span class='ocrx_word' id='word_1_107' title='bbox 1492 1677 1802 1731; x_wconf 90' lang='lat' dir='ltr'><strong>renuntiare</strong></span> <span class='ocrx_word' id='word_1_108' title='bbox 1817 1675 1943 1732; x_wconf 85' lang='lat' dir='ltr'><strong>Jesu</strong></span> 
     </span>
    </p>
   </div>
   <div class='ocr_carea' id='block_1_16' title="bbox 347 1769 1939 1845">
    <p class='ocr_par' dir='ltr' id='par_1_16' title="bbox 347 1769 1939 1845">
     <span class='ocr_line' id='line_1_16' title="bbox 347 1769 1939 1845; baseline -0.004 -15"><span class='ocrx_word' id='word_1_109' title='bbox 347 1774 595 1841; x_wconf 83' lang='lat' dir='ltr'><strong>Christo,</strong></span> <span class='ocrx_word' id='word_1_110' title='bbox 626 1773 714 1845; x_wconf 89' lang='lat' dir='ltr'><strong>qui</strong></span> <span class='ocrx_word' id='word_1_111' title='bbox 738 1775 847 1845; x_wconf 85' lang='lat' dir='ltr'><strong>jam</strong></span> <span class='ocrx_word' id='word_1_112' title='bbox 876 1769 1094 1828; x_wconf 84' lang='lat' dir='ltr'><strong>diabolo</strong></span> <span class='ocrx_word' id='word_1_113' title='bbox 1122 1780 1176 1827; x_wconf 89' lang='lat' dir='ltr'><strong>et</strong></span> <span class='ocrx_word' id='word_1_114' title='bbox 1221 1771 1418 1827; x_wconf 72' lang='lat' dir='ltr'><strong>sazculo</strong></span> <span class='ocrx_word' id='word_1_115' title='bbox 1459 1770 1706 1826; x_wconf 89' lang='lat' dir='ltr'><strong>renuntia</strong></span> <span class='ocrx_word' id='word_1_116' title='bbox 1731 1777 1939 1824; x_wconf 86' lang='lat' dir='ltr'><strong>verant.</strong></span> 
     </span>
    </p>
   </div>
   <div class='ocr_carea' id='block_1_17' title="bbox 351 1859 1945 1935">
    <p class='ocr_par' dir='ltr' id='par_1_17' title="bbox 351 1859 1945 1935">
     <span class='ocr_line' id='line_1_17' title="bbox 351 1859 1945 1935; baseline -0.003 -16"><span class='ocrx_word' id='word_1_117' title='bbox 351 1885 370 1919; x_wconf 76' lang='grc' dir='ltr'>σ</span> <span class='ocrx_word' id='word_1_118' title='bbox 402 1867 580 1932; x_wconf 89' lang='lat' dir='ltr'><strong>Stare,</strong></span> <span class='ocrx_word' id='word_1_119' title='bbox 620 1885 638 1916; x_wconf 80' lang='grc' dir='ltr'><strong>ι</strong></span> <span class='ocrx_word' id='word_1_120' title='bbox 675 1863 851 1935; x_wconf 87' lang='lat' dir='ltr'><strong>inquit</strong></span> <span class='ocrx_word' id='word_1_121' title='bbox 879 1871 1098 1918; x_wconf 90' lang='lat' dir='ltr'><strong>sanctus</strong></span> <span class='ocrx_word' id='word_1_122' title='bbox 1126 1863 1324 1917; x_wconf 92' lang='lat' dir='ltr'><strong>Doctor</strong></span> <span class='ocrx_word' id='word_1_123' title='bbox 1346 1860 1449 1932; x_wconf 77' lang='grc'>(4),</span> <span class='ocrx_word' id='word_1_124' title='bbox 1481 1880 1498 1912; x_wconf 74' lang='grc' dir='ltr'><strong>ι</strong></span> <span class='ocrx_word' id='word_1_125' title='bbox 1530 1859 1637 1914; x_wconf 92' lang='lat' dir='ltr'><strong>illic</strong></span> <span class='ocrx_word' id='word_1_126' title='bbox 1659 1859 1828 1930; x_wconf 90' lang='lat' dir='ltr'><strong>potuit</strong></span> <span class='ocrx_word' id='word_1_127' title='bbox 1850 1859 1945 1915; x_wconf 89' lang='lat' dir='ltr'><strong>Dei</strong></span> 
     </span>
    </p>
   </div>
   <div class='ocr_carea' id='block_1_18' title="bbox 346 1952 1938 2028">
    <p class='ocr_par' dir='ltr' id='par_1_18' title="bbox 346 1952 1938 2028">
     <span class='ocr_line' id='line_1_18' title="bbox 346 1952 1938 2028; baseline -0.007 -11"><span class='ocrx_word' id='word_1_128' title='bbox 346 1975 604 2017; x_wconf 87' lang='lat' dir='ltr'><strong>servus...</strong></span> <span class='ocrx_word' id='word_1_129' title='bbox 641 1968 694 2014; x_wconf 89' lang='lat' dir='ltr'><strong>et</strong></span> <span class='ocrx_word' id='word_1_130' title='bbox 722 1959 1039 2014; x_wconf 87' lang='lat' dir='ltr'><strong>renuntiare</strong></span> <span class='ocrx_word' id='word_1_131' title='bbox 1066 1955 1305 2022; x_wconf 86' lang='lat' dir='ltr'><strong>Christo,</strong></span> <span class='ocrx_word' id='word_1_132' title='bbox 1341 1956 1431 2028; x_wconf 87' lang='lat' dir='ltr'><strong>qui</strong></span> <span class='ocrx_word' id='word_1_133' title='bbox 1458 1954 1567 2024; x_wconf 86' lang='lat' dir='ltr'><strong>jam</strong></span> <span class='ocrx_word' id='word_1_134' title='bbox 1597 1952 1815 2008; x_wconf 79' lang='lat' dir='ltr'><strong>diabolo</strong></span> <span class='ocrx_word' id='word_1_135' title='bbox 1857 1968 1938 2006; x_wconf 81' lang='lat' dir='ltr'><strong>re-</strong></span> 
     </span>
    </p>
   </div>
   <div class='ocr_carea' id='block_1_19' title="bbox 349 2051 1068 2110">
    <p class='ocr_par' dir='ltr' id='par_1_19' title="bbox 349 2051 1068 2110">
     <span class='ocr_line' id='line_1_19' title="bbox 349 2051 1068 2110; baseline -0.011 0"><span class='ocrx_word' id='word_1_136' title='bbox 349 2053 682 2110; x_wconf 86' lang='lat' dir='ltr'><strong>nuntiaverat</strong></span> <span class='ocrx_word' id='word_1_137' title='bbox 709 2061 764 2107; x_wconf 88' lang='lat' dir='ltr'><strong>et</strong></span> <span class='ocrx_word' id='word_1_138' title='bbox 790 2051 1011 2106; x_wconf 71' lang='lat' dir='ltr'><strong>smcnlo.</strong></span> <span class='ocrx_word' id='word_1_139' title='bbox 1050 2070 1068 2102; x_wconf 82' lang='lat'><strong>)</strong></span> 
     </span>
    </p>
   </div>
   <div class='ocr_carea' id='block_1_20' title="bbox 421 2137 1980 2215">
    <p class='ocr_par' dir='ltr' id='par_1_20' title="bbox 421 2137 1980 2215">
     <span class='ocr_line' id='line_1_20' title="bbox 421 2137 1980 2215; baseline -0.007 -15"><span class='ocrx_word' id='word_1_140' title='bbox 421 2144 486 2200; x_wconf 83' lang='grc' dir='ltr'>Χ.</span> <span class='ocrx_word' id='word_1_141' title='bbox 514 2141 809 2215; x_wconf 82' lang='lat' dir='ltr'><strong>Baptismus</strong></span> <span class='ocrx_word' id='word_1_142' title='bbox 835 2142 1053 2196; x_wconf 83' lang='lat' dir='ltr'><strong>collatus</strong></span> <span class='ocrx_word' id='word_1_143' title='bbox 1085 2158 1172 2208; x_wconf 88' lang='lat' dir='ltr'><strong>per</strong></span> <span class='ocrx_word' id='word_1_144' title='bbox 1200 2140 1590 2195; x_wconf 82' lang='lat' dir='ltr'><strong>immersionem.</strong></span> <span class='ocrx_word' id='word_1_145' title='bbox 1611 2168 1680 2179; x_wconf 91' lang='lat'><strong>——</strong></span> <span class='ocrx_word' id='word_1_146' title='bbox 1703 2137 1760 2192; x_wconf 90' lang='lat' dir='ltr'><strong>In</strong></span> <span class='ocrx_word' id='word_1_147' title='bbox 1795 2149 1946 2190; x_wconf 89' lang='lat' dir='ltr'><strong>more</strong></span> <span class='ocrx_word' id='word_1_148' title='bbox 1975 2161 1980 2166; x_wconf 59' lang='grc' dir='ltr'><em>ι</em></span> 
     </span>
    </p>
   </div>
   <div class='ocr_carea' id='block_1_21' title="bbox 347 2231 1946 2310">
    <p class='ocr_par' dir='ltr' id='par_1_21' title="bbox 347 2231 1946 2310">
     <span class='ocr_line' id='line_1_21' title="bbox 347 2231 1946 2310; baseline -0.006 -17"><span class='ocrx_word' id='word_1_149' title='bbox 347 2236 578 2310; x_wconf 86' lang='lat' dir='ltr'><strong>positum</strong></span> <span class='ocrx_word' id='word_1_150' title='bbox 599 2247 718 2293; x_wconf 88' lang='lat' dir='ltr'><strong>erat</strong></span> <span class='ocrx_word' id='word_1_151' title='bbox 739 2235 926 2308; x_wconf 89' lang='lat' dir='ltr'><strong>primis</strong></span> <span class='ocrx_word' id='word_1_152' title='bbox 951 2235 1207 2291; x_wconf 75' lang='lat' dir='ltr'><strong>Ecclesiae</strong></span> <span class='ocrx_word' id='word_1_153' title='bbox 1232 2235 1462 2298; x_wconf 84' lang='lat' dir='ltr'><strong>saeculis,</strong></span> <span class='ocrx_word' id='word_1_154' title='bbox 1489 2234 1608 2288; x_wconf 89' lang='lat' dir='ltr'><strong>utin</strong></span> <span class='ocrx_word' id='word_1_155' title='bbox 1629 2247 1763 2303; x_wconf 87' lang='lat' dir='ltr'><strong>aqua</strong></span> <span class='ocrx_word' id='word_1_156' title='bbox 1788 2231 1822 2284; x_wconf 92' lang='lat' dir='ltr'><strong>ii</strong></span> <span class='ocrx_word' id='word_1_157' title='bbox 1846 2231 1946 2284; x_wconf 85' lang='lat' dir='ltr'><strong>im-</strong></span> 
     </span>
    </p>
   </div>
   <div class='ocr_carea' id='block_1_22' title="bbox 352 2323 1943 2404">
    <p class='ocr_par' dir='ltr' id='par_1_22' title="bbox 352 2323 1943 2404">
     <span class='ocr_line' id='line_1_22' title="bbox 352 2323 1943 2404; baseline -0.007 -16"><span class='ocrx_word' id='word_1_158' title='bbox 352 2340 726 2404; x_wconf 87' lang='lat' dir='ltr'><strong>tuergerentur</strong></span> <span class='ocrx_word' id='word_1_159' title='bbox 747 2330 836 2401; x_wconf 90' lang='lat' dir='ltr'><strong>qui</strong></span> <span class='ocrx_word' id='word_1_160' title='bbox 868 2329 1298 2400; x_wconf 84' lang='lat' dir='ltr'><strong>baptizabantur,</strong></span> <span class='ocrx_word' id='word_1_161' title='bbox 1325 2325 1775 2398; x_wconf 83' lang='lat' dir='ltr'><strong>quemadmodum</strong></span> <span class='ocrx_word' id='word_1_162' title='bbox 1800 2323 1943 2379; x_wconf 88' lang='lat' dir='ltr'><strong>erui-</strong></span> 
     </span>
    </p>
   </div>
   <div class='ocr_carea' id='block_1_23' title="bbox 350 2415 1946 2493">
    <p class='ocr_par' dir='ltr' id='par_1_23' title="bbox 350 2415 1946 2493">
     <span class='ocr_line' id='line_1_23' title="bbox 350 2415 1946 2493; baseline -0.006 -14"><span class='ocrx_word' id='word_1_163' title='bbox 350 2433 441 2479; x_wconf 92' lang='lat' dir='ltr'><strong>tur</strong></span> <span class='ocrx_word' id='word_1_164' title='bbox 465 2438 529 2478; x_wconf 72' lang='lat' dir='ltr'><strong>cx</strong></span> <span class='ocrx_word' id='word_1_165' title='bbox 561 2422 798 2493; x_wconf 89' lang='lat' dir='ltr'><strong>Epistola</strong></span> <span class='ocrx_word' id='word_1_166' title='bbox 818 2437 937 2476; x_wconf 63' lang='lat' dir='ltr'><strong>una</strong></span> <span class='ocrx_word' id='word_1_167' title='bbox 953 2420 1346 2492; x_wconf 86' lang='lat' dir='ltr'><strong>diviCypriani,</strong></span> <span class='ocrx_word' id='word_1_168' title='bbox 1363 2434 1482 2491; x_wconf 67' lang='lat' dir='ltr'><strong>qua:</strong></span> <span class='ocrx_word' id='word_1_169' title='bbox 1503 2427 1583 2474; x_wconf 90' lang='lat' dir='ltr'><strong>est</strong></span> <span class='ocrx_word' id='word_1_170' title='bbox 1604 2417 1670 2471; x_wconf 91' lang='lat' dir='ltr'><strong>ad</strong></span> <span class='ocrx_word' id='word_1_171' title='bbox 1698 2415 1946 2486; x_wconf 82' lang='lat' dir='ltr'><strong>Magnum</strong></span> 
     </span>
    </p>
   </div>
   <div class='ocr_carea' id='block_1_24' title="bbox 352 2507 1949 2584">
    <p class='ocr_par' dir='ltr' id='par_1_24' title="bbox 352 2507 1949 2584">
     <span class='ocr_line' id='line_1_24' title="bbox 352 2507 1949 2584; baseline -0.005 -14"><span class='ocrx_word' id='word_1_172' title='bbox 352 2515 457 2584; x_wconf 83' lang='lat'>(5).</span> <span class='ocrx_word' id='word_1_173' title='bbox 494 2511 694 2569; x_wconf 85' lang='lat' dir='ltr'><strong>Nullibi</strong></span> <span class='ocrx_word' id='word_1_174' title='bbox 725 2523 905 2568; x_wconf 89' lang='lat' dir='ltr'><strong>autem</strong></span> <span class='ocrx_word' id='word_1_175' title='bbox 942 2513 994 2567; x_wconf 89' lang='lat' dir='ltr'><strong>in</strong></span> <span class='ocrx_word' id='word_1_176' title='bbox 1027 2511 1395 2568; x_wconf 87' lang='lat' dir='ltr'><strong>vetustissimo</strong></span> <span class='ocrx_word' id='word_1_177' title='bbox 1427 2509 1528 2565; x_wconf 91' lang='lat' dir='ltr'><strong>hoc</strong></span> <span class='ocrx_word' id='word_1_178' title='bbox 1561 2511 1715 2564; x_wconf 83' lang='lat' dir='ltr'><strong>Patre</strong></span> <span class='ocrx_word' id='word_1_179' title='bbox 1747 2507 1949 2563; x_wconf 91' lang='lat' dir='ltr'><strong>mentio</strong></span> 
     </span>
    </p>
   </div>
   <div class='ocr_carea' id='block_1_25' title="bbox 350 2601 1950 2673">
    <p class='ocr_par' dir='ltr' id='par_1_25' title="bbox 350 2601 1950 2673">
     <span class='ocr_line' id='line_1_25' title="bbox 350 2601 1950 2673; baseline -0.004 -11"><span class='ocrx_word' id='word_1_180' title='bbox 350 2607 586 2663; x_wconf 91' lang='lat' dir='ltr'><strong>occurrit</strong></span> <span class='ocrx_word' id='word_1_181' title='bbox 629 2606 790 2662; x_wconf 90' lang='lat' dir='ltr'><strong>trium</strong></span> <span class='ocrx_word' id='word_1_182' title='bbox 841 2606 1282 2673; x_wconf 89' lang='lat' dir='ltr'><strong>immersionum,</strong></span> <span class='ocrx_word' id='word_1_183' title='bbox 1325 2606 1423 2660; x_wconf 89' lang='lat' dir='ltr'><strong>etsi</strong></span> <span class='ocrx_word' id='word_1_184' title='bbox 1469 2614 1620 2658; x_wconf 90' lang='lat' dir='ltr'><strong>certo</strong></span> <span class='ocrx_word' id='word_1_185' title='bbox 1647 2603 1848 2657; x_wconf 90' lang='lat' dir='ltr'><strong>certius</strong></span> <span class='ocrx_word' id='word_1_186' title='bbox 1880 2601 1950 2656; x_wconf 93' lang='lat' dir='ltr'><strong>sit</strong></span> 
     </span>
    </p>
   </div>
   <div class='ocr_carea' id='block_1_26' title="bbox 353 2693 1949 2767">
    <p class='ocr_par' dir='ltr' id='par_1_26' title="bbox 353 2693 1949 2767">
     <span class='ocr_line' id='line_1_26' title="bbox 353 2693 1949 2767; baseline -0.005 -13"><span class='ocrx_word' id='word_1_187' title='bbox 353 2697 453 2754; x_wconf 89' lang='lat' dir='ltr'><strong>has</strong></span> <span class='ocrx_word' id='word_1_188' title='bbox 478 2699 533 2754; x_wconf 89' lang='lat' dir='ltr'><strong>in</strong></span> <span class='ocrx_word' id='word_1_189' title='bbox 561 2715 661 2753; x_wconf 88' lang='lat' dir='ltr'><strong>usu</strong></span> <span class='ocrx_word' id='word_1_190' title='bbox 695 2695 880 2766; x_wconf 86' lang='lat' dir='ltr'><strong>fuisse,</strong></span> <span class='ocrx_word' id='word_1_191' title='bbox 911 2708 965 2753; x_wconf 88' lang='lat' dir='ltr'><strong>et</strong></span> <span class='ocrx_word' id='word_1_192' title='bbox 991 2710 1115 2754; x_wconf 89' lang='lat' dir='ltr'><strong>ante</strong></span> <span class='ocrx_word' id='word_1_193' title='bbox 1138 2706 1192 2753; x_wconf 88' lang='lat' dir='ltr'><strong>et</strong></span> <span class='ocrx_word' id='word_1_194' title='bbox 1223 2707 1340 2767; x_wconf 91' lang='lat' dir='ltr'><strong>post</strong></span> <span class='ocrx_word' id='word_1_195' title='bbox 1367 2695 1511 2751; x_wconf 90' lang='lat' dir='ltr'><strong>illius</strong></span> <span class='ocrx_word' id='word_1_196' title='bbox 1546 2706 1807 2765; x_wconf 87' lang='lat' dir='ltr'><strong>tempora.</strong></span> <span class='ocrx_word' id='word_1_197' title='bbox 1845 2693 1949 2747; x_wconf 81' lang='lat' dir='ltr'><strong>lla-</strong></span> 
     </span>
    </p>
   </div>
   <div class='ocr_carea' id='block_1_27' title="bbox 355 2785 1951 2862">
    <p class='ocr_par' dir='ltr' id='par_1_27' title="bbox 355 2785 1951 2862">
     <span class='ocr_line' id='line_1_27' title="bbox 355 2785 1951 2862; baseline -0.004 -15"><span class='ocrx_word' id='word_1_198' title='bbox 355 2792 545 2847; x_wconf 91' lang='lat' dir='ltr'><strong>bemus</strong></span> <span class='ocrx_word' id='word_1_199' title='bbox 581 2791 684 2846; x_wconf 93' lang='lat' dir='ltr'><strong>hac</strong></span> <span class='ocrx_word' id='word_1_200' title='bbox 713 2806 875 2862; x_wconf 88' lang='lat' dir='ltr'><strong>super</strong></span> <span class='ocrx_word' id='word_1_201' title='bbox 915 2806 974 2845; x_wconf 93' lang='lat' dir='ltr'><strong>re</strong></span> <span class='ocrx_word' id='word_1_202' title='bbox 1016 2789 1248 2845; x_wconf 79' lang='lat' dir='ltr'><strong>indubia:</strong></span> <span class='ocrx_word' id='word_1_203' title='bbox 1292 2789 1414 2844; x_wconf 90' lang='lat' dir='ltr'><strong>ﬁdei</strong></span> <span class='ocrx_word' id='word_1_204' title='bbox 1464 2789 1789 2854; x_wconf 82' lang='lat' dir='ltr'><strong>testimonia,</strong></span> <span class='ocrx_word' id='word_1_205' title='bbox 1837 2785 1951 2842; x_wconf 89' lang='lat' dir='ltr'><strong>Cle-</strong></span> 
     </span>
    </p>
   </div>
   <div class='ocr_carea' id='block_1_28' title="bbox 356 2879 1948 2953">
    <p class='ocr_par' dir='ltr' id='par_1_28' title="bbox 356 2879 1948 2953">
     <span class='ocr_line' id='line_1_28' title="bbox 356 2879 1948 2953; baseline -0.004 -14"><span class='ocrx_word' id='word_1_206' title='bbox 356 2894 591 2939; x_wconf 89' lang='lat' dir='ltr'><strong>mentem</strong></span> <span class='ocrx_word' id='word_1_207' title='bbox 621 2883 1044 2940; x_wconf 78' lang='lat' dir='ltr'><strong>Alexandrinum</strong></span> <span class='ocrx_word' id='word_1_208' title='bbox 1065 2881 1144 2953; x_wconf 87' lang='lat'>(6)</span> <span class='ocrx_word' id='word_1_209' title='bbox 1162 2891 1216 2937; x_wconf 90' lang='lat' dir='ltr'><strong>et</strong></span> <span class='ocrx_word' id='word_1_210' title='bbox 1233 2881 1624 2938; x_wconf 87' lang='lat' dir='ltr'><strong>Tertullianum</strong></span> <span class='ocrx_word' id='word_1_211' title='bbox 1652 2879 1753 2952; x_wconf 85' lang='lat'>(7).</span> <span class='ocrx_word' id='word_1_212' title='bbox 1778 2879 1948 2948; x_wconf 83' lang='lat' dir='ltr'><strong>Quin-</strong></span> 
     </span>
    </p>
   </div>
   <div class='ocr_carea' id='block_1_29' title="bbox 357 2971 1948 3049">
    <p class='ocr_par' dir='ltr' id='par_1_29' title="bbox 357 2971 1948 3049">
     <span class='ocr_line' id='line_1_29' title="bbox 357 2971 1948 3049; baseline -0.004 -18"><span class='ocrx_word' id='word_1_213' title='bbox 357 2977 700 3049; x_wconf 83' lang='lat' dir='ltr'><strong>quagesimus</strong></span> <span class='ocrx_word' id='word_1_214' title='bbox 729 2977 908 3031; x_wconf 86' lang='lat' dir='ltr'><strong>Canon</strong></span> <span class='ocrx_word' id='word_1_215' title='bbox 935 2975 1279 3044; x_wconf 77' lang='lat' dir='ltr'><strong>Apostolicus</strong></span> <span class='ocrx_word' id='word_1_216' title='bbox 1314 2973 1530 3028; x_wconf 90' lang='lat' dir='ltr'><strong>mandat</strong></span> <span class='ocrx_word' id='word_1_217' title='bbox 1560 2971 1814 3042; x_wconf 90' lang='lat' dir='ltr'><strong>deinceps</strong></span> <span class='ocrx_word' id='word_1_218' title='bbox 1851 2972 1948 3026; x_wconf 88' lang='lat' dir='ltr'><strong>de-</strong></span> 
     </span>
    </p>
   </div>
   <div class='ocr_carea' id='block_1_30' title="bbox 356 3063 1953 3141">
    <p class='ocr_par' dir='ltr' id='par_1_30' title="bbox 356 3063 1953 3141">
     <span class='ocr_line' id='line_1_30' title="bbox 356 3063 1953 3141; baseline -0.003 -20"><span class='ocrx_word' id='word_1_219' title='bbox 356 3068 681 3141; x_wconf 90' lang='lat' dir='ltr'><strong>positionem</strong></span> <span class='ocrx_word' id='word_1_220' title='bbox 731 3066 998 3138; x_wconf 83' lang='lat' dir='ltr'><strong>episcopi,</strong></span> <span class='ocrx_word' id='word_1_221' title='bbox 1046 3076 1133 3120; x_wconf 88' lang='lat' dir='ltr'><strong>aut</strong></span> <span class='ocrx_word' id='word_1_222' title='bbox 1165 3067 1504 3138; x_wconf 88' lang='lat' dir='ltr'><strong>presbyteri,</strong></span> <span class='ocrx_word' id='word_1_223' title='bbox 1548 3065 1635 3136; x_wconf 88' lang='lat' dir='ltr'><strong>qui</strong></span> <span class='ocrx_word' id='word_1_224' title='bbox 1667 3081 1767 3118; x_wconf 90' lang='lat' dir='ltr'><strong>una</strong></span> <span class='ocrx_word' id='word_1_225' title='bbox 1801 3063 1953 3119; x_wconf 90' lang='lat' dir='ltr'><strong>adhi-</strong></span> 
     </span>
    </p>
   </div>
   <div class='ocr_carea' id='block_1_31' title="bbox 359 3157 1954 3232">
    <p class='ocr_par' dir='ltr' id='par_1_31' title="bbox 359 3157 1954 3232">
     <span class='ocr_line' id='line_1_31' title="bbox 359 3157 1954 3232; baseline -0.002 -18"><span class='ocrx_word' id='word_1_226' title='bbox 359 3159 468 3215; x_wconf 85' lang='lat' dir='ltr'><strong>bita</strong></span> <span class='ocrx_word' id='word_1_227' title='bbox 510 3160 860 3215; x_wconf 88' lang='lat' dir='ltr'><strong>immersione</strong></span> <span class='ocrx_word' id='word_1_228' title='bbox 889 3159 1175 3214; x_wconf 87' lang='lat' dir='ltr'><strong>utebantur</strong></span> <span class='ocrx_word' id='word_1_229' title='bbox 1213 3159 1313 3232; x_wconf 86' lang='lat'>(8).</span> <span class='ocrx_word' id='word_1_230' title='bbox 1353 3158 1506 3214; x_wconf 84' lang='lat' dir='ltr'><strong>Nune</strong></span> <span class='ocrx_word' id='word_1_231' title='bbox 1538 3157 1792 3229; x_wconf 83' lang='lat' dir='ltr'><strong>temporis</strong></span> <span class='ocrx_word' id='word_1_232' title='bbox 1825 3172 1954 3212; x_wconf 82' lang='lat' dir='ltr'><strong>vero</strong></span> 
     </span>
    </p>
   </div>
   <div class='ocr_carea' id='block_1_32' title="bbox 361 3251 1248 3323">
    <p class='ocr_par' dir='ltr' id='par_1_32' title="bbox 361 3251 1248 3323">
     <span class='ocr_line' id='line_1_32' title="bbox 361 3251 1248 3323; baseline -0.003 -15"><span class='ocrx_word' id='word_1_233' title='bbox 361 3254 632 3323; x_wconf 88' lang='lat' dir='ltr'><strong>Baptisma</strong></span> <span class='ocrx_word' id='word_1_234' title='bbox 655 3253 932 3308; x_wconf 80' lang='lat' dir='ltr'><strong>confertur</strong></span> <span class='ocrx_word' id='word_1_235' title='bbox 962 3251 1248 3307; x_wconf 87' lang='lat' dir='ltr'><strong>infusione.</strong></span> 
     </span>
    </p>
   </div>
   <div class='ocr_carea' id='block_1_33' title="bbox 431 3343 1956 3416">
    <p class='ocr_par' dir='ltr' id='par_1_33' title="bbox 431 3343 1956 3416">
     <span class='ocr_line' id='line_1_33' title="bbox 431 3343 1956 3416; baseline -0.003 -16"><span class='ocrx_word' id='word_1_236' title='bbox 431 3345 521 3400; x_wconf 81' lang='lat' dir='ltr'><strong>XI.</strong></span> <span class='ocrx_word' id='word_1_237' title='bbox 555 3343 851 3416; x_wconf 79' lang='lat' dir='ltr'><strong>Baptismus</strong></span> <span class='ocrx_word' id='word_1_238' title='bbox 898 3344 1114 3398; x_wconf 85' lang='lat' dir='ltr'><strong>collatus</strong></span> <span class='ocrx_word' id='word_1_239' title='bbox 1158 3363 1248 3415; x_wconf 84' lang='lat' dir='ltr'><strong>per</strong></span> <span class='ocrx_word' id='word_1_240' title='bbox 1295 3344 1607 3415; x_wconf 75' lang='lat' dir='ltr'><strong>infusionem</strong></span> <span class='ocrx_word' id='word_1_241' title='bbox 1649 3353 1734 3397; x_wconf 87' lang='lat' dir='ltr'><strong>aut</strong></span> <span class='ocrx_word' id='word_1_242' title='bbox 1781 3359 1956 3414; x_wconf 84' lang='lat' dir='ltr'><strong>asper-</strong></span> 
     </span>
    </p>
   </div>
   <div class='ocr_carea' id='block_1_34' title="bbox 360 3437 1953 3508">
    <p class='ocr_par' dir='ltr' id='par_1_34' title="bbox 360 3437 1953 3508">
     <span class='ocr_line' id='line_1_34' title="bbox 360 3437 1953 3508; baseline -0.002 -15"><span class='ocrx_word' id='word_1_243' title='bbox 360 3437 572 3494; x_wconf 77' lang='lat' dir='ltr'><strong>sionem.</strong></span> <span class='ocrx_word' id='word_1_244' title='bbox 601 3467 675 3478; x_wconf 91' lang='lat'>—</span> <span class='ocrx_word' id='word_1_245' title='bbox 717 3437 832 3492; x_wconf 83' lang='lat' dir='ltr'><strong>Hoc</strong></span> <span class='ocrx_word' id='word_1_246' title='bbox 885 3437 1045 3492; x_wconf 88' lang='lat' dir='ltr'><strong>modo</strong></span> <span class='ocrx_word' id='word_1_247' title='bbox 1103 3439 1234 3492; x_wconf 88' lang='lat' dir='ltr'><strong>alias</strong></span> <span class='ocrx_word' id='word_1_248' title='bbox 1283 3437 1691 3508; x_wconf 87' lang='lat' dir='ltr'><strong>baptizabantur</strong></span> <span class='ocrx_word' id='word_1_249' title='bbox 1725 3438 1909 3507; x_wconf 71' lang='lat' dir='ltr'><strong>mgroti</strong></span> <span class='ocrx_word' id='word_1_250' title='bbox 1937 3477 1953 3506; x_wconf 89' lang='lat'><strong>,</strong></span> 
     </span>
    </p>
   </div>
   <div class='ocr_carea' id='block_1_35' title="bbox 361 3528 1957 3602">
    <p class='ocr_par' dir='ltr' id='par_1_35' title="bbox 361 3528 1957 3602">
     <span class='ocr_line' id='line_1_35' title="bbox 361 3528 1957 3602; baseline 0.001 -18"><span class='ocrx_word' id='word_1_251' title='bbox 361 3545 497 3602; x_wconf 91' lang='lat' dir='ltr'><strong>quos</strong></span> <span class='ocrx_word' id='word_1_252' title='bbox 532 3530 750 3600; x_wconf 89' lang='lat' dir='ltr'><strong>quidem</strong></span> <span class='ocrx_word' id='word_1_253' title='bbox 783 3528 903 3585; x_wconf 90' lang='lat' dir='ltr'><strong>ideo</strong></span> <span class='ocrx_word' id='word_1_254' title='bbox 933 3531 1277 3602; x_wconf 88' lang='lat' dir='ltr'><strong>appellabant</strong></span> <span class='ocrx_word' id='word_1_255' title='bbox 1325 3531 1535 3584; x_wconf 83' lang='lat' dir='ltr'><strong>clinicos</strong></span> <span class='ocrx_word' id='word_1_256' title='bbox 1566 3547 1584 3596; x_wconf 86' lang='lat'><strong><em>;</em></strong></span> <span class='ocrx_word' id='word_1_257' title='bbox 1639 3531 1844 3600; x_wconf 88' lang='lat' dir='ltr'><strong>absque</strong></span> <span class='ocrx_word' id='word_1_258' title='bbox 1891 3544 1957 3584; x_wconf 92' lang='lat' dir='ltr'><strong>co</strong></span> 
     </span>
    </p>
   </div>
   <div class='ocr_carea' id='block_1_36' title="bbox 363 3619 1956 3691">
    <p class='ocr_par' dir='ltr' id='par_1_36' title="bbox 363 3619 1956 3691">
     <span class='ocr_line' id='line_1_36' title="bbox 363 3619 1956 3691; baseline -0.001 -15"><span class='ocrx_word' id='word_1_259' title='bbox 363 3619 504 3691; x_wconf 88' lang='lat' dir='ltr'><strong>quod</strong></span> <span class='ocrx_word' id='word_1_260' title='bbox 550 3619 634 3676; x_wconf 93' lang='lat' dir='ltr'><strong>vel</strong></span> <span class='ocrx_word' id='word_1_261' title='bbox 678 3621 1010 3676; x_wconf 90' lang='lat' dir='ltr'><strong>levissimum</strong></span> <span class='ocrx_word' id='word_1_262' title='bbox 1052 3621 1288 3676; x_wconf 86' lang='lat' dir='ltr'><strong>oriretur</strong></span> <span class='ocrx_word' id='word_1_263' title='bbox 1318 3621 1540 3676; x_wconf 90' lang='lat' dir='ltr'><strong>dubium</strong></span> <span class='ocrx_word' id='word_1_264' title='bbox 1572 3621 1639 3676; x_wconf 91' lang='lat' dir='ltr'><strong>de</strong></span> <span class='ocrx_word' id='word_1_265' title='bbox 1678 3621 1956 3675; x_wconf 90' lang='lat' dir='ltr'><strong>validitate</strong></span> 
     </span>
    </p>
   </div>
   <div class='ocr_carea' id='block_1_37' title="bbox 362 3711 1958 3786">
    <p class='ocr_par' dir='ltr' id='par_1_37' title="bbox 362 3711 1958 3786">
     <span class='ocr_line' id='line_1_37' title="bbox 362 3711 1958 3786; baseline 0.002 -20"><span class='ocrx_word' id='word_1_266' title='bbox 362 3712 622 3782; x_wconf 76' lang='lat' dir='ltr'><strong>Baptismi</strong></span> <span class='ocrx_word' id='word_1_267' title='bbox 675 3712 769 3766; x_wconf 88' lang='lat' dir='ltr'><strong>tali</strong></span> <span class='ocrx_word' id='word_1_268' title='bbox 810 3722 966 3782; x_wconf 89' lang='lat' dir='ltr'><strong>pacto</strong></span> <span class='ocrx_word' id='word_1_269' title='bbox 1001 3713 1201 3768; x_wconf 88' lang='lat' dir='ltr'><strong>collati.</strong></span> <span class='ocrx_word' id='word_1_270' title='bbox 1238 3715 1398 3767; x_wconf 86' lang='lat' dir='ltr'><strong>Divus</strong></span> <span class='ocrx_word' id='word_1_271' title='bbox 1437 3711 1738 3786; x_wconf 88' lang='lat' dir='ltr'><strong>Cyprianus</strong></span> <span class='ocrx_word' id='word_1_272' title='bbox 1760 3712 1827 3768; x_wconf 92' lang='lat' dir='ltr'><strong>de</strong></span> <span class='ocrx_word' id='word_1_273' title='bbox 1854 3713 1958 3769; x_wconf 86' lang='lat' dir='ltr'><strong>hoc</strong></span> 
     </span>
    </p>
   </div>
   <div class='ocr_carea' id='block_1_38' title="bbox 367 3803 1958 3877">
    <p class='ocr_par' dir='ltr' id='par_1_38' title="bbox 367 3803 1958 3877">
     <span class='ocr_line' id='line_1_38' title="bbox 367 3803 1958 3877; baseline 0.003 -20"><span class='ocrx_word' id='word_1_274' title='bbox 367 3803 864 3877; x_wconf 79' lang='lat' dir='ltr'><strong>articuloaMagno</strong></span> <span class='ocrx_word' id='word_1_275' title='bbox 911 3805 1220 3872; x_wconf 83' lang='lat' dir='ltr'><strong>consultus,</strong></span> <span class='ocrx_word' id='word_1_276' title='bbox 1265 3806 1554 3877; x_wconf 88' lang='lat' dir='ltr'><strong>respondet</strong></span> <span class='ocrx_word' id='word_1_277' title='bbox 1594 3822 1688 3861; x_wconf 89' lang='lat' dir='ltr'><strong>eos</strong></span> <span class='ocrx_word' id='word_1_278' title='bbox 1742 3809 1829 3876; x_wconf 88' lang='lat' dir='ltr'><strong>qui</strong></span> <span class='ocrx_word' id='word_1_279' title='bbox 1881 3807 1958 3862; x_wconf 85' lang='lat' dir='ltr'><strong>sic</strong></span> 
     </span>
    </p>
   </div>
   <div class='ocr_carea' id='block_1_39' title="bbox 370 3896 1959 3968">
    <p class='ocr_par' dir='ltr' id='par_1_39' title="bbox 370 3896 1959 3968">
     <span class='ocr_line' id='line_1_39' title="bbox 370 3896 1959 3968; baseline 0.001 -17"><span class='ocrx_word' id='word_1_280' title='bbox 370 3896 742 3966; x_wconf 87' lang='lat' dir='ltr'><strong>baptizanlur,</strong></span> <span class='ocrx_word' id='word_1_281' title='bbox 787 3898 882 3952; x_wconf 91' lang='lat' dir='ltr'><strong>Dei</strong></span> <span class='ocrx_word' id='word_1_282' title='bbox 926 3899 1149 3968; x_wconf 80' lang='lat' dir='ltr'><strong>gratiam</strong></span> <span class='ocrx_word' id='word_1_283' title='bbox 1183 3898 1443 3968; x_wconf 81' lang='lat' dir='ltr'><strong>recipere,</strong></span> <span class='ocrx_word' id='word_1_284' title='bbox 1476 3915 1581 3952; x_wconf 93' lang='lat' dir='ltr'><strong>non</strong></span> <span class='ocrx_word' id='word_1_285' title='bbox 1605 3914 1761 3953; x_wconf 88' lang='lat' dir='ltr'><strong>secus</strong></span> <span class='ocrx_word' id='word_1_286' title='bbox 1783 3915 1845 3953; x_wconf 90' lang='lat' dir='ltr'><strong>ac</strong></span> <span class='ocrx_word' id='word_1_287' title='bbox 1869 3897 1959 3968; x_wconf 90' lang='lat' dir='ltr'><strong>qui</strong></span> 
     </span>
    </p>
   </div>
   <div class='ocr_carea' id='block_1_40' title="bbox 369 3989 1960 4062">
    <p class='ocr_par' dir='ltr' id='par_1_40' title="bbox 369 3989 1960 4062">
     <span class='ocr_line' id='line_1_40' title="bbox 369 3989 1960 4062; baseline 0.001 -19"><span class='ocrx_word' id='word_1_288' title='bbox 369 3989 422 4044; x_wconf 87' lang='lat' dir='ltr'><strong>in</strong></span> <span class='ocrx_word' id='word_1_289' title='bbox 457 4004 595 4061; x_wconf 89' lang='lat' dir='ltr'><strong>aqua</strong></span> <span class='ocrx_word' id='word_1_290' title='bbox 621 3989 859 4046; x_wconf 72' lang='lat' dir='ltr'><strong>immersi</strong></span> <span class='ocrx_word' id='word_1_291' title='bbox 891 4001 1014 4046; x_wconf 90' lang='lat' dir='ltr'><strong>sunt</strong></span> <span class='ocrx_word' id='word_1_292' title='bbox 1045 3990 1143 4062; x_wconf 79' lang='grc'>(9).</span> <span class='ocrx_word' id='word_1_293' title='bbox 1177 3991 1400 4059; x_wconf 87' lang='lat' dir='ltr'><strong>Deinde,</strong></span> <span class='ocrx_word' id='word_1_294' title='bbox 1438 3991 1658 4062; x_wconf 82' lang='lat' dir='ltr'><strong>prolatis</strong></span> <span class='ocrx_word' id='word_1_295' title='bbox 1689 3991 1960 4045; x_wconf 89' lang='lat' dir='ltr'><strong>nonnullis</strong></span> 
     </span>
    </p>
   </div>
   <div class='ocr_carea' id='block_1_41' title="bbox 368 4083 1962 4156">
    <p class='ocr_par' dir='ltr' id='par_1_41' title="bbox 368 4083 1962 4156">
     <span class='ocr_line' id='line_1_41' title="bbox 368 4083 1962 4156; baseline -0.003 -14"><span class='ocrx_word' id='word_1_296' title='bbox 368 4085 767 4156; x_wconf 84' lang='lat' dir='ltr'><strong>Scripturarum</strong></span> <span class='ocrx_word' id='word_1_297' title='bbox 803 4085 1052 4151; x_wconf 86' lang='lat' dir='ltr'><strong>oraculis,</strong></span> <span class='ocrx_word' id='word_1_298' title='bbox 1089 4087 1140 4138; x_wconf 94' lang='lat' dir='ltr'><strong>in</strong></span> <span class='ocrx_word' id='word_1_299' title='bbox 1181 4086 1374 4156; x_wconf 90' lang='lat' dir='ltr'><strong>quibus</strong></span> <span class='ocrx_word' id='word_1_300' title='bbox 1404 4099 1584 4140; x_wconf 85' lang='lat' dir='ltr'><strong>sermo</strong></span> <span class='ocrx_word' id='word_1_301' title='bbox 1613 4092 1697 4139; x_wconf 91' lang='lat' dir='ltr'><strong>est</strong></span> <span class='ocrx_word' id='word_1_302' title='bbox 1727 4083 1794 4138; x_wconf 91' lang='lat' dir='ltr'><strong>de</strong></span> <span class='ocrx_word' id='word_1_303' title='bbox 1825 4085 1962 4137; x_wconf 74' lang='lat' dir='ltr'><strong>iuiu-</strong></span> 
     </span>
    </p>
   </div>
   <div class='ocr_carea' id='block_1_42' title="bbox 366 4176 1962 4248">
    <p class='ocr_par' dir='ltr' id='par_1_42' title="bbox 366 4176 1962 4248">
     <span class='ocr_line' id='line_1_42' title="bbox 366 4176 1962 4248; baseline -0.003 -13"><span class='ocrx_word' id='word_1_304' title='bbox 366 4179 520 4235; x_wconf 86' lang='lat' dir='ltr'><strong>sione</strong></span> <span class='ocrx_word' id='word_1_305' title='bbox 565 4186 620 4233; x_wconf 89' lang='lat' dir='ltr'><strong>et</strong></span> <span class='ocrx_word' id='word_1_306' title='bbox 663 4177 976 4247; x_wconf 90' lang='lat' dir='ltr'><strong>aspersione</strong></span> <span class='ocrx_word' id='word_1_307' title='bbox 1035 4192 1222 4248; x_wconf 60' lang='lat' dir='ltr'><strong>aquai,</strong></span> <span class='ocrx_word' id='word_1_308' title='bbox 1276 4178 1548 4233; x_wconf 88' lang='lat' dir='ltr'><strong>concludit</strong></span> <span class='ocrx_word' id='word_1_309' title='bbox 1591 4176 1962 4248; x_wconf 83' lang='lat' dir='ltr'><strong>aspersionem</strong></span> 
     </span>
    </p>
   </div>
   <div class='ocr_carea' id='block_1_43' title="bbox 368 4263 1964 4342">
    <p class='ocr_par' dir='ltr' id='par_1_43' title="bbox 368 4263 1964 4342">
     <span class='ocr_line' id='line_1_43' title="bbox 368 4263 1964 4342; baseline -0.002 -14"><span class='ocrx_word' id='word_1_310' title='bbox 368 4287 522 4342; x_wconf 83' lang='lat' dir='ltr'><strong>aquae</strong></span> <span class='ocrx_word' id='word_1_311' title='bbox 551 4271 724 4328; x_wconf 87' lang='lat' dir='ltr'><strong>instar</strong></span> <span class='ocrx_word' id='word_1_312' title='bbox 749 4270 998 4327; x_wconf 89' lang='lat' dir='ltr'><strong>salutaris</strong></span> <span class='ocrx_word' id='word_1_313' title='bbox 1028 4271 1229 4325; x_wconf 89' lang='lat' dir='ltr'><strong>lavacri</strong></span> <span class='ocrx_word' id='word_1_314' title='bbox 1259 4270 1504 4326; x_wconf 87' lang='lat' dir='ltr'><strong>obtinere</strong></span> <span class='ocrx_word' id='word_1_315' title='bbox 1530 4289 1542 4324; x_wconf 90' lang='lat'><strong>:</strong></span> <span class='ocrx_word' id='word_1_316' title='bbox 1576 4289 1595 4322; x_wconf 76' lang='grc' dir='ltr'><strong>ι</strong></span> <span class='ocrx_word' id='word_1_317' title='bbox 1620 4263 1776 4327; x_wconf 86' lang='lat' dir='ltr'><strong>Unde</strong></span> <span class='ocrx_word' id='word_1_318' title='bbox 1806 4284 1964 4341; x_wconf 90' lang='lat' dir='ltr'><strong>appa-</strong></span> 
     </span>
    </p>
   </div>
   <div class='ocr_carea' id='block_1_44' title="bbox 368 4359 1960 4434">
    <p class='ocr_par' dir='ltr' id='par_1_44' title="bbox 368 4359 1960 4434">
     <span class='ocr_line' id='line_1_44' title="bbox 368 4359 1960 4434; baseline -0.002 -15"><span class='ocrx_word' id='word_1_319' title='bbox 368 4373 472 4431; x_wconf 90' lang='lat' dir='ltr'><strong>ret,</strong></span> <span class='ocrx_word' id='word_1_320' title='bbox 497 4363 868 4434; x_wconf 86' lang='lat' dir='ltr'><strong>aspersionem</strong></span> <span class='ocrx_word' id='word_1_321' title='bbox 900 4375 1110 4432; x_wconf 89' lang='lat' dir='ltr'><strong>quoque</strong></span> <span class='ocrx_word' id='word_1_322' title='bbox 1143 4376 1297 4431; x_wconf 75' lang='lat' dir='ltr'><strong>aqum</strong></span> <span class='ocrx_word' id='word_1_323' title='bbox 1339 4361 1508 4416; x_wconf 90' lang='lat' dir='ltr'><strong>instar</strong></span> <span class='ocrx_word' id='word_1_324' title='bbox 1537 4359 1784 4417; x_wconf 88' lang='lat' dir='ltr'><strong>salutaris</strong></span> <span class='ocrx_word' id='word_1_325' title='bbox 1816 4361 1960 4416; x_wconf 90' lang='lat' dir='ltr'><strong>obti-</strong></span> 
     </span>
    </p>
   </div>
   <div class='ocr_carea' id='block_1_45' title="bbox 369 4453 1962 4528">
    <p class='ocr_par' dir='ltr' id='par_1_45' title="bbox 369 4453 1962 4528">
     <span class='ocr_line' id='line_1_45' title="bbox 369 4453 1962 4528; baseline 0 -17"><span class='ocrx_word' id='word_1_326' title='bbox 369 4469 521 4512; x_wconf 88' lang='lat' dir='ltr'><strong>nere.</strong></span> <span class='ocrx_word' id='word_1_327' title='bbox 554 4474 573 4509; x_wconf 75' lang='grc' dir='ltr'><strong>ι</strong></span> <span class='ocrx_word' id='word_1_328' title='bbox 605 4455 774 4526; x_wconf 83' lang='lat' dir='ltr'><strong>Cujus</strong></span> <span class='ocrx_word' id='word_1_329' title='bbox 809 4456 885 4510; x_wconf 89' lang='lat' dir='ltr'><strong>rei</strong></span> <span class='ocrx_word' id='word_1_330' title='bbox 919 4456 1098 4525; x_wconf 86' lang='lat' dir='ltr'><strong>paucis</strong></span> <span class='ocrx_word' id='word_1_331' title='bbox 1136 4455 1432 4525; x_wconf 77' lang='lat' dir='ltr'><strong>inter-jectis</strong></span> <span class='ocrx_word' id='word_1_332' title='bbox 1464 4455 1601 4511; x_wconf 90' lang='lat' dir='ltr'><strong>hanc</strong></span> <span class='ocrx_word' id='word_1_333' title='bbox 1631 4453 1838 4528; x_wconf 77' lang='lat' dir='ltr'><strong>profert</strong></span> <span class='ocrx_word' id='word_1_334' title='bbox 1874 4472 1962 4512; x_wconf 91' lang='lat' dir='ltr'><strong>ra-</strong></span> 
     </span>
    </p>
   </div>
   <div class='ocr_carea' id='block_1_46' title="bbox 374 4549 1965 4622">
    <p class='ocr_par' dir='ltr' id='par_1_46' title="bbox 374 4549 1965 4622">
     <span class='ocr_line' id='line_1_46' title="bbox 374 4549 1965 4622; baseline 0.001 -17"><span class='ocrx_word' id='word_1_335' title='bbox 374 4550 599 4616; x_wconf 89' lang='lat' dir='ltr'><strong>tionem,</strong></span> <span class='ocrx_word' id='word_1_336' title='bbox 630 4549 772 4622; x_wconf 87' lang='lat' dir='ltr'><strong>quod</strong></span> <span class='ocrx_word' id='word_1_337' title='bbox 803 4551 1009 4606; x_wconf 90' lang='lat' dir='ltr'><strong>scilicet</strong></span> <span class='ocrx_word' id='word_1_338' title='bbox 1038 4552 1228 4606; x_wconf 89' lang='lat' dir='ltr'><strong>iterum</strong></span> <span class='ocrx_word' id='word_1_339' title='bbox 1259 4569 1363 4606; x_wconf 91' lang='lat' dir='ltr'><strong>non</strong></span> <span class='ocrx_word' id='word_1_340' title='bbox 1396 4551 1841 4622; x_wconf 85' lang='lat' dir='ltr'><strong>baptizabantur,</strong></span> <span class='ocrx_word' id='word_1_341' title='bbox 1874 4552 1965 4622; x_wconf 90' lang='lat' dir='ltr'><strong>qui</strong></span> 
     </span>
    </p>
   </div>
   <div class='ocr_carea' id='block_1_47' title="bbox 372 4643 1966 4716">
    <p class='ocr_par' dir='ltr' id='par_1_47' title="bbox 372 4643 1966 4716">
     <span class='ocr_line' id='line_1_47' title="bbox 372 4643 1966 4716; baseline -0.001 -17"><span class='ocrx_word' id='word_1_342' title='bbox 372 4645 448 4699; x_wconf 87' lang='lat' dir='ltr'><strong>ita</strong></span> <span class='ocrx_word' id='word_1_343' title='bbox 475 4643 687 4699; x_wconf 91' lang='lat' dir='ltr'><strong>fuerant</strong></span> <span class='ocrx_word' id='word_1_344' title='bbox 709 4644 982 4715; x_wconf 86' lang='lat' dir='ltr'><strong>baptizati;</strong></span> <span class='ocrx_word' id='word_1_345' title='bbox 1011 4645 1312 4700; x_wconf 89' lang='lat' dir='ltr'><strong>iterandum</strong></span> <span class='ocrx_word' id='word_1_346' title='bbox 1339 4645 1600 4716; x_wconf 88' lang='lat' dir='ltr'><strong>siquidem</strong></span> <span class='ocrx_word' id='word_1_347' title='bbox 1622 4643 1811 4701; x_wconf 80' lang='lat' dir='ltr'><strong>fuisset</strong></span> <span class='ocrx_word' id='word_1_348' title='bbox 1832 4643 1966 4715; x_wconf 83' lang='lat' dir='ltr'><strong>Bap-</strong></span> 
     </span>
    </p>
   </div>
   <div class='ocr_carea' id='block_1_48' title="bbox 372 4734 1968 4808">
    <p class='ocr_par' dir='ltr' id='par_1_48' title="bbox 372 4734 1968 4808">
     <span class='ocr_line' id='line_1_48' title="bbox 372 4734 1968 4808; baseline 0.001 -18"><span class='ocrx_word' id='word_1_349' title='bbox 372 4736 562 4802; x_wconf 87' lang='lat' dir='ltr'><strong>tisma,</strong></span> <span class='ocrx_word' id='word_1_350' title='bbox 585 4734 631 4789; x_wconf 83' lang='lat' dir='ltr'><strong>si</strong></span> <span class='ocrx_word' id='word_1_351' title='bbox 656 4735 874 4792; x_wconf 87' lang='lat' dir='ltr'><strong>dubium</strong></span> <span class='ocrx_word' id='word_1_352' title='bbox 906 4736 1120 4807; x_wconf 90' lang='lat' dir='ltr'><strong>aliquod</strong></span> <span class='ocrx_word' id='word_1_353' title='bbox 1149 4746 1325 4792; x_wconf 90' lang='lat' dir='ltr'><strong>ortum</strong></span> <span class='ocrx_word' id='word_1_354' title='bbox 1351 4736 1540 4791; x_wconf 81' lang='lat' dir='ltr'><strong>fuisset</strong></span> <span class='ocrx_word' id='word_1_355' title='bbox 1566 4735 1633 4792; x_wconf 88' lang='lat' dir='ltr'><strong>de</strong></span> <span class='ocrx_word' id='word_1_356' title='bbox 1659 4736 1801 4791; x_wconf 90' lang='lat' dir='ltr'><strong>illius</strong></span> <span class='ocrx_word' id='word_1_357' title='bbox 1830 4735 1968 4808; x_wconf 84' lang='lat' dir='ltr'><strong>Bap-</strong></span> 
     </span>
    </p>
   </div>
   <div class='ocr_carea' id='block_1_49' title="bbox 375 4828 1965 4902">
    <p class='ocr_par' dir='ltr' id='par_1_49' title="bbox 375 4828 1965 4902">
     <span class='ocr_line' id='line_1_49' title="bbox 375 4828 1965 4902; baseline -0.001 -17"><span class='ocrx_word' id='word_1_358' title='bbox 375 4829 528 4885; x_wconf 89' lang='lat' dir='ltr'><strong>tismi</strong></span> <span class='ocrx_word' id='word_1_359' title='bbox 587 4828 878 4886; x_wconf 90' lang='lat' dir='ltr'><strong>validitate.</strong></span> <span class='ocrx_word' id='word_1_360' title='bbox 937 4829 1213 4900; x_wconf 88' lang='lat' dir='ltr'><strong>Improbat</strong></span> <span class='ocrx_word' id='word_1_361' title='bbox 1249 4831 1408 4886; x_wconf 90' lang='lat' dir='ltr'><strong>etiam</strong></span> <span class='ocrx_word' id='word_1_362' title='bbox 1460 4830 1603 4902; x_wconf 89' lang='lat' dir='ltr'><strong>quod</strong></span> <span class='ocrx_word' id='word_1_363' title='bbox 1651 4831 1965 4885; x_wconf 90' lang='lat' dir='ltr'><strong>clinieorum</strong></span> 
     </span>
    </p>
   </div>
   <div class='ocr_carea' id='block_1_50' title="bbox 453 4988 1709 5060">
    <p class='ocr_par' dir='ltr' id='par_1_50' title="bbox 453 4988 1709 5060">
     <span class='ocr_line' id='line_1_50' title="bbox 453 4988 1709 5060; baseline 0.002 -18"><span class='ocrx_word' id='word_1_364' title='bbox 453 4989 528 5060; x_wconf 73' lang='lat' dir='ltr'>(I)</span> <span class='ocrx_word' id='word_1_365' title='bbox 558 4988 810 5060; x_wconf 80' lang='lat' dir='ltr'><strong>Cyprian.</strong></span> <span class='ocrx_word' id='word_1_366' title='bbox 841 4989 944 5060; x_wconf 88' lang='lat' dir='ltr'><strong>Ep.</strong></span> <span class='ocrx_word' id='word_1_367' title='bbox 971 5005 1102 5054; x_wconf 79' lang='lat' dir='ltr'><strong>Lxx,</strong></span> <span class='ocrx_word' id='word_1_368' title='bbox 1128 5000 1258 5046; x_wconf 91' lang='lat' dir='ltr'><strong>tom.</strong></span> <span class='ocrx_word' id='word_1_369' title='bbox 1293 5007 1370 5057; x_wconf 88' lang='grc' dir='ltr'>ιιι,</span> <span class='ocrx_word' id='word_1_370' title='bbox 1403 5007 1453 5048; x_wconf 92' lang='lat' dir='ltr'><strong>c.</strong></span> <span class='ocrx_word' id='word_1_371' title='bbox 1484 4989 1625 5048; x_wconf 67' lang='lat'><strong>1040</strong></span> <span class='ocrx_word' id='word_1_372' title='bbox 1649 5007 1709 5045; x_wconf 71' lang='grc' dir='ltr'>Α.</span> 
     </span>
    </p>
   </div>
   <div class='ocr_carea' id='block_1_51' title="bbox 453 5004 1963 5142">
    <p class='ocr_par' dir='ltr' id='par_1_51' title="bbox 453 5004 1963 5142">
     <span class='ocr_line' id='line_1_51' title="bbox 453 5004 1709 5060; baseline 0.004 -20"><span class='ocrx_word' id='word_1_373' title='bbox 453 5004 499 5058; x_wconf 75' lang='lat'>(1</span> <span class='ocrx_word' id='word_1_374' title='bbox 558 5004 596 5043; x_wconf 72' lang='grc' dir='ltr'>ι.</span> <span class='ocrx_word' id='word_1_375' title='bbox 638 5004 810 5059; x_wconf 89' lang='lat' dir='ltr'><strong>prtan.</strong></span> <span class='ocrx_word' id='word_1_376' title='bbox 841 5004 944 5060; x_wconf 69' lang='lat' dir='ltr'><strong>np.</strong></span> <span class='ocrx_word' id='word_1_377' title='bbox 971 5005 1102 5054; x_wconf 73' lang='grc' dir='ltr'>ιιι,</span> <span class='ocrx_word' id='word_1_378' title='bbox 1128 5004 1258 5046; x_wconf 90' lang='lat' dir='ltr'><strong>tom.</strong></span> <span class='ocrx_word' id='word_1_379' title='bbox 1293 5007 1370 5057; x_wconf 88' lang='grc' dir='ltr'>ιιι,</span> <span class='ocrx_word' id='word_1_380' title='bbox 1403 5007 1453 5048; x_wconf 91' lang='lat' dir='ltr'><strong>c.</strong></span> <span class='ocrx_word' id='word_1_381' title='bbox 1484 5004 1625 5048; x_wconf 79' lang='lat' dir='ltr'><em>ww</em></span> <span class='ocrx_word' id='word_1_382' title='bbox 1649 5007 1709 5045; x_wconf 73' lang='grc' dir='ltr'>Α.</span> 
     </span>
     <span class='ocr_line' id='line_1_52' title="bbox 453 5004 1963 5142; baseline 0.005 -29"><span class='ocrx_word' id='word_1_383' title='bbox 694 5070 922 5142; x_wconf 71' lang='lat' dir='ltr'><strong>tractatu</strong></span> <span class='ocrx_word' id='word_1_384' title='bbox 951 5063 1013 5116; x_wconf 83' lang='lat' dir='ltr'><strong>de</strong></span> <span class='ocrx_word' id='word_1_385' title='bbox 1045 5060 1238 5117; x_wconf 84' lang='lat' dir='ltr'><strong>Habitu</strong></span> <span class='ocrx_word' id='word_1_386' title='bbox 1275 5062 1495 5142; x_wconf 45' lang='lat' dir='ltr'><strong>[irginq</strong></span> <span class='ocrx_word' id='word_1_387' title='bbox 1523 5072 1560 5117; x_wconf 87' lang='grc' dir='ltr'>ι.</span> <span class='ocrx_word' id='word_1_388' title='bbox 1589 5077 1666 5128; x_wconf 85' lang='lat' dir='ltr'><strong>tv,</strong></span> <span class='ocrx_word' id='word_1_389' title='bbox 1689 5077 1738 5117; x_wconf 93' lang='lat' dir='ltr'><strong>c.</strong></span> <span class='ocrx_word' id='word_1_390' title='bbox 1776 5063 1883 5121; x_wconf 69' lang='grc'><strong>446</strong></span> <span class='ocrx_word' id='word_1_391' title='bbox 1913 5079 1963 5120; x_wconf 78' lang='grc' dir='ltr'>ιι.</span> 
     </span>
    </p>
   </div>
   <div class='ocr_carea' id='block_1_52' title="bbox 455 5131 1470 5200">
    <p class='ocr_par' dir='ltr' id='par_1_52' title="bbox 455 5131 1470 5200">
     <span class='ocr_line' id='line_1_53' title="bbox 455 5131 1470 5200; baseline 0.006 -16"><span class='ocrx_word' id='word_1_392' title='bbox 455 5131 529 5200; x_wconf 82' lang='grc'><strong>(5)</strong></span> <span class='ocrx_word' id='word_1_393' title='bbox 562 5132 663 5197; x_wconf 89' lang='lat' dir='ltr'><strong>ld.,</strong></span> <span class='ocrx_word' id='word_1_394' title='bbox 697 5131 796 5200; x_wconf 88' lang='lat' dir='ltr'><strong>Ep.</strong></span> <span class='ocrx_word' id='word_1_395' title='bbox 827 5149 916 5200; x_wconf 83' lang='lat' dir='ltr'><strong>vn,</strong></span> <span class='ocrx_word' id='word_1_396' title='bbox 944 5141 1076 5187; x_wconf 89' lang='lat' dir='ltr'><strong>tom.</strong></span> <span class='ocrx_word' id='word_1_397' title='bbox 1103 5150 1178 5200; x_wconf 87' lang='lat' dir='ltr'><strong>IV,</strong></span> <span class='ocrx_word' id='word_1_398' title='bbox 1209 5150 1258 5191; x_wconf 93' lang='lat' dir='ltr'><strong>c.</strong></span> <span class='ocrx_word' id='word_1_399' title='bbox 1283 5131 1383 5190; x_wconf 69' lang='lat' dir='ltr'><strong>2M</strong></span> <span class='ocrx_word' id='word_1_400' title='bbox 1418 5153 1470 5190; x_wconf 74' lang='grc' dir='ltr'>Α.</span> 
     </span>
    </p>
   </div>
   <div class='ocr_carea' id='block_1_53' title="bbox 453 5143 1962 5275">
    <p class='ocr_par' dir='ltr' id='par_1_53' title="bbox 453 5143 1962 5275">
     <span class='ocr_line' id='line_1_54' title="bbox 455 5143 1470 5200; baseline 0.006 -16"><span class='ocrx_word' id='word_1_401' title='bbox 455 5143 506 5189; x_wconf 73' lang='lat' dir='ltr'><strong>to</strong></span> <span class='ocrx_word' id='word_1_402' title='bbox 562 5143 663 5197; x_wconf 88' lang='lat' dir='ltr'><strong>Id.,</strong></span> <span class='ocrx_word' id='word_1_403' title='bbox 697 5143 796 5200; x_wconf 75' lang='lat' dir='ltr'><strong>Ep.</strong></span> <span class='ocrx_word' id='word_1_404' title='bbox 827 5149 916 5200; x_wconf 82' lang='lat' dir='ltr'><strong>vn,</strong></span> <span class='ocrx_word' id='word_1_405' title='bbox 944 5143 1076 5187; x_wconf 89' lang='lat' dir='ltr'><strong>tom.</strong></span> <span class='ocrx_word' id='word_1_406' title='bbox 1103 5150 1178 5200; x_wconf 86' lang='lat' dir='ltr'><strong>IV,</strong></span> <span class='ocrx_word' id='word_1_407' title='bbox 1209 5150 1258 5191; x_wconf 92' lang='lat' dir='ltr'><strong>c.</strong></span> <span class='ocrx_word' id='word_1_408' title='bbox 1283 5143 1383 5190; x_wconf 72' lang='lat' dir='ltr'><strong>2M</strong></span> <span class='ocrx_word' id='word_1_409' title='bbox 1418 5153 1470 5190; x_wconf 74' lang='grc' dir='ltr'>Α.</span> 
     </span>
     <span class='ocr_line' id='line_1_55' title="bbox 453 5143 1962 5275; baseline 0.006 -20"><span class='ocrx_word' id='word_1_410' title='bbox 453 5143 529 5275; x_wconf 48' lang='grc' dir='ltr'>(ᾧ)</span> <span class='ocrx_word' id='word_1_411' title='bbox 555 5202 633 5256; x_wconf 88' lang='lat' dir='ltr'><strong>Id.</strong></span> <span class='ocrx_word' id='word_1_412' title='bbox 658 5203 775 5275; x_wconf 83' lang='lat' dir='ltr'><strong>libr.</strong></span> <span class='ocrx_word' id='word_1_413' title='bbox 811 5203 872 5256; x_wconf 86' lang='lat' dir='ltr'><strong>de</strong></span> <span class='ocrx_word' id='word_1_414' title='bbox 912 5203 1117 5275; x_wconf 84' lang='lat' dir='ltr'><strong>Lapsis,</strong></span> <span class='ocrx_word' id='word_1_415' title='bbox 1154 5215 1191 5259; x_wconf 93' lang='lat' dir='ltr'><strong>t.</strong></span> <span class='ocrx_word' id='word_1_416' title='bbox 1224 5222 1301 5273; x_wconf 86' lang='lat' dir='ltr'><strong>iv,</strong></span> <span class='ocrx_word' id='word_1_417' title='bbox 1333 5221 1380 5261; x_wconf 92' lang='lat' dir='ltr'><strong>c.</strong></span> <span class='ocrx_word' id='word_1_418' title='bbox 1409 5207 1512 5262; x_wconf 57' lang='grc'><strong>551</strong></span> <span class='ocrx_word' id='word_1_419' title='bbox 1553 5223 1585 5260; x_wconf 76' lang='grc' dir='ltr'><strong>Α</strong></span> <span class='ocrx_word' id='word_1_420' title='bbox 1617 5217 1744 5262; x_wconf 88' lang='lat' dir='ltr'><strong>etc.</strong></span> <span class='ocrx_word' id='word_1_421' title='bbox 1777 5205 1882 5263; x_wconf 67' lang='grc'><strong>467</strong></span> <span class='ocrx_word' id='word_1_422' title='bbox 1911 5226 1962 5264; x_wconf 77' lang='grc' dir='ltr'>Α.</span> 
     </span>
    </p>
   </div>
   <div class='ocr_carea' id='block_1_54' title="bbox 374 5272 1965 5399">
    <p class='ocr_par' dir='ltr' id='par_1_54' title="bbox 374 5272 1965 5399">
     <span class='ocr_line' id='line_1_56' title="bbox 374 5272 1965 5399; baseline 0.005 -73"><span class='ocrx_word' id='word_1_423' title='bbox 374 5272 488 5399; x_wconf 53' lang='lat' dir='ltr'><strong>Sed</strong></span> <span class='ocrx_word' id='word_1_424' title='bbox 509 5275 592 5344; x_wconf 86' lang='lat' dir='ltr'><strong>qui</strong></span> <span class='ocrx_word' id='word_1_425' title='bbox 611 5274 801 5356; x_wconf 61' lang='lat' dir='ltr'><strong>uinculo</strong></span> <span class='ocrx_word' id='word_1_426' title='bbox 828 5272 1146 5332; x_wconf 77' lang='lat' dir='ltr'><strong>renuntiasse</strong></span> <span class='ocrx_word' id='word_1_427' title='bbox 1165 5294 1219 5332; x_wconf 79' lang='lat' dir='ltr'><strong>se</strong></span> <span class='ocrx_word' id='word_1_428' title='bbox 1239 5272 1463 5334; x_wconf 81' lang='lat' dir='ltr'><strong>meminit</strong></span> <span class='ocrx_word' id='word_1_429' title='bbox 1488 5320 1502 5342; x_wconf 92' lang='lat'><strong>,</strong></span> <span class='ocrx_word' id='word_1_430' title='bbox 1548 5277 1747 5332; x_wconf 87' lang='lat' dir='ltr'><strong>nullum</strong></span> <span class='ocrx_word' id='word_1_431' title='bbox 1793 5280 1965 5336; x_wconf 73' lang='grc' dir='ltr'><strong>διεσαιὲ</strong></span> 
     </span>
     <span class='ocr_line' id='line_1_57' title="bbox 411 5355 691 5399; baseline -0.004 0"><span class='ocrx_word' id='word_1_432' title='bbox 411 5360 508 5399; x_wconf 78' lang='lat' dir='ltr'><strong>rem</strong></span> <span class='ocrx_word' id='word_1_433' title='bbox 535 5355 691 5399; x_wconf 87' lang='lat' dir='ltr'><strong>novtl.</strong></span> 
     </span>
    </p>
   </div>
   <div class='ocr_carea' id='block_1_55' title="bbox 411 5355 691 5399">
    <p class='ocr_par' dir='ltr' id='par_1_55' title="bbox 411 5355 691 5399">
     <span class='ocr_line' id='line_1_58' title="bbox 411 5355 691 5399; baseline -0.004 0"><span class='ocrx_word' id='word_1_434' title='bbox 411 5360 508 5399; x_wconf 78' lang='lat' dir='ltr'><strong>rem</strong></span> <span class='ocrx_word' id='word_1_435' title='bbox 535 5355 691 5399; x_wconf 85' lang='lat' dir='ltr'><strong>novit.</strong></span> 
     </span>
    </p>
   </div>
   <div class='ocr_carea' id='block_1_56' title="bbox 449 5413 960 5488">
    <p class='ocr_par' dir='ltr' id='par_1_56' title="bbox 449 5413 960 5488">
     <span class='ocr_line' id='line_1_59' title="bbox 449 5413 960 5488; baseline 0 -18"><span class='ocrx_word' id='word_1_436' title='bbox 449 5413 526 5488; x_wconf 73' lang='lat'>(5)</span> <span class='ocrx_word' id='word_1_437' title='bbox 554 5416 658 5488; x_wconf 90' lang='lat' dir='ltr'><strong>I_d.,</strong></span> <span class='ocrx_word' id='word_1_438' title='bbox 688 5417 786 5488; x_wconf 87' lang='lat' dir='ltr'><strong>Ep.</strong></span> <span class='ocrx_word' id='word_1_439' title='bbox 810 5433 960 5472; x_wconf 73' lang='lat' dir='ltr'><strong>uix.</strong></span> 
     </span>
    </p>
   </div>
   <div class='ocr_carea' id='block_1_57' title="bbox 447 5486 1967 5562">
    <p class='ocr_par' dir='ltr' id='par_1_57' title="bbox 447 5486 1967 5562">
     <span class='ocr_line' id='line_1_60' title="bbox 447 5486 1967 5562; baseline 0.005 -22"><span class='ocrx_word' id='word_1_440' title='bbox 447 5486 526 5558; x_wconf 82' lang='lat'>(6)</span> <span class='ocrx_word' id='word_1_441' title='bbox 552 5486 1067 5562; x_wconf 22' lang='lat' dir='ltr'><strong>Cle‘maAlexandrq</strong></span> <span class='ocrx_word' id='word_1_442' title='bbox 1093 5489 1184 5544; x_wconf 92' lang='lat' dir='ltr'><strong>lib.</strong></span> <span class='ocrx_word' id='word_1_443' title='bbox 1208 5506 1238 5545; x_wconf 86' lang='lat' dir='ltr'><strong>v</strong></span> <span class='ocrx_word' id='word_1_444' title='bbox 1262 5491 1534 5555; x_wconf 79' lang='lat' dir='ltr'><strong>Stromat.,</strong></span> <span class='ocrx_word' id='word_1_445' title='bbox 1553 5505 1671 5562; x_wconf 81' lang='lat' dir='ltr'><strong>pag.</strong></span> <span class='ocrx_word' id='word_1_446' title='bbox 1702 5487 1967 5549; x_wconf 82' lang='lat' dir='ltr'><strong>690.Vide</strong></span> 
     </span>
    </p>
   </div>
   <div class='ocr_carea' id='block_1_58' title="bbox 379 5557 1610 5633">
    <p class='ocr_par' dir='ltr' id='par_1_58' title="bbox 379 5557 1610 5633">
     <span class='ocr_line' id='line_1_61' title="bbox 379 5557 1610 5633; baseline 0.003 -22"><span class='ocrx_word' id='word_1_447' title='bbox 379 5557 834 5633; x_wconf 44' lang='lat' dir='ltr'><strong>[litim-Libenter).</strong></span> <span class='ocrx_word' id='word_1_448' title='bbox 863 5563 1048 5627; x_wconf 84' lang='lat' dir='ltr'><strong>critic.,</strong></span> <span class='ocrx_word' id='word_1_449' title='bbox 1080 5570 1218 5629; x_wconf 89' lang='lat' dir='ltr'><strong>part.</strong></span> <span class='ocrx_word' id='word_1_450' title='bbox 1245 5578 1298 5624; x_wconf 79' lang='grc' dir='ltr'>ν,</span> <span class='ocrx_word' id='word_1_451' title='bbox 1335 5579 1454 5633; x_wconf 87' lang='lat' dir='ltr'><strong>pag.</strong></span> <span class='ocrx_word' id='word_1_452' title='bbox 1488 5557 1610 5619; x_wconf 74' lang='lat' dir='ltr'><strong>I55.</strong></span> 
     </span>
    </p>
   </div>
   <div class='ocr_carea' id='block_1_59' title="bbox 452 5628 1964 5704">
    <p class='ocr_par' dir='ltr' id='par_1_59' title="bbox 452 5628 1964 5704">
     <span class='ocr_line' id='line_1_62' title="bbox 452 5628 1964 5704; baseline 0.006 -24"><span class='ocrx_word' id='word_1_453' title='bbox 452 5628 528 5698; x_wconf 79' lang='lat'>(7)</span> <span class='ocrx_word' id='word_1_454' title='bbox 557 5628 900 5704; x_wconf 69' lang='lat' dir='ltr'><strong>Tertullian.,</strong></span> <span class='ocrx_word' id='word_1_455' title='bbox 931 5634 1047 5685; x_wconf 82' lang='lat' dir='ltr'><strong>adv.</strong></span> <span class='ocrx_word' id='word_1_456' title='bbox 1074 5628 1376 5702; x_wconf 58' lang='lat' dir='ltr'><strong>Proxeaml,</strong></span> <span class='ocrx_word' id='word_1_457' title='bbox 1407 5628 1525 5704; x_wconf 75' lang='lat' dir='ltr'><strong>cap.</strong></span> <span class='ocrx_word' id='word_1_458' title='bbox 1563 5632 1652 5689; x_wconf 72' lang='grc'>26.</span> <span class='ocrx_word' id='word_1_459' title='bbox 1690 5630 1806 5690; x_wconf 83' lang='lat' dir='ltr'><strong>Vld,</strong></span> <span class='ocrx_word' id='word_1_460' title='bbox 1826 5630 1964 5689; x_wconf 79' lang='lat' dir='ltr'><strong>Hist.</strong></span> 
     </span>
    </p>
   </div>
   <div class='ocr_carea' id='block_1_60' title="bbox 376 5698 1327 5774">
    <p class='ocr_par' dir='ltr' id='par_1_60' title="bbox 376 5698 1327 5774">
     <span class='ocr_line' id='line_1_63' title="bbox 376 5698 1327 5774; baseline 0.007 -22"><span class='ocrx_word' id='word_1_461' title='bbox 376 5703 496 5774; x_wconf 65' lang='lat' dir='ltr'><strong>erit.</strong></span> <span class='ocrx_word' id='word_1_462' title='bbox 526 5698 748 5774; x_wconf 79' lang='lat' dir='ltr'><strong>tlteolog.</strong></span> <span class='ocrx_word' id='word_1_463' title='bbox 777 5712 912 5774; x_wconf 85' lang='lat' dir='ltr'><strong>part.</strong></span> <span class='ocrx_word' id='word_1_464' title='bbox 943 5718 1013 5774; x_wconf 76' lang='lat' dir='ltr'><strong>vi,</strong></span> <span class='ocrx_word' id='word_1_465' title='bbox 1046 5719 1164 5774; x_wconf 85' lang='lat' dir='ltr'><strong>pag.</strong></span> <span class='ocrx_word' id='word_1_466' title='bbox 1201 5705 1327 5761; x_wconf 79' lang='grc'>655.</span> 
     </span>
    </p>
   </div>
   <div class='ocr_carea' id='block_1_61' title="bbox 451 5770 1260 5912">
    <p class='ocr_par' dir='ltr' id='par_1_61' title="bbox 451 5770 1260 5912">
     <span class='ocr_line' id='line_1_64' title="bbox 451 5770 1260 5912; baseline 0.006 -89"><span class='ocrx_word' id='word_1_467' title='bbox 451 5770 530 5912; x_wconf 58' lang='lat'>(8)</span> <span class='ocrx_word' id='word_1_468' title='bbox 561 5773 737 5824; x_wconf 71' lang='lat' dir='ltr'><strong>(.‘auon</strong></span> <span class='ocrx_word' id='word_1_469' title='bbox 772 5771 1002 5842; x_wconf 76' lang='lat' dir='ltr'><strong>Apostol.</strong></span> <span class='ocrx_word' id='word_1_470' title='bbox 1024 5770 1143 5844; x_wconf 30' lang='lat' dir='ltr'><strong>c‘ap&#39;.</strong></span> <span class='ocrx_word' id='word_1_471' title='bbox 1168 5774 1260 5831; x_wconf 76' lang='lat'><strong>20.</strong></span> 
     </span>
     <span class='ocr_line' id='line_1_65' title="bbox 473 5841 1260 5912; baseline 0.011 -17"><span class='ocrx_word' id='word_1_472' title='bbox 473 5845 527 5911; x_wconf 82' lang='lat'>9)</span> <span class='ocrx_word' id='word_1_473' title='bbox 560 5841 839 5912; x_wconf 71' lang='lat' dir='ltr'><strong>Cyprium,</strong></span> <span class='ocrx_word' id='word_1_474' title='bbox 871 5841 971 5912; x_wconf 84' lang='lat' dir='ltr'><strong>Ep.</strong></span> <span class='ocrx_word' id='word_1_475' title='bbox 1006 5845 1074 5902; x_wconf 66' lang='lat' dir='ltr'><strong>ﬁt!</strong></span> <span class='ocrx_word' id='word_1_476' title='bbox 1114 5845 1260 5912; x_wconf 77' lang='lat' dir='ltr'><strong>Magn</strong></span> 
     </span>
    </p>
   </div>
   <div class='ocr_carea' id='block_1_62' title="bbox 376 5841 1375 5918">
    <p class='ocr_par' dir='ltr' id='par_1_62' title="bbox 376 5841 1375 5918">
     <span class='ocr_line' id='line_1_66' title="bbox 376 5841 1375 5918; baseline 0.007 -24"><span class='ocrx_word' id='word_1_477' title='bbox 376 5899 384 5918; x_wconf 40' lang='grc' dir='ltr'>δ</span> <span class='ocrx_word' id='word_1_478' title='bbox 452 5841 527 5912; x_wconf 82' lang='lat'>(9)</span> <span class='ocrx_word' id='word_1_479' title='bbox 560 5841 839 5913; x_wconf 73' lang='lat' dir='ltr'><strong>Cyprium,</strong></span> <span class='ocrx_word' id='word_1_480' title='bbox 871 5841 971 5915; x_wconf 88' lang='lat' dir='ltr'><strong>Ep.</strong></span> <span class='ocrx_word' id='word_1_481' title='bbox 1006 5841 1375 5918; x_wconf 50' lang='lat' dir='ltr'><strong>ad&#39;Maguum.</strong></span> 
     </span>
    </p>
   </div>
   <div class='ocr_carea' id='block_1_63' title="bbox 1772 355 2164 416">
    <p class='ocr_par' dir='ltr' id='par_1_63' title="bbox 1772 355 2164 416">
     <span class='ocr_line' id='line_1_67' title="bbox 1772 355 2164 416; baseline 0 -5"><span class='ocrx_word' id='word_1_482' title='bbox 1772 355 2164 416; x_wconf 63' lang='lat' dir='ltr'><strong>PIUEFATIO.</strong></span> 
     </span>
    </p>
   </div>
   <div class='ocr_carea' id='block_1_64' title="bbox 3526 376 3636 417">
    <p class='ocr_par' dir='ltr' id='par_1_64' title="bbox 3526 376 3636 417">
     <span class='ocr_line' id='line_1_68' title="bbox 3526 376 3636 417; baseline 0 -1"><span class='ocrx_word' id='word_1_483' title='bbox 3526 376 3636 417; x_wconf 73' lang='lat' dir='ltr'><strong>XXII</strong></span> 
     </span>
    </p>
   </div>
   <div class='ocr_carea' id='block_1_65' title="bbox 2051 452 3632 546">
    <p class='ocr_par' dir='ltr' id='par_1_65' title="bbox 2051 452 3632 546">
     <span class='ocr_line' id='line_1_69' title="bbox 2051 452 3632 546; baseline 0 -16"><span class='ocrx_word' id='word_1_484' title='bbox 2051 475 2269 531; x_wconf 88' lang='lat' dir='ltr'><strong>nomine</strong></span> <span class='ocrx_word' id='word_1_485' title='bbox 2289 476 2646 546; x_wconf 85' lang='lat' dir='ltr'><strong>appellentur,</strong></span> <span class='ocrx_word' id='word_1_486' title='bbox 2667 489 2729 531; x_wconf 89' lang='lat' dir='ltr'><strong>ac</strong></span> <span class='ocrx_word' id='word_1_487' title='bbox 2761 475 3243 546; x_wconf 62' lang='lat' dir='ltr'><strong>inaudatjllosjuti</strong></span> <span class='ocrx_word' id='word_1_488' title='bbox 3266 454 3424 530; x_wconf 72' lang='lat' dir='ltr'><strong>veros</strong></span> <span class='ocrx_word' id='word_1_489' title='bbox 3445 452 3632 530; x_wconf 43' lang='lat' dir='ltr'><strong>Chii:</strong></span> 
     </span>
    </p>
   </div>
   <div class='ocr_carea' id='block_1_66' title="bbox 2049 567 3635 636">
    <p class='ocr_par' dir='ltr' id='par_1_66' title="bbox 2049 567 3635 636">
     <span class='ocr_line' id='line_1_70' title="bbox 2049 567 3635 636; baseline 0 -13"><span class='ocrx_word' id='word_1_490' title='bbox 2049 568 2222 626; x_wconf 85' lang='lat' dir='ltr'><strong>tianos</strong></span> <span class='ocrx_word' id='word_1_491' title='bbox 2268 567 2691 624; x_wconf 81' lang='lat' dir='ltr'><strong>considerandos</strong></span> <span class='ocrx_word' id='word_1_492' title='bbox 2735 584 2891 635; x_wconf 81' lang='lat' dir='ltr'><strong>esse,</strong></span> <span class='ocrx_word' id='word_1_493' title='bbox 2923 568 3062 623; x_wconf 91' lang='lat' dir='ltr'><strong>sicut</strong></span> <span class='ocrx_word' id='word_1_494' title='bbox 3100 575 3155 623; x_wconf 86' lang='lat' dir='ltr'><strong>et</strong></span> <span class='ocrx_word' id='word_1_495' title='bbox 3181 576 3441 636; x_wconf 83' lang='lat' dir='ltr'><strong>caeteros,</strong></span> <span class='ocrx_word' id='word_1_496' title='bbox 3478 576 3533 622; x_wconf 90' lang='lat' dir='ltr'><strong>et</strong></span> <span class='ocrx_word' id='word_1_497' title='bbox 3581 569 3635 623; x_wconf 87' lang='lat' dir='ltr'><strong>In</strong></span> 
     </span>
    </p>
   </div>
   <div class='ocr_carea' id='block_1_67' title="bbox 2047 660 3627 717">
    <p class='ocr_par' dir='ltr' id='par_1_67' title="bbox 2047 660 3627 717">
     <span class='ocr_line' id='line_1_71' title="bbox 2047 660 3627 717; baseline 0.001 -3"><span class='ocrx_word' id='word_1_498' title='bbox 2047 661 2192 716; x_wconf 86' lang='lat' dir='ltr'><strong>nulla</strong></span> <span class='ocrx_word' id='word_1_499' title='bbox 2232 676 2289 716; x_wconf 90' lang='lat' dir='ltr'><strong>re</strong></span> <span class='ocrx_word' id='word_1_500' title='bbox 2317 677 2346 714; x_wconf 90' lang='lat' dir='ltr'><strong>a</strong></span> <span class='ocrx_word' id='word_1_501' title='bbox 2375 662 2588 716; x_wconf 85' lang='lat' dir='ltr'><strong>caeteris</strong></span> <span class='ocrx_word' id='word_1_502' title='bbox 2616 661 2863 715; x_wconf 87' lang='lat' dir='ltr'><strong>ﬁdelibus</strong></span> <span class='ocrx_word' id='word_1_503' title='bbox 2887 660 3188 716; x_wconf 75' lang='lat' dir='ltr'><strong>censendos&quot;</strong></span> <span class='ocrx_word' id='word_1_504' title='bbox 3215 673 3338 716; x_wconf 81' lang='lat' dir='ltr'><strong>esse</strong></span> <span class='ocrx_word' id='word_1_505' title='bbox 3362 662 3627 717; x_wconf 86' lang='lat' dir='ltr'><strong>diversos.</strong></span> 
     </span>
    </p>
   </div>
   <div class='ocr_carea' id='block_1_68' title="bbox 2047 739 3631 820">
    <p class='ocr_par' dir='ltr' id='par_1_68' title="bbox 2047 739 3631 820">
     <span class='ocr_line' id='line_1_72' title="bbox 2047 739 3631 820; baseline 0.002 -14"><span class='ocrx_word' id='word_1_506' title='bbox 2047 751 2299 808; x_wconf 85' lang='lat' dir='ltr'><strong>Fatemur</strong></span> <span class='ocrx_word' id='word_1_507' title='bbox 2354 752 2724 820; x_wconf 88' lang='lat' dir='ltr'><strong>nihilominus,</strong></span> <span class='ocrx_word' id='word_1_508' title='bbox 2781 753 2964 808; x_wconf 80' lang='lat' dir='ltr'><strong>Romae</strong></span> <span class='ocrx_word' id='word_1_509' title='bbox 3003 767 3032 807; x_wconf 90' lang='lat' dir='ltr'><strong>a</strong></span> <span class='ocrx_word' id='word_1_510' title='bbox 3082 754 3338 809; x_wconf 89' lang='lat' dir='ltr'><strong>clerlcatu</strong></span> <span class='ocrx_word' id='word_1_511' title='bbox 3395 766 3489 807; x_wconf 87' lang='lat' dir='ltr'><strong>eos</strong></span> <span class='ocrx_word' id='word_1_512' title='bbox 3541 739 3631 809; x_wconf 58' lang='lat' dir='ltr'><strong>re:-</strong></span> 
     </span>
    </p>
   </div>
   <div class='ocr_carea' id='block_1_69' title="bbox 2041 843 3634 917">
    <p class='ocr_par' dir='ltr' id='par_1_69' title="bbox 2041 843 3634 917">
     <span class='ocr_line' id='line_1_73' title="bbox 2041 843 3634 917; baseline 0.002 -19"><span class='ocrx_word' id='word_1_513' title='bbox 2041 843 2214 915; x_wconf 89' lang='lat' dir='ltr'><strong>jectos</strong></span> <span class='ocrx_word' id='word_1_514' title='bbox 2242 844 2425 912; x_wconf 86' lang='lat' dir='ltr'><strong>fuisse,</strong></span> <span class='ocrx_word' id='word_1_515' title='bbox 2457 845 2546 917; x_wconf 88' lang='lat' dir='ltr'><strong>qui</strong></span> <span class='ocrx_word' id='word_1_516' title='bbox 2572 845 2823 914; x_wconf 84' lang='lat' dir='ltr'><strong>baptizati</strong></span> <span class='ocrx_word' id='word_1_517' title='bbox 2850 844 3064 900; x_wconf 82' lang='lat' dir='ltr'><strong>fuerant</strong></span> <span class='ocrx_word' id='word_1_518' title='bbox 3082 860 3177 915; x_wconf 90' lang='lat' dir='ltr'><strong>per</strong></span> <span class='ocrx_word' id='word_1_519' title='bbox 3198 844 3521 902; x_wconf 83' lang='lat' dir='ltr'><strong>infusionem</strong></span> <span class='ocrx_word' id='word_1_520' title='bbox 3548 845 3634 901; x_wconf 83' lang='lat' dir='ltr'><strong>vel</strong></span> 
     </span>
    </p>
   </div>
   <div class='ocr_carea' id='block_1_70' title="bbox 2047 937 3635 1010">
    <p class='ocr_par' dir='ltr' id='par_1_70' title="bbox 2047 937 3635 1010">
     <span class='ocr_line' id='line_1_74' title="bbox 2047 937 3635 1010; baseline -0.001 -15"><span class='ocrx_word' id='word_1_521' title='bbox 2047 953 2142 1010; x_wconf 88' lang='lat' dir='ltr'><strong>per</strong></span> <span class='ocrx_word' id='word_1_522' title='bbox 2163 937 2561 1010; x_wconf 81' lang='lat' dir='ltr'><strong>aspersionem;</strong></span> <span class='ocrx_word' id='word_1_523' title='bbox 2597 940 2698 992; x_wconf 89' lang='lat' dir='ltr'><strong>hoc</strong></span> <span class='ocrx_word' id='word_1_524' title='bbox 2729 938 2989 1009; x_wconf 87' lang='lat' dir='ltr'><strong>siquidem</strong></span> <span class='ocrx_word' id='word_1_525' title='bbox 3044 953 3208 994; x_wconf 90' lang='lat' dir='ltr'><strong>unum</strong></span> <span class='ocrx_word' id='word_1_526' title='bbox 3251 947 3334 994; x_wconf 88' lang='lat' dir='ltr'><strong>est</strong></span> <span class='ocrx_word' id='word_1_527' title='bbox 3381 953 3449 994; x_wconf 82' lang='lat' dir='ltr'><strong>ex</strong></span> <span class='ocrx_word' id='word_1_528' title='bbox 3493 938 3635 994; x_wconf 76' lang='lat' dir='ltr'><strong>vitiis</strong></span> 
     </span>
    </p>
   </div>
   <div class='ocr_carea' id='block_1_71' title="bbox 2047 1028 3639 1100">
    <p class='ocr_par' dir='ltr' id='par_1_71' title="bbox 2047 1028 3639 1100">
     <span class='ocr_line' id='line_1_75' title="bbox 2047 1028 3639 1100; baseline 0.003 -17"><span class='ocrx_word' id='word_1_529' title='bbox 2047 1029 2401 1085; x_wconf 88' lang='lat' dir='ltr'><strong>ordinationis</strong></span> <span class='ocrx_word' id='word_1_530' title='bbox 2430 1028 2731 1096; x_wconf 85' lang='lat' dir='ltr'><strong>Novatiani,</strong></span> <span class='ocrx_word' id='word_1_531' title='bbox 2757 1029 2897 1100; x_wconf 91' lang='lat' dir='ltr'><strong>quod</strong></span> <span class='ocrx_word' id='word_1_532' title='bbox 2924 1028 3211 1085; x_wconf 87' lang='lat' dir='ltr'><strong>Cornelius</strong></span> <span class='ocrx_word' id='word_1_533' title='bbox 3236 1029 3380 1100; x_wconf 85' lang='lat' dir='ltr'><strong>Papa</strong></span> <span class='ocrx_word' id='word_1_534' title='bbox 3421 1029 3639 1087; x_wconf 85' lang='lat' dir='ltr'><strong>adducit</strong></span> 
     </span>
    </p>
   </div>
   <div class='ocr_carea' id='block_1_72' title="bbox 2048 1119 3639 1191">
    <p class='ocr_par' dir='ltr' id='par_1_72' title="bbox 2048 1119 3639 1191">
     <span class='ocr_line' id='line_1_76' title="bbox 2048 1119 3639 1191; baseline 0.003 -17"><span class='ocrx_word' id='word_1_535' title='bbox 2048 1119 2100 1174; x_wconf 92' lang='lat' dir='ltr'><strong>in</strong></span> <span class='ocrx_word' id='word_1_536' title='bbox 2129 1133 2222 1173; x_wconf 88' lang='lat' dir='ltr'><strong>sua</strong></span> <span class='ocrx_word' id='word_1_537' title='bbox 2258 1119 2496 1190; x_wconf 86' lang='lat' dir='ltr'><strong>Epistola</strong></span> <span class='ocrx_word' id='word_1_538' title='bbox 2523 1119 2590 1175; x_wconf 90' lang='lat' dir='ltr'><strong>ad</strong></span> <span class='ocrx_word' id='word_1_539' title='bbox 2617 1120 2840 1175; x_wconf 83' lang='lat' dir='ltr'><strong>Fabium</strong></span> <span class='ocrx_word' id='word_1_540' title='bbox 2874 1121 3197 1191; x_wconf 80' lang='lat' dir='ltr'><strong>Episcopum</strong></span> <span class='ocrx_word' id='word_1_541' title='bbox 3239 1119 3639 1178; x_wconf 81' lang='lat' dir='ltr'><strong>Antioohenum</strong></span> 
     </span>
    </p>
   </div>
   <div class='ocr_carea' id='block_1_73' title="bbox 2051 1209 3643 1286">
    <p class='ocr_par' dir='ltr' id='par_1_73' title="bbox 2051 1209 3643 1286">
     <span class='ocr_line' id='line_1_77' title="bbox 2051 1209 3643 1286; baseline 0.004 -21"><span class='ocrx_word' id='word_1_542' title='bbox 2051 1209 2149 1285; x_wconf 87' lang='lat' dir='ltr'><strong>(I).</strong></span> <span class='ocrx_word' id='word_1_543' title='bbox 2177 1212 2472 1267; x_wconf 89' lang='lat' dir='ltr'><strong>Concilium</strong></span> <span class='ocrx_word' id='word_1_544' title='bbox 2497 1213 2694 1283; x_wconf 88' lang='lat' dir='ltr'><strong>pariter</strong></span> <span class='ocrx_word' id='word_1_545' title='bbox 2718 1211 3154 1269; x_wconf 66' lang='lat' dir='ltr'><strong>Neocaisariense</strong></span> <span class='ocrx_word' id='word_1_546' title='bbox 3191 1211 3270 1284; x_wconf 75' lang='lat'>(9.)</span> <span class='ocrx_word' id='word_1_547' title='bbox 3298 1228 3327 1267; x_wconf 90' lang='lat' dir='ltr'><strong>a</strong></span> <span class='ocrx_word' id='word_1_548' title='bbox 3363 1214 3643 1286; x_wconf 86' lang='lat' dir='ltr'><strong>presbyte-</strong></span> 
     </span>
    </p>
   </div>
   <div class='ocr_carea' id='block_1_74' title="bbox 2047 1305 3641 1376">
    <p class='ocr_par' dir='ltr' id='par_1_74' title="bbox 2047 1305 3641 1376">
     <span class='ocr_line' id='line_1_78' title="bbox 2047 1305 3641 1376; baseline 0.002 -15"><span class='ocrx_word' id='word_1_549' title='bbox 2047 1316 2165 1362; x_wconf 85' lang='lat' dir='ltr'><strong>ratu</strong></span> <span class='ocrx_word' id='word_1_550' title='bbox 2195 1305 2429 1361; x_wconf 77' lang='lat' dir='ltr'><strong>excludit</strong></span> <span class='ocrx_word' id='word_1_551' title='bbox 2467 1306 2696 1373; x_wconf 82' lang='lat' dir='ltr'><strong>clinicos,</strong></span> <span class='ocrx_word' id='word_1_552' title='bbox 2752 1321 2816 1360; x_wconf 90' lang='lat' dir='ltr'><strong>eo</strong></span> <span class='ocrx_word' id='word_1_553' title='bbox 2850 1307 2968 1376; x_wconf 87' lang='lat' dir='ltr'><strong>quia</strong></span> <span class='ocrx_word' id='word_1_554' title='bbox 2997 1307 3152 1376; x_wconf 79' lang='lat' dir='ltr'><strong>juxta</strong></span> <span class='ocrx_word' id='word_1_555' title='bbox 3188 1315 3422 1362; x_wconf 89' lang='lat' dir='ltr'><strong>mentem</strong></span> <span class='ocrx_word' id='word_1_556' title='bbox 3481 1308 3641 1376; x_wconf 89' lang='lat' dir='ltr'><strong>hujus</strong></span> 
     </span>
    </p>
   </div>
   <div class='ocr_carea' id='block_1_75' title="bbox 2051 1399 3642 1466">
    <p class='ocr_par' dir='ltr' id='par_1_75' title="bbox 2051 1399 3642 1466">
     <span class='ocr_line' id='line_1_79' title="bbox 2051 1399 3642 1466; baseline 0.003 -12"><span class='ocrx_word' id='word_1_557' title='bbox 2051 1399 2276 1454; x_wconf 91' lang='lat' dir='ltr'><strong>Concilii</strong></span> <span class='ocrx_word' id='word_1_558' title='bbox 2302 1415 2488 1455; x_wconf 88' lang='lat' dir='ltr'><strong>eorum</strong></span> <span class='ocrx_word' id='word_1_559' title='bbox 2519 1399 2652 1454; x_wconf 84' lang='lat' dir='ltr'><strong>fides</strong></span> <span class='ocrx_word' id='word_1_560' title='bbox 2679 1415 2784 1454; x_wconf 91' lang='lat' dir='ltr'><strong>non</strong></span> <span class='ocrx_word' id='word_1_561' title='bbox 2808 1411 2953 1454; x_wconf 89' lang='lat' dir='ltr'><strong>esset</strong></span> <span class='ocrx_word' id='word_1_562' title='bbox 2981 1399 3302 1466; x_wconf 87' lang='lat' dir='ltr'><strong>voluntaria,</strong></span> <span class='ocrx_word' id='word_1_563' title='bbox 3320 1400 3414 1455; x_wconf 90' lang='lat' dir='ltr'><strong>sed</strong></span> <span class='ocrx_word' id='word_1_564' title='bbox 3442 1415 3471 1456; x_wconf 85' lang='lat' dir='ltr'><strong>a</strong></span> <span class='ocrx_word' id='word_1_565' title='bbox 3497 1417 3642 1458; x_wconf 89' lang='lat' dir='ltr'><strong>mor-</strong></span> 
     </span>
    </p>
   </div>
   <div class='ocr_carea' id='block_1_76' title="bbox 2055 1489 3644 1562">
    <p class='ocr_par' dir='ltr' id='par_1_76' title="bbox 2055 1489 3644 1562">
     <span class='ocr_line' id='line_1_80' title="bbox 2055 1489 3644 1562; baseline 0.003 -16"><span class='ocrx_word' id='word_1_566' title='bbox 2055 1491 2122 1547; x_wconf 88' lang='lat' dir='ltr'><strong>tis</strong></span> <span class='ocrx_word' id='word_1_567' title='bbox 2163 1502 2306 1546; x_wconf 90' lang='lat' dir='ltr'><strong>metu</strong></span> <span class='ocrx_word' id='word_1_568' title='bbox 2367 1491 2736 1562; x_wconf 88' lang='lat' dir='ltr'><strong>perﬁceretur.</strong></span> <span class='ocrx_word' id='word_1_569' title='bbox 2790 1489 3056 1546; x_wconf 67' lang='lat' dir='ltr'><strong>Caeterum</strong></span> <span class='ocrx_word' id='word_1_570' title='bbox 3119 1492 3510 1549; x_wconf 88' lang='lat' dir='ltr'><strong>observandum</strong></span> <span class='ocrx_word' id='word_1_571' title='bbox 3558 1503 3644 1551; x_wconf 86' lang='lat' dir='ltr'><strong>est</strong></span> 
     </span>
    </p>
   </div>
   <div class='ocr_carea' id='block_1_77' title="bbox 2052 1581 3642 1654">
    <p class='ocr_par' dir='ltr' id='par_1_77' title="bbox 2052 1581 3642 1654">
     <span class='ocr_line' id='line_1_81' title="bbox 2052 1581 3642 1654; baseline 0.003 -18"><span class='ocrx_word' id='word_1_572' title='bbox 2052 1581 2321 1653; x_wconf 78' lang='lat' dir='ltr'><strong>Baptisma</strong></span> <span class='ocrx_word' id='word_1_573' title='bbox 2370 1599 2462 1654; x_wconf 91' lang='lat' dir='ltr'><strong>per</strong></span> <span class='ocrx_word' id='word_1_574' title='bbox 2505 1582 2830 1638; x_wconf 90' lang='lat' dir='ltr'><strong>infusionem</strong></span> <span class='ocrx_word' id='word_1_575' title='bbox 2877 1582 2929 1636; x_wconf 89' lang='lat' dir='ltr'><strong>in</strong></span> <span class='ocrx_word' id='word_1_576' title='bbox 2964 1582 3081 1637; x_wconf 87' lang='lat' dir='ltr'><strong>solo</strong></span> <span class='ocrx_word' id='word_1_577' title='bbox 3131 1599 3260 1638; x_wconf 86' lang='lat' dir='ltr'><strong>casu</strong></span> <span class='ocrx_word' id='word_1_578' title='bbox 3304 1585 3642 1641; x_wconf 84' lang='lat' dir='ltr'><strong>necessitatis</strong></span> 
     </span>
    </p>
   </div>
   <div class='ocr_carea' id='block_1_78' title="bbox 2048 1674 2515 1732">
    <p class='ocr_par' dir='ltr' id='par_1_78' title="bbox 2048 1674 2515 1732">
     <span class='ocr_line' id='line_1_82' title="bbox 2048 1674 2515 1732; baseline 0.006 -5"><span class='ocrx_word' id='word_1_579' title='bbox 2048 1674 2211 1732; x_wconf 84' lang='lat' dir='ltr'><strong>fuisse</strong></span> <span class='ocrx_word' id='word_1_580' title='bbox 2241 1675 2515 1731; x_wconf 89' lang='lat' dir='ltr'><strong>collatum.</strong></span> 
     </span>
    </p>
   </div>
   <div class='ocr_carea' id='block_1_79' title="bbox 2122 1768 3639 1840">
    <p class='ocr_par' dir='ltr' id='par_1_79' title="bbox 2122 1768 3639 1840">
     <span class='ocr_line' id='line_1_83' title="bbox 2122 1768 3639 1840; baseline 0.001 -17"><span class='ocrx_word' id='word_1_581' title='bbox 2122 1768 2234 1823; x_wconf 83' lang='lat' dir='ltr'><strong>XII.</strong></span> <span class='ocrx_word' id='word_1_582' title='bbox 2265 1768 2538 1824; x_wconf 76' lang='lat' dir='ltr'><strong>Unctiones</strong></span> <span class='ocrx_word' id='word_1_583' title='bbox 2565 1768 2910 1840; x_wconf 82' lang='lat' dir='ltr'><strong>Buptismi.—</strong></span> <span class='ocrx_word' id='word_1_584' title='bbox 2931 1769 3058 1826; x_wconf 87' lang='lat' dir='ltr'><strong>Post</strong></span> <span class='ocrx_word' id='word_1_585' title='bbox 3089 1769 3489 1826; x_wconf 85' lang='lat' dir='ltr'><strong>immersionem</strong></span> <span class='ocrx_word' id='word_1_586' title='bbox 3506 1770 3639 1840; x_wconf 86' lang='lat' dir='ltr'><strong>bap-</strong></span> 
     </span>
    </p>
   </div>
   <div class='ocr_carea' id='block_1_80' title="bbox 2052 1862 3635 1935">
    <p class='ocr_par' dir='ltr' id='par_1_80' title="bbox 2052 1862 3635 1935">
     <span class='ocr_line' id='line_1_84' title="bbox 2052 1862 3635 1935; baseline -0.001 -17"><span class='ocrx_word' id='word_1_587' title='bbox 2052 1865 2242 1919; x_wconf 79' lang='lat' dir='ltr'><strong>tizatus</strong></span> <span class='ocrx_word' id='word_1_588' title='bbox 2275 1865 2591 1934; x_wconf 85' lang='lat' dir='ltr'><strong>ungebatur.</strong></span> <span class='ocrx_word' id='word_1_589' title='bbox 2621 1883 2638 1916; x_wconf 85' lang='grc'><em>‹</em></span> <span class='ocrx_word' id='word_1_590' title='bbox 2669 1862 2805 1935; x_wconf 78' lang='lat' dir='ltr'><strong>Ungi</strong></span> <span class='ocrx_word' id='word_1_591' title='bbox 2837 1879 3050 1935; x_wconf 86' lang='lat' dir='ltr'><strong>quoque</strong></span> <span class='ocrx_word' id='word_1_592' title='bbox 3082 1877 3303 1918; x_wconf 84' lang='lat' dir='ltr'><strong>necesse</strong></span> <span class='ocrx_word' id='word_1_593' title='bbox 3328 1872 3413 1918; x_wconf 85' lang='lat' dir='ltr'><strong>est</strong></span> <span class='ocrx_word' id='word_1_594' title='bbox 3436 1879 3582 1930; x_wconf 87' lang='lat' dir='ltr'><strong>eum,</strong></span> <span class='ocrx_word' id='word_1_595' title='bbox 3615 1883 3635 1917; x_wconf 77' lang='grc' dir='ltr'><strong>ι</strong></span> 
     </span>
    </p>
   </div>
   <div class='ocr_carea' id='block_1_81' title="bbox 2051 1957 3643 2030">
    <p class='ocr_par' dir='ltr' id='par_1_81' title="bbox 2051 1957 3643 2030">
     <span class='ocr_line' id='line_1_85' title="bbox 2051 1957 3643 2030; baseline -0.001 -15"><span class='ocrx_word' id='word_1_596' title='bbox 2051 1959 2223 2029; x_wconf 88' lang='lat' dir='ltr'><strong>inquit</strong></span> <span class='ocrx_word' id='word_1_597' title='bbox 2270 1958 2554 2029; x_wconf 89' lang='lat' dir='ltr'><strong>episcopus</strong></span> <span class='ocrx_word' id='word_1_598' title='bbox 2583 1959 2685 2030; x_wconf 89' lang='grc'>(5),</span> <span class='ocrx_word' id='word_1_599' title='bbox 2719 1977 2736 2012; x_wconf 85' lang='grc'><strong>‹</strong></span> <span class='ocrx_word' id='word_1_600' title='bbox 2791 1958 2881 2029; x_wconf 92' lang='lat' dir='ltr'><strong>qui</strong></span> <span class='ocrx_word' id='word_1_601' title='bbox 2922 1958 3225 2029; x_wconf 80' lang='lat' dir='ltr'><strong>baptizatus</strong></span> <span class='ocrx_word' id='word_1_602' title='bbox 3273 1957 3365 2023; x_wconf 86' lang='lat' dir='ltr'><strong>sit,</strong></span> <span class='ocrx_word' id='word_1_603' title='bbox 3418 1965 3496 2023; x_wconf 89' lang='lat' dir='ltr'><strong>ut,</strong></span> <span class='ocrx_word' id='word_1_604' title='bbox 3547 1972 3643 2014; x_wconf 84' lang='lat' dir='ltr'><strong>ae-</strong></span> 
     </span>
    </p>
   </div>
   <div class='ocr_carea' id='block_1_82' title="bbox 2049 2048 3646 2121">
    <p class='ocr_par' dir='ltr' id='par_1_82' title="bbox 2049 2048 3646 2121">
     <span class='ocr_line' id='line_1_86' title="bbox 2049 2048 3646 2121; baseline -0.002 -16"><span class='ocrx_word' id='word_1_605' title='bbox 2049 2058 2204 2121; x_wconf 89' lang='lat' dir='ltr'><strong>cepto</strong></span> <span class='ocrx_word' id='word_1_606' title='bbox 2235 2048 2553 2116; x_wconf 84' lang='lat' dir='ltr'><strong>chrismate,</strong></span> <span class='ocrx_word' id='word_1_607' title='bbox 2587 2049 2640 2106; x_wconf 91' lang='lat' dir='ltr'><strong>id</strong></span> <span class='ocrx_word' id='word_1_608' title='bbox 2670 2059 2754 2105; x_wconf 91' lang='lat' dir='ltr'><strong>est</strong></span> <span class='ocrx_word' id='word_1_609' title='bbox 2802 2050 3076 2116; x_wconf 89' lang='lat' dir='ltr'><strong>unctione,</strong></span> <span class='ocrx_word' id='word_1_610' title='bbox 3112 2064 3233 2105; x_wconf 82' lang='lat' dir='ltr'><strong>esse</strong></span> <span class='ocrx_word' id='word_1_611' title='bbox 3285 2057 3475 2106; x_wconf 87' lang='lat' dir='ltr'><strong>unctus</strong></span> <span class='ocrx_word' id='word_1_612' title='bbox 3521 2048 3646 2116; x_wconf 83' lang='lat' dir='ltr'><strong>Dei,</strong></span> 
     </span>
    </p>
   </div>
   <div class='ocr_carea' id='block_1_83' title="bbox 2049 2139 3646 2213">
    <p class='ocr_par' dir='ltr' id='par_1_83' title="bbox 2049 2139 3646 2213">
     <span class='ocr_line' id='line_1_87' title="bbox 2049 2139 3646 2213; baseline 0 -17"><span class='ocrx_word' id='word_1_613' title='bbox 2049 2153 2104 2196; x_wconf 92' lang='lat' dir='ltr'><strong>et</strong></span> <span class='ocrx_word' id='word_1_614' title='bbox 2130 2141 2328 2197; x_wconf 90' lang='lat' dir='ltr'><strong>habere</strong></span> <span class='ocrx_word' id='word_1_615' title='bbox 2359 2141 2412 2196; x_wconf 89' lang='lat' dir='ltr'><strong>in</strong></span> <span class='ocrx_word' id='word_1_616' title='bbox 2443 2156 2504 2197; x_wconf 89' lang='lat' dir='ltr'><strong>se</strong></span> <span class='ocrx_word' id='word_1_617' title='bbox 2530 2143 2757 2213; x_wconf 81' lang='lat' dir='ltr'><strong>gratiam</strong></span> <span class='ocrx_word' id='word_1_618' title='bbox 2788 2141 2989 2197; x_wconf 87' lang='lat' dir='ltr'><strong>Christi</strong></span> <span class='ocrx_word' id='word_1_619' title='bbox 3015 2143 3203 2211; x_wconf 85' lang='lat' dir='ltr'><strong>possit.</strong></span> <span class='ocrx_word' id='word_1_620' title='bbox 3237 2159 3256 2194; x_wconf 75' lang='grc' dir='ltr'><strong>ι</strong></span> <span class='ocrx_word' id='word_1_621' title='bbox 3291 2139 3646 2197; x_wconf 86' lang='lat' dir='ltr'><strong>Consecratio</strong></span> 
     </span>
    </p>
   </div>
   <div class='ocr_carea' id='block_1_84' title="bbox 2052 2233 3642 2304">
    <p class='ocr_par' dir='ltr' id='par_1_84' title="bbox 2052 2233 3642 2304">
     <span class='ocr_line' id='line_1_88' title="bbox 2052 2233 3642 2304; baseline -0.001 -16"><span class='ocrx_word' id='word_1_622' title='bbox 2052 2233 2212 2303; x_wconf 90' lang='lat' dir='ltr'><strong>hujus</strong></span> <span class='ocrx_word' id='word_1_623' title='bbox 2239 2233 2545 2288; x_wconf 90' lang='lat' dir='ltr'><strong>chrismatis</strong></span> <span class='ocrx_word' id='word_1_624' title='bbox 2589 2233 2943 2303; x_wconf 79' lang='lat' dir='ltr'><strong>peragebatur</strong></span> <span class='ocrx_word' id='word_1_625' title='bbox 2988 2248 3150 2302; x_wconf 91' lang='lat' dir='ltr'><strong>super</strong></span> <span class='ocrx_word' id='word_1_626' title='bbox 3188 2233 3358 2288; x_wconf 90' lang='lat' dir='ltr'><strong>altare</strong></span> <span class='ocrx_word' id='word_1_627' title='bbox 3397 2248 3490 2302; x_wconf 91' lang='lat' dir='ltr'><strong>per</strong></span> <span class='ocrx_word' id='word_1_628' title='bbox 3517 2249 3642 2304; x_wconf 86' lang='lat' dir='ltr'><strong>gra-</strong></span> 
     </span>
    </p>
   </div>
   <div class='ocr_carea' id='block_1_85' title="bbox 2053 2327 3640 2394">
    <p class='ocr_par' dir='ltr' id='par_1_85' title="bbox 2053 2327 3640 2394">
     <span class='ocr_line' id='line_1_89' title="bbox 2053 2327 3640 2394; baseline -0.002 -11"><span class='ocrx_word' id='word_1_629' title='bbox 2053 2330 2243 2383; x_wconf 90' lang='lat' dir='ltr'><strong>tiarum</strong></span> <span class='ocrx_word' id='word_1_630' title='bbox 2299 2328 2540 2383; x_wconf 86' lang='lat' dir='ltr'><strong>actiones</strong></span> <span class='ocrx_word' id='word_1_631' title='bbox 2592 2345 2604 2380; x_wconf 91' lang='lat'><strong>:</strong></span> <span class='ocrx_word' id='word_1_632' title='bbox 2653 2346 2672 2380; x_wconf 78' lang='grc' dir='ltr'><strong>ι</strong></span> <span class='ocrx_word' id='word_1_633' title='bbox 2709 2327 2878 2383; x_wconf 85' lang='lat' dir='ltr'><strong>Porro</strong></span> <span class='ocrx_word' id='word_1_634' title='bbox 2915 2337 3095 2382; x_wconf 89' lang='lat' dir='ltr'><strong>autem</strong></span> <span class='ocrx_word' id='word_1_635' title='bbox 3138 2327 3477 2382; x_wconf 83' lang='lat' dir='ltr'><strong>Eucharistia</strong></span> <span class='ocrx_word' id='word_1_636' title='bbox 3518 2335 3600 2381; x_wconf 90' lang='lat' dir='ltr'><strong>est</strong></span> <span class='ocrx_word' id='word_1_637' title='bbox 3625 2367 3640 2394; x_wconf 89' lang='lat'><strong>,</strong></span> 
     </span>
    </p>
   </div>
   <div class='ocr_carea' id='block_1_86' title="bbox 2053 2417 3645 2488">
    <p class='ocr_par' dir='ltr' id='par_1_86' title="bbox 2053 2417 3645 2488">
     <span class='ocr_line' id='line_1_90' title="bbox 2053 2417 3645 2488; baseline -0.002 -13"><span class='ocrx_word' id='word_1_638' title='bbox 2053 2421 2195 2476; x_wconf 88' lang='lat' dir='ltr'><strong>unde</strong></span> <span class='ocrx_word' id='word_1_639' title='bbox 2232 2419 2484 2488; x_wconf 87' lang='lat' dir='ltr'><strong>haptizati</strong></span> <span class='ocrx_word' id='word_1_640' title='bbox 2528 2429 2798 2488; x_wconf 86' lang='lat' dir='ltr'><strong>unguntur</strong></span> <span class='ocrx_word' id='word_1_641' title='bbox 2821 2461 2834 2483; x_wconf 87' lang='lat'><strong>,</strong></span> <span class='ocrx_word' id='word_1_642' title='bbox 2865 2419 3042 2473; x_wconf 88' lang='lat' dir='ltr'><strong>oleum</strong></span> <span class='ocrx_word' id='word_1_643' title='bbox 3073 2419 3128 2472; x_wconf 92' lang='lat' dir='ltr'><strong>in</strong></span> <span class='ocrx_word' id='word_1_644' title='bbox 3159 2419 3307 2472; x_wconf 90' lang='lat' dir='ltr'><strong>altari</strong></span> <span class='ocrx_word' id='word_1_645' title='bbox 3341 2417 3645 2472; x_wconf 86' lang='lat' dir='ltr'><strong>sanctiﬁca-</strong></span> 
     </span>
    </p>
   </div>
   <div class='ocr_carea' id='block_1_87' title="bbox 2054 2511 3646 2586">
    <p class='ocr_par' dir='ltr' id='par_1_87' title="bbox 2054 2511 3646 2586">
     <span class='ocr_line' id='line_1_91' title="bbox 2054 2511 3646 2586; baseline -0.002 -20"><span class='ocrx_word' id='word_1_646' title='bbox 2054 2523 2163 2578; x_wconf 85' lang='lat' dir='ltr'><strong>tum</strong></span> <span class='ocrx_word' id='word_1_647' title='bbox 2186 2511 2289 2586; x_wconf 66' lang='lat'>(4).</span> <span class='ocrx_word' id='word_1_648' title='bbox 2316 2531 2336 2563; x_wconf 75' lang='grc' dir='ltr'><strong>ι</strong></span> <span class='ocrx_word' id='word_1_649' title='bbox 2372 2512 2550 2568; x_wconf 85' lang='lat' dir='ltr'><strong>Prima</strong></span> <span class='ocrx_word' id='word_1_650' title='bbox 2582 2512 2803 2580; x_wconf 87' lang='lat' dir='ltr'><strong>hujusce</strong></span> <span class='ocrx_word' id='word_1_651' title='bbox 2832 2511 3090 2582; x_wconf 81' lang='lat' dir='ltr'><strong>postremi</strong></span> <span class='ocrx_word' id='word_1_652' title='bbox 3126 2520 3300 2566; x_wconf 82' lang='lat' dir='ltr'><strong>textus</strong></span> <span class='ocrx_word' id='word_1_653' title='bbox 3323 2513 3480 2566; x_wconf 84' lang='lat' dir='ltr'><strong>verba</strong></span> <span class='ocrx_word' id='word_1_654' title='bbox 3509 2523 3646 2563; x_wconf 85' lang='lat' dir='ltr'><strong>non-</strong></span> 
     </span>
    </p>
   </div>
   <div class='ocr_carea' id='block_1_88' title="bbox 2055 2601 3643 2675">
    <p class='ocr_par' dir='ltr' id='par_1_88' title="bbox 2055 2601 3643 2675">
     <span class='ocr_line' id='line_1_92' title="bbox 2055 2601 3643 2675; baseline -0.004 -13"><span class='ocrx_word' id='word_1_655' title='bbox 2055 2605 2190 2662; x_wconf 90' lang='lat' dir='ltr'><strong>nihil</strong></span> <span class='ocrx_word' id='word_1_656' title='bbox 2213 2607 2479 2675; x_wconf 88' lang='lat' dir='ltr'><strong>implicata</strong></span> <span class='ocrx_word' id='word_1_657' title='bbox 2502 2604 2773 2659; x_wconf 90' lang='lat' dir='ltr'><strong>videntur.</strong></span> <span class='ocrx_word' id='word_1_658' title='bbox 2803 2604 3052 2659; x_wconf 83' lang='lat' dir='ltr'><strong>Sentium</strong></span> <span class='ocrx_word' id='word_1_659' title='bbox 3079 2604 3295 2673; x_wconf 86' lang='lat' dir='ltr'><strong>quidem</strong></span> <span class='ocrx_word' id='word_1_660' title='bbox 3322 2601 3643 2656; x_wconf 81' lang='lat' dir='ltr'><strong>vocabulum</strong></span> 
     </span>
    </p>
   </div>
   <div class='ocr_carea' id='block_1_89' title="bbox 2056 2697 3646 2768">
    <p class='ocr_par' dir='ltr' id='par_1_89' title="bbox 2056 2697 3646 2768">
     <span class='ocr_line' id='line_1_93' title="bbox 2056 2697 3646 2768; baseline -0.003 -14"><span class='ocrx_word' id='word_1_661' title='bbox 2056 2699 2160 2755; x_wconf 87' lang='lat' dir='ltr'><strong>hoe</strong></span> <span class='ocrx_word' id='word_1_662' title='bbox 2187 2697 2514 2753; x_wconf 71' lang='lat' dir='ltr'><strong>Eucherium</strong></span> <span class='ocrx_word' id='word_1_663' title='bbox 2548 2697 2869 2752; x_wconf 88' lang='lat' dir='ltr'><strong>sumendum</strong></span> <span class='ocrx_word' id='word_1_664' title='bbox 2907 2712 3028 2752; x_wconf 87' lang='lat' dir='ltr'><strong>esse</strong></span> <span class='ocrx_word' id='word_1_665' title='bbox 3062 2699 3114 2751; x_wconf 91' lang='lat' dir='ltr'><strong>in</strong></span> <span class='ocrx_word' id='word_1_666' title='bbox 3148 2698 3365 2768; x_wconf 89' lang='lat' dir='ltr'><strong>pr0prio</strong></span> <span class='ocrx_word' id='word_1_667' title='bbox 3393 2711 3494 2751; x_wconf 82' lang='lat' dir='ltr'><strong>suo</strong></span> <span class='ocrx_word' id='word_1_668' title='bbox 3521 2711 3646 2750; x_wconf 87' lang='lat' dir='ltr'><strong>sen-</strong></span> 
     </span>
    </p>
   </div>
   <div class='ocr_carea' id='block_1_90' title="bbox 2055 2788 3646 2860">
    <p class='ocr_par' dir='ltr' id='par_1_90' title="bbox 2055 2788 3646 2860">
     <span class='ocr_line' id='line_1_94' title="bbox 2055 2788 3646 2860; baseline -0.003 -14"><span class='ocrx_word' id='word_1_669' title='bbox 2055 2806 2140 2857; x_wconf 82' lang='lat' dir='ltr'><strong>su,</strong></span> <span class='ocrx_word' id='word_1_670' title='bbox 2172 2790 2425 2847; x_wconf 85' lang='lat' dir='ltr'><strong>videlicet</strong></span> <span class='ocrx_word' id='word_1_671' title='bbox 2443 2806 2539 2860; x_wconf 91' lang='lat' dir='ltr'><strong>pro</strong></span> <span class='ocrx_word' id='word_1_672' title='bbox 2567 2790 2916 2845; x_wconf 76' lang='lat' dir='ltr'><strong>Sacramenta</strong></span> <span class='ocrx_word' id='word_1_673' title='bbox 2931 2789 3150 2850; x_wconf 83' lang='lat' dir='ltr'><strong>altaris;</strong></span> <span class='ocrx_word' id='word_1_674' title='bbox 3187 2788 3328 2843; x_wconf 89' lang='lat' dir='ltr'><strong>unde</strong></span> <span class='ocrx_word' id='word_1_675' title='bbox 3352 2788 3646 2856; x_wconf 88' lang='lat' dir='ltr'><strong>conjiciunt</strong></span> 
     </span>
    </p>
   </div>
   <div class='ocr_carea' id='block_1_91' title="bbox 2057 2881 3648 2955">
    <p class='ocr_par' dir='ltr' id='par_1_91' title="bbox 2057 2881 3648 2955">
     <span class='ocr_line' id='line_1_95' title="bbox 2057 2881 3648 2955; baseline -0.003 -15"><span class='ocrx_word' id='word_1_676' title='bbox 2057 2885 2110 2940; x_wconf 90' lang='lat' dir='ltr'><strong>in</strong></span> <span class='ocrx_word' id='word_1_677' title='bbox 2134 2885 2351 2955; x_wconf 89' lang='lat' dir='ltr'><strong>antiqua</strong></span> <span class='ocrx_word' id='word_1_678' title='bbox 2383 2882 2627 2939; x_wconf 82' lang='lat' dir='ltr'><strong>Ecclesia</strong></span> <span class='ocrx_word' id='word_1_679' title='bbox 2661 2897 2782 2937; x_wconf 90' lang='lat' dir='ltr'><strong>cum</strong></span> <span class='ocrx_word' id='word_1_680' title='bbox 2823 2881 3099 2952; x_wconf 85' lang='lat' dir='ltr'><strong>Baptismo</strong></span> <span class='ocrx_word' id='word_1_681' title='bbox 3124 2881 3374 2936; x_wconf 82' lang='lat' dir='ltr'><strong>collatam</strong></span> <span class='ocrx_word' id='word_1_682' title='bbox 3402 2882 3567 2935; x_wconf 87' lang='lat' dir='ltr'><strong>fuisse</strong></span> <span class='ocrx_word' id='word_1_683' title='bbox 3592 2889 3648 2935; x_wconf 93' lang='lat' dir='ltr'><strong>et</strong></span> 
     </span>
    </p>
   </div>
   <div class='ocr_carea' id='block_1_92' title="bbox 2058 2972 3650 3046">
    <p class='ocr_par' dir='ltr' id='par_1_92' title="bbox 2058 2972 3650 3046">
     <span class='ocr_line' id='line_1_96' title="bbox 2058 2972 3650 3046; baseline -0.004 -13"><span class='ocrx_word' id='word_1_684' title='bbox 2058 2975 2447 3033; x_wconf 85' lang='lat' dir='ltr'><strong>Eucharistiam</strong></span> <span class='ocrx_word' id='word_1_685' title='bbox 2491 2975 2599 3029; x_wconf 91' lang='lat' dir='ltr'><strong>illic</strong></span> <span class='ocrx_word' id='word_1_686' title='bbox 2630 2972 2747 3046; x_wconf 82' lang='lat'>(5);</span> <span class='ocrx_word' id='word_1_687' title='bbox 2797 2973 2885 3026; x_wconf 91' lang='lat' dir='ltr'><strong>alii</strong></span> <span class='ocrx_word' id='word_1_688' title='bbox 2927 2988 3054 3027; x_wconf 89' lang='lat' dir='ltr'><strong>vero</strong></span> <span class='ocrx_word' id='word_1_689' title='bbox 3095 2982 3309 3027; x_wconf 84' lang='lat' dir='ltr'><strong>tuentur</strong></span> <span class='ocrx_word' id='word_1_690' title='bbox 3352 2974 3650 3041; x_wconf 75' lang='lat' dir='ltr'><strong>gratiarum</strong></span> 
     </span>
    </p>
   </div>
   <div class='ocr_carea' id='block_1_93' title="bbox 2056 3065 3346 3134">
    <p class='ocr_par' dir='ltr' id='par_1_93' title="bbox 2056 3065 3346 3134">
     <span class='ocr_line' id='line_1_97' title="bbox 2056 3065 3346 3134; baseline -0.005 -10"><span class='ocrx_word' id='word_1_691' title='bbox 2056 3067 2324 3124; x_wconf 78' lang='lat' dir='ltr'><strong>actionem</strong></span> <span class='ocrx_word' id='word_1_692' title='bbox 2357 3066 2728 3121; x_wconf 85' lang='lat' dir='ltr'><strong>tantummodo</strong></span> <span class='ocrx_word' id='word_1_693' title='bbox 2756 3067 2842 3120; x_wconf 88' lang='lat' dir='ltr'><strong>illa</strong></span> <span class='ocrx_word' id='word_1_694' title='bbox 2870 3080 3002 3119; x_wconf 86' lang='lat' dir='ltr'><strong>voce</strong></span> <span class='ocrx_word' id='word_1_695' title='bbox 3038 3065 3346 3134; x_wconf 84' lang='lat' dir='ltr'><strong>signiﬁcari.</strong></span> 
     </span>
    </p>
   </div>
   <div class='ocr_carea' id='block_1_94' title="bbox 2130 3158 3650 3229">
    <p class='ocr_par' dir='ltr' id='par_1_94' title="bbox 2130 3158 3650 3229">
     <span class='ocr_line' id='line_1_98' title="bbox 2130 3158 3650 3229; baseline -0.004 -11"><span class='ocrx_word' id='word_1_696' title='bbox 2130 3163 2265 3218; x_wconf 78' lang='lat' dir='ltr'><strong>XIII.</strong></span> <span class='ocrx_word' id='word_1_697' title='bbox 2294 3162 2539 3216; x_wconf 74' lang='lat' dir='ltr'><strong>Osculum</strong></span> <span class='ocrx_word' id='word_1_698' title='bbox 2558 3177 2732 3216; x_wconf 72' lang='lat' dir='ltr'><strong>recens</strong></span> <span class='ocrx_word' id='word_1_699' title='bbox 2748 3160 3016 3229; x_wconf 73' lang='lat' dir='ltr'><strong>baptizatis</strong></span> <span class='ocrx_word' id='word_1_700' title='bbox 3047 3161 3239 3213; x_wconf 83' lang='lat' dir='ltr'><strong>datum.</strong></span> <span class='ocrx_word' id='word_1_701' title='bbox 3271 3189 3341 3198; x_wconf 91' lang='lat'><strong>—</strong></span> <span class='ocrx_word' id='word_1_702' title='bbox 3380 3158 3650 3214; x_wconf 82' lang='lat' dir='ltr'><strong>Habemus</strong></span> 
     </span>
    </p>
   </div>
   <div class='ocr_carea' id='block_1_95' title="bbox 2057 3256 3654 3330">
    <p class='ocr_par' dir='ltr' id='par_1_95' title="bbox 2057 3256 3654 3330">
     <span class='ocr_line' id='line_1_99' title="bbox 2057 3256 3654 3330; baseline -0.004 -14"><span class='ocrx_word' id='word_1_703' title='bbox 2057 3275 2124 3316; x_wconf 78' lang='lat' dir='ltr'><strong>ex</strong></span> <span class='ocrx_word' id='word_1_704' title='bbox 2151 3259 2376 3328; x_wconf 85' lang='lat' dir='ltr'><strong>epistola</strong></span> <span class='ocrx_word' id='word_1_705' title='bbox 2407 3259 2514 3313; x_wconf 89' lang='lat' dir='ltr'><strong>divi</strong></span> <span class='ocrx_word' id='word_1_706' title='bbox 2540 3257 2789 3330; x_wconf 85' lang='lat' dir='ltr'><strong>Cypriani</strong></span> <span class='ocrx_word' id='word_1_707' title='bbox 2817 3257 2881 3311; x_wconf 87' lang='lat' dir='ltr'><strong>ad</strong></span> <span class='ocrx_word' id='word_1_708' title='bbox 2912 3256 3100 3311; x_wconf 87' lang='lat' dir='ltr'><strong>Fidum</strong></span> <span class='ocrx_word' id='word_1_709' title='bbox 3131 3297 3144 3319; x_wconf 89' lang='lat'><strong>,</strong></span> <span class='ocrx_word' id='word_1_710' title='bbox 3189 3256 3442 3327; x_wconf 86' lang='lat' dir='ltr'><strong>Baptismi</strong></span> <span class='ocrx_word' id='word_1_711' title='bbox 3471 3257 3654 3310; x_wconf 46' lang='lat' dir='ltr'><strong>minis;</strong></span> 
     </span>
    </p>
   </div>
   <div class='ocr_carea' id='block_1_96' title="bbox 2062 3350 3650 3420">
    <p class='ocr_par' dir='ltr' id='par_1_96' title="bbox 2062 3350 3650 3420">
     <span class='ocr_line' id='line_1_100' title="bbox 2062 3350 3650 3420; baseline -0.001 -14"><span class='ocrx_word' id='word_1_712' title='bbox 2062 3362 2201 3406; x_wconf 90' lang='lat' dir='ltr'><strong>trum</strong></span> <span class='ocrx_word' id='word_1_713' title='bbox 2255 3351 2607 3407; x_wconf 86' lang='lat' dir='ltr'><strong>consuevisse</strong></span> <span class='ocrx_word' id='word_1_714' title='bbox 2654 3351 2784 3418; x_wconf 82' lang='lat' dir='ltr'><strong>dare</strong></span> <span class='ocrx_word' id='word_1_715' title='bbox 2838 3350 3079 3405; x_wconf 88' lang='lat' dir='ltr'><strong>osculum</strong></span> <span class='ocrx_word' id='word_1_716' title='bbox 3132 3363 3316 3405; x_wconf 80' lang='lat' dir='ltr'><strong>recens</strong></span> <span class='ocrx_word' id='word_1_717' title='bbox 3362 3350 3650 3420; x_wconf 79' lang='lat' dir='ltr'><strong>baptittato.</strong></span> 
     </span>
    </p>
   </div>
   <div class='ocr_carea' id='block_1_97' title="bbox 2060 3443 3654 3513">
    <p class='ocr_par' dir='ltr' id='par_1_97' title="bbox 2060 3443 3654 3513">
     <span class='ocr_line' id='line_1_101' title="bbox 2060 3443 3654 3513; baseline -0.003 -13"><span class='ocrx_word' id='word_1_718' title='bbox 2060 3444 2433 3501; x_wconf 86' lang='lat' dir='ltr'><strong>Contendebat</strong></span> <span class='ocrx_word' id='word_1_719' title='bbox 2459 3443 2622 3499; x_wconf 88' lang='lat' dir='ltr'><strong>Fidus</strong></span> <span class='ocrx_word' id='word_1_720' title='bbox 2657 3443 2796 3513; x_wconf 89' lang='lat' dir='ltr'><strong>quod</strong></span> <span class='ocrx_word' id='word_1_721' title='bbox 2823 3483 2840 3510; x_wconf 88' lang='lat'><strong>,</strong></span> <span class='ocrx_word' id='word_1_722' title='bbox 2879 3458 3000 3497; x_wconf 92' lang='lat' dir='ltr'><strong>cum</strong></span> <span class='ocrx_word' id='word_1_723' title='bbox 3037 3443 3316 3512; x_wconf 82' lang='lat' dir='ltr'><strong>vestigium</strong></span> <span class='ocrx_word' id='word_1_724' title='bbox 3347 3443 3562 3496; x_wconf 84' lang='lat' dir='ltr'><strong>infantis</strong></span> <span class='ocrx_word' id='word_1_725' title='bbox 3600 3443 3654 3496; x_wconf 90' lang='lat' dir='ltr'><strong>in</strong></span> 
     </span>
    </p>
   </div>
   <div class='ocr_carea' id='block_1_98' title="bbox 2062 3534 3656 3607">
    <p class='ocr_par' dir='ltr' id='par_1_98' title="bbox 2062 3534 3656 3607">
     <span class='ocr_line' id='line_1_102' title="bbox 2062 3534 3656 3607; baseline -0.001 -17"><span class='ocrx_word' id='word_1_726' title='bbox 2062 3536 2250 3607; x_wconf 88' lang='lat' dir='ltr'><strong>primis</strong></span> <span class='ocrx_word' id='word_1_727' title='bbox 2303 3545 2484 3606; x_wconf 89' lang='lat' dir='ltr'><strong>partus</strong></span> <span class='ocrx_word' id='word_1_728' title='bbox 2533 3534 2613 3590; x_wconf 92' lang='lat' dir='ltr'><strong>sui</strong></span> <span class='ocrx_word' id='word_1_729' title='bbox 2669 3536 2856 3589; x_wconf 87' lang='lat' dir='ltr'><strong>dielms</strong></span> <span class='ocrx_word' id='word_1_730' title='bbox 2908 3534 3186 3591; x_wconf 84' lang='lat' dir='ltr'><strong>constituti</strong></span> <span class='ocrx_word' id='word_1_731' title='bbox 3235 3535 3494 3589; x_wconf 90' lang='lat' dir='ltr'><strong>mundum</strong></span> <span class='ocrx_word' id='word_1_732' title='bbox 3548 3551 3656 3590; x_wconf 88' lang='lat' dir='ltr'><strong>non</strong></span> 
     </span>
    </p>
   </div>
   <div class='ocr_carea' id='block_1_99' title="bbox 2062 3626 3656 3695">
    <p class='ocr_par' dir='ltr' id='par_1_99' title="bbox 2062 3626 3656 3695">
     <span class='ocr_line' id='line_1_103' title="bbox 2062 3626 3656 3695; baseline -0.003 -12"><span class='ocrx_word' id='word_1_733' title='bbox 2062 3637 2227 3690; x_wconf 77' lang='lat' dir='ltr'><strong>esset,</strong></span> <span class='ocrx_word' id='word_1_734' title='bbox 2273 3627 2495 3682; x_wconf 88' lang='lat' dir='ltr'><strong>horrere</strong></span> <span class='ocrx_word' id='word_1_735' title='bbox 2521 3627 2752 3682; x_wconf 87' lang='lat' dir='ltr'><strong>debebat</strong></span> <span class='ocrx_word' id='word_1_736' title='bbox 2781 3626 3146 3695; x_wconf 85' lang='lat' dir='ltr'><strong>unusquisque</strong></span> <span class='ocrx_word' id='word_1_737' title='bbox 3176 3641 3296 3679; x_wconf 90' lang='lat' dir='ltr'><strong>etnn</strong></span> <span class='ocrx_word' id='word_1_738' title='bbox 3328 3626 3656 3690; x_wconf 74' lang='lat' dir='ltr'><strong>exosculari,</strong></span> 
     </span>
    </p>
   </div>
   <div class='ocr_carea' id='block_1_100' title="bbox 2063 3718 3656 3788">
    <p class='ocr_par' dir='ltr' id='par_1_100' title="bbox 2063 3718 3656 3788">
     <span class='ocr_line' id='line_1_104' title="bbox 2063 3718 3656 3788; baseline -0.001 -15"><span class='ocrx_word' id='word_1_739' title='bbox 2063 3719 2306 3788; x_wconf 83' lang='lat' dir='ltr'><strong>adeoque</strong></span> <span class='ocrx_word' id='word_1_740' title='bbox 2336 3718 2480 3788; x_wconf 89' lang='lat' dir='ltr'><strong>quod</strong></span> <span class='ocrx_word' id='word_1_741' title='bbox 2511 3719 2679 3788; x_wconf 85' lang='lat' dir='ltr'><strong>gratia</strong></span> <span class='ocrx_word' id='word_1_742' title='bbox 2711 3719 3045 3788; x_wconf 85' lang='lat' dir='ltr'><strong>baptismalis</strong></span> <span class='ocrx_word' id='word_1_743' title='bbox 3081 3718 3256 3773; x_wconf 87' lang='lat' dir='ltr'><strong>eidem</strong></span> <span class='ocrx_word' id='word_1_744' title='bbox 3287 3719 3516 3772; x_wconf 85' lang='lat' dir='ltr'><strong>conferri</strong></span> <span class='ocrx_word' id='word_1_745' title='bbox 3553 3733 3656 3772; x_wconf 86' lang='lat' dir='ltr'><strong>non</strong></span> 
     </span>
    </p>
   </div>
   <div class='ocr_carea' id='block_1_101' title="bbox 2065 3810 3659 3882">
    <p class='ocr_par' dir='ltr' id='par_1_101' title="bbox 2065 3810 3659 3882">
     <span class='ocr_line' id='line_1_105' title="bbox 2065 3810 3659 3882; baseline -0.001 -16"><span class='ocrx_word' id='word_1_746' title='bbox 2065 3821 2295 3882; x_wconf 82' lang='lat' dir='ltr'><strong>poterat.</strong></span> <span class='ocrx_word' id='word_1_747' title='bbox 2350 3810 2568 3878; x_wconf 87' lang='lat' dir='ltr'><strong>Verum,</strong></span> <span class='ocrx_word' id='word_1_748' title='bbox 2603 3812 2893 3881; x_wconf 88' lang='lat' dir='ltr'><strong>respondet</strong></span> <span class='ocrx_word' id='word_1_749' title='bbox 2919 3822 3138 3866; x_wconf 87' lang='lat' dir='ltr'><strong>sanctus</strong></span> <span class='ocrx_word' id='word_1_750' title='bbox 3177 3812 3510 3882; x_wconf 87' lang='lat' dir='ltr'><strong>Episcopus,</strong></span> <span class='ocrx_word' id='word_1_751' title='bbox 3561 3825 3659 3865; x_wconf 85' lang='lat' dir='ltr'><strong>nec</strong></span> 
     </span>
    </p>
   </div>
   <div class='ocr_carea' id='block_1_102' title="bbox 2064 3904 3659 3975">
    <p class='ocr_par' dir='ltr' id='par_1_102' title="bbox 2064 3904 3659 3975">
     <span class='ocr_line' id='line_1_106' title="bbox 2064 3904 3659 3975; baseline 0 -17"><span class='ocrx_word' id='word_1_752' title='bbox 2064 3905 2258 3974; x_wconf 86' lang='lat' dir='ltr'><strong>aliquis</strong></span> <span class='ocrx_word' id='word_1_753' title='bbox 2287 3913 2527 3959; x_wconf 89' lang='lat' dir='ltr'><strong>nostrum</strong></span> <span class='ocrx_word' id='word_1_754' title='bbox 2555 3904 2606 3959; x_wconf 90' lang='lat' dir='ltr'><strong>id</strong></span> <span class='ocrx_word' id='word_1_755' title='bbox 2634 3905 2793 3959; x_wconf 84' lang='lat' dir='ltr'><strong>debet</strong></span> <span class='ocrx_word' id='word_1_756' title='bbox 2825 3905 3045 3958; x_wconf 87' lang='lat' dir='ltr'><strong>horrere</strong></span> <span class='ocrx_word' id='word_1_757' title='bbox 3066 3945 3078 3968; x_wconf 87' lang='lat'><strong>,</strong></span> <span class='ocrx_word' id='word_1_758' title='bbox 3123 3907 3262 3972; x_wconf 89' lang='lat' dir='ltr'><strong>quod</strong></span> <span class='ocrx_word' id='word_1_759' title='bbox 3307 3907 3442 3959; x_wconf 85' lang='lat' dir='ltr'><strong>Deus</strong></span> <span class='ocrx_word' id='word_1_760' title='bbox 3469 3905 3659 3975; x_wconf 85' lang='lat' dir='ltr'><strong>digna-</strong></span> 
     </span>
    </p>
   </div>
   <div class='ocr_carea' id='block_1_103' title="bbox 2065 3995 3662 4065">
    <p class='ocr_par' dir='ltr' id='par_1_103' title="bbox 2065 3995 3662 4065">
     <span class='ocr_line' id='line_1_107' title="bbox 2065 3995 3662 4065; baseline 0 -15"><span class='ocrx_word' id='word_1_761' title='bbox 2065 4005 2152 4050; x_wconf 79' lang='lat' dir='ltr'><strong>tus</strong></span> <span class='ocrx_word' id='word_1_762' title='bbox 2172 4003 2256 4050; x_wconf 89' lang='lat' dir='ltr'><strong>est</strong></span> <span class='ocrx_word' id='word_1_763' title='bbox 2284 3996 2459 4050; x_wconf 87' lang='lat' dir='ltr'><strong>facere</strong></span> <span class='ocrx_word' id='word_1_764' title='bbox 2486 4014 2498 4050; x_wconf 91' lang='lat'><strong>:</strong></span> <span class='ocrx_word' id='word_1_765' title='bbox 2541 4014 2558 4048; x_wconf 76' lang='grc' dir='ltr'><strong>ι</strong></span> <span class='ocrx_word' id='word_1_766' title='bbox 2590 3995 2815 4062; x_wconf 85' lang='lat' dir='ltr'><strong>Quando</strong></span> <span class='ocrx_word' id='word_1_767' title='bbox 2842 3997 2893 4050; x_wconf 90' lang='lat' dir='ltr'><strong>in</strong></span> <span class='ocrx_word' id='word_1_768' title='bbox 2920 3996 3108 4051; x_wconf 89' lang='lat' dir='ltr'><strong>osculo</strong></span> <span class='ocrx_word' id='word_1_769' title='bbox 3130 3996 3346 4051; x_wconf 79' lang='lat' dir='ltr'><strong>infantis</strong></span> <span class='ocrx_word' id='word_1_770' title='bbox 3377 3997 3662 4065; x_wconf 83' lang='lat' dir='ltr'><strong>unusquis-</strong></span> 
     </span>
    </p>
   </div>
   <div class='ocr_carea' id='block_1_104' title="bbox 2064 4085 3662 4158">
    <p class='ocr_par' dir='ltr' id='par_1_104' title="bbox 2064 4085 3662 4158">
     <span class='ocr_line' id='line_1_108' title="bbox 2064 4085 3662 4158; baseline 0 -18"><span class='ocrx_word' id='word_1_771' title='bbox 2064 4102 2171 4158; x_wconf 88' lang='lat' dir='ltr'><strong>que</strong></span> <span class='ocrx_word' id='word_1_772' title='bbox 2200 4093 2442 4142; x_wconf 81' lang='lat' dir='ltr'><strong>nostrum</strong></span> <span class='ocrx_word' id='word_1_773' title='bbox 2482 4101 2580 4155; x_wconf 93' lang='lat' dir='ltr'><strong>pro</strong></span> <span class='ocrx_word' id='word_1_774' title='bbox 2623 4101 2717 4139; x_wconf 84' lang='lat' dir='ltr'><strong>sua</strong></span> <span class='ocrx_word' id='word_1_775' title='bbox 2746 4085 3005 4156; x_wconf 75' lang='lat' dir='ltr'><strong>religione</strong></span> <span class='ocrx_word' id='word_1_776' title='bbox 3045 4088 3188 4154; x_wconf 84' lang='lat' dir='ltr'><strong>ipsos</strong></span> <span class='ocrx_word' id='word_1_777' title='bbox 3217 4087 3391 4140; x_wconf 90' lang='lat' dir='ltr'><strong>adhuc</strong></span> <span class='ocrx_word' id='word_1_778' title='bbox 3418 4094 3662 4140; x_wconf 87' lang='lat' dir='ltr'><strong>recentes</strong></span> 
     </span>
    </p>
   </div>
   <div class='ocr_carea' id='block_1_105' title="bbox 2067 4178 3658 4250">
    <p class='ocr_par' dir='ltr' id='par_1_105' title="bbox 2067 4178 3658 4250">
     <span class='ocr_line' id='line_1_109' title="bbox 2067 4178 3658 4250; baseline -0.007 -11"><span class='ocrx_word' id='word_1_779' title='bbox 2067 4183 2163 4239; x_wconf 86' lang='lat' dir='ltr'><strong>Dei</strong></span> <span class='ocrx_word' id='word_1_780' title='bbox 2195 4195 2386 4237; x_wconf 85' lang='lat' dir='ltr'><strong>manus</strong></span> <span class='ocrx_word' id='word_1_781' title='bbox 2415 4180 2577 4236; x_wconf 86' lang='lat' dir='ltr'><strong>debet</strong></span> <span class='ocrx_word' id='word_1_782' title='bbox 2605 4178 2858 4250; x_wconf 84' lang='lat' dir='ltr'><strong>cogitare,</strong></span> <span class='ocrx_word' id='word_1_783' title='bbox 2893 4187 2998 4234; x_wconf 87' lang='lat' dir='ltr'><strong>etc.</strong></span> <span class='ocrx_word' id='word_1_784' title='bbox 3034 4178 3134 4250; x_wconf 79' lang='lat'>(6).</span> <span class='ocrx_word' id='word_1_785' title='bbox 3175 4197 3194 4232; x_wconf 72' lang='grc' dir='ltr'><strong>ι</strong></span> <span class='ocrx_word' id='word_1_786' title='bbox 3655 4187 3658 4190; x_wconf 67' lang='lat'>‘</span> 
     </span>
    </p>
   </div>
   <div class='ocr_carea' id='block_1_106' title="bbox 2141 4269 3663 4342">
    <p class='ocr_par' dir='ltr' id='par_1_106' title="bbox 2141 4269 3663 4342">
     <span class='ocr_line' id='line_1_110' title="bbox 2141 4269 3663 4342; baseline -0.002 -14"><span class='ocrx_word' id='word_1_787' title='bbox 2141 4271 2281 4329; x_wconf 75' lang='lat' dir='ltr'><strong>XIV.</strong></span> <span class='ocrx_word' id='word_1_788' title='bbox 2324 4271 2662 4340; x_wconf 81' lang='lat' dir='ltr'><strong>Conﬁrmatio</strong></span> <span class='ocrx_word' id='word_1_789' title='bbox 2702 4269 2992 4325; x_wconf 73' lang='lat' dir='ltr'><strong>immediate</strong></span> <span class='ocrx_word' id='word_1_790' title='bbox 3019 4279 3129 4341; x_wconf 77' lang='lat' dir='ltr'><strong>post</strong></span> <span class='ocrx_word' id='word_1_791' title='bbox 3157 4269 3476 4342; x_wconf 78' lang='lat' dir='ltr'><strong>Baptisntmn</strong></span> <span class='ocrx_word' id='word_1_792' title='bbox 3505 4271 3663 4325; x_wconf 86' lang='lat' dir='ltr'><strong>colla-</strong></span> 
     </span>
    </p>
   </div>
   <div class='ocr_carea' id='block_1_107' title="bbox 2068 4363 3664 4435">
    <p class='ocr_par' dir='ltr' id='par_1_107' title="bbox 2068 4363 3664 4435">
     <span class='ocr_line' id='line_1_111' title="bbox 2068 4363 3664 4435; baseline -0.003 -15"><span class='ocrx_word' id='word_1_793' title='bbox 2068 4374 2218 4420; x_wconf 77' lang='grc' dir='ltr'><strong>ω.-</strong></span> <span class='ocrx_word' id='word_1_794' title='bbox 2249 4363 2572 4435; x_wconf 85' lang='lat' dir='ltr'><strong>Plerumque</strong></span> <span class='ocrx_word' id='word_1_795' title='bbox 2592 4363 2860 4434; x_wconf 76' lang='lat' dir='ltr'><strong>Daptisma</strong></span> <span class='ocrx_word' id='word_1_796' title='bbox 2892 4364 3218 4433; x_wconf 87' lang='lat' dir='ltr'><strong>sequebatur</strong></span> <span class='ocrx_word' id='word_1_797' title='bbox 3247 4364 3490 4434; x_wconf 77' lang='lat' dir='ltr'><strong>proxime</strong></span> <span class='ocrx_word' id='word_1_798' title='bbox 3522 4363 3664 4417; x_wconf 84' lang='lat' dir='ltr'><strong>Con-</strong></span> 
     </span>
    </p>
   </div>
   <div class='ocr_carea' id='block_1_108' title="bbox 2070 4455 3667 4527">
    <p class='ocr_par' dir='ltr' id='par_1_108' title="bbox 2070 4455 3667 4527">
     <span class='ocr_line' id='line_1_112' title="bbox 2070 4455 3667 4527; baseline 0 -15"><span class='ocrx_word' id='word_1_799' title='bbox 2070 4457 2323 4512; x_wconf 81' lang='lat' dir='ltr'><strong>ﬁrmatio.</strong></span> <span class='ocrx_word' id='word_1_800' title='bbox 2362 4456 2443 4511; x_wconf 81' lang='lat' dir='ltr'><strong>Ex</strong></span> <span class='ocrx_word' id='word_1_801' title='bbox 2469 4456 2592 4510; x_wconf 90' lang='lat' dir='ltr'><strong>divo</strong></span> <span class='ocrx_word' id='word_1_802' title='bbox 2620 4455 2886 4527; x_wconf 89' lang='lat' dir='ltr'><strong>Cypriano</strong></span> <span class='ocrx_word' id='word_1_803' title='bbox 2914 4455 2964 4510; x_wconf 90' lang='lat' dir='ltr'><strong>id</strong></span> <span class='ocrx_word' id='word_1_804' title='bbox 2970 4456 3285 4527; x_wconf 52' lang='lat' dir='ltr'><strong>(manifesto</strong></span> <span class='ocrx_word' id='word_1_805' title='bbox 3315 4464 3558 4522; x_wconf 87' lang='lat' dir='ltr'><strong>constat;</strong></span> <span class='ocrx_word' id='word_1_806' title='bbox 3589 4457 3667 4512; x_wconf 87' lang='lat' dir='ltr'><strong>ait</strong></span> 
     </span>
    </p>
   </div>
   <div class='ocr_carea' id='block_1_109' title="bbox 2069 4547 3666 4620">
    <p class='ocr_par' dir='ltr' id='par_1_109' title="bbox 2069 4547 3666 4620">
     <span class='ocr_line' id='line_1_113' title="bbox 2069 4547 3666 4620; baseline 0 -15"><span class='ocrx_word' id='word_1_807' title='bbox 2069 4550 2213 4606; x_wconf 90' lang='lat' dir='ltr'><strong>enim</strong></span> <span class='ocrx_word' id='word_1_808' title='bbox 2237 4587 2254 4615; x_wconf 91' lang='lat'><strong>,</strong></span> <span class='ocrx_word' id='word_1_809' title='bbox 2295 4548 2437 4619; x_wconf 89' lang='lat' dir='ltr'><strong>quod</strong></span> <span class='ocrx_word' id='word_1_810' title='bbox 2481 4549 2534 4602; x_wconf 90' lang='lat' dir='ltr'><strong>in</strong></span> <span class='ocrx_word' id='word_1_811' title='bbox 2562 4547 2802 4604; x_wconf 86' lang='lat' dir='ltr'><strong>Ecclesia</strong></span> <span class='ocrx_word' id='word_1_812' title='bbox 2834 4548 3086 4614; x_wconf 84' lang='lat' dir='ltr'><strong>baptizati</strong></span> <span class='ocrx_word' id='word_1_813' title='bbox 3134 4549 3436 4620; x_wconf 72' lang='lat' dir='ltr'><strong>prmpositis</strong></span> <span class='ocrx_word' id='word_1_814' title='bbox 3475 4549 3666 4605; x_wconf 84' lang='lat' dir='ltr'><strong>olIere-</strong></span> 
     </span>
    </p>
   </div>
   <div class='ocr_carea' id='block_1_110' title="bbox 2069 4639 3665 4710">
    <p class='ocr_par' dir='ltr' id='par_1_110' title="bbox 2069 4639 3665 4710">
     <span class='ocr_line' id='line_1_114' title="bbox 2069 4639 3665 4710; baseline 0 -14"><span class='ocrx_word' id='word_1_815' title='bbox 2069 4641 2284 4706; x_wconf 87' lang='lat' dir='ltr'><strong>bantur,</strong></span> <span class='ocrx_word' id='word_1_816' title='bbox 2316 4640 2407 4710; x_wconf 90' lang='lat' dir='ltr'><strong>qui</strong></span> <span class='ocrx_word' id='word_1_817' title='bbox 2437 4640 2768 4710; x_wconf 86' lang='lat' dir='ltr'><strong>recipiebant</strong></span> <span class='ocrx_word' id='word_1_818' title='bbox 2795 4639 3052 4710; x_wconf 90' lang='lat' dir='ltr'><strong>Spiritum</strong></span> <span class='ocrx_word' id='word_1_819' title='bbox 3075 4649 3340 4708; x_wconf 86' lang='lat' dir='ltr'><strong>sanetum,</strong></span> <span class='ocrx_word' id='word_1_820' title='bbox 3367 4649 3422 4696; x_wconf 91' lang='lat' dir='ltr'><strong>et</strong></span> <span class='ocrx_word' id='word_1_821' title='bbox 3453 4655 3547 4710; x_wconf 90' lang='lat' dir='ltr'><strong>per</strong></span> <span class='ocrx_word' id='word_1_822' title='bbox 3571 4655 3665 4696; x_wconf 89' lang='lat' dir='ltr'><strong>co-</strong></span> 
     </span>
    </p>
   </div>
   <div class='ocr_carea' id='block_1_111' title="bbox 2071 4735 3664 4805">
    <p class='ocr_par' dir='ltr' id='par_1_111' title="bbox 2071 4735 3664 4805">
     <span class='ocr_line' id='line_1_115' title="bbox 2071 4735 3664 4805; baseline 0.001 -15"><span class='ocrx_word' id='word_1_823' title='bbox 2071 4751 2189 4791; x_wconf 89' lang='lat' dir='ltr'><strong>rum</strong></span> <span class='ocrx_word' id='word_1_824' title='bbox 2231 4735 2533 4791; x_wconf 88' lang='lat' dir='ltr'><strong>orationem</strong></span> <span class='ocrx_word' id='word_1_825' title='bbox 2564 4748 2627 4789; x_wconf 88' lang='lat' dir='ltr'><strong>ac</strong></span> <span class='ocrx_word' id='word_1_826' title='bbox 2650 4749 2843 4789; x_wconf 89' lang='lat' dir='ltr'><strong>manus</strong></span> <span class='ocrx_word' id='word_1_827' title='bbox 2874 4735 3276 4804; x_wconf 90' lang='lat' dir='ltr'><strong>impositiouem</strong></span> <span class='ocrx_word' id='word_1_828' title='bbox 3308 4736 3664 4805; x_wconf 80' lang='lat' dir='ltr'><strong>perliciehan-</strong></span> 
     </span>
    </p>
   </div>
   <div class='ocr_carea' id='block_1_112' title="bbox 2149 4969 3662 5045">
    <p class='ocr_par' dir='ltr' id='par_1_112' title="bbox 2149 4969 3662 5045">
     <span class='ocr_line' id='line_1_116' title="bbox 2149 4969 3662 5045; baseline 0.001 -18"><span class='ocrx_word' id='word_1_829' title='bbox 2149 4971 2226 5045; x_wconf 87' lang='lat' dir='ltr'>(I)</span> <span class='ocrx_word' id='word_1_830' title='bbox 2256 4971 2452 5029; x_wconf 90' lang='lat' dir='ltr'><strong>Euseb.</strong></span> <span class='ocrx_word' id='word_1_831' title='bbox 2482 4969 2553 5028; x_wconf 82' lang='grc' dir='ltr'>Η.</span> <span class='ocrx_word' id='word_1_832' title='bbox 2585 4971 2676 5042; x_wconf 86' lang='grc' dir='ltr'><strong>Ε.,</strong></span> <span class='ocrx_word' id='word_1_833' title='bbox 2706 4972 2797 5028; x_wconf 89' lang='lat' dir='ltr'><strong>lib.</strong></span> <span class='ocrx_word' id='word_1_834' title='bbox 2826 4989 2900 5037; x_wconf 78' lang='lat' dir='ltr'><strong>v1,</strong></span> <span class='ocrx_word' id='word_1_835' title='bbox 2923 4988 3054 5045; x_wconf 73' lang='lat' dir='ltr'><strong>cap.</strong></span> <span class='ocrx_word' id='word_1_836' title='bbox 3075 4974 3164 5028; x_wconf 67' lang='grc'>45.</span> <span class='ocrx_word' id='word_1_837' title='bbox 3191 4971 3309 5028; x_wconf 81' lang='lat' dir='ltr'><strong>V’id.</strong></span> <span class='ocrx_word' id='word_1_838' title='bbox 3334 4971 3470 5045; x_wconf 77' lang='lat' dir='ltr'><strong>Hist.</strong></span> <span class='ocrx_word' id='word_1_839' title='bbox 3500 4974 3662 5045; x_wconf 62' lang='lat' dir='ltr'><strong>illeo-</strong></span> 
     </span>
    </p>
   </div>
   <div class='ocr_carea' id='block_1_113' title="bbox 2077 5043 3664 5115">
    <p class='ocr_par' dir='ltr' id='par_1_113' title="bbox 2077 5043 3664 5115">
     <span class='ocr_line' id='line_1_117' title="bbox 2077 5043 3664 5115; baseline 0.001 -18"><span class='ocrx_word' id='word_1_840' title='bbox 2077 5043 2178 5115; x_wconf 38' lang='lat' dir='ltr'><strong>log‘.</strong></span> <span class='ocrx_word' id='word_1_841' title='bbox 2209 5043 2400 5115; x_wconf 49' lang='lat' dir='ltr'><strong>critic,</strong></span> <span class='ocrx_word' id='word_1_842' title='bbox 2445 5054 2576 5114; x_wconf 85' lang='lat' dir='ltr'><strong>part.</strong></span> <span class='ocrx_word' id='word_1_843' title='bbox 2625 5061 2700 5110; x_wconf 74' lang='grc' dir='ltr'>ιιι,</span> <span class='ocrx_word' id='word_1_844' title='bbox 2747 5060 2865 5114; x_wconf 85' lang='lat' dir='ltr'><strong>pag.</strong></span> <span class='ocrx_word' id='word_1_845' title='bbox 2899 5043 3224 5115; x_wconf 56' lang='lat' dir='ltr'><strong>I7.&#39;Vidcsi_s</strong></span> <span class='ocrx_word' id='word_1_846' title='bbox 3267 5052 3320 5115; x_wconf 80' lang='lat' dir='ltr'><strong>et</strong></span> <span class='ocrx_word' id='word_1_847' title='bbox 3369 5043 3664 5115; x_wconf 73' lang='lat' dir='ltr'><strong>doctissimi</strong></span> 
     </span>
    </p>
   </div>
   <div class='ocr_carea' id='block_1_114' title="bbox 2077 5112 3665 5181">
    <p class='ocr_par' dir='ltr' id='par_1_114' title="bbox 2077 5112 3665 5181">
     <span class='ocr_line' id='line_1_118' title="bbox 2077 5112 3665 5181; baseline -0.001 -11"><span class='ocrx_word' id='word_1_848' title='bbox 2077 5112 2248 5172; x_wconf 79' lang='lat' dir='ltr'><strong>nostri</strong></span> <span class='ocrx_word' id='word_1_849' title='bbox 2277 5112 2574 5171; x_wconf 85' lang='lat' dir='ltr'><strong>Constantii</strong></span> <span class='ocrx_word' id='word_1_850' title='bbox 2601 5112 2761 5170; x_wconf 82' lang='lat' dir='ltr'><strong>notas</strong></span> <span class='ocrx_word' id='word_1_851' title='bbox 2781 5112 2837 5181; x_wconf 69' lang='grc'>5,</span> <span class='ocrx_word' id='word_1_852' title='bbox 2867 5121 2917 5179; x_wconf 83' lang='grc'>4,</span> <span class='ocrx_word' id='word_1_853' title='bbox 2946 5115 2980 5167; x_wconf 84' lang='grc'><strong>5</strong></span> <span class='ocrx_word' id='word_1_854' title='bbox 3008 5122 3062 5168; x_wconf 88' lang='lat' dir='ltr'><strong>et</strong></span> <span class='ocrx_word' id='word_1_855' title='bbox 3089 5115 3153 5179; x_wconf 89' lang='lat'><strong>6,</strong></span> <span class='ocrx_word' id='word_1_856' title='bbox 3187 5113 3238 5165; x_wconf 91' lang='lat' dir='ltr'><strong>in</strong></span> <span class='ocrx_word' id='word_1_857' title='bbox 3270 5112 3406 5166; x_wconf 90' lang='lat' dir='ltr'><strong>hanc</strong></span> <span class='ocrx_word' id='word_1_858' title='bbox 3430 5113 3665 5168; x_wconf 85' lang='lat' dir='ltr'><strong>Cornelii</strong></span> 
     </span>
    </p>
   </div>
   <div class='ocr_carea' id='block_1_115' title="bbox 2071 5185 3658 5256">
    <p class='ocr_par' dir='ltr' id='par_1_115' title="bbox 2071 5185 3658 5256">
     <span class='ocr_line' id='line_1_119' title="bbox 2071 5185 3658 5256; baseline -0.001 -14"><span class='ocrx_word' id='word_1_859' title='bbox 2071 5190 2138 5242; x_wconf 79' lang='lat' dir='ltr'><strong>ad</strong></span> <span class='ocrx_word' id='word_1_860' title='bbox 2170 5188 2385 5243; x_wconf 80' lang='lat' dir='ltr'><strong>Fabium</strong></span> <span class='ocrx_word' id='word_1_861' title='bbox 2429 5185 2898 5256; x_wconf 9' lang='lat' dir='ltr'><strong>Epistolamgapud</strong></span> <span class='ocrx_word' id='word_1_862' title='bbox 2947 5185 3135 5250; x_wconf 75' lang='lat' dir='ltr'><strong>Mansi,</strong></span> <span class='ocrx_word' id='word_1_863' title='bbox 3175 5193 3305 5239; x_wconf 88' lang='lat' dir='ltr'><strong>toni.</strong></span> <span class='ocrx_word' id='word_1_864' title='bbox 3334 5185 3385 5249; x_wconf 81' lang='grc' dir='ltr'>Ι,</span> <span class='ocrx_word' id='word_1_865' title='bbox 3435 5185 3658 5240; x_wconf 84' lang='lat' dir='ltr'><strong>Collect.</strong></span> 
     </span>
    </p>
   </div>
   <div class='ocr_carea' id='block_1_116' title="bbox 2071 5254 3031 5322">
    <p class='ocr_par' dir='ltr' id='par_1_116' title="bbox 2071 5254 3031 5322">
     <span class='ocr_line' id='line_1_120' title="bbox 2071 5254 3031 5322; baseline -0.007 -8"><span class='ocrx_word' id='word_1_866' title='bbox 2071 5258 2386 5322; x_wconf 88' lang='lat' dir='ltr'><strong>Concilior.,</strong></span> <span class='ocrx_word' id='word_1_867' title='bbox 2420 5254 2655 5311; x_wconf 84' lang='lat' dir='ltr'><strong>column.</strong></span> <span class='ocrx_word' id='word_1_868' title='bbox 2688 5254 2794 5310; x_wconf 71' lang='lat'><strong>823</strong></span> <span class='ocrx_word' id='word_1_869' title='bbox 2820 5256 3031 5318; x_wconf 72' lang='lat' dir='ltr'><strong>et;82i.</strong></span> 
     </span>
    </p>
   </div>
   <div class='ocr_carea' id='block_1_117' title="bbox 2144 5323 3659 5400">
    <p class='ocr_par' dir='ltr' id='par_1_117' title="bbox 2144 5323 3659 5400">
     <span class='ocr_line' id='line_1_121' title="bbox 2144 5323 3659 5400; baseline 0 -18"><span class='ocrx_word' id='word_1_870' title='bbox 2144 5330 2223 5400; x_wconf 75' lang='grc'>(2)</span> <span class='ocrx_word' id='word_1_871' title='bbox 2251 5330 2405 5398; x_wconf 87' lang='lat' dir='ltr'><strong>Apud</strong></span> <span class='ocrx_word' id='word_1_872' title='bbox 2428 5325 2614 5391; x_wconf 78' lang='lat' dir='ltr'><strong>Mansi,</strong></span> <span class='ocrx_word' id='word_1_873' title='bbox 2646 5325 2852 5400; x_wconf 78' lang='lat' dir='ltr'><strong>Collecl.</strong></span> <span class='ocrx_word' id='word_1_874' title='bbox 2883 5323 3102 5400; x_wconf 76' lang='lat' dir='ltr'><strong>Com-il.,</strong></span> <span class='ocrx_word' id='word_1_875' title='bbox 3135 5336 3262 5382; x_wconf 90' lang='lat' dir='ltr'><strong>tom.</strong></span> <span class='ocrx_word' id='word_1_876' title='bbox 3294 5343 3361 5393; x_wconf 91' lang='grc' dir='ltr'><strong>ιι,</strong></span> <span class='ocrx_word' id='word_1_877' title='bbox 3395 5328 3498 5381; x_wconf 91' lang='lat' dir='ltr'><strong>col.</strong></span> <span class='ocrx_word' id='word_1_878' title='bbox 3527 5328 3565 5400; x_wconf 79' lang='grc'><strong>5</strong></span> <span class='ocrx_word' id='word_1_879' title='bbox 3579 5329 3659 5394; x_wconf 75' lang='grc' dir='ltr'>Η,</span> 
     </span>
    </p>
   </div>
   <div class='ocr_carea' id='block_1_118' title="bbox 2071 5398 3664 5472">
    <p class='ocr_par' dir='ltr' id='par_1_118' title="bbox 2071 5398 3664 5472">
     <span class='ocr_line' id='line_1_122' title="bbox 2071 5398 3664 5472; baseline -0.001 -15"><span class='ocrx_word' id='word_1_880' title='bbox 2071 5398 2278 5457; x_wconf 82' lang='lat' dir='ltr'><strong>canone</strong></span> <span class='ocrx_word' id='word_1_881' title='bbox 2311 5399 2397 5472; x_wconf 77' lang='grc'><strong>12,</strong></span> <span class='ocrx_word' id='word_1_882' title='bbox 2428 5407 2480 5452; x_wconf 89' lang='lat' dir='ltr'><strong>et</strong></span> <span class='ocrx_word' id='word_1_883' title='bbox 2501 5410 2699 5472; x_wconf 80' lang='lat' dir='ltr'><strong>_ttotam_</strong></span> <span class='ocrx_word' id='word_1_884' title='bbox 2720 5398 3062 5472; x_wconf 66' lang='lat' dir='ltr'><strong>illustrissimi</strong></span> <span class='ocrx_word' id='word_1_885' title='bbox 3093 5400 3413 5472; x_wconf 69' lang='lat' dir='ltr'><strong>Albaspinwi</strong></span> <span class='ocrx_word' id='word_1_886' title='bbox 3445 5402 3496 5454; x_wconf 90' lang='lat' dir='ltr'><strong>in</strong></span> <span class='ocrx_word' id='word_1_887' title='bbox 3526 5398 3664 5456; x_wconf 86' lang='lat' dir='ltr'><strong>hunc</strong></span> 
     </span>
    </p>
   </div>
   <div class='ocr_carea' id='block_1_119' title="bbox 2073 5467 3658 5542">
    <p class='ocr_par' dir='ltr' id='par_1_119' title="bbox 2073 5467 3658 5542">
     <span class='ocr_line' id='line_1_123' title="bbox 2073 5467 3658 5542; baseline -0.003 -15"><span class='ocrx_word' id='word_1_888' title='bbox 2073 5485 2338 5542; x_wconf 70' lang='lat' dir='ltr'><strong>(tationem</strong></span> <span class='ocrx_word' id='word_1_889' title='bbox 2385 5471 2436 5542; x_wconf 85' lang='lat' dir='ltr'><strong>in</strong></span> <span class='ocrx_word' id='word_1_890' title='bbox 2466 5467 2792 5542; x_wconf 83' lang='lat' dir='ltr'><strong>cit._(.‘ollect.</strong></span> <span class='ocrx_word' id='word_1_891' title='bbox 2829 5467 3104 5524; x_wconf 84' lang='lat' dir='ltr'><strong>Concilior.</strong></span> <span class='ocrx_word' id='word_1_892' title='bbox 3137 5467 3353 5542; x_wconf 62' lang='lat' dir='ltr'><strong>Mansi,</strong></span> <span class='ocrx_word' id='word_1_893' title='bbox 3382 5487 3501 5542; x_wconf 80' lang='lat' dir='ltr'><strong>pag.</strong></span> <span class='ocrx_word' id='word_1_894' title='bbox 3534 5472 3658 5527; x_wconf 71' lang='lat'><strong>552.</strong></span> 
     </span>
    </p>
   </div>
   <div class='ocr_carea' id='block_1_120' title="bbox 2143 5540 3356 5668">
    <p class='ocr_par' dir='ltr' id='par_1_120' title="bbox 2143 5540 3356 5668">
     <span class='ocr_line' id='line_1_124' title="bbox 2143 5540 3356 5614; baseline 0.001 -18"><span class='ocrx_word' id='word_1_895' title='bbox 2143 5540 2222 5612; x_wconf 88' lang='grc'><strong>(5)</strong></span> <span class='ocrx_word' id='word_1_896' title='bbox 2249 5541 2524 5614; x_wconf 68' lang='lat' dir='ltr'><strong>Cyprium,</strong></span> <span class='ocrx_word' id='word_1_897' title='bbox 2558 5540 2658 5611; x_wconf 89' lang='lat' dir='ltr'><strong>Ep,</strong></span> <span class='ocrx_word' id='word_1_898' title='bbox 2690 5552 2817 5608; x_wconf 81' lang='lat' dir='ltr'><strong>Lxx,</strong></span> <span class='ocrx_word' id='word_1_899' title='bbox 2848 5551 2885 5596; x_wconf 94' lang='lat' dir='ltr'><strong>t.</strong></span> <span class='ocrx_word' id='word_1_900' title='bbox 2912 5556 3004 5608; x_wconf 89' lang='lat' dir='ltr'><strong>nt,</strong></span> <span class='ocrx_word' id='word_1_901' title='bbox 3036 5557 3085 5598; x_wconf 92' lang='lat' dir='ltr'><strong>c.</strong></span> <span class='ocrx_word' id='word_1_902' title='bbox 3118 5541 3276 5610; x_wconf 64' lang='lat' dir='ltr'><strong>I040,</strong></span> <span class='ocrx_word' id='word_1_903' title='bbox 3306 5558 3356 5597; x_wconf 80' lang='grc' dir='ltr'>Α.</span> 
     </span>
     <span class='ocr_line' id='line_1_125' title="bbox 2145 5613 2512 5668; baseline -0.008 0"><span class='ocrx_word' id='word_1_904' title='bbox 2145 5615 2226 5668; x_wconf 69' lang='lat' dir='ltr'><strong>lli)</strong></span> <span class='ocrx_word' id='word_1_905' title='bbox 2255 5615 2356 5668; x_wconf 85' lang='lat' dir='ltr'><strong>ld..</strong></span> <span class='ocrx_word' id='word_1_906' title='bbox 2383 5613 2512 5668; x_wconf 88' lang='lat' dir='ltr'><strong>ibid.</strong></span> 
     </span>
    </p>
   </div>
   <div class='ocr_carea' id='block_1_121' title="bbox 2280 5613 2512 5679">
    <p class='ocr_par' dir='ltr' id='par_1_121' title="bbox 2280 5613 2512 5679">
     <span class='ocr_line' id='line_1_126' title="bbox 2280 5613 2512 5679; baseline -0.013 -11"><span class='ocrx_word' id='word_1_907' title='bbox 2280 5620 2356 5679; x_wconf 86' lang='lat' dir='ltr'><strong>d.,</strong></span> <span class='ocrx_word' id='word_1_908' title='bbox 2383 5613 2512 5668; x_wconf 81' lang='lat' dir='ltr'><strong>ibid.</strong></span> 
     </span>
    </p>
   </div>
   <div class='ocr_carea' id='block_1_122' title="bbox 2145 5617 3661 5757">
    <p class='ocr_par' dir='ltr' id='par_1_122' title="bbox 2145 5617 3661 5757">
     <span class='ocr_line' id='line_1_127' title="bbox 2145 5617 3661 5757; baseline 0.001 -18"><span class='ocrx_word' id='word_1_909' title='bbox 2255 5617 2644 5741; x_wconf 38' lang='lat' dir='ltr'><strong>lt{li’dilultilaluzii</strong></span> <span class='ocrx_word' id='word_1_910' title='bbox 2697 5695 2877 5757; x_wconf 81' lang='lat' dir='ltr'><strong>notam</strong></span> <span class='ocrx_word' id='word_1_911' title='bbox 2907 5684 2958 5757; x_wconf 85' lang='lat' dir='ltr'><strong>in</strong></span> <span class='ocrx_word' id='word_1_912' title='bbox 2987 5683 3140 5757; x_wconf 90' lang='lat' dir='ltr'><strong>hunc</strong></span> <span class='ocrx_word' id='word_1_913' title='bbox 3158 5684 3331 5740; x_wconf 93' lang='lat' dir='ltr'><strong>locum</strong></span> <span class='ocrx_word' id='word_1_914' title='bbox 3361 5684 3449 5756; x_wconf 91' lang='lat' dir='ltr'><strong>qui</strong></span> <span class='ocrx_word' id='word_1_915' title='bbox 3481 5680 3661 5756; x_wconf 77' lang='lat' dir='ltr'><strong>legen-</strong></span> 
     </span>
    </p>
   </div>
   <div class='ocr_carea' id='block_1_123' title="bbox 2071 5751 3318 5825">
    <p class='ocr_par' dir='ltr' id='par_1_123' title="bbox 2071 5751 3318 5825">
     <span class='ocr_line' id='line_1_128' title="bbox 2071 5751 3318 5825; baseline -0.005 -10"><span class='ocrx_word' id='word_1_916' title='bbox 2071 5751 2346 5815; x_wconf 59' lang='lat' dir='ltr'><strong>duin&#39;esse</strong></span> <span class='ocrx_word' id='word_1_917' title='bbox 2370 5761 2554 5812; x_wconf 74' lang='lat' dir='ltr'><strong>censet</strong></span> <span class='ocrx_word' id='word_1_918' title='bbox 2578 5757 2688 5812; x_wconf 89' lang='lat' dir='ltr'><strong>olco</strong></span> <span class='ocrx_word' id='word_1_919' title='bbox 2713 5751 2763 5810; x_wconf 87' lang='lat' dir='ltr'><strong>in</strong></span> <span class='ocrx_word' id='word_1_920' title='bbox 2794 5755 2946 5810; x_wconf 80' lang='lat' dir='ltr'><strong>altari</strong></span> <span class='ocrx_word' id='word_1_921' title='bbox 2976 5755 3318 5825; x_wconf 71' lang='lat' dir='ltr'><strong>annui/irato.</strong></span> 
     </span>
    </p>
   </div>
   <div class='ocr_carea' id='block_1_124' title="bbox 2073 5829 3561 5907">
    <p class='ocr_par' dir='ltr' id='par_1_124' title="bbox 2073 5829 3561 5907">
     <span class='ocr_line' id='line_1_129' title="bbox 2073 5829 3561 5907; baseline 0 -23"><span class='ocrx_word' id='word_1_922' title='bbox 2073 5905 2075 5907; x_wconf 88' lang='lat'><em>_</em></span> <span class='ocrx_word' id='word_1_923' title='bbox 2145 5829 2226 5901; x_wconf 89' lang='lat'>(6)</span> <span class='ocrx_word' id='word_1_924' title='bbox 2253 5829 2505 5902; x_wconf 85' lang='lat' dir='ltr'><strong>Cyprian.</strong></span> <span class='ocrx_word' id='word_1_925' title='bbox 2537 5830 2636 5902; x_wconf 87' lang='lat' dir='ltr'><strong>Ep.</strong></span> <span class='ocrx_word' id='word_1_926' title='bbox 2665 5829 2732 5885; x_wconf 72' lang='lat' dir='ltr'><strong>ad</strong></span> <span class='ocrx_word' id='word_1_927' title='bbox 2761 5829 2973 5900; x_wconf 72' lang='lat' dir='ltr'><strong>Fidum,</strong></span> <span class='ocrx_word' id='word_1_928' title='bbox 3007 5839 3135 5886; x_wconf 85' lang='grc' dir='ltr'>ιυιιι.</span> <span class='ocrx_word' id='word_1_929' title='bbox 3156 5845 3234 5901; x_wconf 85' lang='lat' dir='ltr'><strong>ut,</strong></span> <span class='ocrx_word' id='word_1_930' title='bbox 3265 5844 3313 5886; x_wconf 92' lang='lat' dir='ltr'><strong>c.</strong></span> <span class='ocrx_word' id='word_1_931' title='bbox 3345 5829 3481 5889; x_wconf 81' lang='grc'><strong>1017</strong></span> <span class='ocrx_word' id='word_1_932' title='bbox 3509 5845 3561 5888; x_wconf 78' lang='grc' dir='ltr'>Α.</span> 
     </span>
    </p>
   </div>
  </div>
