4190 6246
561 386 701 459 ,ιιιιὶ

570 507 679 557 tur.
714 517 734 554 ι
760 498 917 568 Quod
944 512 1088 556 nunc
1113 514 1329 574 quoque
1352 502 1495 576 apud
1522 520 1619 562 nos
1646 506 1887 577 geritur;
1921 518 1978 564 ut
1998 512 2088 582 qui
2116 512 2167 566 in

569 592 815 651 Ecclesia
855 592 1190 661 oll‘erantur,
1244 606 1298 652 et
1345 611 1442 667 per
1486 609 1727 656 nostram
1770 601 2068 658 orationem
2108 618 2171 659 ac

559 702 765 745 manus
806 686 1205 759 impositionem
1252 690 1513 762 Spiritum
1554 703 1800 750 sanctum
1838 711 2172 770 consequan-

571 786 679 847 tur,
710 788 766 836 et
794 780 1073 853 signaculo
1101 781 1383 840 Dominico
1408 797 1797 844 consumentur
1823 786 1925 862 (l).
1960 809 1978 843 ι

646 893 765 950 XV.
814 894 1075 967 Baptizati
1116 900 1341 969 infantes
1395 901 1448 955 in
1495 903 1773 958 nativitatis
1819 905 2049 960 exordio.
2104 937 2173 946 —

571 984 775 1044 Morem
807 988 1040 1046 infantes
1070 990 1123 1046 in
1168 992 1461 1049 nativitatis
1492 994 1717 1050 exordio
1747 995 2050 1067 baptizandi
2073 997 2173 1053 du-

570 1079 698 1150 plici
740 1081 793 1137 in
825 1082 944 1138 loco
969 1096 1360 1142 commemorat
1391 1087 1549 1143 divus
1583 1086 1907 1160 Cyprianus,
1937 1091 1990 1146 in
2039 1100 2175 1146 trac-

570 1180 686 1229 tatu
735 1174 943 1232 scilicet
995 1175 1065 1232 de
1114 1176 1303 1247 Lapsis
1326 1220 1343 1245 ,
1390 1179 1479 1235 ubi
1530 1180 1759 1235 scribit:
1797 1200 1816 1234 ι
1847 1182 1926 1237 Ac
1956 1196 2024 1238 ne
2049 1181 2175 1253 quid

570 1266 788 1324 deesset
818 1268 885 1323 ad
928 1270 1170 1325 criminis
1197 1271 1474 1327 cumulum
1497 1313 1512 1340 ,
1567 1271 1801 1329 infantes
1844 1288 2058 1345 quoque
2086 1288 2180 1345 pa-

571 1369 784 1415 rentum
813 1362 1063 1418 manibus
1093 1364 1178 1418 vel
1212 1363 1473 1435 impositi,
1499 1364 1585 1421 vel
1612 1366 1849 1431 attracti,
1879 1368 2181 1423 amiserunt

571 1454 780 1524 parvuli
843 1454 984 1525 quod
1038 1456 1091 1511 in
1151 1457 1328 1527 primo
1373 1459 1553 1514 statim
1621 1460 1915 1515 nativitatis
1959 1461 2181 1517 exordio

571 1545 785 1602 fuerant
813 1549 1112 1604 consecuti.
1147 1568 1165 1603 ι
1201 1549 1267 1605 Et
1291 1550 1342 1605 in
1370 1551 1595 1621 epistola
1626 1550 1694 1606 ad
1735 1551 1927 1608 Fidum
1962 1552 2060 1624 (2),
2090 1553 2180 1609 ubi

572 1639 761 1696 scribit
808 1640 955 1697 hunc
1001 1642 1054 1698 in
1096 1642 1318 1698 modum
1362 1662 1374 1696 :
1438 1663 1457 1697 ι
1488 1642 1741 1700 Universi
1781 1645 2180 1716 judicavimus,

573 1732 706 1788 nulli
736 1731 1015 1789 hominum
1069 1742 1198 1789 nato
1237 1735 1667 1792 misericordiam
1708 1737 1803 1794 Dei
1849 1750 1903 1794 et
1954 1740 2179 1809 gratiam

574 1839 698 1882 esse
717 1825 1181 1899 denegandam...
1212 1827 1351 1884 Esse
1383 1830 1526 1900 apud
1567 1845 1757 1887 omnes
1777 1833 1895 1889 sive
1925 1833 2177 1901 infantes,

573 1921 689 1975 sive
736 1921 970 1989 majores
996 1931 1145 1992 natu,
1199 1939 1360 1979 unam
1417 1923 1583 1979 divini
1629 1926 1868 1983 muneris
1906 1929 2183 1998 aequalita-

575 2018 807 2069 tem.....
837 2012 969 2069 Nam
1001 2014 1163 2082 Deus,
1190 2024 1248 2071 ut
1275 2030 1564 2086 personam
1593 2033 1701 2073 non
1733 2019 1948 2090 accipit,
1976 2020 2056 2075 sic
2084 2035 2183 2076 nec

578 2112 793 2160 aetatem
818 2124 834 2172 ;
877 2121 1000 2163 cum
1038 2122 1098 2163 se
1144 2109 1395 2165 omnibus
1421 2109 1488 2166 ad
1514 2110 1754 2168 ctelestis
1782 2111 1970 2183 gratiae
1994 2128 2184 2169 conse-

578 2195 874 2265 cutionem,
900 2198 1206 2270 aequalitate
1234 2200 1449 2271 librata,
1474 2202 1715 2272 przebeat
1740 2213 1968 2274 patrem.

826 2377 854 2440 §
885 2375 975 2428 III.
1000 2403 1063 2414 -—
1084 2376 1353 2443 Disciplina
1370 2378 1531 2442 quoad
1551 2378 1920 2431 Eucharistiam.

655 2544 797 2602 XVI.
820 2545 1030 2603 Fideles
1074 2562 1191 2601 cum
1234 2545 1496 2618 Episcopo
1534 2548 1590 2602 in
1623 2563 1784 2601 unum
1804 2550 2186 2619 conveniebant,

582 2645 641 2692 ut
665 2635 1049 2692 Eucharistiam
1075 2638 1403 2693 celebrarent.
1430 2665 1503 2679 --
1521 2636 1738 2693 Fideles
1762 2640 2108 2696 cousuevisse
2136 2642 2188 2696 in

585 2744 753 2787 unum
793 2743 916 2786 cum
947 2730 1205 2801 epis00po
1235 2730 1565 2795 convenire,
1608 2738 1667 2785 ut
1710 2730 1889 2786 divina
1933 2734 2189 2803 mysteria

584 2822 969 2887 celebrarent,
1015 2838 1081 2878 ex
1127 2830 1357 2878 tractatu
1404 2821 1512 2877 divi
1553 2819 1805 2893 Cypriani
1841 2821 1907 2878 de
1936 2820 2191 2880 Oratione

587 2913 867 2973 Dominica
913 2915 1123 2971 eruitur
1150 2914 1232 2987 (3)
1286 2933 1299 2967 ε
1360 2932 1379 2966 ι
1437 2913 1503 2968 Et
1531 2912 1768 2984 quando,
1804 2934 1821 2965 ι
1872 2914 2043 2984 inquit
2069 2914 2189 2983 ille,

592 3025 615 3062 ι
648 3008 702 3064 in
733 3022 898 3064 unum
927 3022 1049 3064 cum
1098 3006 1354 3062 fratribus
1391 3006 1750 3062 convenimus
1772 3048 1786 3072 ,
1836 3016 1892 3061 et
1931 3006 2191 3062 sacriﬁcia

590 3099 773 3156 divina
818 3114 942 3155 cum
1003 3098 1099 3155 Dei
1153 3098 1434 3153 sacerdote
1485 3097 1905 3153 celebramus.»
1961 3097 2195 3168 Hujusce

588 3200 889 3250 conventus
919 3191 1069 3248 locus
1097 3189 1469 3261 appellabatur
1513 3208 1531 3241 ι
1562 3189 1919 3257 Dominicum,
1954 3207 1973 3241 ι
2027 3191 2104 3245 uti
2128 3205 2195 3246 ex

590 3283 783 3342 eodem
831 3283 955 3339 divo
1004 3282 1274 3356 Cypriane
1310 3283 1427 3338 erui
1476 3296 1635 3353 posse
1688 3280 1902 3338 videtur
1935 3323 1951 3348 ,
1999 3283 2089 3353 qui
2143 3284 2195 3337 in

595 3383 826 3433 tractatu
852 3374 920 3432 de
944 3374 1121 3446 Opere
1144 3383 1199 3429 et
1228 3375 1585 3447 Eleemosyna
1619 3374 1875 3429 mulieres
1902 3372 2095 3429 divites
2121 3375 2199 3429 sic

593 3468 884 3539 alloquitur
905 3464 986 3540 (4)
1013 3485 1026 3521 :
1057 3486 1077 3520 ι
1111 3466 1377 3538 Locuples
1397 3477 1452 3523 et
1475 3466 1629 3522 dives
1655 3479 1748 3533 es;
1781 3475 1837 3522 et
1864 3465 2197 3520 Dominicum

594 3564 873 3622 celebrare
900 3574 953 3621 te
974 3564 1170 3631 credis,
1198 3579 1319 3637 quae
1339 3563 1632 3619 corbonam
1658 3560 1879 3616 omnino
1907 3574 2013 3615 non
2030 3559 2200 3629 respi-

595 3660 712 3728 cis;
751 3675 872 3732 qua:
917 3661 971 3716 in
997 3659 1335 3715 Dominicum
1379 3658 1499 3714 sine
1543 3653 1806 3711 sacriﬁcio
1845 3653 2030 3718 venis;
2081 3667 2200 3723 quae

597 3760 805 3823 partem
833 3752 903 3809 de
927 3750 1211 3817 sacriﬁcio,
1236 3749 1381 3821 quod
1411 3762 1616 3821 pauper
1639 3746 1856 3813 obtulit,
1883 3745 2070 3801 sumis.
2104 3763 2123 3797 ι

669 3843 833 3901 XVII.
862 3844 1084 3913 Tempus
1105 3844 1394 3900 celebrandi
1405 3853 1637 3898 sanctum
1663 3841 2071 3910 saeriﬁcium.-—
2087 3840 2203 3896 Divi

598 3938 855 4011 Cypriani
903 3946 1064 3994 aetate
1116 3936 1454 3992 Eucharistia
1511 3936 1816 3992 celebratur
1864 3944 1973 3990 tum
2032 3943 2204 3990 matu-

600 4030 740 4095 tino,
775 4036 889 4085 tum
938 4024 1251 4101 vespertino
1306 4038 1570 4100 tempore.
1626 4027 1891 4083 Probatur
1937 4026 1991 4082 id
2045 4026 2207 4096 Epis-

601 4121 710 4178 tola
737 4122 1071 4192 sexagesima
1102 4121 1260 4177 tertia
1291 4120 1516 4193 hujusce
1547 4120 1718 4176 sancti
1746 4119 2025 4185 Doctoris;
2069 4119 2122 4174 in
2144 4134 2207 4174 ea

599 4213 870 4287 siquidem
911 4224 1101 4271 contra
1131 4229 1227 4271 eos
1252 4214 1525 4270 disserens
1545 4214 1634 4284 qui
1664 4212 1915 4268 nolebant
1938 4212 2122 4267 vinum
2152 4212 2206 4266 in

603 4305 775 4362 calice
816 4305 1102 4362 infundere
1148 4306 1202 4360 in
1252 4304 1536 4360 sncriﬁciis
1584 4303 1881 4369 matutinis,
1921 4318 1989 4357 ue
2025 4301 2210 4357 ﬁdeles

602 4406 727 4470 post
758 4398 1192 4452 communionem
1219 4395 1402 4450 vinum
1430 4394 1736 4451 redolentes
1780 4394 1850 4447 ab
1875 4392 2104 4448 ethnicis
2125 4392 2205 4447 di-

604 4498 1033 4560 gnoscerentur;
1063 4488 1179 4543 haec
1206 4487 1369 4544 habet
1396 4487 1477 4557 (5)
1508 4506 1523 4543 :
1559 4506 1578 4538 ι
1608 4488 1692 4541 An
1736 4487 1826 4542 illa
1863 4486 2057 4556 aliquis
2101 4486 2202 4540 sibi

607 4581 1067 4653 contemplatione
1093 4579 1388 4645 blanditur,
1414 4579 1580 4650 quod,
1612 4580 1713 4634 etsi
1746 4593 1904 4634 mane
1924 4593 2061 4649 aqua
2090 4577 2201 4633 sola

609 4671 797 4730 oﬁ'erri
826 4672 1060 4740 videtur,
1100 4683 1280 4729 tamen
1311 4689 1431 4729 cum
1461 4673 1527 4728 ad
1566 4673 1887 4728 coenandum
1934 4673 2205 4739 venimus,

610 4767 839 4822 mixtum
878 4767 1103 4823 calicem
1134 4765 1514 4822 oﬁ‘erimus?...
1550 4785 1570 4819 ι
1624 4766 1985 4821 Nihilominus
2020 4779 2082 4821 ea
2125 4775 2210 4820 est

610 4859 863 4934 Cypriani
888 4874 1063 4927 meus,
1085 4859 1230 4931 quod
1275 4860 1538 4915 matutino
1569 4860 1767 4930 potius,
1803 4874 1961 4929 quam
1984 4872 2208 4927 vesper-

612 4954 727 5010 tino
758 4962 1001 5024 tempore
1045 4951 1367 5008 sacriﬁcium
1398 4951 1724 5007 celebretur.
1773 4950 1853 5005 Ad
1904 4949 2033 5004 illud
2082 4964 2213 5006 vero

614 5046 759 5119 quod
787 5046 953 5117 aliqui
980 5045 1641 5116 objiciebant,Dominum
1670 5044 1879 5100 scilicet
1902 5058 2007 5098 non
2031 5057 2211 5111 mane,

617 5140 714 5197 sed
743 5150 864 5211 post
891 5155 1102 5198 caenam
1134 5140 1361 5196 mixtum
1398 5140 1624 5196 calicem
1649 5139 1943 5203 obtulisse;
1984 5136 2102 5193 haec
2130 5153 2216 5193 re-

617 5235 770 5307 ponit
794 5243 1013 5289 sanctus
1043 5234 1343 5305 EpiscOpus
1369 5252 1382 5286 :
1412 5234 1685 5289 Christum
1716 5232 1912 5288 offerre
1934 5231 2218 5301 oportebat

618 5327 762 5385 circa
790 5342 1076 5399 vesperam
1108 5327 1239 5397 diei,
1265 5328 1466 5386 utbora
1488 5328 1603 5399 ipsa
1630 5324 1879 5381 sacriﬁcii
1907 5323 2221 5382 ostenderet

694 5482 775 5554 (l)
796 5482 983 5608 Cypra,
1003 5484 1104 5555 Ep.
1123 5498 1262 5538 nm
1281 5484 1349 5537 ad
1372 5482 1642 5545 Jubaian.,
1667 5491 1797 5537 tom.
1824 5495 1902 5547 ιιι,
1929 5492 1979 5533 c.
2003 5479 2145 5537 1115
2165 5498 2218 5538 Α.

694 5554 766 5608 l2)
796 5552 817 5607 Ι
862 5593 876 5607 .
905 5554 1006 5608 En.
1037 5572 1144 5608 ιιι.
1174 5563 1303 5608 tom.
1329 5569 1418 5608 ιιι.
1449 5568 1497 5608 c.
1526 5552 1685 5608 IOI6.

685 5552 766 5627 (ἓ)
796 5552 876 5627 Id.
905 5554 1006 5625 Ep.
1037 5552 1144 5621 iu,
1174 5563 1303 5627 tom.
1329 5569 1418 5627 ιιι.
1449 5568 1497 5608 c.
1526 5552 1685 5627 IOItj.

697 5624 983 5754 {552)‘Idem,
1012 5636 1224 5682 tractat.
1264 5626 1326 5679 de
1354 5624 1598 5680 Oratione
1625 5624 1898 5682 Dominica
1922 5666 1937 5692 ,
1983 5637 2116 5687 tom.
2149 5644 2223 5695 tv,

626 5711 677 5752 c.
846 5716 901 5752 Α.

621 5866 653 5905 c
695 5768 987 5894 (slilzlgem,
1010 5777 1220 5827 tractat.
1248 5768 1309 5826 de
1344 5767 1508 5840 Opere
1527 5778 1573 5823 et
1603 5768 1960 5840 Eleemosyna,
1986 5780 2116 5830 tom.
2150 5786 2226 5842 iv,

688 5905 774 5987 (ἴ)
799 5906 1067 5983 Cyprium
1105 5904 1204 5981 Ep.
1244 5917 1390 5975 nm.
1424 5915 1554 5965 tom.
1591 5906 1664 5977 iv,
1699 5899 1863 5965 r586
1890 5926 1936 5967 ιι.

2014 395 2408 455 ΡΒᾹΞΡΑΤΙΟ.

3731 422 3861 463 XXIV

2274 528 2545 583 occasum,
2565 523 2619 570 et
2641 514 3129 589 vesperam'mundi
3154 536 3167 575 :
3190 538 3207 573 ι
3229 518 3337 577 Nos
3363 528 3544 579 autem
3565 520 3863 579 Resurrec-

2273 607 2477 663 tionem
2512 608 2723 666 Domini
2751 626 2909 668 mane
2939 611 3301 670 celebramus.
3341 632 3360 667 ι

2347 700 2512 757 XVII.
2576 703 2819 771 Quotidie
2872 705 3198 774 offerebatur,
3252 716 3300 762 et
3351 709 3528 777 ﬁdeles
3581 709 3865 766 Eucharis-

2277 796 2400 849 tiam
2425 796 2781 852 sumebant.—
2801 797 3055 865 Quotidie
3077 812 3321 855 sanctum
3349 801 3680 859 oll‘erebatur
3700 804 3867 859 sacri-

2278 887 2485 943 ﬁcium.
2515 908 2532 941 ι
2563 889 2664 957 Qui
2691 890 2956 947 sacriﬁcia
2980 892 3222 962 quotidie
3250 893 3612 964 celebramus,
3650 914 3670 949 ι
3699 897 3872 967 inquit

2280 980 2657 1054 S.Cyprianus
2675 982 2914 1054 Epistola
2936 984 3002 1039 ad
3030 982 3339 1041 Cornelium
3365 1003 3556 1058 papam
3585 988 3684 1060 (l).
3714 987 3875 1044 Fide-

2280 1073 2359 1128 les
2385 1076 2624 1146 quotidie
2646 1076 3036 1132 Eucbaristiam
3055 1078 3358 1144 sumebant,
3414 1080 3517 1134 nisi
3563 1081 3742 1150 gravis
3773 1080 3872 1135 ali-

2280 1181 2383 1236 qua
2421 1168 2576 1238 culpa
2625 1170 3022 1225 intercessisset
3050 1168 3131 1243 (2)
3164 1189 3177 1226 :
3209 1189 3227 1222 ι
3266 1170 3422 1227 lluuc
3448 1182 3629 1247 autem
3678 1188 3872 1243 panem

2283 1258 2436 1312 nobis
2480 1259 2717 1329 quotidie
2760 1260 3113 1331 postulamus,
3159 1276 3227 1318 ne
3262 1264 3423 1334 qui...
3482 1262 3874 1319 Eucharistiam

2284 1353 2523 1423 quotidie
2562 1355 2629 1409 ad
2672 1355 2852 1411 cibum
2907 1356 3096 1412 salutis
3151 1357 3465 1427 accipimus,
3509 1357 3877 1414 intercedente

2282 1446 2464 1517 aliquo
2493 1449 2745 1518 graviore
2794 1448 3086 1515 delicto...,
3116 1464 3144 1502 a
3167 1448 3369 1506 Christi
3391 1465 3624 1520 corpore
3660 1465 3879 1521 separe-

2284 1555 2460 1596 mur.»
2492 1540 2745 1608 Quatidie
2770 1540 2994 1597 calicem
3023 1543 3298 1613 sanguinis
3345 1542 3544 1598 Christi
3600 1544 3877 1613 bibebant,

2292 1648 2310 1681 ι
2332 1632 2760 1697 considerantes,
2798 1650 2817 1684 ι
2856 1633 3016 1688 verba
3044 1644 3167 1688 sunt
3188 1634 3431 1704 ejusdem
3460 1636 3633 1692 sancti
3680 1636 3880 1692 Docto-

2286 1725 2361 1779 ris
2382 1723 2481 1797 (5),
2519 1723 2755 1780 «idcirco
2784 1738 2844 1780 se
2864 1724 3105 1795 quotidie
3128 1726 3350 1781 calicem
3379 1729 3654 1797 sanguinis
3679 1726 3879 1783 Christi

2285 1817 2490 1886 bibere,
2540 1828 2597 1873 ut
2629 1819 2851 1890 possint-
2886 1829 2941 1874 et
2971 1818 3071 1891 ipsi
3095 1829 3315 1890 propter
3357 1817 3633 1875 Christum
3666 1822 3883 1891 sangui-

2286 1927 2409 1968 nem
2442 1912 2683 1969 fundere.
2726 1933 2745 1967 ›

2360 2002 2552 2059 XVIII.
2584 2005 2739 2075 Saepe
2784 2006 2876 2060 sub
2901 2005 3013 2061 sola
3057 2006 3223 2075 specie
3261 2005 3411 2076 panis
3443 2003 3765 2059 Eucharistia
3791 2004 3885 2058 da-

2287 2099 2547 2153 batur.——
2573 2098 2687 2153 Etsi
2723 2113 2788 2153 ex
2821 2097 2978 2155 dictis
3005 2106 3060 2153 et
3099 2098 3396 2153 innumeris
3427 2097 3546 2151 aliis
3575 2096 3875 2152 vetustissi-

2287 2192 2389 2247 mis
2414 2191 2801 2256 monumentis,
2835 2190 3016 2247 inferri
3035 2190 3158 2261 jure
3186 2191 3357 2260 possit
3402 2188 3590 2244 ﬁdeles
3624 2188 3725 2243 sub
3760 2188 3884 2244 bina

2288 2283 2471 2353 specie
2507 2284 2948 2339 communionem
2995 2297 3212 2338 sumere
3257 2282 3604 2337 consuevisse
3627 2330 3642 2347 ,
3676 2288 3884 2337 certum

2290 2374 2641 2430 nihilominus
2670 2383 2754 2431 est
2782 2391 2848 2430 ex
2875 2375 3006 2430 divo
3025 2372 3318 2446 Cypriane,
3350 2372 3537 2429 ﬁdeles
3564 2371 3886 2444 quandoque

2292 2471 2389 2525 sub
2411 2471 2525 2526 sola
2554 2471 2735 2538 specie
2757 2469 2909 2542 panis
2927 2469 3266 2525 Eucharistia
3293 2468 3528 2525 refectos
3548 2468 3735 2523 fuisse.

2363 2563 2558 2619 Tribus
2582 2565 2787 2621 vicibus
2817 2563 3063 2620 meminit
3089 2573 3309 2619 sanctus
3340 2562 3641 2635 Cyprianus
3680 2562 3887 2618 Eucha-

2294 2656 2461 2711 ristia:
2489 2657 2688 2726 duplici
2721 2657 2821 2713 sub
2849 2658 3028 2728 specie
3057 2656 3306 2712 ﬁdelibus
3358 2656 3773 2723 administratae;
3811 2656 3891 2711 ui-

2294 2753 2488 2806 mirum
2518 2752 2571 2806 in
2618 2752 2857 2821 Epistula
2917 2767 3023 2815 LIV,
3073 2750 3139 2805 ad
3185 2748 3492 2805 Cornelium
3538 2764 3746 2820 papam,
3800 2748 3889 2804 ubi

2294 2843 2482 2898 scribit
2509 2842 2609 2915 (4):
2644 2862 2661 2894 ι
2695 2846 2764 2898 At
2791 2858 2919 2899 vero
2944 2858 3087 2898 nunc
3118 2858 3223 2898 non
3255 2842 3503 2909 inﬁrmis,
3537 2840 3632 2896 sed
3664 2840 3891 2895 fortibus

2299 2953 2399 3008 pax
2441 2937 2742 2992 necessaria
2808 2946 2910 3005 est,
2964 2951 3063 2991 nec
3113 2935 3492 3001 morientibus,
3520 2933 3616 2989 sed
3663 2932 3891 2987 viventi-

2298 3027 2419 3093 bus,
2444 3030 2860 3085 communicatio
2891 3044 2922 3083 a
2953 3028 3108 3083 nobis
3133 3026 3309 3083 dauda
3336 3037 3452 3092 est;
3478 3035 3537 3081 ut
3564 3039 3701 3096 quos
3743 3026 3891 3080 exci-

2299 3130 2475 3176 tamus
2492 3131 2545 3176 et
2576 3121 2856 3177 hortamur
2878 3121 2945 3177 ad
2971 3120 3240 3192 pralium,
3261 3134 3367 3175 non
3394 3119 3631 3174 inermes
3645 3127 3699 3174 et
3721 3117 3895 3173 nudos

2301 3215 2684 3284 relinquamus,
2734 3214 2829 3271 sed
2864 3214 3200 3285 protectione
3240 3212 3518 3284 sanguinis
3557 3221 3613 3268 et
3652 3211 3897 3283 corporis

2298 3309 2497 3366 Christi
2526 3312 2854 3376 muniamus;
2887 3319 2941 3365 et
2960 3324 3081 3365 cum
3121 3308 3189 3364 ad
3219 3307 3320 3363 hoc
3345 3305 3812 3371 ﬁatEucharistia,
3837 3315 3897 3361 ut

2300 3404 2875 3474 possitaccipientibus
2901 3418 3023 3458 esse
3065 3402 3251 3458 tutela.
3279 3401 3414 3457 Dein
3459 3401 3511 3455 in
3560 3409 3788 3455 tractatu
3829 3399 3896 3455 de

2301 3495 2491 3567 Lapsis
2538 3497 2746 3552 duobus
2797 3497 2850 3551 in
2877 3497 3120 3562 Iocis,et
3141 3495 3357 3566 quidem
3399 3496 3579 3549 statim
3629 3494 3697 3549 ab
3748 3492 3899 3549 initio

2303 3589 2380 3644 ait
2405 3588 2483 3661 (5)
2506 3608 2517 3642 :
2543 3608 2559 3640 ι
2588 3588 2933 3644 Sauctiﬁcata
2960 3602 3053 3643 ora
3077 3586 3390 3642 coelestibus
3410 3586 3545 3641 cibis
3568 3594 3689 3655 post
3705 3599 3901 3653 corpus

2304 3694 2360 3739 et
2412 3684 2725 3754 sanguinem
2780 3683 2990 3738 Domini
3065 3680 3287 3751 profana
3337 3679 3584 3749 contagia
3631 3688 3686 3734 et
3731 3677 3902 3733 idolo-

2306 3794 2424 3835 rum
2463 3778 2717 3848 reliquias
2766 3784 3161 3847 respuerant.»
3226 3774 3417 3828 Postea
3468 3774 3612 3828 circa
3669 3771 3902 3828 medium

2307 3871 2505 3926 laudati
2534 3877 2792 3925 tractams
2820 3868 3008 3923 scribit
3033 3866 3110 3938 (6)
3136 3884 3147 3919 :
3169 3885 3187 3917 ι
3218 3864 3458 3920 Tumens
3488 3864 3699 3919 animus
3729 3873 3783 3919 et
3811 3877 3902 3917 su-

2308 3965 2528 4037 perbus,
2550 3979 2647 4018 nec
2669 3964 2791 4034 quia
2816 3962 2987 4017 victus
3007 3969 3111 4027 est,
3136 3959 3336 4015 fractus
3360 3966 3461 4013 est.
3492 3957 3686 4013 Jacens
3716 3956 3907 4011 stanti-

2308 4061 2409 4115 bus
2435 4069 2489 4114 et
2514 4058 2737 4130 integris
2762 4059 3071 4113 vulneratus
3093 4056 3362 4119 minatur;
3393 4062 3445 4108 ct
3465 4053 3608 4124 quod
3637 4067 3741 4107 non
3790 4060 3871 4107 sla
3889 4081 3903 4093 ο

2313 4154 2407 4209 tim
2438 4152 2872 4221 Dominicorpus
2900 4149 3190 4219 inquinatis
3236 4147 3486 4203 manibus
3516 4145 3766 4216 accipiat,
3816 4154 3911 4200 aut

2312 4263 2409 4304 ore
2439 4248 2644 4317 polluto
2680 4246 2895 4301 Domini
2944 4245 3259 4315 sanguinem
3310 4243 3487 4309 bibat,
3544 4240 3912 4298 sacerdotibus

2314 4340 2611 4410 sacrilegus
2646 4338 2917 4392 irascitur.
2960 4357 2979 4390 ι
3023 4337 3080 4392 1η
3127 4337 3319 4392 eodem
3348 4344 3578 4391 tractatu
3604 4335 3673 4391 de
3724 4334 3911 4407 Lapsis

2313 4431 2469 4502 plura
2497 4429 2744 4500 exempla
2775 4429 3008 4495 adducit,
3035 4446 3099 4483 ex
3129 4430 3323 4500 quibus
3354 4430 3473 4485 luce
3496 4428 3789 4484 meridiana
3808 4428 3912 4483 cla-

2311 4527 2423 4582 rius
2446 4526 2671 4596 patescit
2693 4525 3129 4580 communionem
3160 4540 3254 4580 seu
3279 4524 3671 4581 Eucharistiam
3696 4539 3798 4580 una
3811 4526 3913 4579 sub

2311 4623 2512 4691 specie.
2571 4620 2732 4676 modo
2785 4621 2887 4676 sub
2941 4621 3085 4686 vini,
3139 4619 3299 4674 modo
3354 4620 3453 4674 sub
3522 4619 3674 4689 panis
3734 4618 3915 4687 specie

2311 4715 2742 4771 administratam
2770 4715 2938 4771 fuisse
2965 4734 2975 4769 :
3008 4716 3074 4769 Et
3103 4713 3319 4785 quidem
3341 4714 3441 4769 sub
3468 4727 3571 4767 una
3600 4711 3710 4767 vini
3735 4711 3916 4783 specie

2312 4810 2488 4882 palam
2520 4809 2577 4864 ﬁt
2598 4824 2664 4865 ex
2694 4808 2939 4871 historia,
2972 4823 3131 4878 quam
3196 4817 3414 4863 sanctus
3451 4798 3750 4878 Cyprianus
3781 4804 3915 4858 libro

2313 4904 2383 4958 de
2403 4902 2639 4973 Lapsis.,
2662 4912 2791 4970 Liv,
2812 4918 2861 4956 c.
2886 4902 3013 4968 484,
3040 4917 3090 4967 c,
3121 4915 3201 4971 sq.
3227 4899 3386 4954 refert
3415 4918 3428 4953 :
3462 4897 3781 4967 Exemplum
3810 4893 3920 4949 En-

2314 4994 2583 5050 charistian
2633 4993 2734 5048 sub
2792 4993 2903 5049 sola
2960 4993 3115 5062 panis
3184 4991 3366 5061 specie
3422 4991 3619 5061 smpius
3688 4986 3917 5043 admini-

2316 5094 2500 5141 strata:
2517 5095 2699 5140 narrat
2721 5095 2939 5139 sanctus
2958 5082 3257 5155 Cyprianus
3282 5084 3332 5137 iu
3350 5082 3473 5137 eod.
3502 5082 3662 5149 libro,
3683 5089 3814 5134 tom.
3838 5093 3917 5145 tv,

2317 5192 2368 5233 c.
2417 5176 2525 5232 486
2560 5193 2590 5232 Β
2651 5194 2669 5228 ι
2703 5174 2835 5230 Cum
2890 5176 3085 5231 mulier
3123 5173 3370 5245 quaedam
3428 5189 3605 5230 arcam
3659 5186 3833 5236 suam,
3866 5170 3920 5225 in

2321 5285 2425 5341 qua
2468 5270 2677 5325 Domini
2705 5278 2948 5325 sanctum
2978 5268 3099 5336 fuit,
3124 5268 3377 5325 manibus
3403 5276 3665 5326 tentasset
3685 5267 3920 5339 aperire,

2426 5408 2477 5479 el)
2511 5407 2676 5479 Cypr.
2710 5406 2807 5475 Ep.
2840 5422 2946 5471 uv,
2968 5415 3100 5463 tom.
3131 5422 3210 5473 ιιι,
3240 5421 3290 5463 c.
3323 5407 3429 5464 857
3460 5425 3511 5463 Α.

2426 5408 2477 5479 1)
2511 5407 2676 5479 Cypr.
2710 5407 2807 5475 Ep.
2840 5422 2946 5471 uv,
2968 5415 3100 5463 tom.
3131 5422 3210 5473 ιιι,
3240 5421 3290 5463 c.
3323 5407 3429 5464 857
3460 5425 3511 5463 Α.

2398 5407 2627 5553 (Ξλῌιιη
2663 5480 2724 5534 de
2749 5479 2894 5553 Orat.
2928 5478 3219 5544 Dominica,
3246 5495 3299 5537 c.
3327 5481 3435 5535 555
3456 5497 3509 5533 Α.
3537 5473 3921 5532 Conf.TertuI-

2328 5549 2587 5606 lian.'lib.
2623 5566 2658 5605 tt
2691 5550 2758 5603 ad
2789 5549 3036 5615 Uxorem,
3067 5561 3197 5607 tom.
3223 5566 3260 5603 ι.

2330 5620 2486 5751 558’s)
2512 5622 2797 5694 Cypriatt.,
2828 5622 2927 5694 Ep.
2954 5624 3023 5678 ad
3050 5622 3427 5687 Tln'baritanos,
3460 5636 3565 5686 LVI,
3592 5627 3723 5675 tom.
3750 5634 3828 5688 Iv,
3869 5632 3918 5673 c.

2464 5713 2516 5749 Α.

2464 5713 2516 5749 Α.

2406 5767 2487 5839 (4)
2514 5765 2800 5839 Cyprian.,
2821 5765 2921 5837 Ep.
2957 5781 3063 5839 inv3
3096 5773 3228 5839 tom.
3263 5764 3557 5839 tn,_cA.A856
3584 5779 3638 5819 ιι.

2407 5768 2464 5833 (4
2517 5767 2921 5839 Cyprian.,Ep.
2957 5781 3063 5827 Liv,
3096 5773 3228 5819 tom.
3263 5779 3415 5830 ttt,c.
3449 5767 3557 5821 856
3584 5779 3638 5819 ιι.

2407 5767 2489 5975 si
2512 5838 2922 5963 minarat."
2942 5838 3005 5960 τε
3025 5832 3447 5961 ean-.2?
3468 5854 3572 5961 τι,

2592 5946 2629 5975 ι,
2743 5947 2752 5963 ο
2906 5947 2913 5961 ο
3008 5947 3020 5971 .
3122 5948 3130 5959 ι
3271 5944 3282 5959 ι
3400 5959 3404 5961 .
3460 5946 3468 5962 .
3502 5942 3513 5967 .
3585 5954 3593 5973 .
3813 5942 3843 5971 ο,

2592 5946 2629 5975 ο(
2663 5942 2752 5963 IIIH
2786 5942 2913 5963 ιυιηο
2952 5942 3020 5971 IV,
3052 5942 3095 5953 "
3122 5948 3130 5959 ι
3158 5942 3282 5960 ’νιυι
3312 5942 3416 5961 'll-f
3460 5942 3513 5967 ut
3547 5942 3593 5973 ιι9
3626 5942 3724 5962 ινςιτ
3781 5942 3843 5971 ιο.
