4190 6246
582 182 736 237 XXV"

581 308 806 363 fratrum
836 316 1042 366 mentes
1058 310 1307 377 dicendo,
1339 309 1560 367 Sursum
1594 311 1783 375 corda;
1813 316 1869 363 ιιι
1895 305 2022 361 dom
2060 314 2175 360 res-

582 401 785 469 pondet
819 401 990 470 plebs,
1038 402 1297 457 [labamus
1342 403 1410 456 ad
1444 400 1740 472 Dominum,
1774 414 1904 470 ete.,
1933 423 1952 457 ›
1980 404 2172 460 falsum

562 492 741 562 igitur
760 495 999 561 apprime
1036 503 1138 560 est,
1198 496 1251 550 in
1300 495 1568 566 primitiva
1617 494 1855 552 Ecclesia
1905 494 2171 568 liturgiam

580 583 980 654 Scripturarum
1025 586 1579 657 verbaiwlumnrodo
1659 589 2171 660 comprehendisse,

579 690 699 729 cum
728 686 940 733 constet
976 692 1043 734 ex
1089 679 1323 735 recitatis
1378 680 1435 736 S.
1468 680 1720 753 Cypriani
1752 685 1953 754 Verbis,
1987 702 2174 756 preces

577 769 740 821 etiam
775 768 920 824 fusas
975 780 1097 827 ease
1159 786 1176 823 t
1233 781 1357 828 ante
1402 773 1781 843 Orationem,t
1814 785 1867 832 et
1894 778 2173 847 praemissa

581 859 895 927 praefatione
924 862 990 916 ad
1015 863 1108 916 has
1128 864 1573 935 precesziidelium
1599 876 1808 924 mentes
1835 871 2012 939 parari
2038 886 2173 925 eon-

578 948 889 1012 sucvisse’f,
916 966 1035 1021 quze
1080 955 1295 1023 quidem
1339 956 1584 1026 praefatio
1626 955 1814 1014 eadem
1874 962 2173 1018 intentione

582 1043 1026 1113 praemittebntur,
1059 1060 1161 1118 qua
1195 1049 1353 1104 hodie
1400 1050 1539 1120 apud
1596 1066 1693 1107 nos
1722 1055 2083 1123 praamittimr,
2117 1061 2174 1111 ut

580 1135 787 1190 scilicet
821 1156 840 1188 ι
875 1138 1266 1197 admoneantur
1296 1144 1499 1212 fideles,
1527 1144 1658 1201 nihil
1689 1146 1835 1204 aliud
1875 1164 1955 1218 se,
2010 1160 2173 1221 quam

581 1224 868 1281 Dominum
898 1230 1137 1299 cogitare
1188 1234 1407 1290 debere.
1436 1256 1453 1288 ι

652 1317 841 1372 XXIII.
895 1318 961 1373 In
1011 1321 1187 1377 Missa:
1216 1328 1471 1395 sacri/icio
1500 1326 1845 1395 o/ferebantur
1869 1332 2077 1387 nomina
2104 1334 2169 1404 ﬁ-

580 1408 790 1463 delium.
810 1436 884 1449 -—
904 1410 961 1465 In
988 1412 1161 1467 Missa:
1190 1418 1455 1473 sacrificio
1479 1421 1791 1477 nominatim
1809 1424 2176 1497 allegabantur

578 1502 712 1556 certi
743 1502 931 1559 fideles
963 1505 1073 1560 Deo
1101 1522 1196 1577 per
1220 1512 1550 1578 sacerdotes,
1582 1517 2033 1585 quemadmodum
2078 1520 2171 1577 ho-

578 1594 667 1649 die
692 1595 867 1651 adhuc
896 1600 1064 1653 moris
1094 1610 1178 1655 est
1222 1604 1273 1656 in
1320 1604 1558 1672 Canone,
1612 1607 1698 1663 ubi
1738 1626 1755 1661 t
1793 1608 1844 1666 in
1883 1612 2170 1683 Memento,

580 1684 827 1753 Domine,
859 1689 1179 1746 famulorum
1207 1694 1637 1767 famularumque
1667 1710 1875 1757 tuarum
1905 1725 1922 1755 ι
1972 1709 2173 1763 mentio

579 1790 846 1833 certarum
872 1796 1220 1849 personarum
1240 1787 1550 1842 nominatim
1574 1790 1651 1844 fit.
1676 1790 1891 1849 linabus
1921 1808 1983 1850 ex
2014 1794 2171 1867 Epis-

582 1875 702 1928 toiis
731 1875 785 1927 S.
844 1875 1092 1945 Cypriani
1142 1878 1191 1931 id
1240 1881 1524 1938 manifesto
1572 1895 1802 1941 constat.
1850 1889 1904 1943 In
1948 1907 2171 1961 quarum

582 1967 772 2032 prima,
803 1982 923 2036 qua:
954 1978 1035 2023 est
1062 1971 1126 2025 ad
1156 1973 1359 2028 clerum
1389 1990 1544 2031 suum
1576 1977 1680 2050 (i),
1716 1978 1888 2045 dolet,
1919 1984 2061 2054 quod
2085 2002 2175 2040 eo-

580 2074 698 2113 rum
752 2063 966 2116 nomina
1020 2067 1315 2121 offerantur
1370 2070 1461 2139 qui
1512 2071 1563 2124 in
1621 2077 1992 2142 persecutione
2039 2078 2171 2149 lapsi

578 2160 753 2217 erant,
778 2154 1094 2221 offerantur,
1126 2159 1360 2228 inquam,
1386 2161 1680 2219 offerantur
1699 2165 2009 2236 paenitentia
2032 2180 2171 2236 acta,

578 2244 816 2298 nondum
846 2248 1210 2317 exomologesi
1268 2250 1431 2320 facta,
1487 2254 1725 2310 nondum
1780 2268 1938 2313 manu
1998 2262 2080 2317 eis
2107 2260 2174 2319 ab

578 2337 831 2406 cpiscorro
859 2347 913 2393 et
939 2340 1087 2395 clero
1118 2342 1398 2411 imposita:
1429 2360 1447 2397 t
1481 2348 1727 2416 offertur,
1763 2366 1781 2403 ›
1818 2350 1990 2422 inquit
2018 2370 2177 2411 sanc-

581 2442 665 2485 tus
690 2432 907 2499 Doctor,
948 2450 966 2483 ‹
1007 2449 1201 2489 nomen
1227 2450 1438 2494 eorum.
1468 2458 1485 2492 ι
1528 2440 1580 2495 In
1607 2440 1771 2498 altera
1817 2447 1883 2501 ad
1914 2446 2175 2504 Numidas

560 2524 869 2593 ‘EpisCttpos
896 2526 1018 2580 data
1045 2526 1229 2583 scribit
1249 2528 1330 2602 (2)
1354 2546 1397 2583 τι
1422 2532 1645 2589 Subdidi
1679 2536 1893 2593 nomina
1926 2540 2171 2612 singulo-

580 2631 721 2683 rum,
758 2614 813 2671 ut
842 2618 1035 2675 fratres
1061 2623 1267 2678 scilicet
1316 2636 1531 2682 nostros
1587 2642 1649 2684 ac
1689 2644 1930 2699 sorOres,
1960 2638 2051 2707 qui
2107 2636 2173 2691 ad

578 2707 832 2779 hocopus
850 2710 1284 2788 (redemptionis)
1304 2725 1406 2772 tam
1424 2722 1785 2779 necessarium
1804 2728 2007 2797 operati
2026 2741 2172 2799 sunt,

580 2800 633 2855 in
665 2812 847 2858 mente
879 2806 1119 2861 habeatis
1151 2810 1201 2863 in
1257 2811 1615 2881 orationibus,
1676 2818 1727 2873 in
1786 2816 2086 2891 sacrificiis,
2120 2832 2177 2880 et

579 2895 851 2984 precibus,
884 2898 1097 2953 subdidi
1116 2904 1331 2957 nomina
1349 2902 1704 2977 singulorum.
1741 2931 1759 2963 ι
1786 2911 1841 2965 in
1867 2930 1987 2984 quae
2012 2916 2173 2972 verba

578 2982 921 3043 doctissimus
944 2988 1208 3059 Rigaltins
1229 2992 1344 3048 hrcc
1361 3008 1584 3053 annotat
1605 3017 1648 3053 :t
1673 2994 1790 3058 Non
1820 2982 2040 3072 frustra,
2068 3023 2171 3063 non

578 3088 915 3144 supervacue
948 3100 961 3135 :
995 3096 1117 3135 nam
1151 3083 1203 3137 in
1230 3085 1509 3143 sacrificiis
1535 3092 1840 3149 orationum
1874 3095 2171 3154 offereban-

581 3175 666 3221 tur
690 3168 904 3223 nomina
927 3184 1112 3226 eorum
1145 3174 1231 3243 qui
1259 3175 1325 3231 ad
1348 3176 1451 3234 hoc
1481 3192 1616 3251 Optls
1646 3190 1751 3239 tam
1809 3190 2173 3246 neCessariunt

580 3269 824 3327 prompte
867 3275 929 3316 ac
970 3262 1199 3320 libenter
1226 3270 1431 3338 operati
1458 3283 1629 3328 erant.
1663 3294 1681 3327 ι
1704 3274 1749 3330 Α
1768 3278 2046 3351 privilegio
2075 3280 2176 3337 hoc

580 3352 807 3419 excludi,
834 3368 1005 3425 paenae
1027 3361 1359 3428 gravissima:
1389 3362 1509 3421 loco
1533 3367 1793 3438 habitum,
1827 3375 2175 3444 quemadmo-

579 3447 704 3501 dum
734 3457 948 3505 constat
975 3468 1039 3507 ex
1070 3454 1307 3525 Epistola
1338 3458 1403 3515 ad
1431 3458 1755 3519 Furnitanos
1785 3464 1883 3539 (5).

648 3557 841 3615 XXIV.
863 3562 1259 3624 Sacrosanctum
1280 3572 1589 3642 sacri/icium
1604 3578 1654 3631 in
1674 3579 1959 3635 carceribus
1988 3580 2172 3648 offere-

578 3649 750 3717 batur;
770 3668 1048 3727 parumque
1078 3676 1224 3731 aqua:
1253 3660 1680 3735 infundebaturin
1702 3672 1955 3725 calice.——
1983 3672 2174 3729 Sacro-

578 3755 821 3801 sanctum
869 3751 1190 3808 sacrificium
1243 3754 1295 3811 in
1337 3761 1646 3818 carceribus
1692 3775 1964 3835 peractum
2007 3767 2175 3824 fuisse

581 3843 705 3891 tunc
755 3842 1011 3910 temporis
1041 3843 1299 3902 discimus
1344 3866 1408 3904 ex
1449 3848 1685 3923 Epistula
1730 3856 1960 3927 quadam
1987 3855 2175 3930 S.Cy—

580 3932 773 4001 priani,
801 3933 851 3987 in
877 3950 976 4005 qua
1004 3937 1249 4017 adsuunt
1285 3944 1510 4010 clerum,
1543 3945 1749 4003 furente
1775 3950 2171 4019 persecutione,

580 4024 824 4082 scribens
871 4028 944 4085 ait
976 4030 1096 4104 (i):
1146 4053 1163 4086 ‹
1200 4034 1478 4093 Consulite
1526 4056 1655 4111 ergo
1697 4051 1752 4097 et
1796 4041 2072 4113 providete
2120 4054 2177 4098 ut

577 4124 877 4198 presbyteri
902 4141 1116 4197 quoque
1143 4126 1229 4197 qui
1261 4126 1371 4184 illic
1401 4130 1476 4201 (in
1509 4132 1842 4206 carceribus)
1870 4132 2011 4205 apud
2040 4148 2178 4189 con-

577 4219 811 4276 fcssorcs
840 4218 1069 4274 offerunt
1092 4262 1105 4285 ,
1145 4220 1338 4292 singuli
1378 4238 1499 4277 cum
1541 4222 1764 4296 singulis
1800 4223 2044 4281 diaconis
2081 4241 2176 4295 per

580 4315 724 4369 vices
771 4315 1078 4381 alternent;
1117 4334 1135 4365 ι
1182 4331 1247 4370 ne
1293 4315 1502 4372 scilicet
1552 4316 1709 4373 facile
1763 4318 2171 4390 dignoscantur.

580 4406 874 4461 Perdoctus
905 4404 1211 4461 Bernardus
1238 4405 1529 4463 Marecball
1561 4406 1639 4483 (5)
1672 4408 1940 4466 existimat
1972 4409 2074 4467 hoc
2120 4412 2173 4468 in

583 4499 640 4552 S.
674 4498 925 4567 Cypriani
955 4497 1073 4552 loco
1104 4498 1361 4553 adversus
1399 4501 1731 4556 recentiores
1775 4500 2057 4570 sectarios,
2085 4505 2174 4575 qui

581 4591 817 4661 privatas
849 4589 1038 4645 Missas
1064 4588 1358 4660 damnant,
1406 4590 1627 4663 privata:
1658 4592 1832 4649 Misso:
1867 4594 2174 4667 exemplum

579 4684 820 4753 reperire
850 4701 864 4750 ;
904 4684 997 4739 sed
1029 4683 1242 4739 videtur
1270 4684 1399 4739 mihi
1431 4686 1777 4741 doctissimus
1809 4685 1889 4741 vir
1918 4686 2057 4743 haud
2086 4704 2175 4742 sa-

581 4778 649 4828 tis
692 4785 932 4830 exactam
962 4774 1028 4829 de
1073 4773 1231 4831 Missa
1264 4777 1469 4847 privata
1500 4776 1671 4833 ideam
1702 4776 1801 4833 sibi
1834 4776 2172 4834 cfl'ormasse.

581 4867 740 4923 Missa
770 4868 910 4924 enim
955 4868 1156 4937 privata
1204 4868 1292 4925 illa
1325 4870 1604 4927 dumtaxat
1632 4868 1828 4927 dicitur
1850 4915 1865 4942 ,
1910 4872 2000 4927 ubi
2029 4870 2176 4931 solus

582 4960 835 5019 sacerdos
861 4958 1251 5018 Eucharistiam
1294 4965 1491 5035 sumit,
1524 4964 1706 5023 nullus
1730 4978 1795 5022 ex
1837 4964 2178 5023 adstantibus

653 5231 735 5304 (1)
764 5232 819 5289 S.
844 5229 1124 5304 Cyprian.,
1153 5228 1324 5302 Epist.
1355 5246 1432 5299 ix,
1467 5242 1505 5287 t.
1535 5244 1608 5295 tv,
1642 5246 1689 5289 c.
1717 5226 1828 5287 252
1858 5250 1909 5289 Α.

656 5305 736 5377 (ἓ)
766 5305 868 5377 Id.,
897 5307 1064 5377 Epist.
1094 5321 1184 5370 1.x,
1210 5313 1247 5359 t.
1280 5322 1353 5372 tv,
1385 5322 1433 5360 c.
1458 5305 1564 5360 562
1589 5306 1641 5362 5.

658 5370 736 5445 (5)
768 5374 893 5441 1‹1.,.
925 5370 1021 5446 Ερ.
1048 5392 1191 5442 wa,
1219 5380 1255 5430 t.
1283 5370 1428 5441 tv,c.
1471 5377 1594 5433 598.
1646 5373 1781 5432 Vide
1832 5382 1872 5431 t.
1914 5388 1988 5444 xi,
2036 5371 2174 5431 Hist.

582 5448 737 5500 theol.
768 5448 908 5507 crit.,
934 5463 985 5514 p.
1016 5448 1146 5503 ‘25:).

577 5538 586 5584 ς
656 5516 735 5588 (.i)
771 5516 1053 5588 Id.,Epist.
1080 5534 1151 5584 tv,
1178 5532 1227 5574 c.
1260 5516 1356 5588 255
1395 5535 1446 5583 Α,
1488 5526 1526 5572 t.
1561 5533 1629 5572 tv.

616 5580 733 5713 ἀζξι)
750 5580 1067 5713 elarelc'hall,
1109 5580 1484 5646 Concordantia
1507 5588 1612 5645 SS.
1658 5580 1803 5658 ΡΡ..
1838 5596 1874 5646 ι.
1907 5605 1963 5657 ιι,
1985 5608 2033 5661 p.
2056 5590 2079 5647 i
2100 5592 2178 5655 l7,

655 5677 667 5713 ι
700 5702 709 5713 .
794 5676 894 5713 ene
927 5704 937 5713 .

581 5661 709 5719 Cdit.
751 5661 937 5717 Venet.

1987 170 2376 241 paxEFA't'to.

3704 207 3873 251 XXVIII

2279 318 2406 361 vero
2429 310 2809 365 communicat.
2837 310 3031 368 Parant
3055 327 3207 385 aquae
3234 314 3363 372 vino
3389 317 3686 375 admixtum
3710 320 3873 376 fuisse

2276 400 2329 458 in
2361 398 2623 460 sacriﬁcio
2654 402 2777 461 alibi
2797 404 2908 477 jam
2938 409 3314 466 annotavimus
3340 410 3447 482 (i).

2525 543 2550 605 §
2584 542 2664 592 IV.
2701 566 2762 581 --
2784 542 3237 609 Disciplinﬁquoad
3261 551 3618 611 paenitentiam.

2348 646 2517 701 XXV.
2548 648 2800 718 Sequenti
2832 660 2998 717 tomo,
3022 648 3156 708 duce
3188 650 3499 710 doctissimo
3521 654 3758 726 Marano,
3780 672 3869 713 os-

2278 740 2557 795 tendemus
2575 757 2638 796 ex
2658 743 2715 796 S.
2732 741 2986 815 Cypriani
3006 746 3324 803 testimoniis
3339 748 3714 807 Paenitentiam
3734 753 3873 810 inter

2276 843 2611 888 sacramenta
2666 834 2889 890 relatam
2944 833 3142 908 fuisse),
3199 847 3252 895 et
3294 856 3451 912 quam
3505 845 3870 900 necessarium

2277 926 2417 983 idem
2451 934 2667 984 sanctus
2700 927 2895 984 Doctor
2933 931 3034 985 hoc
3064 944 3457 989 sacramentum
3492 932 3739 993 fidelibus
3779 932 3870 1007 ju-

2275 1020 2555 1085 dicaverit,
2584 1034 2852 1093 quamque
2875 1029 3059 1078 sancte
3081 1020 3444 1081 administrari
3478 1026 3728 1083 voluerit.
3762 1026 3870 1084 Ibi-

2276 1111 2398 1168 dem
2443 1114 2603 1168 etiam
2646 1111 2997 1170 diseussimus
3027 1115 3239 1186 primo,
3269 1130 3393 1172 num
3434 1117 3489 1172 In
3540 1116 3719 1173 Africa
3749 1127 3874 1176 ante

2276 1214 2521 1261 sanctum
2549 1205 2689 1263 hunc
2719 1208 3041 1280 Episcopum
3073 1210 3407 1282 gravissimis
3433 1210 3747 1269 criminibus
3782 1228 3874 1269 ne-

2275 1310 2397 1371 gata
2428 1299 2592 1357 fuerit
2620 1300 2927 1357 communio
2949 1310 3071 1375 post
3094 1303 3496 1375 paenitentiam;
3527 1303 3671 1374 dein,
3693 1315 3869 1361 utrum

2276 1405 2416 1447 nova
2449 1392 2547 1448 sub
2573 1391 2763 1449 eodem
2791 1392 2850 1449 S.
2884 1390 3115 1449 Doctore
3141 1394 3355 1451 inducta
3385 1392 3453 1451 sit
3474 1393 3776 1466 disciplina,
3810 1412 3871 1454 ac

2277 1485 2499 1555 pristina
2526 1486 2786 1541 severitas
2816 1486 2866 1540 in
2895 1484 3041 1541 solos
3064 1490 3337 1558 apostatas
3359 1496 3413 1544 et
3435 1486 3742 1545 desertores
3789 1500 3875 1545 re-

2278 1585 2453 1642 tenta;
2490 1581 2678 1642 tertio,
2734 1593 2859 1631 num
2910 1574 2965 1632 S.
2999 1576 3299 1649 Cyprianus
3338 1580 3505 1649 lapsis
3550 1580 3601 1634 in
3642 1578 3872 1637 decursu

2276 1669 2607 1738 ptenitentize
2635 1666 2988 1723 morientibus
3016 1682 3202 1737 pacem
3233 1671 3530 1740 negaverit,
3558 1670 3640 1727 his
3666 1682 3871 1727 tantum

2276 1761 2519 1829 exceptis
2548 1759 2636 1829 qui
2672 1760 2879 1815 libellos
2901 1773 2931 1813 a
2962 1759 3290 1831 martyribus
3331 1770 3678 1832 acceperant.
3722 1762 3870 1819 Tan-

2275 1851 2395 1906 dem
2430 1852 2891 1923 investigavlmus,
2929 1862 3106 1907 utrum
3139 1853 3426 1908 concilium
3449 1854 3870 1926 Carthaginensc

2273 1944 2646 2013 paenitentiam
2685 1945 2996 1999 sacrilieatis
3033 1958 3129 2015 per
3159 1950 3327 2000 totum
3357 1947 3481 2001 vitae
3527 1954 3737 2017 tempus
3767 1948 3869 2001 im-

2276 2040 2533 2105 posuerh.

2352 2126 2540 2186 XXVI.
2568 2132 2694 2196 Qum
2740 2141 2948 2200 peccata
2982 2134 3291 2202 pauitantia:
3327 2134 3589 2191 canonica:
3622 2132 3864 2205 subjecta.

2279 2207 2428 2277 Nunt
2475 2225 2628 2278 etiam
2671 2226 2942 2279 secretiora
2979 2233 3206 2296 peccata.
3238 2252 3309 2266 -—-
3340 2225 3539 2283 Verum
3580 2236 3867 2297 supersunt

2277 2317 2455 2373 adhuc
2500 2318 2620 2372 alia:
2664 2319 2803 2373 circa
2837 2320 3170 2388 poenitentiae
3200 2319 3537 2390 disciplinam
3569 2318 3871 2375 enodandas

2275 2411 2626 2480 quaxstiones.
2681 2410 2855 2481 Atque
2899 2408 3170 2481 inprimis
3212 2412 3585 2477 inquirendum
3624 2424 3870 2483 quasnam

2280 2511 2495 2573 peccata
2530 2504 2863 2573 ptenitentitc
2912 2506 3188 2560 canonica;
3216 2505 3457 2575 subjecta
3489 2506 3689 2562 fuerint
3730 2513 3871 2561 tem-

2276 2608 2413 2667 pore
2458 2596 2514 2651 S.
2564 2595 2859 2668 Cypriani?
2910 2596 3163 2655 Testatur
3198 2600 3254 2655 S.
3304 2597 3609 2670 Cyprianus
3656 2598 3766 2655 suis
3818 2596 3869 2652 in

2278 2688 2534 2758 Epistolis
2561 2688 2666 2763 (2),
2720 2699 2912 2761 printer
2954 2691 3310 2748 idololatriam
3354 2703 3408 2750 et
3458 2694 3783 2764 apostasiam
3840 2709 3869 2749 a

2276 2781 2417 2848 fide,
2466 2782 2570 2837 alia
2617 2792 2740 2838 esse
2787 2784 3011 2838 crimina
3055 2796 3159 2839 non
3208 2783 3345 2841 adeo
3379 2786 3717 2858 gravissima,
3750 2801 3871 2859 qua:

2276 2874 2549 2930 εωιοηίεςυ
2582 2874 2911 2944 poenitentia:
2940 2875 3326 2932 Snbdcbantur.
3359 2878 3449 2933 Sic
3497 2878 3873 2949 imponebatur

2276 2967 2535 3022 canonica
2561 2966 2871 3035 poenitentia
2894 2967 3160 3023 hmreticis
3182 2979 3236 3024 et
3257 2970 3633 3035 schismaticis,
3658 2971 3872 3041 quando

2277 3058 2344 3114 ad
2375 3060 2670 3115 Ecelestam
2719 3062 3150 3116 revertebantur.
3198 3063 3451 3117 Eamdem
3498 3065 3871 3135 pmnltentiam

2277 3151 2459 3207 subire
2504 3151 2773 3207 debebant
2819 3162 3128 3222 peccatores
3174 3155 3283 3209 divi
3313 3156 3565 3227 Cypriani
3597 3165 3756 3213 astate
3802 3158 3873 3215 ob

2278 3248 2565 3302 secretiora
2596 3260 2807 3317 quoque
2834 3247 3059 3302 erimina
3078 3289 3092 3315 ,
3122 3262 3419 3320 eorumque
3457 3252 3729 3308 confessio
3774 3265 3874 3322 pu-

2277 3338 2414 3393 blica
2444 3346 2579 3405 erat,
2610 3340 2770 3393 modo
2796 3353 2961 3410 grave
2989 3341 3204 3411 aliquod
3253 3343 3601 3399 infortunium
3633 3358 3729 3415 pro
3761 3356 3874 3414 pte-

2277 3431 2559 3486 nitentium
2593 3432 2700 3486 vita
2745 3446 2852 3486 non
2882 3432 3070 3487 fuisset
3097 3446 3163 3488 ex
3210 3448 3272 3488 ea
3303 3441 3645 3502 secuturum;
3679 3436 3779 3492 hac
3804 3435 3873 3492 de

2276 3536 2336 3581 re
2365 3524 2635 3581 uberrime
2664 3524 2883 3581 disserit
2908 3525 2966 3581 S.
2997 3526 3295 3596 Cyprianus
3328 3528 3381 3582 in
3414 3534 3640 3583 tractatu
3670 3528 3741 3583 de
3767 3529 3871 3582 La-

2278 3618 2411 3688 psis,
2443 3618 2493 3671 in
2521 3632 2629 3687 quo
2659 3626 2841 3672 narrat
2888 3617 3194 3687 prodigiose
3241 3618 3495 3674 mulctata
3528 3618 3693 3675 fuisse
3719 3634 3873 3690 qua:-

2277 3710 2401 3766 dam
2434 3711 2657 3765 crimina
2690 3709 2929 3776 occulta,
2959 3724 3077 3779 qum
3106 3709 3335 3764 confessi
3369 3725 3476 3765 non
3506 3710 3719 3765 fuerant
3748 3725 3874 3781 pee-

2276 3814 2507 3871 catores,
2518 3820 2615 3859 nec
2628 3803 2943 3859 canonicam
2962 3801 3330 3873 ptenitentiam
3345 3817 3442 3872 pro
3456 3803 3519 3857 iis
3534 3813 3756 3874 egerant
3769 3802 3870 3873 (5).

2277 3888 2683 3951 Confitebantur
2729 3894 2926 3964 pariter
2974 3893 3157 3949 fideles
3208 3904 3427 3965 peccata
3468 3894 3633 3951 solius
3673 3897 3875 3966 Cogita-

2278 3989 2463 4051 tionis,
2495 3998 2550 4044 et
2575 3987 2953 4058 paenitentiam
2979 4002 3075 4056 pro
3096 3988 3202 4042 illis
3228 3987 3479 4058 agebant.

2349 4078 2563 4134 XXVII.
2597 4079 2737 4132 Ordo
2768 4078 3076 4147 paenitentia:
3109 4080 3384 4133 cauonicw.
3409 4104 3481 4120 ιι·-
3506 4077 3652 4134 Ordo
3690 4087 3873 4134 autem

2279 4173 2371 4244 qui
2397 4173 2449 4228 in
2475 4173 2731 4228 canonica
2767 4172 3078 4241 ptenitentia
3111 4174 3162 4225 in
3194 4184 3394 4241 genere
3424 4171 3758 4235 servabatur,
3786 4171 3875 4227 hic

2279 4275 2414 4322 erat.
2444 4263 2723 4331 Quoddam
2756 4264 3015 4333 temporis
3042 4267 3272 4333 spatium
3305 4279 3401 4333 pro
3430 4263 3529 4320 hac
3559 4264 3876 4334 pteniteutia

2278 4358 2626 4414 constitutum
2655 4366 2797 4422 erat,
2825 4370 2986 4426 quam
3017 4357 3414 4411 comitabantur
3443 4357 3876 4426 exomologeses,

2282 4466 2376 4506 seu
2408 4448 2799 4514 confessiones,
2834 4459 2888 4503 et
2933 4450 3182 4504 examina
3208 4492 3222 4516 ,
3256 4458 3310 4505 et
3354 4462 3449 4521 per
3476 4450 3875 4522 impositionem

2282 4559 2536 4600 manuum
2584 4542 2822 4614 episc0pi
2851 4552 2904 4599 et
2932 4541 3065 4598 cIeri
3099 4542 3259 4598 finem
3300 4540 3530 4599 habebat
3563 4540 3665 4614 (4).
3695 4540 3878 4601 Primo

2281 4640 2401 4693 loco
2431 4636 2701 4707 paenitens
2728 4637 3083 4691 confitebatur
3108 4635 3325 4706 propria
3351 4636 3596 4699 crimina,
3631 4644 3689 4690 ut
3716 4633 3784 4689 ab
3808 4649 3878 4689 eo

2280 4727 2657 4801 paenitentiam
2684 4728 2964 4799 reciperet
3009 4729 3098 4798 qui
3149 4727 3294 4780 illam
3336 4727 3740 4782 confessionem
3783 4739 3879 4780 au-

2282 4820 2465 4878 diebat
2507 4815 2699 4890 :cujus
2744 4818 2960 4891 quidem
3006 4818 3361 4874 confessionis
3391 4816 3611 4874 indubia
3654 4817 3877 4888 veStigia

2281 4912 2762 4984 deprehenduntur
2791 4912 2845 4967 in
2875 4918 3101 4966 tractatu
3141 4908 3211 4965 de
3254 4908 3465 4980 Lapsis,
3496 4910 3547 4964 in
3575 4925 3642 4965 eo
3667 4908 3879 4964 scilicet

2281 5005 2403 5062 loco
2430 5002 2511 5076 (5)
2540 5003 2595 5058 in
2622 5016 2730 5073 quo
2759 5000 2921 5057 tradit
2950 5009 3165 5056 sanctus
3199 5001 3398 5056 Doctor
3438 5000 3790 5057 consuavisse
3814 5000 3878 5055 fi-

2355 5227 2616 5304 (t)_Vide,
2654 5239 2783 5286 tom.
2814 5227 3117 5304 stAHistor.
3151 5227 3397 5304 Theolog.
3429 5229 3556 5289 Crit.
3590 5231 3697 5288 SS.
3731 5230 3875 5300 PP.,

2282 5317 2334 5374 p.
2363 5300 2633 5374 481_sqq.;
2661 5309 2716 5356 et
2744 5316 2793 5374 ρ.
2820 5300 2946 5368 589,
2978 5310 3105 5357 note
3131 5316 3178 5357 Ζ.

2355 5371 2714 5499 ($2.5)7Cyprian.
2746 5370 2917 5443 Epist.
2950 5388 3025 5439 rx,
3069 5383 3107 5427 t.
3158 5387 3237 5442 tv,
3287 5389 3337 5430 c.
3380 5372 3480 5430 25f
3513 5388 3562 5429 ις.
3592 5370 3761 5444 Epist.
3799 5386 3870 5439 xi,

2479 5488 2491 5499 .
2523 5458 2573 5499 Β.

2283 5460 2331 5502 c.
2365 5446 2491 5501 257.
2523 5458 2573 5499 Β.

2379 5517 2436 5586 5)
2466 5510 2568 5587 Id.,
2594 5580 2607 5587 _
2628 5521 2836 5571 tractat.
2869 5514 2931 5570 de
2956 5513 3156 5587 Lapsis,
3189 5530 3268 5572 cc.
3300 5515 3405 5571 484
3433 5526 3549 5584 sqq.

2382 5580 2432 5652 .i)
2462 5584 2562 5659 ζόη
2590 5580 2689 5659 Ep.
2718 5602 2800 5655 rx,
2832 5592 2972 5659 Liv.
3003 5580 3049 5642 c'.
3076 5580 3175 5643 28'!
3224 5600 3274 5651 ιι,
3303 5592 3356 5640 et
3380 5580 3531 5659 xt_,:e_:
3557 5583 3665 5641 257
3692 5598 3743 5641 tt.

2384 5659 2437 5729 Β)
2468 5654 2569 5728 Id.,
2602 5654 2818 5716 tractat.
2847 5658 2909 5713 de
2932 5656 3134 5729 Lapsis,
3166 5664 3201 5712 t.
3233 5670 3310 5725 tv,
3340 5671 3387 5711 c.
3418 5654 3542 5712 488.
