4242 6270
325 286 460 329 XXIX

322 396 477 450 tleies
525 397 769 453 confiteri
819 401 904 456 vel
953 400 1253 474 simplicem
1298 409 1675 479 cogitationem
1725 414 1918 470 immo-

321 490 469 544 Iandi
503 491 679 559 idolis,
713 502 765 548 et
796 509 897 566 pro
941 496 1039 552 hac
1068 502 1434 569 pmnitentiam
1464 506 1638 576 egisse
1670 525 1681 559 :
1729 509 1921 579 quibus

326 584 510 639 verbis
527 587 871 656 perspicuum
904 590 962 643 fit
996 591 1193 648 ibidem
1230 610 1535 654 sermonem
1558 616 1679 657 esse
1704 601 1772 658 de
1794 616 1924 658 con-

322 672 583 744 fessione,
614 693 735 748 quae
766 684 1106 750 praecedebat
1132 687 1529 745 Paenitentiam.
1561 693 1670 749 Hae
1713 697 1924 752 confes-

224 768 233 775 ’
320 774 479 828 sione
526 785 759 844 peracta,
812 781 1089 847 satagebat
1138 786 1404 853 paenitens
1453 786 1563 845 Deo
1609 791 1919 848 satisfacere

319 878 419 930 per
463 864 731 921 laboriosa
762 883 960 938 opera;
992 883 1047 927 et
1076 873 1179 930 hoc
1224 879 1575 949 peragebatur
1622 898 1716 952 per
1748 892 1915 939 totum

317 957 449 1013 illud
480 969 713 1030 tempus,
745 962 890 1031 quod
918 964 988 1019 ab
1010 966 1265 1039 episcopo
1293 972 1665 1043 przescriptum
1697 974 1906 1044 fuerat;

316 1054 481 1109 modo
509 1055 655 1111 nulla
677 1060 1082 1126 supervenisset
1103 1065 1422 1132 gravissima
1449 1080 1631 1134 causa,
1656 1069 1726 1125 ob
1753 1086 1911 1141 quam

314 1147 495 1218 aliqua
529 1150 855 1220 poenitentiae
885 1167 1008 1220 pars
1046 1155 1428 1214 remitteretur.
1462 1158 1785 1217 Ptenitentia
1817 1178 1913 1218 seu

313 1240 687 1296 satisfactione
712 1243 1002 1313 completa,
1046 1245 1301 1318 episcopo
1350 1263 1409 1306 se
1440 1254 1632 1307 iterum
1661 1253 1907 1320 sistebat,

313 1332 400 1387 cui
428 1335 700 1405 proprium
727 1336 933 1393 crimen
963 1340 1126 1395 etiam
1152 1343 1508 1401 confitebatur
1537 1354 1660 1402 ante
1682 1347 1907 1404 elerum.

311 1424 463 1481 Illius
489 1427 870 1497 dispositiones
908 1429 973 1486 ad
994 1447 1221 1490 examen
1250 1436 1448 1491 deinde
1478 1440 1868 1495 revocabantur
1893 1457 1905 1493 :

309 1534 437 1588 qua!
466 1520 507 1574 si
538 1521 655 1591 ejus
686 1531 890 1578 natura:
933 1523 1270 1594 videbantur,
1304 1544 1423 1600 qua:
1453 1532 1907 1589 reconciliationis

308 1616 537 1687 gratiam
593 1627 950 1682 mererentur,
1002 1628 1127 1675 tunc
1175 1621 1458 1693 episcopus
1510 1640 1700 1679 manus
1744 1640 1905 1696 super

309 1722 438 1763 eum
470 1724 575 1763 una
602 1723 722 1764 cum
752 1719 863 1765 toto
887 1712 1033 1766 clero
1059 1713 1385 1784 imponebat,
1420 1716 1575 1786 eique
1604 1718 1897 1772 absolutio-

310 1819 440 1860 nem
468 1805 896 1875 impertiebatur;
921 1821 1023 1876 qua
1050 1807 1295 1879 elargita,
1320 1824 1596 1867 sacrorum
1617 1814 1902 1884 mysterio-

308 1914 428 1953 rum
462 1899 725 1969 particeps
769 1910 901 1956 erat.
952 1900 1501 1959 Animadvertendum
1553 1905 1771 1976 insuper
1820 1917 1899 1962 eSt

306 1994 486 2065 quoad
519 1995 918 2063 impositionem
954 2011 1208 2051 manuum
1239 1997 1502 2068 episcOpi,
1536 1998 1673 2053 bane
1720 2000 1894 2055 locum

304 2089 562 2145 habuisse
594 2100 702 2144 tum
740 2089 891 2144 initio
922 2092 1269 2161 poenitentiae,
1304 2099 1414 2146 tum
1447 2093 1757 2161 poenitentia
1786 2094 1896 2163 jam

302 2182 584 2249 absoluta;
619 2184 768 2239 initio
794 2183 1028 2253 quidem,
1063 2193 1119 2238 ut
1159 2193 1469 2254 peccatores
1514 2187 1896 2256 paenitentibus

301 2286 750 2343 accenscrentur;
796 2285 917 2345 post
962 2286 1229 2347 peractam
1261 2292 1385 2331 vero
1412 2280 1806 2348 paenitentiam,
1838 2288 1894 2336 ut

300 2370 630 2425 donarentur
676 2371 1129 2425 reconciliatione.
1166 2373 1296 2426 Dum
1321 2372 1594 2427 canonicm
1622 2374 1889 2444 ptenitcn-

302 2466 394 2519 tia:
425 2465 649 2519 stadium
686 2474 1063 2535 percurrerent
1107 2462 1317 2531 ﬁdeles,
1351 2479 1541 2521 manus
1582 2469 1780 2537 pariter
1827 2471 1889 2522 iis

299 2558 710 2627 imponebantur
743 2576 752 2608 :
788 2557 879 2611 sed
908 2556 1023 2611 haec
1058 2557 1325 2626 impositio
1354 2569 1463 2613 erat
1493 2560 1736 2629 qumdam
1768 2574 1889 2630 spe-

296 2649 410 2703 cies
439 2651 880 2703 exorcismorum.
912 2647 1076 2701 Divus
1102 2647 1402 2719 Cyprianus
1435 2648 1595 2706 hasne
1642 2661 1747 2706 tres
1779 2668 1890 2706 ma-

297 2756 465 2795 nuum
510 2742 878 2810 impositiones
912 2752 1208 2805 memorat;
1243 2742 1433 2797 saltem
1462 2744 1682 2813 primam
1713 2759 1775 2799 ac
1800 2759 1887 2800 se-

295 2840 556 2902 cundam;
610 2836 862 2907 quoniam
919 2836 1204 2907 aliquando
1254 2838 1370 2893 haec
1431 2836 1637 2909 profert
1685 2842 1882 2907 verba,

302 2949 323 2982 ι
353 2944 541 2985 manus
569 2931 865 3001 imponere,
899 2947 917 2981 ι
951 2939 1005 2983 ut
1032 2929 1239 2985 initium
1264 2930 1592 3000 pmnitentia!
1615 2932 1878 3003 designet,

290 3023 613 3094 quandoque
641 3036 771 3077 vero
798 3032 857 3075 ut
882 3021 1124 3091 indigitet
1154 3022 1570 3078 absolutionem.

366 3115 603 3173 XXVIII.
638 3115 949 3171 Pwnitentia
984 3116 1259 3186 imposita,
1305 3128 1508 3172 servata
1558 3134 1672 3172 cum
1715 3119 1878 3173 delic-

293 3212 358 3265 tis
385 3212 817 3282 proportione.-——
843 3208 1169 3265 Poenitentia
1197 3224 1294 3265 seu
1320 3210 1878 3281 satisfactioimpone-

288 3306 448 3362 batur
485 3306 667 3361 habita
714 3305 1063 3376 proportione
1091 3317 1211 3358 cum
1242 3302 1465 3373 patratis
1518 3316 1572 3359 et
1613 3306 1879 3361 confessis

286 3400 621 3457 criminibus.
653 3400 822 3471 Major
860 3408 977 3455 erat
1006 3414 1103 3469 pro
1134 3399 1199 3453 iis
1246 3397 1481 3468 peccatis
1512 3413 1629 3468 qu:e
1670 3398 1877 3454 directo

285 3495 341 3551 in
373 3496 534 3551 Deum
582 3494 871 3550 commissa
910 3494 1156 3561 fuerant;
1211 3498 1387 3549 minor
1442 3508 1571 3549 vero
1623 3511 1720 3563 pro
1767 3495 1876 3550 illis

285 3604 425 3659 quae,
461 3590 512 3642 in
546 3590 847 3657 proximum
895 3588 1217 3651 eonnnissa,
1264 3588 1430 3642 Deum
1488 3585 1747 3642 iudirccte
1781 3603 1872 3642 so-

281 3678 556 3734 lummodo
585 3678 970 3749 respiciebant.
1015 3677 1146 3733 Hinc
1190 3677 1487 3733 idololatr:e
1540 3679 1870 3733 severiorem

279 3776 652 3844 paenitentiam
707 3790 964 3847 peragere
1019 3775 1289 3832 debebant
1354 3790 1514 3847 quam
1572 3776 1802 3831 adulteri
1856 3794 1867 3829 :

282 3868 456 3923 immo
485 3869 656 3935 aliqua
706 3880 819 3924 erat
864 3869 1144 3925 diStinCtio
1187 3870 1328 3925 inter
1371 3879 1590 3942 peccata
1623 3868 1867 3939 ejusdem

277 3970 510 4016 naturae.
543 3961 653 4029 Ille,
685 3963 914 4034 exempli
936 3979 1120 4030 causa,
1152 3965 1242 4035 qui
1273 3977 1395 4019 sese
1423 3964 1568 4019 ultro
1596 3964 1870 4019 obtulerat

279 4052 659 4109 immolaturus
687 4055 860 4122 idolis,
908 4056 1098 4127 majori
1132 4072 1195 4110 ac
1240 4056 1481 4127 rigidiori
1533 4053 1869 4127 pitrctcbatur

276 4146 587 4216 paenitentia
643 4164 751 4218 prae
799 4151 921 4215 illo,
973 4150 1063 4221 qui
1122 4149 1333 4205 "Ollnisi
1382 4159 1499 4220 post
1552 4149 1862 4206 diuturnam

272 4256 499 4314 pugnam
549 4246 941 4301 immolaverat.
992 4246 1160 4317 Major
1197 4257 1311 4304 erat
1366 4246 1763 4304 animadversio
1810 4248 1861 4355 in

272 4341 509 4406 eumqui
530 4338 849 4394 idololatrim
881 4339 1108 4396 crimine
1130 4358 1189 4397 se
1221 4343 1585 4398 maculaverat
1608 4357 1727 4398 cum
1748 4341 1862 4398 suis

269 4436 553 4500 omnibus;
581 4435 759 4491 minor
805 4444 983 4491 autem
1016 4439 1069 4493 in
1102 4456 1224 4496 eum
1256 4442 1343 4511 qui
1404 4440 1646 4512 periculo
1683 4457 1861 4499 seme-

269 4524 464 4595 tipsum
495 4540 839 4599 exposuerat,
875 4540 929 4585 ttt
956 4542 1186 4587 C(DiCI‘OS
1216 4532 1469 4590 liberaret
1498 4534 1603 4605 (l).
1634 4535 1738 4592 Alii
1774 4555 1860 4595 re-

264 4619 661 4676 conciliationis
702 4625 927 4693 gratiam
981 4625 1296 4680 obtinebant
1328 4635 1449 4697 post
1480 4625 1857 4684 brevissimum

262 4712 599 4782 poenitentiae
643 4726 876 4787 tempus,
921 4727 1042 4789 puta
1088 4728 1208 4790 post
1238 4730 1468 4793 quatuor
1512 4723 1593 4778 vel
1622 4723 1859 4794 quinque

260 4818 474 4870 annos;
524 4807 610 4861 alii
657 4825 784 4864 vero
816 4828 923 4866 non
954 4812 1297 4869 donabantur
1327 4810 1701 4883 absolutione,
1754 4814 1855 4870 nisi

259 4893 314 4949 in
375 4898 568 4952 mortis
620 4903 884 4973 articulo,
954 4906 997 4958 si
1029 4907 1264 4976 excipias
1315 4921 1497 4963 casum
1550 4906 1856 4979 gravissimi

259 4990 437 5045 morbi
466 4995 547 5048 vel
587 4999 978 5063 persecutionis
1016 5013 1211 5056 recens
1229 5010 1434 5057 exortae
1455 5047 1468 5069 ,
1499 5004 1853 5074 quemadmo-

257 5080 387 5137 dum
411 5085 531 5140 alibi
552 5086 629 5159 (2)
656 5090 909 5147 diximus.
941 5093 1020 5148 Ad
1044 5110 1137 5149 eos
1167 5112 1301 5167 quos
1323 5098 1535 5161 attinet,
1561 5098 1652 5168 qui
1679 5097 1854 5169 reipsa

256 5189 364 5231 non
408 5181 885 5253 saerilicaverant,
940 5189 1138 5259 quique
1187 5189 1457 5246 Iibellatici
1504 5195 1852 5263 appellaban-

257 5278 366 5335 tur,
399 5274 516 5342 quia
567 5277 801 5333 ethnieis
851 5281 1255 5351 magistratibus
1284 5282 1551 5340 dederant
1600 5289 1848 5356 libellos,

252 5359 447 5428 quibus
476 5363 784 5422 fatebantur
812 5385 870 5425 se
912 5372 1068 5429 idolis
1097 5372 1445 5445 immolasse,
1476 5376 1576 5435 etsi
1604 5380 1672 5436 de
1713 5381 1851 5439 facto

252 5465 360 5507 non
390 5454 788 5529 immolassent,
825 5473 879 5517 ut
909 5465 1105 5533 publici
1135 5468 1383 5525 sacrificii
1415 5469 1688 5527 infamiam
1720 5476 1850 5528 vita-

325 5638 405 5707 (I)
432 5640 713 5711 Cypriam,
764 5645 863 5715 Ep.
909 5648 977 5700 ad
1020 5648 1297 5704 Antonian.
1330 5667 1419 5719 LII,
1453 5661 1489 5707 t.
1525 5668 1601 5719 Ill,
1637 5668 1687 5708 c.
1723 5655 1846 5723 779,

247 5723 401 5854 ξ’(ξέ)
436 5781 632 5838 Hister.
684 5788 904 5859 tlteolog.
938 5791 1128 5862 critic.,
1158 5800 1286 5851 tom.
1319 5808 1395 5864 ιι,
1428 5809 1551 5868 pag.
1572 5796 1699 5853 450.

1749 283 2133 352 PREFATIO.

3518 352 3626 395 XXX

2039 427 2178 486 rent,
2203 420 2391 478 borum
2411 427 2720 495 poenitentia
2752 430 2929 490 minor
2954 444 3070 493 erat
3092 438 3194 512 (l).
3223 441 3286 499 Et
3315 442 3369 501 S.
3396 448 3623 522 Cypria-

2036 523 2137 565 nus
2160 527 2269 567 ttno
2296 516 2483 587 elapso
2524 535 2667 578 anno
2698 528 3190 588 reconciliationem
3224 535 3327 592 illis
3364 545 3625 599 concede-

2032 600 2124 656 bat
2174 607 2263 675 qui
2313 608 2624 669 immediate
2680 627 2800 686 post
2850 618 3060 691 lapsum
3092 626 3461 695 paenitentiam
3507 648 3625 691 am-

2029 696 2173 765 plexi
2199 697 2407 756 fuerant
2440 705 2538 776 (2).

2100 786 2295 845 XXIX.
2341 792 2587 867 Episcopi
2636 800 2828 867 aliique
2877 806 3096 863 ministri
3148 813 3407 870 canonicw
3458 822 3621 887 pomi-

2025 880 2199 935 tcntia:
2227 883 2458 954 subjecti.
2493 888 2775 962 Episcopis
2812 897 3131 971 ueterisque
3159 902 3414 962 Ecclesiae
3456 910 3617 966 mini-

2023 974 2170 1038 stris,
2205 977 2319 1032 sive
2348 980 2507 1035 idolis
2536 984 2929 1057 immolassent,
2962 994 3074 1049 sive
3113 997 3383 1055 Iibellatici
3415 1016 3619 1070 essent,

2023 1068 2280 1122 canonica
2306 1086 2458 1141 asque
2484 1089 2545 1129 ac
2572 1077 2692 1131 aliis
2733 1079 3107 1151 imponebatur
3136 1090 3450 1159 ptenitentia
3483 1112 3498 1151 :
3527 1114 3620 1155 ve-

2020 1168 2138 1210 rum
2170 1172 2197 1212 a
2245 1164 2580 1235 sacerdotio,
2636 1170 2991 1245 omnibusque
3023 1180 3403 1243 ecclesiasticis
3432 1203 3619 1247 mune-

2020 1248 2171 1303 ribus
2198 1253 2646 1329 excludebantur,
2681 1278 2777 1319 nec
2809 1269 3150 1326 reconciliari
3182 1286 3459 1345 poterant,
3514 1285 3617 1340 nisi

2018 1350 2144 1409 post
2176 1344 2385 1411 plenam
2420 1349 2834 1427 absolutamque
2867 1359 3261 1429 ptenitentiam.
3321 1344 3473 1427 Patet
3514 1374 3616 1433 hoc

2014 1444 2079 1485 ex
2108 1432 2347 1503 Epistula
2375 1439 2429 1493 Β.
2449 1439 2701 1513 Cypriani
2720 1446 2786 1521 ad
2811 1446 3025 1520 Fidum,
3054 1454 3108 1509 in
3133 1473 3234 1527 qua
3265 1465 3614 1535 conqueritur

2014 1524 2082 1579 de
2115 1541 2457 1600 praepropera
2510 1537 2853 1598 festinatione
2896 1545 2948 1600 in
2990 1550 3333 1609 concedenda
3370 1563 3615 1617 reconci-

2012 1616 2231 1676 liatione
2256 1622 2480 1690 Victori,
2514 1631 2785 1699 quondam
2818 1639 3158 1711 presbytero,
3187 1653 3245 1701 et
3270 1649 3483 1718 quidem
3509 1669 3607 1709 an-

2014 1719 2228 1781 tequam
2278 1717 2493 1785 plenam
2546 1725 2747 1794 egisset
2798 1731 3205 1805 pcenitentiam,
3255 1717 3309 1795 et
3334 1741 3488 1811 jnulla
3520 1762 3609 1801 ur-

2006 1815 2167 1874 gente
2220 1814 2578 1869 necessitate:
2627 1836 2645 1868 t
2683 1816 2937 1891 Legimus
2977 1826 3188 1886 litteras
3234 1841 3386 1903 tuas,
3443 1835 3609 1896 frater

2006 1896 2348 1969 charissitne,
2368 1922 2384 1954 ι
2409 1906 2580 1977 inquit
2610 1923 2830 1969 sanctus
2862 1916 3415 1995 Doctor(5),tquibus
3437 1928 3605 2001 signi-

2006 1992 2175 2049 ficasti
2208 1997 2274 2051 tle
2306 1998 2524 2057 Victore
2551 2006 2784 2074 quodam
2820 1992 3167 2086 presbytero,
3214 2030 3265 2074 et
3318 2030 3604 2095 antequam

2005 2087 2378 2154 paenitentiam
2434 2094 2644 2162 plenam
2695 2099 3009 2170 egisset.....
3053 2116 3256 2167 temere
3304 2110 3604 2187 Therapius

2003 2179 2206 2250 collega
2240 2193 2488 2240 noster...
2525 2188 2594 2243 Et
2621 2207 2963 2266 praepmpera
3017 2199 3365 2262 festinatione
3409 2179 3601 2281 pacem

2000 2269 2278 2329 dederit...
2341 2280 2485 2335 nulla
2536 2285 2853 2343 infirmitate
2902 2305 3128 2364 urgente
3168 2311 3230 2353 ac
3279 2304 3601 2361 necessitate

1999 2374 2245 2434 cogente.
2288 2386 2307 2421 ι
2341 2370 2655 2433 Videbimus
2686 2378 2739 2433 in
2768 2386 3119 2451 sequentibus
3144 2393 3380 2461 satculis,
3411 2395 3600 2453 Eccle-

1998 2454 2092 2509 sia:
2121 2460 2385 2517 ministris
2410 2466 2679 2532 publicam
2710 2475 3079 2541 ptenitentiam
3109 2496 3213 2536 non
3243 2487 3473 2555 amplius
3501 2488 3597 2544 int-

1997 2551 2225 2618 positam
2268 2555 2451 2624 fuisse,
2510 2562 2605 2615 sed
2662 2570 3041 2625 tantummodo
3082 2551 3392 2645 depositos,
3444 2589 3499 2635 et
3529 2582 3595 2636 ad

1996 2638 2256 2698 laicurutn
2311 2654 2750 2711 communionem
2820 2659 3069 2718 reduetus
3138 2664 3324 2723 fuisse.
3400 2668 3593 2728 Verum

1994 2732 2101 2788 divi
2133 2737 2390 2807 Cypriani
2419 2752 2614 2810 actate,
2670 2763 2831 2805 nemo
2884 2753 3022 2809 banc
3071 2755 3443 2826 ptenltentiam
3501 2782 3597 2834 po-

1996 2835 2133 2881 terat
2179 2832 2444 2902 evatlet-e,
2498 2852 2600 2893 nec
2650 2840 2749 2913 ipsi
2798 2844 3058 2918 episcopi,
3110 2850 3183 2905 uti
3218 2852 3395 2911 videre
3430 2867 3512 2913 est
3538 2861 3591 2915 itt

1994 2920 2234 2992 Epistula
2265 2927 2368 2982 alia
2411 2931 2652 3000 ejusdem
2696 2940 2868 2993 sancti
2919 2939 3167 3000 Doctoris
3194 2946 3261 3001 ad
3307 2948 3508 3007 clerum
3538 2962 3591 3009 et

1993 3015 2181 3084 plebes
2216 3018 2268 3074 in
2303 3021 2557 3092 liispania
2591 3029 2954 3088 consistentes
2992 3049 3005 3089 :
3039 3034 3111 3091 ibi
3166 3037 3431 3109 siquidem
3465 3056 3591 3099 nar-

1989 3117 2073 3161 rat
2116 3111 2259 3179 quod
2297 3116 2515 3183 quidam
2542 3118 2807 3177 Basilides
2850 3127 3175 3198 episcopus,
3222 3146 3345 3187 cum
3372 3134 3587 3191 confes-

1988 3214 2079 3254 sus
2107 3202 2297 3259 fuisset
2332 3218 2392 3261 se
2427 3208 2838 3281 blasphemasse
2882 3217 2935 3272 in
2970 3217 3159 3285 Deum,
3209 3225 3583 3297 episcopatum

1986 3303 2179 3361 sponte
2224 3297 2498 3368 deposuit,
2548 3314 2603 3358 et
2643 3306 2709 3359 ad
2739 3309 3001 3378 agendam
3045 3315 3421 3383 paenitentiam
3453 3335 3584 3378 con-

1985 3396 2173 3441 versus
2194 3397 2307 3457 est,
2340 3392 2469 3447 satis
2491 3397 2767 3463 gratulans
2792 3396 2837 3453 sl
2869 3400 2971 3457 sibi
3003 3404 3087 3459 vel
3111 3403 3251 3463 laico
3273 3415 3582 3469 communi-

1982 3489 2109 3531 care
2138 3481 2479 3551 contingeret
2509 3485 2614 3557 (4).

2054 3566 2222 3623 XXX.
2249 3568 2435 3628 Libelli
2476 3588 2761 3650 martyrum
2809 3584 2946 3639 circa
2981 3591 3442 3650 reconciliationem
3473 3615 3579 3667 pa:-

1983 3662 2485 3735 nitentium-«Qui
2515 3670 2678 3728 idolis
2706 3675 3157 3752 immolaverant,
3205 3685 3315 3741 doli
3363 3690 3577 3759 plenam

1979 3754 2421 3823 excogitaverunt
2460 3771 2634 3817 artem
2656 3802 2671 3830 ,
2715 3782 2819 3837 qua
2843 3768 3107 3827 infirmari
3135 3754 3449 3835 notabiliter
3483 3796 3579 3851 po-

1978 3855 2118 3903 terat
2160 3853 2527 3912 ecelesiastica
2572 3859 2860 3932 disciplina
2901 3864 2972 3920 de
3018 3870 3357 3937 paenitentia.
3382 3874 3577 3931 Extor-

1975 3942 2217 4010 quebant
2243 3961 2271 3998 a
2300 3950 2632 4019 martyribus
2676 3963 2732 4010 et
2784 3956 3194 4018 eonfessoribus
3237 3964 3477 4036 libellos,
3521 3978 3581 4025 ut

1975 4031 2078 4100 ipsi
2105 4039 2550 4098 reconciliatione
2577 4044 2932 4116 donarentur,
2975 4061 3031 4106 et
3057 4062 3272 4126 tempus
3302 4064 3572 4129 peniten-

1975 4122 2063 4178 tite
2077 4130 2490 4187 contraheretur
2513 4133 2614 4205 (5).
2652 4137 2873 4205 Verum,
2903 4152 2961 4198 ut
2989 4146 3365 4218 abusuiquem
3383 4168 3573 4211 creare

1971 4225 2227 4284 pOterant
2255 4219 2567 4288 bujustnodi
2598 4225 2803 4296 libelli,
2840 4235 3008 4288 iretur
3034 4236 3246 4293 obviam
3267 4278 3283 4304 ,
3318 4256 3434 4298 mos
3452 4254 3573 4299 erat

1969 4310 2150 4379 utqui
2181 4308 2394 4368 libellos
2434 4316 2781 4377 obtinuerant
2801 4360 2817 4388 ,
2841 4324 3172 4397 episcopose
3192 4330 3478 4403 sisterent,
3513 4346 3570 4391 ut

1970 4402 2307 4459 exatninaret
2328 4416 2433 4461 tum
2454 4413 2757 4482 petitiones,
2771 4423 2882 4472 tum
2902 4418 3172 4481 desideria
3186 4439 3373 4483 eorum
3388 4430 3479 4499 qui
3497 4432 3564 4486 li-

1968 4491 2142 4551 bellos
2162 4497 2426 4557 dederant
2452 4505 2553 4575 (6).
2588 4505 2971 4569 Instituebatur
2994 4514 3099 4572 hoc
3132 4534 3358 4578 examen
3381 4491 3563 4581 eorum

1967 4590 2188 4660 populo,
2203 4594 2275 4647 uti
2299 4596 2507 4651 eruitur
2522 4614 2587 4653 ex
2606 4600 2832 4670 epistola
2850 4606 3101 4677 Cypriani
3123 4612 3189 4666 ad
3206 4614 3421 4682 plebem
3434 4617 3564 4674 Car-

1966 4680 2343 4752 thaginensem
2361 4688 2483 4745 data
2500 4692 2600 4764 (7);
2624 4704 2677 4749 et
2702 4698 2907 4764 praefati
2931 4702 3096 4759 libelli
3122 4706 3187 4762 iis
3202 4680 3378 4765 solum
3400 4714 3561 4768 modo

1964 4775 2336 4848 proficiebant,
2392 4783 2481 4852 qui
2512 4788 2802 4844 maximam
2832 4794 3169 4862 ptenitentiae
3198 4810 3406 4870 partem
3446 4804 3559 4876 jam

2142 4956 2421 5035 ilypriam,
2444 4962 2544 5032 Ep.
2574 4980 2665 5031 LII,
2700 4976 2830 5023 tom.
2865 4985 2947 5035 ιιι.
2977 4988 3027 5028 c.
3060 4975 3155 5032 78l
3192 4995 3246 5035 Α.

2037 5024 2116 5095 (2)
2142 5024 2371 5112 Ιᾷὗῒῐίρ.
2407 5024 2535 5101 ἠὲ,
2590 5024 2719 5091 tom.
2778 5056 2850 5106 ιν,
2888 5024 3278 5112 ἑζίεγζξὶςῗὲ.
3312 5046 3553 5112 Epistula

2038 5068 2115 5095 \_,
2142 5068 2242 5093 ην,
2277 5068 2371 5101 ιλιι.
2423 5068 2535 5101 sua,
2590 5068 2719 5091 ιυιιι.
2778 5068 2850 5106 Iv,
2892 5068 2943 5097 υ.
2999 5068 3103 5099 ΖΙΟ
3144 5068 3197 5112 Β,
3229 5068 3278 5102 C.
3312 5068 3553 5108 LilSlOla

1962 5108 2075 5178 Litt,
2106 5100 2174 5150 att
2203 5098 2551 5195 F'ortunatttm
2570 5147 2585 5173 ,
2615 5116 2747 5195 tom.
2766 5122 2853 5195 _rv,
2884 5110 2988 5166 col.
3022 5116 3129 5195 5§7
3163 5128 3212 5195 a,
3238 5068 3424 5175 scribit
3452 5122 3557 5195 Cy-

1961 5167 2182 5251 prianus
2210 5172 2436 5258 :ILapsis
2463 5167 2606 5258 inter
2629 5167 2901 5233 cruciatus
2928 5167 3240 5258 poenitentia
3266 5204 3365 5258 per
3387 5167 3555 5249 trieti-

1960 5239 2120 5318 nium
2140 5239 2449 5318 inchoatum
2478 5246 2729 5302 sufﬁcere
2779 5239 2976 5318 potest.
3010 5255 3077 5308 Et
3122 5239 3556 5318 intraret-attitude

1960 5307 2165 5379 Lapsis,
2206 5329 2241 5379 ι,
2276 5329 2327 5369 c.
2355 5316 2482 5381 489,
2514 5332 2567 5380 Α,
2594 5318 2670 5371 ait
2704 5307 2971 5387 ejusmodi
3006 5307 3553 5391 cito—veniavc‘ti'tice'di

2054 5390 2156 5434 05L

1958 5388 2373 5547 WE§3"itli.,Ep.
2406 5457 2474 5507 ad
2522 5456 2938 5547 IiidttmnAI‘ZXAHI,
2970 5474 3099 5522 tom.
3128 5485 3202 5537 Ill,
3233 5486 3282 5528 c.
3309 5475 3469 5547 10M,
3494 5496 3548 5538 Α.

2058 5451 2115 5515 5)
2146 5452 2243 5515 ld.,
2275 5453 2373 5522 Ep.
2406 5457 2474 5507 ad
2522 5456 2735 5523 Fidum,
2788 5477 2938 5531 mn,
2970 5474 3013 5521 to

2259 5524 2355 5607 Ep.
2382 5540 2526 5590 Lvttt,
2554 5538 2590 5583 t.
2623 5544 2697 5597 ιιι,
2731 5533 2872 5589 10⁸29
2898 5549 3013 5607 seq.

2266 5591 2366 5677 Ep.
2398 5613 2473 5664 ιχ,
2495 5609 2624 5655 tom.
2662 5591 2735 5671 iv,
2765 5621 2816 5661 c.
2846 5591 3057 5677 259,.“
3088 5627 3135 5666 Β.

2056 5662 2113 5743 εἰ)
2269 5662 2365 5743 ei).
2400 5662 2542 5737 nn,
2576 5684 2623 5729 c.
2656 5662 2732 5743 tv,
2760 5690 2809 5733 e.
2841 5662 3028 5734 πάλ.

1954 5732 2105 5860 25(17)
2138 5733 2238 5801 ld.,
2271 5732 2371 5809 Ep.
2412 5743 2481 5796 ad
2529 5732 2727 5815 plebem
2762 5732 3031 5823 Car-titan;
3082 5766 3159 5824 xi,
3216 5767 3344 5817 tom.
3388 5779 3460 5834 tv,
3494 5781 3543 5824 c.

2094 5822 2145 5860 Α.

2094 5822 2145 5862 Δ.
