4242 6270
584 270 713 324 xxxi
1692 226 1695 229 Ι
2062 266 2175 323 PB:

2282 261 2457 319 ΑΤΙΟ.
3724 279 3879 321 xxxtt

583 382 981 454 impleveram:
1024 396 1045 434 ι
1098 379 1337 448 Quorum
1387 380 1759 452 paenitentiam
1819 383 2176 441 satisfactioni

584 473 885 546 proximam
912 473 1254 545 conspicitis,
1291 491 1312 525 ι
1343 472 1519 544 inquit
1545 474 1601 530 S.
1632 474 1831 531 Doctor
1852 476 1904 532 in
1929 476 2175 548 Epistola

582 568 813 641 quadam
843 568 908 622 ad
940 568 1201 639 Martyres
1227 575 1282 622 et
1308 566 1661 624 Confessores
1684 568 1785 641 (l),
1819 569 1873 624 in
1924 586 2027 641 qua
2082 584 2176 626 eos

583 668 765 715 monet
805 673 874 715 ne
912 656 1382 714 indiscriminatim
1435 658 1687 713 omnibus
1736 660 2047 729 petentibus
2108 661 2173 715 li-

583 751 757 807 bellos
800 748 1123 817 concedant,
1163 750 1260 806 sed
1282 757 1486 807 attente
1512 749 1860 807 considerent
1900 757 2172 821 peractam

577 843 687 914 jam
712 842 1106 914 penitentiam,
1136 851 1193 900 et
1218 842 1460 915 singulas
1490 843 2174 914 ponderentcircumstan-

583 937 703 991 tias.

651 1028 960 1086 Moderatus
988 1027 1125 1086 adeo
1151 1039 1270 1087 erat
1298 1039 1355 1088 et
1382 1029 1620 1101 prudens
1667 1031 1823 1087 divus
1867 1030 2172 1103 Cyprianus

580 1122 756 1194 quoad
784 1122 882 1179 bas
909 1122 1273 1195 indulgentias
1296 1164 1312 1190 ,
1344 1132 1403 1178 ut
1423 1123 1556 1180 nihil
1585 1122 1763 1195 quoad
1784 1137 1879 1179 eas
1901 1137 1968 1178 ex
1992 1122 2174 1194 seipso

579 1223 818 1272 statuere
847 1214 1037 1281 vellet,
1093 1216 1189 1272 sed
1242 1225 1449 1272 tantum
1480 1216 1548 1272 de
1575 1215 1805 1272 consilio
1849 1226 2171 1271 caeterorum

580 1310 976 1380 episcoporum.
1030 1326 1049 1361 ι
1085 1307 1201 1364 Hoc
1228 1308 1571 1364 verecundiae
1601 1318 1805 1364 nostrae
1833 1307 2109 1375 convenit,
2147 1326 2165 1359 ›

582 1402 752 1474 inquit
775 1401 863 1458 ille
895 1402 947 1457 in
974 1401 1215 1473 Epistola
1242 1401 1311 1458 ad
1360 1402 1563 1459 clerum
1590 1417 1750 1458 suum
1776 1401 1844 1457 de
1865 1401 1948 1457 bis
1973 1402 2062 1473 qui
2104 1400 2172 1457 ad

582 1508 766 1564 pacem
815 1492 1070 1550 festinant
1096 1494 1198 1565 (2),
1237 1512 1256 1546 ι
1295 1503 1353 1549 ιιι
1392 1494 1667 1566 praepositi
1691 1509 1813 1549 cum
1859 1492 2007 1549 clero
2036 1508 2170 1547 con-

580 1582 887 1656 venientes,
939 1594 1209 1656 praesente
1249 1585 1410 1642 etiam
1439 1586 1694 1641 stantium
1725 1585 1949 1655 plebe...
1982 1582 2169 1654 dispo-

580 1693 711 1733 nere
739 1679 919 1734 omnia
945 1678 1154 1735 consilii
1186 1680 1492 1735 communis
1519 1680 1781 1750 religione
1823 1679 2115 1749 possimus.
2146 1697 2165 1731 ›

581 1772 646 1827 Ει
690 1772 743 1827 in
786 1772 890 1826 alia
921 1771 989 1826 ad
1033 1770 1281 1827 eumdem
1328 1772 1530 1825 clerum
1556 1770 1796 1841 Epistola
1829 1771 2000 1840 inquit
2040 1770 2119 1841 (5)
2154 1790 2168 1824 :

584 1884 601 1919 ι
641 1865 766 1935 Legi
809 1864 1183 1919 universorum
1213 1861 1587 1917 confessorum
1635 1861 1875 1927 litteras,
1908 1875 2043 1931 quas
2070 1876 2169 1915 vo-

579 1958 796 2012 luerunt
836 1969 933 2027 per
979 1970 1067 2011 nte
1108 1954 1332 2027 collegis
1361 1955 1608 2011 omnibus
1638 1956 2017 2021 innotescere;
2054 1973 2073 2006 ›
2115 1964 2171 2010 et

577 2049 762 2122 paucis
800 2048 1099 2121 interjectis
1145 2048 1223 2105 sic
1273 2049 1653 2121 prosequitur:
1695 2066 1712 2099 ι
1744 2048 1875 2116 Qua:
1897 2062 2007 2113 res,
2047 2063 2168 2103 cum

575 2144 818 2201 omnium
846 2153 1088 2199 nostrum
1116 2143 1400 2198 consilium
1425 2151 1479 2197 et
1507 2142 1828 2198 sententiam
1856 2150 2165 2212 exspectet,

579 2235 934 2307 prmjudicare
980 2251 1113 2306 ego,
1159 2245 1213 2291 et
1236 2235 1338 2291 soli
1368 2235 1499 2290 mihi
1529 2250 1641 2292 rem
1673 2249 2015 2290 communem
2048 2234 2168 2288 vin-

576 2324 757 2384 dicare
784 2343 890 2383 non
921 2326 1116 2383 audeo.
1150 2347 1167 2380 ι
1201 2326 1283 2383 Ex
1312 2327 1508 2398 quibus
1537 2334 1773 2394 constat,
1807 2342 1965 2396 quam
1993 2325 2167 2381 ideam

579 2430 706 2477 tunc
756 2419 1015 2491 temporis
1059 2418 1324 2475 haberent
1374 2418 1560 2475 fideles
1587 2416 1656 2475 de
1678 2417 1962 2488 disciplina
1990 2416 2171 2488 quoad

580 2511 973 2584 ptenitentiam,
1022 2521 1077 2568 et
1125 2520 1381 2583 quantum
1435 2510 1652 2566 solliciti
1698 2519 1921 2576 essent,
1972 2525 2041 2565 ne
2086 2509 2169 2564 vel

577 2605 797 2660 minima
825 2603 1067 2676 ejusdem
1099 2619 1223 2675 pars
1250 2603 1632 2660 infirmaretur.
1666 2621 1684 2655 ι
1716 2603 1853 2670 Quid
1883 2601 2026 2657 enim
2060 2617 2173 2657 ma-

574 2701 656 2772 gis
683 2708 775 2755 aut
804 2699 857 2754 in
886 2712 1017 2770 pace
1041 2706 1150 2753 tam
1172 2706 1379 2768 aptum,
1406 2716 1426 2749 ι
1457 2695 1732 2768 inquiebat
1756 2696 1935 2752 clerus
1961 2695 2168 2751 Roma-

577 2811 679 2853 nus
700 2794 768 2850 ad
790 2793 973 2850 divum
1004 2790 1331 2864 Cyprianum
1357 2791 1601 2847 scribens
1633 2789 1737 2861 (.i),
1774 2809 1793 2842 ι
1823 2800 1914 2844 aut
1945 2791 1997 2844 in
2022 2789 2172 2846 bello

577 2886 974 2960 persecutionis
1001 2894 1108 2941 tam
1136 2885 1523 2950 necessarium,
1557 2898 1716 2954 quam
1747 2883 1982 2938 debitam
2013 2897 2169 2937 seve-

578 2985 793 3041 ritatem
852 2981 1024 3037 divini
1071 2980 1267 3053 rigoris
1309 2990 1526 3045 tenere;
1560 2994 1718 3051 quam
1747 2979 1840 3050 qui
1880 2977 2167 3046 remiserit,

577 3074 815 3132 instabili
860 3089 1040 3130 rerum
1081 3087 1243 3128 cursu
1289 3081 1434 3128 erret
1486 3086 1702 3142 semper
1728 3086 1951 3128 necesse
1980 3080 2091 3136 est,
2121 3078 2176 3126 et

580 3169 686 3225 ltuc
730 3176 893 3239 atque
922 3166 1048 3222 illuc
1096 3165 1259 3220 variis
1305 3173 1361 3222 et
1411 3165 1635 3222 incertis
1665 3165 2002 3237 negotiorum
2033 3172 2173 3219 tem-

579 3258 873 3330 pestatibus
918 3256 1238 3326 dissipetur,
1298 3266 1354 3312 et
1409 3256 1561 3327 quasi
1614 3264 1828 3312 extorto
1881 3256 1950 3311 de
2004 3254 2174 3310 mani-

579 3352 678 3408 bus
726 3349 1083 3407 consiliorum
1130 3349 1531 3421 gubernaculo,
1563 3348 1742 3404 navim
1791 3346 2175 3405 ecclesiastica:

581 3446 768 3502 salutis
791 3444 963 3502 illidat
992 3445 1045 3500 in
1076 3443 1370 3515 scopulos;
1419 3452 1478 3499 ut
1522 3451 1812 3514 appareat,
1857 3457 1964 3497 non
2016 3440 2176 3496 aliter

582 3542 741 3599 saluti
786 3539 1171 3599 ecclesiasticae
1215 3537 1427 3594 consuli
1476 3550 1670 3608 posse,
1724 3536 1827 3591 nisi
1876 3532 2176 3606 disciplinae

583 3637 751 3710 ipsius
798 3649 1015 3706 semper
1056 3632 1324 3691 custodita
1353 3632 1492 3687 ratio
1518 3630 1673 3703 quasi
1704 3631 1937 3688 salutare
1960 3627 2173 3699 aliquod

581 3728 1001 3802 gubernaculum
1028 3727 1081 3783 in
1109 3733 1432 3798 tempestate
1458 3735 1725 3781 servetur.
1762 3743 1781 3777 ι

582 3859 594 3904 l
656 3843 852 3901 XXXI.
866 3843 945 3900 De
957 3839 1530 3914 Indulgentia—Cum
1543 3840 1707 3897 libelli
1720 3847 2012 3912 martyrum
2026 3853 2176 3910 quae-

585 3939 708 3995 dam
726 3933 1402 4009 speciesindulgentiarum
1420 3935 1529 3991 sint
1542 3936 1721 4005 (erant
1735 3931 1878 3988 enim
1893 3931 2089 3987 littera:
2108 3929 2176 3986 ad

584 4031 909 4103 martyribus
927 4030 1088 4097 datze,
1112 4028 1311 4101 quibus
1340 4029 1605 4101 rogabant
1629 4028 1917 4101 episcopos
1946 4041 1976 4081 a
2004 4025 2177 4097 paeni-

585 4124 824 4184 tentibus
837 4123 1179 4197 quibusdam,
1196 4138 1332 4195 quos
1359 4122 1729 4187 nominabant,
1746 4118 2066 4187 condonari,
2086 4127 2181 4175 aut

583 4219 883 4277 abbreviari
909 4228 1122 4290 tempus
1144 4217 1478 4289 paenitentiae
1501 4216 1585 4291 (5)
1609 4235 1622 4273 :
1646 4233 1712 4273 ex
1745 4215 1829 4272 bis
1860 4215 2014 4272 facile
2034 4216 2180 4271 erui-

586 4324 671 4371 tur
698 4315 826 4388 quid
856 4314 913 4371 S.
939 4316 1240 4387 Cyprianus
1261 4314 1329 4371 de
1351 4313 1702 4385 indulgenliis
1727 4312 1976 4367 senserit.
1998 4311 2053 4365 In
2073 4311 2179 4381 pri-

584 4410 688 4465 mis
717 4409 796 4464 sic
823 4407 894 4465 de
922 4408 1122 4465 libellis
1148 4416 1447 4479 martyrum
1481 4406 1719 4476 loquitur
1739 4415 1960 4460 sanctus
1980 4405 2179 4461 Doctor

585 4511 696 4557 tum
724 4501 778 4557 in
808 4499 1048 4571 Epistola
1075 4500 1143 4557 ad
1182 4500 1389 4557 clerum
1421 4500 1607 4555 Romae
1650 4498 2037 4555 consistentem
2064 4538 2079 4563 ,
2111 4497 2179 4554 de

585 4594 767 4651 multis
807 4594 1208 4652 confessoribus
1233 4637 1248 4662 ,
1281 4604 1338 4653 et
1365 4594 1434 4650 de
1458 4593 1679 4650 Luciani
1712 4589 2093 4648 inverecundia
2124 4598 2181 4647 et

584 4686 821 4744 Celerini
859 4685 1189 4743 confessoris
1222 4684 1485 4742 modestia
1512 4726 1530 4754 ,
1555 4684 1743 4740 ordine
1768 4699 1881 4738 χχιι
1929 4683 1994 4755 (ι.
2029 4698 2101 4746 tv,
2125 4698 2176 4740 c.

583 4781 747 4851 282);
780 4788 891 4836 tum
917 4789 973 4838 et
994 4780 1046 4835 in
1073 4778 1316 4851 pluribus
1344 4778 1465 4833 aliis
1495 4777 1548 4833 in
1578 4775 1824 4834 eamdem
1855 4775 2176 4831 sententiam

584 4872 839 4944 scriptis,
891 4881 950 4928 ut
1003 4872 1228 4928 minime
1283 4880 1445 4943 neget
1492 4885 1680 4927 eorum
1737 4868 1945 4924 meritis
1997 4868 2180 4939 lapsos

583 4966 827 5040 adjuvari
858 4980 1038 5039 posse.
1086 4965 1221 5023 Nam
1266 4965 1320 5022 in
1345 4964 1583 5036 Epistola
1640 4961 1959 5019 duodecima
2005 4959 2071 5033 (t.
2102 4976 2174 5027 tv,

583 5078 633 5119 c.
664 5062 771 5121 259
791 5061 850 5134 Α)
893 5059 1093 5130 edicit,
1146 5078 1166 5112 (
1194 5058 1265 5117 Ut
1305 5057 1396 5129 qui
1434 5056 1648 5115 libellos
1672 5073 1703 5112 a
1729 5053 2056 5128 martyribus
2083 5067 2193 5115 ac-.

658 5281 739 5356 (Ι)
765 5280 1040 5356 (Σῖρινίειιιη
1072 5278 1267 5356 Ep.__x,
1299 5287 1431 5356 tom.
1464 5292 1538 5356 tv,
1566 5289 1615 5331 c.
1640 5274 1747 5332 257
1774 5292 1828 5329 Α.

658 5282 707 5356 (l
765 5281 806 5339 C
845 5281 1040 5353 prian.,
1072 5281 1174 5352 Ep.
1208 5294 1267 5345 x,
1299 5287 1431 5335 tom.
1464 5292 1538 5343 tv,
1566 5289 1615 5331 c.
1640 5281 1746 5332 257
1774 5292 1828 5329 Α.

583 5281 739 5482 26(3)
779 5298 881 5420 Ιιῖη
910 5351 1014 5425 Ep.
1042 5352 1110 5406 ad
1137 5348 1636 5421 ClerumCarthag.,
1678 5362 1803 5413 χιιι,
1839 5352 1969 5401 tom.
2026 5358 2101 5410 tv,
2123 5358 2175 5399 c.

720 5443 774 5482 Α.
1294 5473 1307 5482 .

720 5443 774 5483 Α.

622 5473 883 5583 ξςξδῖιάη
930 5493 1034 5568 Ep.
1065 5494 1135 5549 ad
1175 5473 1405 5549 eumdem
1458 5492 1665 5549 Clerum
1693 5505 1830 5557 xvn,
1864 5497 1995 5545 tom.
2020 5504 2094 5556 tv,
2122 5502 2170 5545 c.

581 5569 881 5713 ἓιῗιῖῐίέρ-
906 5636 1037 5713 (geri
1067 5635 1322 5701 Romani,
1346 5635 1485 5692 inter
1508 5635 1645 5707 Epp.
1673 5631 1984 5706 Cyprianic.
2019 5646 2169 5698 xxxi,

583 5708 726 5769 tom.
740 5726 814 5777 tv,
830 5708 892 5767 'c.
921 5708 1030 5766 308
1055 5724 1107 5767 β.

656 5784 737 5862 (5)
764 5776 1067 5857 Cyprianus
1091 5781 1145 5839 in
1171 5776 1427 5853 Epistolis
1456 5776 1675 5851 passim.

2284 390 2564 450 ceperunt,
2614 390 2667 437 et
2721 378 3072 453 prmrogativa
3103 392 3291 439 eorum
3338 381 3481 453 apud
3530 381 3701 440 Deum
3726 382 3881 453 adju-

2286 473 2395 528 vari
2449 482 2705 545 possunt,
2758 474 2802 530 si
2860 473 3201 531 incommodo
3251 475 3433 546 aliquo
3470 484 3527 532 et
3552 476 3881 535 infirmitatis

2286 566 2526 636 periculo
2579 568 2825 641 occupati
2874 567 3113 636 fuerint,
3175 584 3281 624 non
3340 579 3653 641 exspectata
3709 569 3881 642 ipsius

2284 662 2565 730 prmsentia
2605 662 2745 732 apud
2791 662 3162 734 presbyterum
3204 678 3600 735 quemcumque
3640 679 3881 735 praesen-

2284 760 2414 821 tem,
2447 755 2527 809 vel
2556 755 2599 809 si
2635 755 2912 827 presbyter
2959 765 3204 826 repertus
3230 772 3337 812 non
3369 755 3555 825 fuerit,
3601 767 3658 814 et
3685 774 3879 831 urgere

2282 847 2458 905 exitus
2479 849 2724 919 coeperit,
2752 848 2893 918 apud
2938 848 3225 904 diaconum
3267 864 3484 921 quoque
3529 850 3878 922 exomologe-

2282 938 2364 993 sin
2395 938 2577 995 delicti
2628 940 2709 995 sui
2764 939 2942 996 facere
2973 941 3216 1010 possint,
3250 950 3353 996 etc.
3398 962 3417 996 ι
3452 941 3722 999 Credebat
3747 958 3880 1015 ergo

2281 1030 2583 1103 Cyprianus
2614 1042 2909 1106 martyrum
2938 1036 3313 1107 praerogativa,
3332 1036 3441 1103 vel,
3464 1047 3525 1093 ut
3552 1038 3625 1093 ait
3650 1038 3703 1094 in
3729 1038 3880 1110 Epis-

2301 1126 2405 1181 tola
2450 1125 2658 1182 decima
2705 1127 2950 1195 tertia,c.
2983 1127 3091 1184 260
3116 1143 3148 1184 c
3177 1170 3192 1195 ,
3227 1148 3247 1183 ι
3279 1129 3476 1187 auxilio
3505 1144 3691 1187 eorum
3719 1131 3878 1202 adju-

2299 1219 2409 1275 vari
2436 1219 2575 1289 apud
2606 1220 2889 1277 Dominum
2920 1221 2975 1277 in
2998 1220 3209 1279 delictis
3226 1223 3341 1280 suis
3366 1237 3547 1295 posse.
3562 1244 3580 1277 ι
3603 1224 3693 1282 Sic
3710 1225 3877 1283 etiam

2282 1312 2336 1367 in
2381 1312 2521 1367 libro
2571 1312 2640 1368 de
2690 1313 2878 1385 Lapsis
2930 1315 3104 1386 (tom.
3148 1331 3240 1382 ιν,
3296 1317 3421 1373 coll.
3475 1318 3573 1374 481
3630 1336 3687 1388 Α,
3732 1319 3877 1392 485)

2282 1404 2479 1461 fatetur
2524 1415 2821 1478 martyrum
2876 1406 3143 1464 mandatis
3190 1408 3392 1480 aliquid
3437 1411 3661 1467 concedi
3689 1427 3872 1484 posse,

2286 1513 2305 1547 ι
2344 1496 2388 1549 si
2415 1496 2582 1567 justa,
2614 1497 2663 1551 si
2689 1498 2854 1566 licita,
2880 1499 2923 1555 si
2953 1515 3059 1555 non
3105 1508 3292 1557 contra
3326 1502 3500 1574 ipsum
3527 1504 3810 1560 Dominum
3842 1521 3873 1561 a

2282 1586 2378 1642 Dei
2429 1588 2709 1644 sacerdote
2757 1588 3024 1658 facienda,
3054 1592 3099 1646 si
3128 1592 3551 1665 obtemperantis
3604 1596 3774 1652 facilis
3818 1606 3876 1653 et

2278 1694 2447 1748 prona
2496 1680 2783 1736 consensio
2804 1722 2820 1745 ,
2853 1681 2899 1735 si
2927 1684 3159 1752 petentis
3188 1684 3350 1739 fuerit
3394 1687 3646 1759 religiosa
3685 1688 3875 1746 mode-

2278 1770 2436 1824 ratio.
2476 1789 2495 1822 ι
2568 1771 2747 1839 Quare
2795 1786 2905 1827 non
2961 1774 3133 1843 ipsam
3194 1778 3684 1846 consuetudinem,
3752 1798 3873 1853 quae

2276 1861 2477 1920 dudum
2506 1861 2556 1918 in
2590 1863 2828 1919 Ecclesia
2856 1864 3097 1936 vigebat,
3125 1865 3222 1922 sed
3248 1866 3471 1923 abusum
3501 1870 3791 1940 vituperat,
3816 1882 3875 1929 et

2277 1956 2494 2011 nimiam
2526 1957 2905 2012 nonnullorum
2935 1958 3326 2025 confessorum,
3352 1959 3405 2015 in
3436 1962 3621 2031 primis
3642 1962 3864 2019 Luciani

2280 2050 2572 2115 licentiam,
2619 2050 2709 2122 qui
2764 2049 2978 2105 libellos
3016 2052 3069 2107 in
3099 2052 3239 2107 hanc
3283 2054 3606 2109 sententiam
3641 2056 3873 2126 scriptos

2276 2142 2473 2197 dabant
2523 2141 2604 2214 (t.
2659 2157 2732 2201 tv.
2764 2156 2813 2198 c.
2844 2142 2951 2199 255
2981 2141 3093 2214 c):
3134 2162 3153 2195 ι
3188 2146 3550 2202 communicet
3606 2145 3698 2201 ille
3745 2161 3873 2202 cum

2277 2234 2423 2299 suis;
2462 2252 2480 2284 ι
2517 2249 2617 2289 nec
2639 2233 3000 2292 observabant
3024 2236 3166 2305 quod
3191 2235 3493 2308 Cyprianus
3540 2248 3876 2312 praeceperat

2276 2326 2330 2382 in
2365 2326 2599 2396 Epistola
2625 2325 2832 2382 decima
2863 2326 2929 2397 (t.
2958 2342 3035 2398 tv,
3065 2342 3115 2383 c.
3144 2328 3253 2385 255
3280 2346 3310 2383 Α
3330 2370 3344 2397 ,
3370 2328 3424 2401 ιι)
3446 2371 3462 2398 ,
3501 2348 3521 2382 ι
3551 2340 3611 2386 ιιι
3650 2330 3875 2404 diligen-

2280 2430 2360 2476 ter
2403 2420 2731 2491 inspicerent
2760 2414 2815 2478 et
2840 2430 3019 2477 actum
3056 2432 3111 2478 et
3135 2438 3298 2493 opera
3322 2434 3379 2479 et
3406 2426 3596 2482 merita
3637 2429 3875 2500 singulo-

2278 2528 2430 2581 rum,
2464 2514 2705 2583 ipsorum
2744 2529 2959 2586 quoque
2987 2515 3306 2572 delictorum
3338 2532 3538 2588 genera
3559 2529 3615 2576 et
3639 2523 3871 2592 qualita—

2280 2620 2395 2676 tes;
2446 2620 2501 2667 et
2548 2626 2685 2682 quos
2739 2612 2841 2684 ipsi
2882 2624 3176 2681 noverant,
3222 2631 3450 2686 quorum
3497 2620 3874 2690 paenitentiam

2279 2704 2633 2762 satisfactioni
2684 2707 2984 2777 proximam
3035 2710 3476 2782 conspiciebant,
3531 2728 3625 2770 eos
3692 2718 3873 2773 nomi-

2280 2797 2447 2852 natim
2503 2796 2698 2853 libellis
2731 2798 3098 2871 designarent.
3140 2822 3157 2853 ι
3193 2803 3310 2859 Duo
3340 2814 3518 2861 autem
3566 2807 3744 2864 adhuc
3773 2811 3873 2867 ob-

2280 2891 2541 2946 servanda
2574 2901 2703 2948 sunt
2728 2910 2742 2947 :
2778 2892 2833 2948 l'
2861 2892 3213 2951 Confessores
3242 2911 3349 2952 non
3378 2896 3594 2956 dedisse
3648 2917 3832 2973 pacem
3854 2945 3872 2973 ,

2280 2984 2373 3040 sed
2419 2986 2658 3055 petiisse,
2700 2995 2758 3042 ut
2787 2986 3038 3055 daretur;
3087 2990 3144 3042 ‘2"
3177 3004 3245 3045 ne
3276 2990 3406 3045 illud
3450 2991 3666 3062 quidem
3711 3010 3874 3052 ausos

2280 3074 2450 3133 fuisse
2481 3077 2773 3147 postulare,
2803 3090 2860 3133 ut
2886 3090 3014 3135 ante
3040 3080 3270 3137 reditum
3294 3083 3550 3155 Cypriani
3578 3102 3681 3159 pax
3707 3087 3875 3160 lapsis

2279 3168 2524 3239 daretur,
2556 3170 2651 3226 sed
2678 3170 2778 3225 hac
2808 3171 2861 3227 in
2888 3188 2949 3228 re
2975 3188 3180 3230 morem
3211 3176 3465 3249 episcopo
3491 3193 3590 3233 suo
3616 3181 3869 3252 gessisse.

2280 3264 2461 3330 Quare
2510 3278 2616 3319 non
2667 3280 2853 3319 eorum
2908 3267 3228 3324 auctoritate
3283 3270 3521 3344 quinque
3548 3273 3872 3347 presbyteri,

2281 3356 2375 3411 sed
2426 3371 2521 3411 sua
2574 3356 2919 3428 improbitate
2966 3359 3185 3417 adducti
3217 3372 3371 3431 sunt,
3404 3375 3460 3420 ut
3489 3377 3615 3425 ante
3639 3368 3872 3424 reditum

2282 3448 2560 3521 Episcopi,
2586 3464 2648 3506 ac
2668 3464 2736 3506 eo
2758 3466 2981 3523 prorsus
3009 3454 3315 3513 inconsulto
3335 3456 3516 3530 lapsos
3536 3460 3604 3516 ad
3630 3476 3875 3518 commu-

2283 3544 2500 3600 nionem
2531 3543 2897 3602 admitterent.

2354 3636 2449 3692 XX
2459 3637 2572 3693 XII.
2592 3637 2952 3709 lndulgcntias
2965 3639 3018 3696 in
3032 3641 3184 3711 praxi
3199 3642 3493 3713 primorum
3511 3644 3769 3703 Ecclesiae
3782 3662 3877 3704 sse-

2283 3729 2526 3785 culorum
2541 3729 2770 3797 fundari,
2786 3739 3051 3788 testantur
3062 3748 3169 3788 non
3187 3748 3371 3804 pauca:
3383 3735 3436 3791 S.
3456 3737 3710 3810 Cypriani
3726 3739 3878 3812 Epis-

2284 3824 2427 3879 tolae.
2461 3825 2550 3881 Sic
2572 3824 2813 3896 Epistola
2842 3842 2977 3897 xvtt,
3008 3827 3199 3885 videns
3226 3827 3285 3885 S.
3316 3827 3618 3902 Cyprianus
3648 3832 3875 3891 faculta-

2286 3926 2392 3972 tem
2422 3916 2677 3973 redeundi
2695 3917 3076 3990 Carthaginem
3094 3920 3332 3976 nondum
3357 3936 3415 3977 se
3437 3922 3660 3993 habere,
3687 3933 3743 3982 et
3764 3926 3876 3998 jam

2285 4020 2525 4067 mslatem
2538 4012 2792 4083 coepisse,
2822 4013 2964 4084 quod
2995 4022 3207 4086 tempus
3232 4014 3631 4073 inﬁrmitatibus
3646 4017 3879 4075 assiduis

2285 4114 2339 4161 et
2366 4106 2620 4176 gravibus
2641 4106 2943 4172 infestatur,
2973 4108 3193 4164 mandat
3214 4108 3567 4181 presbyteris,
3588 4120 3643 4165 et
3664 4110 3718 4166 in
3749 4126 3879 4167 casu

2286 4198 2622 4255 necessitatis
2648 4199 2889 4255 diaconis
2915 4201 3161 4258 ecclesiae
3188 4216 3322 4269 suae,
3356 4211 3415 4258 ut
3436 4203 3609 4275 aliqua
3648 4221 3667 4257 ι
3695 4202 3880 4260 indul-

2284 4295 2465 4365 gentia
2501 4313 2519 4347 ι
2558 4302 2775 4349 utantur
2804 4309 2928 4366 erga
2956 4295 3138 4366 lapsos
3158 4338 3173 4363 ,
3204 4297 3249 4352 si
3276 4297 3494 4369 quando
3525 4299 3578 4354 in
3612 4300 3738 4355 vita:
3763 4298 3879 4355 dis-

2285 4388 2513 4444 crimine
2558 4388 2663 4443 sint
2693 4387 3069 4451 constituti.“
3100 4389 3169 4446 Ut
3197 4390 3286 4461 qui
3328 4391 3540 4448 libellos
3560 4408 3589 4448 a
3621 4393 3877 4465 martyri-

2295 4481 2395 4536 bus
2440 4490 2767 4552 acceperunt
2816 4498 2834 4533 ι
2884 4480 3057 4553 inquit
3110 4492 3330 4539 sanctus
3379 4483 3575 4540 Doctor
3622 4483 3702 4557 (l)
3754 4504 3774 4538 ι
3827 4494 3885 4542 et

2295 4574 2644 4647 prmrogativa
2672 4589 2882 4643 eorum,
2915 4574 3056 4646 apud
3086 4575 3255 4631 Deum
3282 4575 3523 4646 adjuvari
3553 4587 3799 4648 possunt,
3833 4578 3880 4633 si

2288 4667 2632 4724 incommodo
2671 4667 2886 4737 aliquo,
2915 4676 2969 4723 et
2994 4666 3325 4723 infirmitatis
3356 4668 3599 4737 periculo
3634 4669 3881 4739 occupati

2286 4748 2506 4828 fuerint,
2536 4778 2643 4817 non
2674 4769 2983 4831 exspectata
3016 4759 3307 4831 praesentia
3336 4771 3518 4816 nostra
3549 4760 3690 4832 apud
3729 4776 3881 4831 pres—

2286 4857 2531 4927 byterum
2563 4868 2958 4926 quemcumque
3000 4863 3324 4925 prmsentem
3345 4895 3359 4920 ,
3394 4854 3479 4910 vel
3511 4853 3558 4910 si
3596 4854 3881 4926 presbyter

2287 4956 2532 5019 repertus
2563 4962 2670 5003 non
2698 4945 2882 5013 fuerit,
2914 4954 2971 5002 et
2999 4961 3191 5018 urgere
3238 4946 3415 5002 exitus
3460 4947 3705 5017 cmperit,
3737 4945 3881 5016 apud

2287 5042 2570 5098 diaconum
2612 5054 2830 5111 quoque
2870 5038 3295 5109 exomologesim
3339 5039 3515 5095 facere
3567 5038 3751 5095 delicti
3794 5037 3878 5096 sui

2288 5136 2525 5208 possint;
2551 5143 2628 5198 ut,
2644 5149 2803 5188 manu
2821 5132 2900 5188 eis
2917 5133 2968 5187 in
2987 5132 3356 5202 paenitentiam
3376 5131 3649 5202 imposita,
3665 5130 3883 5187 veniant

2287 5228 2354 5286 ad
2381 5228 2665 5283 Dominum
2692 5242 2816 5282 cum
2848 5240 3009 5297 pace,
3039 5240 3202 5296 quam
3233 5225 3348 5281 dari
3381 5234 3645 5297 martyres
3689 5223 3881 5281 litteris

2287 5322 2353 5379 ad
2370 5335 2472 5377 nos
2492 5320 2645 5377 factis
2662 5318 3159 5376 desideraverunt.»
3180 5317 3254 5374 Idi
3262 5334 3358 5390 psu
3367 5336 3415 5374 ιιι
3434 5319 3627 5389 repetit
3644 5316 3881 5389 Epistola

2289 5434 2380 5475 χιιι
2411 5434 2424 5471 :
2462 5437 2480 5471 ‹
2514 5416 2776 5485 Quoniam
2809 5425 3020 5482 tamen,
3057 5431 3075 5465 ι
3125 5413 3298 5486 inquit
3324 5412 3413 5471 ille
3438 5412 3718 5481 alloquens
3754 5409 3881 5465 Cle-

2290 5527 2407 5569 runt
2438 5525 2592 5568 suum
2621 5509 2724 5583 (2),
2763 5527 2781 5563 ι
2816 5506 3158 5581 significastis
3201 5506 3461 5578 quosdam
3494 5500 3882 5559 immoderatos

2358 5704 2433 5775 (l)
2462 5704 2518 5762 S.
2552 5703 2830 5775 Cyprian.,
2854 5700 2953 5772 Ep.
2982 5716 3081 5765 xtl,
3109 5707 3150 5775 tn.
3164 5711 3252 5775 Π,
3281 5709 3329 5750 c.
3360 5687 3470 5749 250
3491 5690 3585 5762 Α.)

2291 5814 2297 5839 ι
2361 5766 2438 5849 (2)
2464 5775 2568 5841 ld.,
2591 5766 2691 5847 Ep.
2726 5766 2841 5842 xm,
2869 5766 2918 5830 ιζ
2943 5786 3015 5840 tv,
3045 5784 3096 5827 c.
3118 5766 3296 5825 260:.
