4242 6270
277 306 476 363 xxxiii

275 437 458 488 esse,
492 430 547 480 et
582 427 1125 490 communicationem
1170 433 1535 507 accipiendam
1585 439 1901 498 festinanter

276 529 514 587 urgere,
548 525 603 572 et
632 518 983 578 desiderastis
1008 525 1059 580 in
1095 526 1195 584 hac
1224 544 1282 585 re
1313 525 1542 588 formam
1572 549 1602 589 a
1634 550 1721 589 me
1747 537 1901 593 vobis

272 606 437 676 dari,
468 611 601 665 satis
627 612 784 681 plene
809 617 1093 687 scripsisse
1117 636 1203 676 me
1230 622 1293 678 ad
1327 623 1466 681 hanc
1496 642 1609 681 rem
1641 631 1900 698 proximis

267 700 488 759 litteris
516 704 583 759 ad
611 721 708 762 vos
737 709 893 766 factis
916 713 1103 782 credo,
1127 726 1186 771 ut
1212 718 1300 787 qui
1325 719 1564 775 libellum
1595 737 1623 775 a
1651 724 1897 795 martyri-

270 793 395 850 bus
424 810 775 869 acceperunt.
809 840 823 857 .
857 844 869 857 .
914 805 958 860 si
1002 808 1175 876 premi
1235 809 1546 870 infirmitate
1591 793 1803 887 aliqua,
1842 828 1897 872 et

270 889 535 958 periculo
556 895 844 964 coeperint,
891 901 1254 972 exomologesi
1281 902 1448 970 facta,
1478 914 1533 961 et
1568 923 1729 963 manu
1757 909 1835 964 eis
1863 924 1893 964 a

266 982 443 1038 vobis
469 982 723 1055 imposita
752 988 804 1042 in
835 991 1241 1060 paenitentiam,
1265 1010 1388 1051 cum
1416 1014 1547 1067 pace
1576 1015 1604 1053 a
1638 1003 1891 1073 martyri-

267 1074 386 1134 bus
417 1078 521 1136 sibi
547 1082 815 1151 promissa
846 1083 913 1139 ad
944 1084 1228 1143 Dominum
1253 1090 1615 1148 remittantur.
1652 1112 1670 1146 ι

647 1238 754 1304 §V.
776 1240 1047 1308 Disciplina
1074 1246 1234 1309 quoad
1259 1245 1511 1300 Ordinem.

354 1380 598 1443 XXXIII.
630 1389 744 1446 Etsi
768 1407 796 1447 a
822 1391 1045 1451 Summo
1065 1395 1350 1466 Pontiﬁce,
1382 1403 1471 1472 qui
1501 1411 1662 1473 caput
1689 1413 1773 1460 est
1802 1420 1888 1461 ec-

265 1481 573 1537 clesiastici
600 1483 811 1540 ordinis
837 1487 1109 1559 totiusque
1132 1490 1411 1557 Ecclesiae,
1446 1494 1657 1549 initium
1689 1495 1887 1553 habere

264 1587 508 1628 necesse
534 1572 695 1640 foret,
726 1591 847 1631 cum
901 1581 1164 1649 permulta
1222 1585 1651 1652 prmcedentibus
1690 1591 1888 1646 articu-

265 1662 341 1717 lis
376 1664 444 1719 de
470 1664 660 1720 eodem
686 1680 1007 1739 argumento
1026 1670 1335 1743 habuimus,
1357 1676 1636 1749 multoque
1654 1682 1803 1750 plura
1832 1682 1882 1738 in

265 1755 755 1816 dissertationibus
783 1761 850 1817 ad
895 1762 1057 1833 hujus
1094 1766 1224 1821 tomi
1256 1768 1459 1823 calcem
1500 1774 1759 1842 appositis
1791 1774 1884 1830 ad-

266 1846 460 1903 denda
482 1850 607 1918 sint,
633 1866 792 1908 nemo
812 1854 971 1911 nobis
987 1859 1346 1928 succensebit,
1374 1860 1499 1917 dum
1528 1864 1593 1919 ad
1632 1866 1750 1923 haec
1769 1868 1883 1924 lec-

266 1947 452 1996 torem
486 1944 834 2016 remittimus,
858 1948 1064 2022 absque
1084 1968 1235 2009 mora
1263 1953 1331 2011 de
1360 1958 1573 2015 caeteris
1602 1960 1884 2019 ordinibus

264 2034 600 2106 Cyprianica
631 2038 935 2097 adductnri.

347 2150 551 2207 Electio
582 2156 964 2226 episcoporum.
997 2190 1067 2199 —
1091 2161 1247 2229 Quod
1273 2164 1468 2221 attinet
1498 2167 1565 2222 ad
1597 2168 1881 2242 episcopos

267 2256 546 2316 caeteros,
598 2264 788 2306 eorum
838 2253 1040 2309 electio
1098 2259 1457 2328 peragebatur
1504 2261 1572 2316 ah
1610 2264 1881 2336 episcopis

268 2338 524 2409 ejusdem
554 2345 849 2413 provinciae
880 2362 1061 2402 coram
1095 2350 1244 2405 clero
1292 2362 1346 2407 et
1385 2355 1605 2426 populo,
1638 2373 1793 2415 suum
1827 2370 1881 2417 et

268 2431 408 2501 ipsis
437 2433 751 2507 suffragium
794 2440 1114 2497 ferentibus.
1158 2443 1260 2509 Qui
1292 2445 1394 2502 hoc
1437 2449 1674 2519 regulari
1718 2453 1879 2509 modo

268 2524 485 2581 electus
521 2527 693 2584 fuerat
718 2531 1005 2603 episcopus
1047 2534 1245 2605 deponi
1276 2553 1382 2593 non
1415 2549 1660 2610 poterat,
1694 2554 1750 2598 ut
1781 2546 1879 2601 eli-

266 2628 493 2689 geretur
522 2622 659 2677 alter
683 2665 696 2689 ,
730 2625 832 2679 nisi
864 2636 1074 2695 patrato
1101 2629 1168 2683 ab
1200 2632 1317 2700 ipso
1346 2632 1527 2703 aliquo
1554 2639 1878 2707 gravissimo

269 2711 524 2768 crimine.
555 2714 705 2770 Hanc
736 2717 1033 2788 disciplinae
1068 2731 1273 2791 partem
1308 2723 1537 2782 miritice
1563 2730 1757 2798 probat
1786 2745 1875 2786 su-

270 2804 462 2871 perius
489 2817 781 2864 memorata
832 2809 1094 2881 Epistola,
1146 2815 1199 2869 in
1244 2830 1368 2885 qua,
1418 2817 1486 2874 de
1536 2819 1876 2880 ordinatione

271 2896 461 2953 Sabini
492 2899 543 2954 in
564 2900 740 2957 locum
765 2903 1015 2961 Basilidis
1039 2921 1344 2965 sermonem
1369 2911 1576 2969 habens
1592 2914 1749 2973 divus
1772 2918 1877 2992 Cy-

269 2992 519 3062 prianus,
554 2994 693 3052 hanc
720 2996 918 3054 factam
954 2999 1085 3056 dicit
1120 3025 1138 3055 ι
1169 3003 1236 3059 de
1265 3004 1531 3061 universae
1561 3007 1875 3069 fraternita-

269 3086 341 3142 tis
382 3087 656 3161 suﬂ‘ragio,
688 3102 744 3147 et
788 3092 856 3148 de
890 3096 1298 3166 episcoporum,
1349 3100 1441 3170 qui
1482 3101 1536 3155 in
1582 3106 1873 3171 praesentia

269 3194 657 3239 convenerant.
697 3224 710 3239 .
743 3226 757 3238 .
827 3188 1031 3257 judicio
1082 3188 1181 3261 (1).
1238 3209 1256 3243 ι
1311 3192 1602 3250 Contendit
1651 3207 1871 3255 sanctus

270 3273 473 3330 Doctor
504 3276 826 3334 electionem
878 3281 1251 3352 episcoporum
1292 3284 1511 3343 laudato
1555 3289 1717 3345 modo
1754 3290 1867 3346 fac-

270 3376 379 3422 tam
409 3370 703 3439 procedere
738 3391 757 3425 t
783 3388 812 3427 a
841 3373 1020 3430 divina
1052 3375 1388 3448 Traditione,
1416 3399 1435 3433 ι
1473 3383 1524 3436 in
1556 3382 1734 3439 latiori
1761 3386 1867 3440 sci-

268 3461 396 3518 licet
422 3478 584 3520 sensu
609 3477 845 3538 sumpta,
883 3487 901 3521 ι
927 3478 983 3525 et
1004 3471 1309 3541 Apostolica
1339 3474 1738 3543 observatione;
1765 3496 1784 3530 ι
1814 3486 1869 3535 et

265 3552 391 3610 ideo
412 3570 591 3612 coram
618 3560 818 3630 populo
840 3559 978 3617 hanc
1008 3564 1329 3621 electionem
1356 3567 1469 3624 ﬁeri
1491 3568 1620 3625 dicit
1646 3579 1865 3629 sanctus

266 3646 585 3720 Episcopus,
616 3652 739 3724 quia
788 3653 941 3724 plebs
970 3656 1305 3729 singulorum
1337 3661 1502 3717 vitam
1547 3664 1864 3735 plenissime

263 3742 436 3807 novit,
469 3752 523 3798 et
543 3746 965 3819 uniuscujusque
991 3759 1168 3806 actum
1206 3752 1272 3809 de
1302 3754 1420 3825 ejus
1449 3761 1863 3818 conversatione

262 3834 560 3903 perspexit.
592 3836 881 3908 Eligendos
910 3848 1088 3897 autem
1118 3860 1223 3900 non
1251 3862 1372 3903 esse
1398 3850 1554 3918 alios,
1582 3867 1741 3923 quam
1770 3860 1860 3924 qui

262 3925 594 3989 immaculati
624 3939 677 3983 et
722 3931 913 4003 integri
944 3944 1132 3991 sancte
1157 3946 1212 3993 et
1242 3939 1404 4011 digne
1442 3944 1708 4002 sacrificia
1750 3948 1859 4004 Deo

262 4015 571 4088 offerentes,
605 4021 777 4078 audiri
826 4024 879 4080 in
926 4028 1173 4096 precibus
1207 4033 1452 4102 possint,
1496 4051 1630 4106 quas
1657 4038 1859 4096 faciunt

262 4124 361 4181 pro
404 4112 581 4183 plebis
629 4114 927 4175 Dominicre
976 4121 1367 4182 incolumitate.
1401 4127 1697 4187 Electionis
1743 4134 1858 4203 epi-

259 4208 490 4278 sc0palis
520 4211 748 4267 formam
782 4215 938 4271 nobis
959 4216 1184 4275 exhibet
1204 4218 1507 4293 Cyprianus
1536 4224 1591 4281 in
1613 4225 1854 4297 Epistola

258 4299 326 4355 ad
354 4299 715 4359 Antonianum
745 4303 851 4379 (ἓ).

333 4415 570 4474 XXXIV.
620 4420 768 4476 Unus
814 4432 1013 4480 tantum
1063 4429 1331 4500 cpiscopus
1378 4432 1431 4487 in
1482 4450 1585 4489 una
1639 4438 1851 4493 ecclesia

260 4526 365 4567 esse
389 4512 619 4569 debebat.
637 4545 712 4556 -—
736 4517 854 4573 Duo
884 4519 1122 4591 episcopi
1165 4523 1253 4578 uni
1290 4523 1575 4597 eidemque
1603 4529 1849 4587 ecclesiae

260 4603 444 4660 eodem
470 4615 716 4680 tempore
757 4624 992 4679 praeesse
1021 4628 1125 4669 non
1169 4624 1434 4685 poterant.
1470 4619 1743 4679 Habemus
1794 4624 1844 4678 id

248 4711 506 4767 expresse
545 4699 600 4755 in
648 4700 887 4772 Epistola
929 4703 985 4760 S.
1032 4705 1267 4763 Cornelii
1319 4725 1471 4782 papae
1512 4713 1579 4767 ad
1624 4714 1681 4770 S.
1736 4715 1845 4789 Cy-

258 4790 501 4862 prianum
530 4792 597 4847 de
640 4795 1044 4855 conlessoribns
1071 4800 1137 4856 ad
1175 4802 1431 4860 unitatem
1468 4812 1723 4878 reversis,
1752 4812 1844 4882 qui

258 4882 533 4939 declarant
558 4886 634 4959 (3)
664 4905 676 4941 :
707 4907 725 4941 ι
755 4905 921 4947 unum
948 4893 1260 4965 episcopum
1284 4896 1336 4951 in
1363 4899 1625 4957 catholica
1649 4902 1841 4962 Eccle-

256 4978 337 5034 sia
368 4993 485 5037 esse
524 4980 721 5040 debere
755 5003 774 5038 ι
824 4985 928 5041 hoc
984 4996 1090 5052 est,
1143 4989 1197 5044 in
1244 5006 1562 5065 unaquaque
1588 4999 1836 5057 ecclesia.

257 5070 776 5147 Evincituridipsum
796 5079 1000 5149 pariter
1027 5095 1093 5137 ex
1125 5081 1362 5153 Epistola
1394 5084 1451 5141 S.
1486 5087 1742 5161 Cypriani
1771 5094 1839 5150 ad

328 5295 397 5375 (1)
426 5295 614 5375 Cypr.,
641 5299 740 5375 E_p.
768 5317 953 5370 vam,
984 5311 1025 5359 t.
1053 5320 1133 5375 tu,
1158 5320 1206 5361 e.
1234 5308 1373 5366 1027
1392 5327 1442 5367 n.

331 5367 949 5449 (2)1dem,_.Ep._Lx_u,
1025 5385 1064 5431 t.
1120 5367 1232 5445 'ut,
1290 5396 1341 5439 c.
1408 5382 1511 5441 768
1567 5399 1652 5449 sq.
1704 5388 1838 5449 Vide

331 5402 400 5440 μοι
427 5402 603 5433 lucu],
662 5402 763 5442 up.
822 5402 949 5440 1.x",
1027 5402 1064 5431 ι.
1142 5402 1232 5445 Ill,
1290 5402 1341 5439 C.
1416 5402 1511 5441 [οδ
1567 5402 1592 5440 8
1638 5426 1652 5441 .
1712 5402 1836 5449 Vide

250 5449 383 5521 Lam“.
424 5456 477 5495 xl
501 5482 517 5507 ,
546 5440 716 5521 _Hist.
756 5445 977 5521 theolpg.
1006 5449 1122 5521 erit.
1155 5459 1270 5507 sect
1300 5469 1366 5521 ι,
1405 5454 1474 5511 de
1502 5456 1563 5511 S.
1596 5402 1836 5518 gomelio

252 5512 324 5567 Β.
350 5510 431 5579 Ρ.,
456 5513 613 5570 artic.
649 5514 698 5584 1,
729 5531 849 5588 pag.
881 5510 947 5583 ἓξ
970 5519 1059 5574 ubi
1085 5510 1836 5593 integrum'locutnrecitavi:

250 5597 383 5640 Inus

249 5695 259 5725 ε
326 5653 394 5727 (ὅ)
422 5653 590 5727 Idem,
614 5672 701 5727 ep.
727 5674 836 5725 xvr,
871 5669 910 5714 t.
939 5676 1017 5727 ιιι,
1049 5661 1155 5725 col,
1183 5664 1288 5719 722
1314 5683 1369 5722 Α.

421 5721 719 5807 ]qem,§p.
748 5721 841 5795 LII,
872 5740 910 5786 t.
936 5721 1015 5799 ut,
1036 5749 1086 5789 c.
1122 5721 1247 5807 769,
1277 5721 1363 5807 sq,

323 5794 392 5869 (5)
420 5795 588 5865 Idem,
613 5794 708 5869 Ep.
738 5794 893 5870 uix,
925 5812 964 5857 t.
991 5794 1069 5872 iv,
1102 5805 1209 5862 col.
1232 5794 1370 5879 .400,
1400 5826 1519 5885 sqq.

640 5894 919 5957 ΡΔσι-ιιοι..
962 5895 1071 5959 Ill.

1733 324 2121 387 PR/EFATIO.

3444 383 3607 422 XXXIV

2015 446 2401 520 Antonianum,
2437 457 2489 511 in
2524 472 2625 529 qua
2657 462 2922 524 deﬁniens
2949 467 3005 526 S.
3043 472 3240 532 Doctor
3280 478 3599 542 electionem

2008 536 2241 649 Cornelii
2269 562 2389 601 esse
2418 548 2710 620 legitimam
2734 598 2747 622 ,
2783 560 2962 616 subdit
2994 564 3071 635 (4)
3118 585 3131 622 :
3174 590 3191 621 ‹
3222 536 3599 649 Quisquis-iani

2006 630 2305 707 Episcopus
2336 639 2569 717 (Romae)
2598 647 2713 704 ﬁeri
2760 630 3010 722 voluerit,
3054 630 3187 716 loris
3238 663 3326 719 ﬁat
3370 630 3600 731 .necesse

2006 733 2125 779 est:
2162 746 2179 779 ι
2212 740 2267 784 et
2292 732 2400 800 ille,
2429 738 2515 805 qui
2539 750 2755 797 creatus
2782 753 2865 799 est
2894 760 3016 817 post
3060 752 3381 811 electionem
3417 763 3591 830 primi,

2010 833 2028 866 ‹
2064 832 2167 873 non
2189 819 2299 891 jam
2328 828 2595 885 secundus
2639 831 2727 889 ille
2768 837 2865 891 sed
2904 840 3084 897 nullus
3108 853 3209 899 est.
3258 866 3276 899 ι
3313 850 3457 909 llanc
3486 857 3597 925 epi-

2001 912 2149 980 scopi
2207 916 2462 973 unitatem
2507 934 2660 993 urget
2705 926 2927 999 inSnper
2970 932 3026 989 S.
3074 935 3373 1007 Cyprianus
3401 943 3454 1000 in
3498 912 3596 1004 sua

2002 1002 2240 1073 Epistola
2272 1009 2336 1063 ad
2368 1010 2700 1072 Florentium
2734 1020 3068 1094 Puppianum
3104 1002 3205 1102 (-5-).

2073 1094 2291 1152 XXXV.
2325 1100 2573 1175 Episcopi
2599 1112 2841 1180 proprias
2887 1094 3128 1188 regebant
3165 1094 3435 1193 ecclesias,
3475 1148 3592 1189 cum

1999 1203 2248 1245 consensu
2285 1210 2346 1247 ac
2394 1201 2609 1255 consilio
2654 1220 2865 1261 suorum
2897 1216 3437 1292 metropolitanorum,
3471 1229 3595 1283 cieri

1998 1290 2043 1333 et
2071 1284 2344 1351 populi.—-
2372 1288 2621 1362 Episcopi
2645 1301 3115 1361 communicabant
3135 1314 3346 1380 negotia
3366 1332 3588 1376 suarum

1997 1373 2348 1433 ecclesiarum
2380 1396 2485 1436 non
2534 1387 2705 1443 solum
2738 1405 2858 1447 cum
2888 1410 2987 1451 suo
3018 1406 3429 1473 metropolitano
3450 1454 3463 1480 ,
3514 1415 3589 1469 uti

1995 1464 2201 1521 eruitur
2230 1484 2295 1523 ex
2324 1472 2565 1541 pluribus
2594 1479 2850 1549 Epistolis
2870 1486 2924 1541 S.
2949 1464 3224 1561 Cypriani,
3250 1509 3302 1552 et
3323 1464 3592 1574 praecipue

1994 1571 2061 1610 ex
2074 1560 2509 1636 quinquagesima
2524 1574 2698 1638 tertia,
2719 1578 2813 1632 sed
2828 1582 2987 1638 etiam
3003 1599 3121 1640 cum
3137 1589 3280 1646 clero
3296 1610 3357 1649 ac
3371 1600 3588 1667 populo;

3342 1648 3384 1665 κ.
3414 1648 3427 1651 ν
3484 1648 3587 1667 ---,

1993 1648 2117 1705 hinc
2165 1669 2285 1710 cum
2317 1673 2581 1717 consensu
2631 1674 3189 1745 metropolitanorum,
3222 1684 3351 1740 cleri
3400 1648 3462 1743 ac
3494 1707 3587 1761 po-

1992 1744 2098 1811 puli
2148 1760 2274 1804 suas
2319 1755 2576 1823 regebant
2607 1763 2892 1833 ecclesias;
2926 1770 2994 1824 ab
3040 1771 3250 1844 illisque
3297 1744 3582 1841 consilium

1990 1837 2246 1905 petebant
2271 1844 2430 1899 etiam
2463 1863 2560 1917 pro
2582 1850 2935 1915 Ordinatione
2962 1863 3329 1923 ministrorum
3362 1873 3586 1933 inferio-

1995 1944 2133 1984 rum.
2166 1931 2397 1993 Sanctus
2419 1940 2741 2015 Cyprianus,
2767 1951 2898 2006 nihil
2924 1955 3173 2015 obstante
3194 1963 3455 2036 singulari
3486 1987 3586 2029 suo

1995 2024 2209 2091 merito,
2238 2041 2302 2081 ac
2328 2046 2577 2099 suprema
2606 2036 2865 2109 dignitate
2904 2062 3005 2115 qua
3040 2024 3358 2122 fulgebatvin
3405 2063 3580 2119 eccle-

1988 2117 2066 2171 sia
2112 2119 2558 2196 Carthaginensi,
2613 2145 2942 2201 protestatur
2988 2153 3041 2198 et
3086 2117 3217 2202 dicit
3262 2151 3312 2204 in
3354 2156 3583 2223 quadam

1986 2208 2055 2264 ad
2096 2226 2250 2267 suum
2287 2216 2488 2273 clerum
2540 2222 2800 2295 Epistola,
2834 2235 3087 2292 statuisse
3114 2253 3172 2294 se
3218 2256 3247 2295 a
3282 2244 3580 2311 primordio

1986 2302 2327 2375 episcopatus
2353 2310 2457 2379 sui,
2490 2312 2621 2370 nihil
2648 2332 2742 2373 sua
2767 2326 3034 2380 sententia
3072 2330 3321 2398 privatim
3350 2351 3539 2406 gerere
3559 2383 3576 2409 ,

1985 2405 2037 2451 et
2069 2398 2186 2455 sine
2216 2402 2442 2461 consilio
2472 2421 2534 2461 ac
2561 2424 2827 2469 consensu
2873 2418 3005 2474 cieri
3055 2432 3108 2477 et
3157 2425 3347 2494 plebis.
3398 2431 3584 2489 Monet

1984 2492 2127 2549 idem
2156 2509 2375 2555 sanctus
2404 2502 2601 2559 Doctor
2624 2508 2826 2565 clerum
2858 2527 2920 2567 ac
2950 2515 3159 2583 plebem
3193 2536 3344 2577 suam
3377 2525 3444 2581 de
3467 2527 3574 2583 0r-

1982 2586 2258 2647 dinatione
2284 2592 2762 2665 subdiaconorum,
2793 2616 3223 2683 cmterorumque
3251 2618 3571 2679 inferiorum

1985 2680 2362 2740 miniStrorum
2397 2730 2410 2754 ,
2441 2697 2494 2744 et
2521 2694 2807 2750 consilium
2840 2697 2969 2753 cleri
2994 2716 3057 2755 ac
3085 2680 3257 2772 plebis
3285 2708 3384 2764 hac
3417 2727 3581 2783 super

1981 2789 2040 2829 re
2066 2776 2219 2845 petit.
2252 2778 2369 2834 Non
2402 2781 2491 2838 ille
2518 2784 2680 2855 igitur
2709 2798 2827 2843 erat
2854 2790 2909 2845 S.
2941 2791 3244 2863 Cyprianus
3267 2841 3281 2865 ,
3317 2802 3407 2871 qui
3438 2776 3575 2863 dure

1980 2867 2141 2924 nimis
2161 2883 2376 2943 regeret
2405 2877 2695 2933 ecclesiam
2725 2895 2899 2947 suam,
2921 2893 2974 2939 et
2993 2901 3059 2941 ex
3087 2902 3294 2945 summa
3328 2894 3444 2965 ejus
3476 2898 3579 2953 hu-

1978 2962 2208 3020 militate
2234 2966 2550 3038 edocemur,
2582 2970 2887 3030 litteraliter
2918 2986 2970 3033 et
2996 2979 3239 3050 rigorose
3280 2962 3439 3043 nimis
3467 3006 3575 3047 non

1979 3071 2101 3113 esse
2127 3057 2439 3129 accipienda
2462 3078 2583 3133 quae
2612 3065 2800 3121 scribit
2824 3067 2965 3124 idem
2990 3085 3209 3129 sanctus
3241 3077 3440 3135 Doctor
3464 3083 3573 3139 alio

1980 3148 2121 3215 loco,
2146 3153 2461 3225 episcopum
2490 3158 2698 3214 scilicet
2721 3176 2751 3215 a
2774 3163 2991 3219 nemine
3020 3168 3276 3236 pendere,
3312 3172 3411 3243 ipsi
3440 3191 3569 3232 con-

1976 3256 2187 3299 cessam
2227 3260 2350 3302 esse
2396 3246 2732 3319 libertatem,
2768 3262 2822 3309 et
2849 3255 3114 3314 rationem
3158 3271 3313 3317 actus
3358 3266 3440 3320 sui
3470 3269 3572 3325 soli

1976 3335 2206 3393 Domino
2235 3354 2357 3396 esse
2386 3341 2749 3399 redditurum.

2044 3428 2288 3486 XXXVI.
2344 3433 2721 3507 Episwporum
2772 3442 3048 3498 concilium
3100 3451 3373 3516 quotannis
3441 3456 3570 3512 cele-

1972 3524 2172 3580 bratum
2202 3527 2270 3580 ad
2290 3530 2493 3600 negotia
2510 3531 2763 3589 Ecclesia:
2789 3538 3212 3608 disponenda.-—-
3232 3546 3290 3601 lu
3312 3547 3566 3608 Africana

1969 3621 2200 3678 ecclesia
2228 3623 2469 3693 episcopi
2499 3626 2661 3682 simul
2684 3634 3080 3690 conveniebant
3100 3637 3165 3692 ad
3190 3642 3440 3710 graviora
3464 3646 3567 3703 Ec-

1968 3716 2148 3771 clesiae
2174 3719 2388 3788 negotia
2420 3718 2754 3791 disponenda
2773 3768 2788 3794 ,
2816 3735 2874 3781 ut
2901 3727 3063 3785 docet
3090 3731 3147 3787 S.
3179 3732 3481 3806 Cyprianus
3510 3742 3563 3797 in

1967 3810 2196 3879 quadam
2225 3813 2450 3882 epistola
2481 3816 2547 3869 ad
2576 3832 2731 3873 suum
2761 3821 2990 3890 clerum,
3023 3842 3141 3896 quae
3173 3838 3257 3883 est
3285 3832 3563 3903 trigesima

1965 3904 2202 3960 secunda
2233 3906 2486 3962 editionis
2508 3910 2836 3969 Oxoniensis
2864 3924 2918 3970 et
2948 3916 3169 3975 Pamelii
3201 3920 3303 3993 (6).
3334 3923 3397 3978 lii
3430 3941 3561 3983 vero

1963 4006 2263 4055 conventus
2280 4014 2373 4055 seu
2398 4000 2514 4057 hare
2538 4006 2764 4061 concilia
2793 4011 3079 4078 quotannis
3101 4012 3243 4069 circa
3266 4014 3400 4070 festa
3428 4017 3558 4075 Pas-

1960 4088 2133 4143 chalia
2164 4090 2427 4146 celebrari
2455 4107 2853 4153 consueverant
2880 4117 2893 4151 :
2924 4118 2942 4150 α
2976 4101 3373 4163 Persecutionis
3401 4111 3557 4167 istius

1962 4181 2254 4236 novissima
2285 4182 2400 4237 haec
2426 4193 2540 4249 est,
2567 4195 2621 4240 et
2649 4197 2890 4243 extrema
2924 4196 3169 4259 lentatio,
3202 4216 3222 4248 ι
3249 4198 3417 4267 inquit
3445 4202 3551 4273 Cy-

1958 4274 2201 4345 prianus,
2236 4292 2257 4326 ‹
2280 4290 2401 4346 (ιυξῆ
2428 4286 2481 4331 et
2508 4277 2622 4347 ipsa
2643 4279 2751 4335 cito
2782 4279 3010 4338 Domino
3041 4296 3353 4358 protegente
3377 4300 3551 4349 trans-

1957 4365 2093 4433 ibit,
2126 4375 2182 4421 ut
2230 4378 2590 4438 repraesenter
2634 4371 2789 4428 vobis
2817 4382 2941 4443 post
2984 4376 3203 4435 Paschze
3238 4380 3380 4441 diem
3424 4400 3549 4443 cum

1955 4461 2177 4533 collegis
2204 4462 2377 4531 meis,
2406 4464 2601 4534 quibus
2646 4467 3003 4537 praesentibus
3050 4477 3350 4533 secundum
3402 4482 3548 4539 arbi-

1953 4554 2114 4610 trium
2138 4570 2352 4627 quoque
2373 4565 2635 4627 vestrum,
2659 4569 2710 4615 et
2732 4562 2971 4618 omnium
2995 4575 3235 4624 nostrum
3260 4586 3548 4634 commune

1952 4650 2260 4718 consilium,
2283 4651 2422 4706 sicut
2443 4653 2611 4710 semel
2641 4654 2858 4724 placuit,
2887 4672 2947 4713 ea
2976 4675 3099 4729 quae
3142 4665 3348 4734 agenda
3397 4678 3541 4736 sunt,

1951 4741 2240 4814 disponere
2277 4745 2479 4815 pariter
2505 4755 2558 4801 et
2586 4747 2776 4803 limare
2808 4751 3107 4819 poterimus
3142 4754 3240 4828 (7).
3274 4758 3543 4826 Quoniam

1950 4836 2278 4906 scripsistis,
2318 4855 2338 4889 ι
2388 4837 2562 4909 inquit
2589 4840 2728 4896 idem
2774 4842 2831 4897 S.
2865 4843 3067 4900 Doctor
3094 4846 3204 4919 (8),
3263 4868 3281 4901 ‹
3338 4862 3395 4908 ut
3420 4869 3540 4911 cum

1949 4927 2192 5000 pluribus
2217 4928 2439 5001 collegis
2464 4930 2533 4986 de
2554 4930 2657 4987 hoc
2692 4934 2811 5003 ipso
2840 4934 3153 5004 plenissime
3182 4948 3409 4998 tractem
3433 4987 3447 5009 ,
3486 4956 3541 5001 et

1947 5038 2037 5080 res
2077 5032 2221 5078 tanta
2280 5024 2445 5093 exigit
2484 5025 2659 5095 majus
2698 5034 2753 5081 et
2794 5027 3089 5096 impensius
3133 5032 3201 5086 de
3246 5035 3535 5091 multorum

1947 5117 2237 5174 collatione
2260 5116 2545 5172 consilium
2568 5158 2582 5181 ,
2611 5126 2666 5172 ct
2696 5131 2838 5172 nunc
2866 5133 3056 5175 omnes
3083 5120 3196 5176 fere
3226 5122 3366 5178 inter
3410 5125 3543 5182 Pas-

1946 5209 2063 5267 cha:
2091 5210 2259 5280 prima
2288 5208 2551 5265 solemnia
2578 5208 2717 5278 apud
2741 5223 2800 5263 se
2822 5224 2943 5263 cum
2971 5210 3227 5267 fratribus
3248 5213 3536 5274 demoran-

1946 5313 2067 5368 tur;
2099 5302 2313 5374 quando
2338 5302 2665 5357 solemnitati
2694 5301 3035 5359 celebrandae
3061 5307 3202 5376 apud
3227 5325 3354 5366 suos
3378 5314 3537 5369 satis-

1944 5395 2173 5451 fecerint
2193 5402 2248 5448 et
2267 5393 2333 5448 ad
2358 5407 2444 5448 me
2472 5394 2658 5448 venire
2684 5392 2970 5463 coeperint,
3005 5401 3249 5455 tractabo
3271 5416 3392 5458 cum
3418 5404 3533 5461 sino

1940 5488 2080 5561 gulis
2121 5487 2364 5558 plenius,
2416 5496 2473 5542 ut
2524 5486 2592 5542 de
2640 5500 2706 5542 eo
2744 5486 2886 5559 quod
2912 5491 3291 5564 consuluistis,
3339 5494 3536 5569 ﬁgatur

2037 5675 2091 5745 6)
2119 5675 2287 5744 Idem,
2321 5675 2419 5748 Ep.
2454 5695 2599 5735 χχχιι
2622 5722 2637 5746 ,
2672 5689 2800 5736 tom.
2834 5698 2909 5745 IV,
2941 5683 3047 5738 col.
3076 5685 3183 5742 306
3215 5703 3264 5742 ι.

2512 5793 2530 5886 ί
2623 5768 2713 5886 11:".
2810 5754 3171 5886 2rEis-5878c:esea.
3244 5818 3249 5827 ’

2038 5820 2071 5875 8

2036 5749 2089 5827 ἶ)
2121 5749 2395 5827 |_d_em_Ep.
2424 5767 2526 5819 xu,
2558 5759 2597 5807 t.
2623 5768 2701 5822 tv,
2726 5769 2774 5809 c.
2810 5754 2914 5827 358
2940 5771 3002 5820 Β,
3034 5772 3084 5812 c.
3244 5818 3249 5827 ,

2121 5750 2263 5806 Idem
2291 5749 2395 5821 Ep.
2424 5767 2526 5819 xu,
2558 5759 2597 5807 t.
2623 5768 2701 5822 tv,
2726 5769 2774 5809 c.
2810 5754 2914 5809 358
2940 5771 3002 5820 Β,
3034 5772 3084 5812 c.

2072 5748 2093 5894 ζ
2126 5820 2228 5891 Id.,
2263 5821 2365 5894 Ep.
2404 5840 2530 5892 Lm,
2565 5832 2604 5881 t.
2638 5841 2713 5897 tv,
2741 5840 2794 5882 c.
2828 5826 2933 5883 547
2958 5843 2987 5883 c
3010 5868 3025 5893 ,
3055 5843 3171 5899 seq.

3009 5936 3055 5985 ιι
