4242 6270
514 305 655 343 XXXV

514 405 656 472 apud
689 419 817 467 nos,
857 412 908 458 ct
940 406 1267 459 rescribatur
1297 407 1446 460 vobis
1480 406 1631 460 firma
1660 409 1947 473 sententia,
1983 413 2119 463 utul-

528 510 704 551 tot'nm
738 497 1074 551 sacerdotum
1106 499 1333 552 Consilio
1365 498 1680 568 ponderata.
1724 519 1742 552 ι

595 614 858 669 XXXVII.
886 611 1127 683 Episcopi
1154 615 1206 667 in
1236 613 1384 669 rebus
1416 617 1628 687 majoris
1656 616 1901 671 momenti
1922 617 1983 671 ab
2005 618 2123 672 aliis

521 707 774 774 episcopis
816 720 933 757 suas
978 705 1257 761 decisiouet
1294 708 1575 773 mittebant,
1634 709 1891 779 prwcipuc
1920 709 1985 763 ad
2018 709 2124 765 Ro-

533 814 743 851 manum
768 796 1178 867 Episcopum.——
1196 798 1251 853 In
1270 798 1430 853 rcbus
1445 800 1666 869 majoris
1709 803 1966 856 momenti
1990 800 2120 872 Epi-

521 891 673 961 scopi
702 890 868 945 etiam
896 890 947 944 itt
976 890 1207 945 concilio
1234 893 1544 963 congregati
1575 892 1639 947 ad
1672 892 1807 948 alios
1836 892 2121 963 episcopos

517 998 645 1039 suas
676 982 983 1037 decisiones
1015 984 1330 1051 mittebant,
1367 982 1728 1055 praestolaturi
1780 986 1847 1041 ab
1896 985 1961 1040 iis
2008 994 2121 1041 tum

518 1075 834 1141 consilium,
868 1083 979 1129 tum
1007 1088 1336 1131 consensum
1366 1077 1680 1133 earumdem
1705 1118 1719 1144 ,
1759 1078 1825 1132 ad
1857 1078 2115 1135 sacerdoo

522 1169 686 1224 talem
718 1167 1100 1223 auctoritatem
1121 1210 1135 1236 ,
1166 1178 1220 1223 et
1249 1169 1315 1223 ad
1344 1169 1605 1225 Ecclesia:
1634 1168 1917 1225 catholica:
1945 1169 2122 1225 unita-

518 1268 630 1315 tem
682 1260 882 1330 pariter
928 1273 992 1313 ac
1042 1259 1356 1330 dignitatem
1405 1262 1597 1330 partim
1650 1262 2118 1329 manifestandam,

522 1352 715 1421 partim
759 1352 1202 1406 consecrandam.
1257 1354 1298 1407 A
1346 1352 1592 1407 Romano
1638 1353 1895 1424 episcopo
1942 1363 2121 1410 autem

520 1444 760 1503 Africani
790 1443 1062 1515 praecipue
1092 1444 1347 1515 petebant
1372 1444 1661 1500 consilium
1690 1452 1743 1500 et
1770 1460 2118 1513 consensum;

520 1546 732 1593 constat
762 1536 863 1592 hoc
890 1552 955 1592 ex
988 1536 1234 1607 Epistola
1264 1552 1407 1592 Lxxtt
1441 1538 1499 1594 S.
1530 1537 1787 1610 Cypriani
1817 1538 1884 1594 ad
1909 1539 1968 1595 S.
1999 1538 2122 1595 Ste-

521 1630 757 1699 phanum
778 1671 793 1695 ,
824 1630 877 1684 in
904 1645 1009 1700 qua
1038 1628 1155 1685 [1:130
1200 1641 1494 1686 occurrunt
1538 1629 1620 1702 (1)
1652 1650 1664 1684 :
1701 1650 1721 1685 ι
1760 1631 1840 1687 Ad
1872 1630 2120 1703 quaedam

522 1719 884 1792 disponenda,
917 1731 972 1776 et
1001 1720 1215 1776 consilii
1244 1724 1546 1778 communis
1574 1723 2028 1780 examinationem
2056 1722 2119 1779 li-

519 1816 718 1870 manda
737 1856 751 1882 ,
777 1828 1003 1870 necesse
1047 1812 1335 1870 habuimus
1356 1859 1369 1882 ,
1402 1815 1573 1871 frater
1602 1815 1929 1873 charissime
1950 1860 1966 1887 ,
1994 1831 2122 1874 con-

517 1906 864 1964 venientibus
893 1906 948 1962 in
998 1922 1161 1962 unum
1208 1908 1451 1978 pluribus
1478 1908 1851 1965 sacerdotibus
1875 1952 1889 1977 ,
1925 1924 2121 1983 cogere

519 2012 575 2057 et
603 2000 888 2058 celebrare
934 2000 1262 2066 concilium,
1311 2000 1367 2055 in
1413 2014 1520 2073 quo
1550 2001 1717 2057 multa
1747 2002 1963 2074 quidem
1997 2016 2121 2076 pro-

516 2094 623 2148 lata
667 2102 830 2164 atque
883 2102 1151 2149 transacta
1200 2101 1374 2148 sunt:
1417 2094 1511 2149 sed
1561 2094 1629 2149 de
1676 2108 1742 2150 eo
1771 2096 1853 2149 vel
1888 2096 2121 2151 maxime

518 2185 613 2240 tibi
642 2184 1022 2253 scribendum,
1060 2195 1113 2239 et
1158 2194 1281 2239 cum
1313 2194 1400 2239 tua
1448 2188 1716 2255 gravitate
1765 2199 1827 2241 ac
1853 2187 2118 2257 sapientia

517 2276 909 2332 conferendum
930 2275 1055 2343 fuit,
1086 2276 1229 2346 quod
1253 2277 1423 2347 magis
1452 2277 1737 2347 pertineat,
1770 2286 1826 2333 et
1851 2278 1915 2333 ad
1942 2293 2123 2334 sacer.

521 2368 759 2425 dotalem
788 2370 1192 2436 auctoritatem,
1224 2378 1278 2424 et
1305 2370 1371 2424 ad
1402 2369 1662 2425 Ecclesiae
1689 2370 1973 2428 catholicae
2001 2373 2123 2427 uni-

524 2470 691 2517 tatem
723 2462 925 2531 pariter
952 2469 1007 2516 et
1037 2461 1357 2531 dignitatem
1380 2502 1393 2525 ,
1425 2462 1494 2517 de
1521 2462 1716 2517 divinat
1748 2463 2121 2533 dispositionis

517 2555 860 2612 ordinatione
884 2556 1214 2619 venientem,
1241 2570 1335 2611 eos
1357 2558 1446 2626 qui
1470 2558 1577 2611 sint
1598 2554 1729 2612 foris
1751 2567 1906 2613 extra
1931 2558 2119 2615 Eccle-

516 2648 653 2703 siam
687 2647 866 2712 tincti,
896 2654 952 2703 et
976 2648 1118 2718 apud
1150 2649 1434 2704 haereticos
1459 2658 1514 2704 et
1539 2651 1916 2707 schismatieos
1943 2653 2120 2723 profa-

521 2756 605 2797 nae
635 2755 790 2812 aqua:
839 2741 960 2795 labe
1006 2740 1295 2807 maculati,
1345 2743 1562 2812 quando
1586 2743 1654 2798 ad
1687 2757 1820 2809 nos,
1854 2753 2016 2816 atque
2048 2745 2118 2800 ad

522 2833 861 2897 Ecclesium,
907 2848 1028 2902 qua:
1078 2848 1182 2888 una
1226 2843 1341 2898 est,
1374 2835 1642 2901 venerint,
1673 2835 1930 2904 baptizari
1960 2850 2120 2906 opor-

516 2936 666 2994 tere;
697 2942 764 2983 eo
794 2928 935 2998 quod
962 2943 1149 2997 parum
1176 2930 1246 2983 sit
1273 2930 1352 2983 eis
1380 2944 1595 2984 manum
1625 2932 1907 2999 imponere
1930 2932 1997 2986 ad
2020 2944 2118 2986 cx-

521 3021 829 3092 cipiendum
864 3020 1125 3092 Spiritum
1167 3034 1411 3077 sanctum
1435 3065 1450 3090 ,
1498 3023 1602 3079 nisi
1631 3026 1898 3095 accipiant
1933 3035 1987 3081 et
2016 3026 2120 3082 Ec-

517 3115 702 3170 clesiae
726 3114 1133 3185 Baptismum...
1164 3114 1288 3169 liazc
1314 3116 1380 3170 ad
1405 3117 1790 3172 conscientiam
1816 3128 1982 3185 tuam,
2011 3118 2119 3176 fra-

520 3216 605 3261 ter
630 3205 989 3271 charissime,
1019 3217 1074 3260 et
1105 3220 1201 3275 pro
1230 3207 1435 3263 honore
1458 3211 1753 3277 communi,
1781 3222 1836 3267 et
1859 3224 1958 3282 pro
1983 3213 2116 3268 sim-

514 3298 644 3369 plici
675 3297 965 3352 dilectione
990 3299 1311 3368 pertulimus
1332 3341 1347 3365 ,
1377 3301 1665 3358 credentes
1691 3304 1859 3359 etiam
1889 3304 1982 3359 tibi
2017 3318 2115 3376 pro

516 3388 795 3459 religionis
823 3400 925 3444 tua:
953 3398 1006 3445 et
1038 3390 1163 3444 fidei
1197 3394 1429 3448 veritate
1475 3394 1721 3464 placere,
1753 3410 1875 3466 quae
1906 3404 1961 3453 et
1989 3398 2117 3453 reli-

517 3482 667 3552 giosa
697 3485 897 3552 pariter
923 3493 978 3537 et
1010 3497 1139 3538 vera
1177 3493 1321 3540 sunt.
1365 3503 1385 3538 ι
1415 3486 1687 3558 Colligunt
1716 3490 1839 3545 inde
1865 3492 2113 3561 quidam,

515 3574 626 3644 jam
654 3590 770 3628 sevo
798 3572 1056 3645 Cypriani
1090 3577 1140 3629 in
1171 3592 1271 3632 usu
1302 3578 1490 3644 fuisse,
1519 3589 1579 3635 ut
1604 3584 1843 3653 episcopi
1871 3584 1924 3638 in
1955 3599 2119 3657 syno-

516 3666 601 3721 dis
630 3668 945 3737 congregati
973 3667 1452 3726 conﬁrmationem
1479 3687 1702 3729 suorum
1734 3672 2077 3732 decretorum
2097 3721 2110 3746 ,

516 3774 635 3830 qua:
663 3758 717 3813 in
760 3759 1008 3816 conciliis
1038 3760 1249 3817 fuerant
1269 3761 1501 3832 firmata,
1523 3782 1552 3820 a
1581 3766 1827 3825 Romano
1856 3769 2117 3828 Pontifice

518 3851 793 3923 petierint.

598 3962 886 4021 XXXVIII.
941 3966 1133 4023 Nullus
1187 3972 1474 4043 episcOpus,
1533 3975 1632 4029 nisi
1691 3977 2008 4047 gravissimis
2057 3978 2119 4035 de

524 4058 695 4112 causis
717 4060 1004 4115 rescindere
1017 4070 1215 4133 poterat
1232 4081 1347 4134 quia
1369 4066 1431 4119 ab
1447 4067 1549 4121 alio
1563 4068 1799 4140 episcOpo
1821 4080 1933 4125 acta
1951 4078 2112 4131 erant.

522 4150 728 4208 —-Nec
775 4153 876 4223 ipsi
916 4155 1330 4226 metropolitano
1370 4162 1696 4230 permissum
1737 4175 1873 4234 erat,
1916 4166 2119 4239 absque

521 4246 850 4316 gravissimis
878 4250 1075 4314 causis,
1103 4251 1409 4308 rescindere
1433 4271 1551 4325 quac
1580 4257 1648 4311 ab
1670 4254 1849 4329 aliquo
1874 4261 1981 4317 alio
2008 4265 2121 4333 epi-

522 4352 690 4407 scopo
715 4351 834 4392 aeta
864 4349 1037 4392 erant.
1069 4336 1180 4395 Hac
1206 4342 1274 4397 de
1304 4358 1464 4398 causa
1483 4346 1537 4401 S.
1556 4345 1856 4417 Cyprianus
1874 4352 2123 4425 objurgat

522 4430 873 4499 Therapium,
904 4438 961 4483 ut
988 4439 1202 4485 constat
1254 4447 1321 4487 ex
1367 4435 1484 4503 ejus
1538 4437 1777 4507 Epistola
1828 4458 1911 4497 ιιι
1942 4443 2004 4516 (ι.
2040 4461 2118 4516 ιιι,

524 4538 574 4577 c.
607 4522 859 4593 1014,10.
888 4523 1028 4576 Alibi
1048 4522 1401 4594 (2)0bservat
1425 4529 1480 4585 S.
1501 4530 1837 4601 Cyprianus:
1861 4551 1981 4593 esse
2012 4554 2121 4596 non

525 4626 685 4682 posse
710 4630 728 4663 ι
755 4613 894 4667 inter
920 4615 1204 4683 episcopos
1223 4636 1241 4667 ι
1267 4632 1488 4674 sensum
1510 4623 1808 4692 diversum,
1844 4630 1895 4683 in
1925 4632 2120 4700 quibus

526 4719 664 4760 unus
692 4714 776 4760 est
797 4704 1050 4775 Spiritus,
1075 4716 1128 4762 et
1146 4708 1267 4765 ideo
1290 4713 1629 4770 manifestum
1651 4729 1733 4774 est
1754 4736 1876 4778 eum
1893 4724 2123 4796 Spiritus

523 4797 697 4851 sancti
725 4798 1005 4852 veritatem
1037 4812 1159 4853 cum
1190 4806 1405 4860 caeteris
1436 4823 1542 4862 non
1575 4816 1793 4880 tenere,
1847 4832 2009 4887 quem
2040 4818 2121 4875 vi-

525 4889 716 4945 demus
760 4889 972 4943 diversa
1020 4893 1247 4949 sentire.
1288 4914 1307 4947 )
1350 4896 1416 4951 Et
1448 4906 1629 4955 tamen
1658 4912 1844 4973 postea
1876 4908 2123 4969 diversus

523 4983 669 5038 inter
712 4982 1043 5053 Cyprianum
1076 4993 1131 5039 et
1159 4984 1496 5059 Stephanum
1525 5007 1718 5051 sensus
1748 4996 1847 5054 fuit
1874 5000 1927 5055 in
1960 5014 2121 5061 causa

526 5073 787 5145 Baptismi
820 5076 1197 5134 hzereticorum
1230 5098 1242 5134 :
1274 5082 1371 5138 sed
1421 5083 1538 5141 bace
1566 5084 1719 5145 facile
1768 5095 2124 5154 reconcilian-

529 5176 638 5232 tur,
672 5167 719 5221 si
741 5167 986 5223 dicamus
1012 5168 1281 5228 laudatam
1323 5174 1381 5231 S.
1407 5175 1658 5249 Cypriani
1688 5187 2009 5243 sententiam
2035 5189 2121 5245 in-

530 5259 935 5329 terpretandam
965 5276 1087 5318 esse
1113 5264 1183 5319 de
1213 5268 1376 5323 rebus
1405 5269 1530 5326 fidei
1558 5313 1572 5339 ,
1604 5274 1679 5328 uti
1714 5278 1999 5337 contextus
2025 5282 2123 5339 doc

523 5359 643 5414 cet,
677 5365 783 5405 non
815 5366 945 5406 vero
972 5352 1040 5407 de
1069 5356 1233 5411 rebus
1264 5358 1585 5432 disciplina.

597 5464 842 5522 XXXIX.
864 5466 1105 5541 Episc0pi
1130 5473 1320 5530 litteras
1337 5481 1405 5531 ad
1433 5498 1486 5534 se
1512 5482 1719 5538 invicem
1741 5488 2018 5544 mittebant.
2050 5522 2123 5533 —

524 5556 928 5614 Consueverant
948 5560 1188 5634 episcopi
1208 5566 1309 5620 sibi
1324 5567 1555 5627 invicem
1575 5576 1813 5633 scribere
1835 5580 1886 5633 in
1906 5583 2120 5653 signum

596 5712 678 5853 (ig
708 5714 989 5838 Cdyprian.,
1023 5717 1121 5788 Ep.
1151 5735 1330 5788 Lxxn,
1362 5732 1400 5777 t.
1438 5741 1524 5795 nt,
1559 5744 1607 5781 c.
1640 5724 1798 5788 1046.

600 5784 654 5853 (2
705 5783 725 5837 1
776 5825 814 5849 .,
849 5784 945 5853 Ep.
978 5803 1127 5845 vau
1153 5832 1167 5853 ,
1202 5800 1331 5847 tom.
1366 5810 1461 5853 ιιι.
1490 5812 1540 5853 c.
1570 5799 1674 5853 99'!
1702 5820 1751 5853 Α.

600 5783 676 5853 (2)
705 5783 814 5849 ld.,
849 5784 945 5853 Ep.
978 5783 1127 5845 vatt
1153 5832 1167 5859 ,
1202 5783 1331 5847 tom.
1366 5810 1461 5865 ιιι,
1490 5783 1540 5853 ὁ.
1570 5783 1751 5856 sai";

1953 292 2338 351 PR/EF'ATIO.

3665 322 3820 368 XXXVI

2231 419 2428 466 muttire
2457 410 2871 480 communionis;
2902 422 2956 470 et
2998 416 3137 483 ideo,
3170 430 3295 474 cum
3335 432 3509 475 novus
3540 433 3818 478 crearetur

2226 504 2532 574 cpiscopus,
2564 492 2745 560 caueri
2778 507 2843 562 de
2888 506 3007 578 ejus
3052 508 3156 564 fide
3183 524 3249 565 ac
3275 513 3476 582 pietate
3503 514 3699 569 instrui
3728 531 3821 572 cu-

2229 596 2440 649 rabaut.
2491 596 2663 650 Prima
2717 597 2939 667 hujusce
2988 599 3287 671 disciplinae
3334 619 3459 675 pars
3506 607 3715 663 eruitur
3754 624 3821 664 ex

2225 689 2453 757 cpistola
2484 705 2629 744 LXVII
2683 690 2938 763 Cypriani
2970 694 3036 748 ad
3063 694 3418 765 Stephanum,
3450 700 3503 754 in
3532 715 3635 771 qua
3660 702 3816 775 (tom.

2230 797 2307 849 ιιι,
2340 785 2445 839 col.
2494 783 2604 840 998
2635 788 2728 856 Α),
2775 790 2893 841 ιιωο
2947 789 3261 846 habentur:
3296 812 3314 843 ι
3368 792 3617 865 Signiflca
3670 798 3825 853 nobis

2229 877 2386 946 plane
2408 880 2526 949 quis
2552 880 2602 933 in
2637 881 2813 935 locum
2842 879 3100 939 Marciani
3130 887 3346 943 Arelate
3375 887 3538 944 fuerit
3567 888 3827 946 substitu-

2229 978 2317 1025 tus
2338 1013 2351 1038 ,
2382 980 2442 1027 ut
2462 974 2696 1030 sciamus
2725 974 2793 1030 ad
2836 990 2996 1046 quem
3030 974 3226 1036 fratres
3256 989 3469 1039 nostros
3499 983 3733 1055 dirigere
3772 993 3827 1041 et

2228 1063 2312 1116 cui
2344 1066 2585 1121 scribere
2630 1066 2944 1123 debeamus.
2986 1086 3005 1122 ι
3058 1068 3307 1127 Secunda
3360 1090 3492 1131 vero
3539 1090 3608 1131 ex
3656 1078 3826 1133 altera

2227 1154 2466 1224 ejusdem
2520 1160 2691 1213 sancti
2750 1160 3001 1217 Doctoris
3030 1164 3258 1232 epistola
3309 1166 3375 1221 ad
3424 1167 3481 1224 S.
3513 1165 3822 1225 Cornelium

2226 1262 2419 1317 papam
2443 1291 2457 1316 ,
2495 1266 2616 1320 qum
2639 1248 2692 1306 in
2725 1244 2827 1308 hac
2847 1251 3087 1310 editione
3118 1265 3203 1312 cst
3229 1273 3456 1315 numero
3486 1262 3823 1334 quinquage-

2224 1340 2361 1395 sima
2388 1343 2572 1413 quinta
2605 1346 2665 1417 (t.
2700 1362 2794 1413 ιιι,
2824 1348 2930 1403 col.
2958 1348 3066 1404 809
3095 1348 3173 1423 Α).

2300 1433 2405 1489 Has
2435 1450 2564 1492 vero
2592 1436 2849 1507 epistolas
2880 1440 3167 1498 mittebant
3193 1458 3292 1515 per
3318 1445 3549 1503 clericos
3569 1489 3583 1516 ,
3619 1458 3677 1504 ut
3696 1464 3827 1506 con-

2223 1531 2331 1579 stat
2371 1540 2437 1580 ex
2470 1526 2712 1598 Epistola
2748 1546 2896 1599 xxxv,
2924 1534 3016 1590 ubi
3062 1536 3128 1607 (t.
3155 1552 3228 1603 tv,
3261 1553 3311 1593 c.
3334 1536 3444 1595 287
3474 1542 3530 1610 B)
3573 1540 3690 1597 haec
3736 1556 3828 1597 oc-

2226 1626 2486 1672 currunt:
2512 1637 2530 1671 ‹
2560 1618 2631 1673 Et
2650 1621 2907 1690 quoniam
2929 1627 3171 1693 oportuit
3198 1644 3283 1684 me
3314 1644 3413 1700 per
3432 1630 3662 1687 clericos
3687 1634 3826 1690 scri-

2226 1705 2386 1775 bere,
2420 1710 2534 1764 scio
2581 1720 2762 1767 autem
2804 1723 3023 1770 nostros
3076 1718 3339 1787 plurimos
3385 1723 3639 1781 absentes
3664 1740 3823 1791 esse.

2226 1815 2425 1869 paucos
2466 1800 2555 1871 qui
2582 1798 2694 1859 illic
2720 1815 2847 1860 sunt
2874 1806 2964 1862 vix
2992 1808 3060 1863 ad
3107 1810 3469 1868 ministerium
3517 1818 3825 1885 quotidiani

2225 1892 2408 1961 operis
2432 1892 2715 1962 sufficere,
2752 1912 2978 1955 necesse
3004 1901 3102 1955 fuit
3151 1917 3323 1958 novos
3365 1905 3576 1977 aliquos
3619 1911 3827 1964 consti-

2226 1992 2378 2042 tuere
2403 1987 2493 2055 qui
2523 1989 2885 2046 mitterentur.
2931 2012 2949 2044 ι
2989 1993 3055 2048 Ει
3081 2010 3145 2049 ex
3174 1996 3346 2053 altera
3377 1999 3444 2054 ad
3478 2001 3820 2071 Successum,

2225 2094 2345 2147 qua:
2390 2089 2472 2135 est
2518 2097 2745 2139 numero
2776 2102 2959 2141 Luxu
2986 2129 3000 2151 ,
3035 2088 3219 2159 in'qua
3267 2091 3327 2163 (t.
3357 2109 3409 2147 tv
3434 2136 3448 2159 ,
3481 2095 3587 2151 col.
3617 2097 3725 2154 429
3770 2098 3823 2171 ιι)

2227 2168 2341 2225 hmc
2368 2173 2555 2229 scribit
2600 2176 2861 2233 Successo
2894 2198 2905 2231 :
2944 2198 2961 2231 ι
3000 2178 3069 2236 Ut
3103 2196 3209 2238 non
3257 2186 3413 2242 vobis
3440 2187 3492 2242 in
3524 2168 3827 2246 continenti

2224 2264 2551 2336 scriberem,
2582 2267 2750 2325 frater
2780 2268 3128 2340 charissime,
3184 2274 3275 2331 illa
3322 2294 3411 2334 res
3458 2280 3623 2347 fecit,
3676 2282 3822 2353 quod

2225 2358 2465 2413 universi
2514 2360 2696 2416 clerici
2724 2363 2825 2418 sub
2868 2365 2976 2420 ictu
3016 2367 3205 2438 agonis
3245 2371 3526 2427 constituti
3569 2374 3825 2431 recedere

2224 2448 2423 2507 isthinc
2451 2454 2673 2509 omnino
2704 2471 2811 2511 non
2841 2467 3112 2527 poterant.
3154 2479 3172 2512 ι

2295 2542 2407 2599 XL.
2452 2543 2871 2621 Cferus‘regebat
2912 2553 3176 2607 ecclesiam
3224 2555 3429 2612 absente
3463 2559 3721 2631 episcopo.
3753 2591 3824 2602 —-

2223 2638 2463 2696 Absente
2491 2641 2767 2714 episcopo.
2800 2660 2907 2699 non
2936 2646 3130 2717 aliquis
3169 2648 3468 2721 alienigena
3510 2654 3820 2724 episcopus,

2222 2730 2316 2786 sed
2376 2730 2555 2788 clerus
2608 2732 2832 2806 regebat
2878 2736 3187 2797 ecclesiam.
3237 2740 3392 2799 Patet
3440 2744 3544 2800 hoc
3591 2762 3657 2802 ex
3708 2747 3824 2817 epi-

2222 2823 2360 2879 stola
2413 2842 2577 2881 xxxnv
2640 2826 2896 2900 Cypriani
2947 2831 3013 2887 ad
3072 2834 3416 2906 presbyteros
3462 2846 3516 2893 et
3565 2838 3823 2895 diaconos

2222 2914 2696 2990 Carthaginenses.
2727 2920 2785 2976 In
2816 2938 2879 2978 ea
2908 2923 3171 2995 siquidem
3211 2926 3439 2999 legimus
3466 2932 3607 3001 quod
3631 2931 3823 2988 Caium

2222 3007 2550 3066 Diddensem
2597 3016 2980 3071 communione
3019 3032 3115 3072 sua
3162 3021 3451 3077 removerit
3481 3022 3660 3079 clerus
3686 3024 3822 3081 Caro

2224 3102 2552 3175 thaginensis
2572 3105 2671 3179 (i).
2701 3108 2830 3165 Dein
2862 3111 3062 3167 scimus
3090 3114 3255 3184 quod,
3279 3112 3534 3173 defuncto
3560 3116 3821 3187 Fabiano,

2221 3194 2398 3252 clerus
2422 3197 2699 3256 Romanus
2731 3201 2873 3258 illam
2904 3205 3213 3276 ecclesiam,
3249 3221 3468 3265 vacante
3496 3209 3647 3280 sedc,
3676 3212 3824 3269 dire-

2220 3289 2362 3344 xerit
2391 3289 2493 3365 (ε).

2292 3380 2435 3438 Nihil
2481 3392 2731 3454 poterant
2771 3386 3012 3460 episcopi
3044 3391 3097 3447 in
3133 3390 3458 3451 dioecesibus
3502 3406 3823 3456 cmterorum

2221 3473 2603 3549 episc0porum
2649 3480 2853 3551 absque
2901 3482 3192 3540 diceet-sani
3223 3486 3621 3559 permissione;
3676 3492 3825 3549 lucu-

2221 3569 2517 3626 lentissime
2554 3569 2606 3626 id
2637 3573 2903 3629 evincitur
2935 3585 3044 3630 tum
3097 3594 3164 3633 ex
3215 3576 3453 3648 Epistola
3475 3580 3541 3637 ad
3586 3582 3823 3641 Chalda-

2223 3661 2367 3716 niutn
2411 3670 2467 3719 et
2511 3660 2913 3736 Ilerculanum,
2967 3682 3102 3740 quos
3145 3681 3331 3740 utpote
3375 3675 3656 3747 episcopos
3688 3687 3824 3733 tam-

2221 3770 2379 3825 quam
2424 3773 2551 3814 suos
2594 3760 2819 3816 vicarios
2848 3759 3231 3836 Carthaginem
3261 3768 3482 3824 miserat
3507 3770 3563 3825 S.
3601 3768 3826 3843 Cypria-

2222 3862 2351 3915 nus,
2384 3850 2576 3921 quibus
2620 3852 2781 3908 etiam
2822 3854 3140 3925 adjunxerat
3172 3858 3531 3930 Rogatianum
3554 3873 3608 3918 et
3634 3863 3822 3920 Nunti-

2221 3940 2398 3996 dicum
2480 3943 2873 4016 presbyteros,
2952 3947 3041 4015 qui
3108 3949 3472 4022 indigentibus
3540 3958 3823 4025 pecuniam

2222 4035 2548 4104 prtcberent,
2569 4051 2771 4109 eosque
2797 4040 3168 4097 examinarent
3186 4043 3275 4114 qui
3303 4045 3368 4100 ad
3391 4062 3613 4103 munera
3645 4049 3821 4105 eccle-

2223 4124 2439 4182 siastica
2471 4137 2655 4183 essent
2686 4130 3039 4200 promovcndi
3070 4132 3184 4207 (5);
3224 4146 3331 4189 tum
3372 4152 3435 4191 ex
3474 4137 3712 4207 Epistola
3756 4156 3822 4198 ιν

2226 4218 2378 4289 (ιοηι.
2417 4232 2498 4288 ιιι,
2530 4231 2578 4275 c.
2607 4220 2702 4277 821
2744 4221 2820 4292 Α),
2855 4222 2906 4277 in
2939 4240 3042 4294 qua
3075 4224 3294 4282 disertis
3324 4227 3505 4285 verbis
3536 4232 3823 4303 profitetur

2232 4328 2249 4362 ‹
2288 4312 2429 4381 quod
2457 4314 2681 4384 singulis
2708 4319 3011 4385 paStoribus
3031 4322 3206 4389 portio
3230 4325 3407 4393 gregis
3428 4324 3499 4379 sit
3527 4323 3819 4397 adscripta,

2225 4417 2385 4471 quam
2430 4412 2581 4473 regat
2629 4408 2992 4479 unusquisque
3018 4420 3073 4466 et
3107 4411 3391 4483 gubernet,
3424 4417 3690 4473 rationem
3737 4418 3822 4473 sui

2229 4505 2379 4551 actus
2420 4497 2645 4553 Domino
2685 4500 3013 4559 redditurus.
3055 4522 3074 4556 ι
3120 4505 3255 4561 Hinc
3301 4508 3465 4564 etiam
3506 4508 3632 4566 alibi
3663 4511 3823 4568 docet

2227 4596 2453 4643 caeteros
2504 4590 2786 4662 episcopos
2849 4609 2957 4650 non
3007 4597 3109 4653 nisi
3170 4597 3221 4652 in
3272 4614 3403 4657 casu
3447 4605 3821 4671 necessitatis,

2227 4681 2441 4751 quando
2472 4684 2719 4754 proprius
2762 4686 3046 4759 episcopus
3076 4692 3327 4748 haeresim
3354 4702 3445 4749 aut
3474 4693 3706 4751 schisma
3739 4697 3823 4754 fa-

2228 4772 2321 4840 cit,
2355 4788 2478 4830 sese
2523 4778 2769 4848 regimini
2810 4780 3031 4837 alterius
3078 4783 3327 4841 dioecesis
3376 4786 3683 4846 immiscere
3728 4789 3823 4848 de-

2229 4866 2358 4923 bere
2383 4869 2487 4941 (4).
2520 4870 2631 4927 Hac
2681 4875 2843 4929 etiam
2894 4878 2946 4931 in
2988 4890 3047 4934 re
3077 4892 3284 4935 summa
3336 4884 3709 4941 moderatione
3756 4900 3819 4941 ac

2230 4962 2509 5031 prodentia
2553 4967 2803 5024 utebatur
2831 4970 2887 5026 S.
2920 4971 3235 5044 Cyprianus,
3287 4978 3363 5034 uti
3393 4993 3460 5035 ex
3498 4980 3819 5052 quibusdam

2230 5054 2397 5125 ipsius
2428 5056 2682 5127 Epistolis
2706 5061 2977 5133 colligitur
2999 5063 3099 5138 (5).

2403 5172 2679 5251 ijl'iangq
2711 5177 2812 5249 Ep.
2833 5196 3018 5248 xxvm,
3043 5192 3174 5239 tom.
3204 5202 3277 5251 tv,
3303 5188 3408 5244 col.
3440 5190 3547 5247 500
3577 5208 3627 5247 Β.

2300 5190 2349 5249 ιιι
2403 5190 2679 5297 tg'prtan‘”
2712 5190 2812 5249 Ep.
2833 5196 3018 5265 xxvm,
3043 5192 3174 5267 tom:
3204 5202 3277 5269 tv,
3303 5190 3408 5244 col.
3440 5190 3547 5247 500
3577 5208 3659 5275 Β..
3688 5263 3699 5274 .
3780 5260 3793 5273 .

2288 5190 2384 5325 ,(2)
2464 5256 2609 5327 tcum
2626 5251 2882 5336 incumbat
2899 5254 3164 5336 accingar
3181 5260 3411 5336 videmur
3437 5274 3697 5336 praepositi
3721 5262 3825 5336 (ut-

2230 5324 2423 5400 tntr_um
2448 5324 2570 5399 quia
2590 5328 2712 5400 post
2734 5331 2960 5400 mortem
2985 5324 3235 5400 Episcopi
3259 5324 3508 5400 Romani,
3528 5324 3656 5391 cura
3678 5324 3824 5389 illius

2230 5384 2476 5475 ecclesiae
2495 5384 2834 5447 incumbebat
2853 5395 3000 5475 cLero
3026 5384 3232 5475 urbico)
3250 5384 3825 5475 egig'éi’iiéépigiar};

2228 5458 2720 5544 ettstodirepregem,
2746 5474 2847 5520 etc.
2879 5464 3131 5544 Cyprian.
3288 5458 3423 5543 tt,'t.
3458 5458 3528 5541 tv,
3557 5458 3737 5531 c1224
3764 5458 3820 5533 Α.

2231 5476 2720 5586 ειιειοαιτὲθνεοειη,
2746 5476 2847 5520 etc.
2879 5476 3131 5539 Cyprian.
3163 5476 3261 5544 Ep.
3296 5492 3356 5543 tt,
3386 5485 3423 5529 t.

2231 5528 2440 5613 Videat
2513 5548 2563 5613 μς
2598 5550 2740 5613 xxxi,
2776 5544 2813 5590 t.
2848 5553 2922 5604 tv,
2948 5542 3072 5597 coll.
3102 5542 3204 5599 507
3231 5552 3285 5598 et
3307 5560 3458 5613 seqq.

2400 5600 2677 5690 Cyprianx
2696 5600 3039 5690 Ερκιξιινιιι,
3067 5624 3196 5671 tom.
3218 5630 3294 5679 tv,
3314 5600 3439 5672 θοὶΙῖ
3465 5615 3574 5673 529
3593 5626 3651 5674 et
3665 5632 3817 5690 seqq.

2326 5674 2585 5801 3511mm,
2620 5677 2721 5750 Ep.
2742 5674 2821 5737 'ad
2851 5674 3111 5756 Stephan.
3159 5674 3307 5756 papI,
3354 5702 3520 5755 van,
3554 5698 3687 5746 tom.
3708 5674 3715 5675 ί
3736 5674 3818 5757 iri,

2228 5755 2276 5796 Ο.
2305 5755 2412 5801 995
2436 5762 2489 5802 Δ.

2302 5814 2381 5886 (5)
2407 5814 2613 5875 Videsis
2636 5818 2733 5893 Ep.
2766 5838 2906 5895 LXIV,
2932 5824 2997 5883 ad
3020 5818 3320 5901 Epitectum
3340 5838 3393 5888 et
3424 5832 3635 5906 plebem
3660 5834 3828 5890 Assu-
