4242 6270
443 230 609 292 xxxix

443 346 750 418 exemplum
776 348 954 403 exstat
978 341 1031 399 in
1062 341 1303 415 Epistola
1349 338 1533 409 vaui,
1560 352 1724 413 quam
1752 338 1912 396 divus
1939 340 2047 411 Cy-

442 444 666 513 prianus
689 441 934 497 inscribit
958 438 1125 494 Felici
1159 438 1480 509 presbytero
1501 446 1555 492 et
1575 436 1823 507 plebibus
1845 437 2054 491 consis—

443 536 683 591 tentibus
729 535 796 589 ad
835 534 1127 604 Legionem
1172 541 1228 586 et
1260 531 1545 596 Asturicm;
1579 529 1708 586 item
1740 529 1907 585 Laelio
1936 528 2053 584 dia-

441 643 585 685 cono
609 636 662 682 et
704 626 848 696 plebi
878 625 1153 691 Emerita);
1186 622 1453 695 siquidem
1483 623 1528 678 si
1560 623 1610 677 in
1642 630 1915 693 postrema
1954 620 2056 675 hac

445 716 676 774 ecclesia
702 717 788 772 vel
808 731 946 771 unus
968 716 1239 772 extitisset
1262 715 1570 787 presbyter,
1604 713 1805 779 eidem,
1830 727 1936 767 non
1964 728 2056 766 au~

444 818 557 866 tem
587 810 817 865 diacono
846 825 997 864 suam
1043 808 1409 879 inscripsisset
1447 807 1753 877 epistolam.
1784 804 2057 876 Quidquid

446 904 553 959 dici
572 902 761 972 possit,
779 910 985 958 certum
1002 911 1165 957 estex
1181 915 1386 956 canone
1405 900 1471 954 77
1486 899 1697 954 concilii
1715 898 2053 964 Eliberitani,

446 994 708 1051 diaconos
729 994 857 1049 olim
890 993 1247 1050 ecclesiarum
1273 992 1513 1064 regimen
1555 991 1847 1057 habuisse;
1880 1002 1935 1045 at
1961 1006 2056 1046 so—

445 1085 746 1153 lummodo,
798 1085 1168 1141 utverisimile
1213 1093 1316 1150 est,
1370 1083 1745 1140 deﬁcientibus
1770 1082 2060 1154 presbyte-

449 1183 527 1237 ris
558 1182 662 1253 (1).

528 1273 758 1329 XLVIII.
791 1272 1128 1341 Subdiaconi,
1152 1273 1425 1345 cwterique
1450 1272 1671 1326 ministri
1696 1272 2062 1343 inferiores.—

456 1369 543 1426 Ad
597 1370 960 1425 subdiaconos
1019 1366 1162 1436 quod
1216 1368 1445 1433 attinet,
1500 1365 1699 1421 horum
1757 1379 1902 1435 smpc
1951 1380 2064 1420 me-

452 1465 617 1519 minit
660 1462 717 1519 S.
767 1462 1070 1535 Cyprianus
1114 1462 1227 1517 suis
1277 1462 1331 1516 in
1369 1460 1641 1531 epistolis.
1670 1459 1839 1526 Vide,
1876 1475 2063 1514 exem-

451 1560 529 1630 pli
576 1574 757 1621 causa,
797 1556 1091 1627 Epistolam
1132 1572 1191 1611 ιιι
1223 1553 1285 1627 (ι.
1318 1571 1392 1621 1v,
1446 1569 1495 1609 c.
1543 1553 1707 1624 229),
1737 1568 1859 1624 qua:
1884 1560 1968 1608 est
1998 1551 2064 1607 ad

452 1652 660 1708 clerum
707 1650 1043 1714 Romanum;
1087 1649 1138 1701 in
1189 1663 1253 1702 ea
1296 1648 1440 1701 enim
1469 1645 1705 1716 loquitur
1733 1644 1801 1700 de
1832 1644 2066 1715 quodam

456 1744 791 1800 subdiacono
840 1744 931 1813 qui
969 1740 1310 1811 apellabatur
1334 1739 1677 1794 Crementius
1711 1738 1825 1811 (2);
1853 1739 2070 1808 Episto—

456 1836 565 1890 lam
590 1852 737 1899 xxix,
758 1836 812 1889 in
837 1849 943 1905 qua
967 1834 1202 1903 loquitur
1222 1831 1280 1888 S.
1304 1831 1611 1902 Cyprianus
1630 1830 1698 1885 de
1726 1830 1834 1884 alio
1851 1829 2071 1885 subdia-

459 1949 599 1989 cono
625 1934 710 1989 cui
743 1947 939 1986 nomen
967 1938 1083 1985 erat
1128 1927 1352 1999 Optalus
1386 1928 1500 2000 (3);
1536 1936 1592 1983 et
1631 1925 1874 1997 ejusdem
1899 1925 2071 1981 sancti

462 2028 715 2084 Doctoris
744 2025 1041 2095 Epistolam
1070 2023 1136 2078 ad
1164 2038 1320 2077 suum
1351 2021 1557 2075 clerum
1586 2019 1653 2075 de
1682 2019 1810 2075 Caio
1846 2018 2073 2089 presby-

463 2131 583 2177 tero
601 2118 885 2184 Diddensi,
907 2117 958 2170 in
984 2130 1087 2185 qua
1119 2115 1350 2167 duorum
1377 2111 1860 2176 subdiaconorum,
1886 2109 2071 2164 Philu-

464 2214 615 2271 meni
638 2223 694 2269 et
737 2212 1016 2266 Fortunati
1065 2208 1266 2264 mentio
1319 2206 1555 2262 occurrit
1584 2205 1664 2276 (4)
1697 2224 1709 2259 :
1742 2204 1794 2259 in
1843 2205 2072 2274 quadam

466 2306 710 2378 Epistola
739 2305 868 2360 clcri
898 2302 1126 2358 Romani
1157 2301 1224 2356 ad
1255 2300 1441 2355 divum
1472 2297 1821 2372 Cyprianum,
1854 2301 1922 2356 de
1943 2314 2077 2371 quo-

470 2399 594 2455 dam
617 2398 948 2453 subdiacono
979 2395 1036 2449 ﬁt
1061 2394 1266 2449 mentio
1288 2390 1388 2465 (5).
1414 2392 1802 2464 Acolythorum
1833 2390 1911 2463 (6)
1935 2392 2079 2448 sicut

470 2503 527 2548 et
569 2493 829 2546 lectorum
857 2489 959 2558 (7),
991 2486 1386 2542 exorcistarnm
1416 2482 1517 2557 (8),
1553 2500 1660 2539 non
1691 2483 1861 2539 semel
1887 2483 2080 2539 memi-

470 2585 553 2639 nit
573 2593 791 2638 sanctus
814 2580 1141 2652 Cyprianus,
1171 2588 1225 2633 et
1252 2586 1408 2632 notat
1437 2591 1522 2632 set
1554 2578 1865 2631 examinare
1894 2594 1913 2627 ι
1946 2590 2078 2631 con-

473 2676 720 2733 suevisse
757 2692 775 2724 ‹
807 2689 876 2728 an
907 2679 1273 2742 congruerent
1317 2669 1426 2723 illis
1469 2668 1652 2724 omnia
1683 2684 1802 2739 qua:
1833 2682 1957 2723 esse
1985 2667 2081 2724 de-

473 2771 606 2825 bent
631 2770 683 2823 in
716 2768 782 2823 iis
813 2767 902 2838 qui
934 2767 1001 2821 ad
1031 2767 1234 2821 clerum
1280 2764 1606 2834 parabantur
1636 2761 1738 2833 (9).
1772 2780 1790 2814 ›
1824 2761 2082 2817 Lectores

478 2863 814 2932 Scripturam
859 2874 1069 2915 sacram
1108 2857 1381 2929 legebant,
1425 2865 1479 2911 et
1518 2874 1535 2906 ‹
1570 2854 1899 2911 audientium
1933 2872 1951 2905 ι
1984 2868 2083 2909 seu

476 2956 993 3013 catechumenorum
1033 2972 1051 3004 ι
1086 2954 1339 3008 doctores
1376 2970 1394 3003 ι
1426 2958 1582 3006 erant
1619 2948 1757 3021 (10),
1812 2957 1866 3004 et
1920 2948 2084 3005 etiam

480 3049 833 3120 Evangelium
865 3047 1119 3119 legebant
1148 3061 1213 3101 ex
1243 3045 1450 3116 pulpito
1479 3042 1615 3116 (11).

488 3170 625 3237 ενι.
651 3167 922 3231 Disciplina
962 3168 1122 3231 quoad
1156 3168 1530 3227 matrimonium,
1575 3166 1640 3217 de
1684 3166 1829 3228 votis,
1866 3170 1919 3217 et.
1953 3165 2086 3216 cultu

1122 3250 1465 3314 reliquiarum.

560 3358 1002 3417 XLIX—Pauca
1018 3356 1307 3413 admodum
1322 3356 1390 3412 de
1405 3354 1746 3411 matrimonio
1762 3354 1922 3411 habet
1935 3352 2091 3409 divus

488 3457 812 3525 Cvprianus,
846 3469 967 3509 cum
999 3452 1067 3508 dc
1094 3451 1184 3507 illo
1233 3466 1337 3505 non
1369 3466 1433 3505 ex
1477 3449 1745 3520 professo,
1796 3450 1891 3506 sed
1918 3450 2094 3507 obiter

490 3549 657 3605 verba
688 3548 865 3603 laciat.
898 3547 1031 3601 Hinc
1063 3546 1116 3599 in
1152 3554 1382 3600 tractatu
1410 3543 1476 3600 de
1506 3544 1725 3615 Lapsis,
1772 3543 1913 3599 inter
1953 3546 2092 3602 mala

491 3658 613 3715 quae
639 3650 765 3697 ante
792 3641 1224 3710 persecutionem
1255 3635 1538 3708 patrabant
1579 3636 1765 3692 ﬁdeles
1784 3677 1798 3701 ,
1839 3653 2092 3697 recense-

492 3745 584 3791 tur
610 3733 945 3791 consuetudo
980 3730 1197 3788 ineundi
1228 3730 1573 3787 matrimonia
1599 3747 1720 3789 cum
1748 3735 2055 3791 inﬁdelibus
2080 3753 2092 3791 :

502 3848 521 3882 ε
557 3829 816 3899 Iungere,
842 3826 1015 3896 inquit
1037 3825 1129 3879 ille
1158 3824 1297 3895 (12),
1329 3838 1452 3879 cum
1483 3825 1791 3883 inﬁdelibus
1823 3829 2095 3884 vinculum

496 3921 848 3985 matrimonii,
880 3919 1209 3991 prostituere
1235 3917 1523 3987 gentilibus
1546 3921 1786 3976 membra
1815 3922 2038 3978 Christi.
2075 3943 2093 3975 ι

497 4015 572 4071 Et
610 4015 664 4070 in
703 4013 842 4069 libro
880 4011 1038 4069 tertio
1078 4009 1533 4067 TeSIimoniorum
1585 4014 1872 4071 ostendere
1914 4017 2102 4072 nititur

500 4105 823 4177 quibusdam
870 4119 1144 4159 sacrarum
1187 4103 1511 4160 Litterarum
1542 4107 1807 4172 oraculis,
1841 4106 1957 4163 lucc
1985 4124 2102 4163 ma-

502 4199 755 4257 trimonia
796 4213 917 4255 esse
943 4198 1150 4253 illicita.
1183 4196 1319 4253 Hinc
1346 4197 1566 4269 legitur,
1615 4199 1786 4270 inquit
1828 4200 1921 4255 ille
1961 4198 2101 4272 (15),

581 4366 660 4438 (1)
688 4384 706 4414 ί
737 4366 795 4438 Si
821 4366 942 4435 quis
968 4364 1227 4438 diaconus
1251 4378 1448 4438 regens
1474 4364 1684 4438 plebem
1702 4364 1820 4420 sine
1850 4364 2108 4436 episcopo

509 4434 933 4507 vel‘p'resbyt’ero
950 4436 1159 4507 aliquos
1186 4434 1562 4507 baptizaverit,
1585 4438 1872 4507 episcopus
1890 4434 1990 4491 eos
2014 4434 2109 4507 per

510 4504 943 4563 benedictionem
966 4504 1226 4572 perﬁcere
1243 4506 1479 4559 debebit.
1495 4507 1586 4561 ιΤ.
1607 4504 1633 4562 ι’
1646 4504 1854 4563 Concil.
1870 4504 2107 4565 Labbaei.

513 4595 571 4647 p.
595 4577 721 4640 978;
750 4588 805 4630 et
828 4576 965 4644 apud
984 4575 1174 4647 mansi,
1205 4584 1335 4629 tom.
1361 4592 1420 4641 ιι,
1451 4578 1556 4633 col.
1588 4579 1673 4634 IS.

609 4648 666 4718 2)
705 4648 988 4720 Cyprium,
1019 4645 1191 4715 Epist.
1226 4662 1283 4714 ιι,
1320 4656 1357 4700 t.
1392 4664 1463 4720 iv,
1491 4665 1540 4703 c.
1572 4649 1681 4705 224
1715 4667 1766 4706 Α.

616 4723 671 4786 5)
713 4717 814 4785 Id.,
846 4717 943 4783 Ep.
980 4733 1122 4780 xxrv,
1154 4725 1192 4768 ι.
1223 4734 1292 4780 ιν,
1321 4733 1369 4770 c.
1403 4719 1509 4773 287
1536 4736 1585 4774 Β.

509 4794 514 4859 ξ
546 4792 556 4860 ί
586 4788 666 4860 (4)
704 4790 873 4854 Idem,
903 4788 1004 4859 Ep.
1033 4804 1217 4854 xxvtn,
1247 4804 1296 4843 c.
1322 4789 1422 4844 301
1452 4807 1501 4844 B.

510 4892 522 4929 ε
588 4861 672 4929 (5)
714 4861 819 4926 1(1.,
846 4861 946 4929 Ep.
973 4875 1101 4923 xxx,
1133 4869 1170 4912 t.
1197 4876 1273 4925 iv,
1298 4875 1346 4915 c.
1376 4863 1481 4917 303
1510 4878 1561 4916 Β.

615 4862 648 4917 5
714 4861 819 4926 1(1.,
846 4861 946 4929 Ep.
973 4875 1101 4923 xxx,
1133 4869 1170 4912 t.
1197 4876 1273 4925 iv,
1298 4875 1346 4915 c.
1376 4863 1481 4917 303
1510 4878 1561 4916 Β.

612 4860 672 5006 61
696 4932 947 4988 Favorini
970 4930 1202 5001 acolythi
1224 4933 1470 4988 meminit
1490 4933 1729 5005 Epistola
1756 4952 1947 5006 xxvut,
1976 4946 2015 4992 t.
2040 4953 2111 5004 iv,

507 5018 558 5059 c.
581 5003 680 5060 501
714 5020 765 5060 Β.

614 5079 669 5148 't)
706 5076 989 5202 Cyprianu
1010 5074 1113 5144 Ep.
1137 5089 1283 5139 xxiv,
1318 5084 1358 5129 t.
1385 5092 1457 5143 ιν,
1485 5091 1534 5131 c.
1566 5075 1673 5135 287
1698 5095 1764 5146 n;
1791 5080 1892 5152 Ep.
1927 5096 2115 5152 χχχιιι,

614 5148 724 5202 5I9:
768 5148 847 5202 ‘n.
874 5162 1064 5202 xxxiv.
1097 5162 1145 5199 c.
1180 5146 1285 5202 324
1315 5164 1369 5202 Α.
1401 5164 1452 5202 Β.

516 5160 566 5202 c.
596 5146 724 5208 319;
749 5146 847 5217 Ep.
874 5162 1064 5210 xxxiv,
1097 5162 1145 5199 c.
1180 5146 1285 5203 324
1315 5164 1369 5213 Α,
1401 5164 1452 5203 Β.

593 5216 1013 5301 (8)1't1em,nEp.‘
1043 5227 1427 5301 nxxwltJtt,
1475 5219 1579 5275 col.
1619 5221 1675 5275 2.
1723 5222 1857 5280 Vide
1903 5239 2119 5296 quoque

515 5286 692 5361 Epist.
717 5286 1016 5361 Firmilinni
1051 5290 1190 5344 inter
1215 5286 1469 5361 Cyprian.
1506 5307 1664 5347 Lxxv.

592 5359 677 5432 (9)
707 5362 875 5432 Idem,
904 5360 1005 5430 Ep.
1039 5376 1186 5429 xxiv,
1221 5359 1363 5428 tiiv,
1389 5376 1437 5417 c.
1468 5363 1574 5419 287
1600 5380 1651 5432 Β,
1679 5381 1732 5422 c.

620 5571 708 5641 12)
740 5571 907 5636 Idem,
935 5573 1031 5626 lib.
1063 5577 1125 5627 de
1150 5574 1334 5640 lapsis.

620 5642 712 5724 15)
745 5643 913 5710 Idem,
956 5643 1050 5701 lib.
1102 5661 1158 5700 ιιι
1211 5642 1599 5714 Tertimonior.,
1638 5663 1760 5721 cap.
1794 5649 1897 5719 62,
1955 5660 1993 5707 ι.
2045 5671 2119 5724 ιν,

623 5430 712 5500 ιο)
753 5431 921 5496 Idem,
947 5432 1075 5500 ibid.

617 5496 709 5568 11)
746 5500 916 5567 Idem,
947 5496 1044 5571 Ep.
1078 5517 1271 5568 χχχιιι,
1306 5509 1344 5556 t.
1378 5517 1447 5567 IV,
1476 5518 1527 5559 c.
1552 5506 1658 5563 519
1683 5524 1733 5562 Β.

623 5431 712 5500 10)
753 5431 793 5485 Ι(

617 5500 709 5568 11)
746 5500 793 5555 Id

620 5571 708 5641 12)
740 5571 793 5627 Id

620 5642 708 5708 I3)
745 5643 793 5698 Id

512 5723 569 5770 ο.
645 5713 793 5773 61a.

1865 222 2255 289 PRIEFATIO.
2292 227 2301 233 ’
3689 250 3756 292 χι.

2161 338 2303 409 apud
2334 337 2557 395 Tobiam
2583 340 2603 412 (
2613 340 2663 411 1)
2691 355 2703 394 :
2740 337 2964 396 Uxorem
2989 339 3163 413 accipe
3189 357 3254 398 ea:
3276 341 3469 400 semine
3489 354 3761 417 parentum

2161 442 2385 501 tuorum,
2418 442 2466 488 et
2493 434 2603 489 noli
2630 450 2830 490 sumere
2853 436 3078 491 alienam
3105 438 3389 505 mulierem,
3417 454 3531 510 qua:
3561 458 3663 495 non
3690 450 3764 496 est

2162 538 2225 577 ex
2252 523 2388 577 tribu
2417 534 2686 595 parentum
2717 536 2941 581 tuorum.
2976 526 3107 583 Item
3134 530 3185 583 in
3219 528 3418 585 Genesi
3451 529 3529 604 (2)
3560 551 3573 585 ;
3600 530 3765 585 Mittit

2163 632 2378 687 puerum
2400 634 2548 673 suum
2571 617 2831 673 Abraham
2852 660 2868 685 ,
2901 629 2955 673 ut
2986 619 3049 674 de
3074 621 3266 676 semine
3285 638 3381 676 suo
3403 623 3626 694 accipiat
3654 622 3763 679 Re-

2166 709 2367 762 beccam
2395 710 2507 777 ﬁlio
2535 711 2649 780 ejus
2668 708 2845 766 Isaac.
2888 711 3023 768 Item
3048 712 3102 767 in
3131 713 3300 769 Esdra
3336 714 3415 787 (5)
3446 733 3460 771 :
3492 715 3635 771 Satis
3664 732 3767 771 non

2167 799 2264 869 fuit
2290 798 2399 853 Deo
2418 843 2431 867 ,
2458 817 2575 855 cum
2601 812 2922 858 vastarentur
2948 802 3149 872 Judwi,
3178 806 3278 861 nisi
3304 807 3617 878 alienigenas
3642 825 3772 864 utro.

2166 906 2247 945 res
2276 908 2392 946 cum
2417 892 2544 962 ﬁliis
2585 909 2785 965 quoque
2804 936 2819 960 ,
2851 912 2977 966 quos
3004 913 3067 951 ea:
3095 898 3200 953 illis
3230 911 3620 969 procreaverant
3642 943 3656 969 ,
3688 919 3773 956 re-

2168 986 2453 1059 liquissent.
2499 990 2701 1047 Probat
2742 992 2961 1063 insuper
2990 1008 3144 1049 suam
3175 997 3606 1065 propositionem
3648 1012 3773 1052 san-

2166 1088 2284 1135 ctus
2311 1080 2510 1137 Doctor
2538 1082 2658 1138 aliis
2685 1082 2978 1154 Scripturae
3010 1086 3267 1151 oraculis,
3301 1089 3375 1141 uti
3406 1098 3552 1153 sunt,
3590 1103 3776 1145 exem-

2169 1172 2242 1242 pli
2268 1174 2438 1243 gratia
2462 1216 2474 1238 ,
2510 1175 2627 1230 hanc
2657 1175 2810 1231 Pauli
2838 1176 3004 1232 verba
3031 1175 3110 1249 (4)
3144 1197 3159 1233 :
3193 1178 3290 1232 Cui
3311 1180 3418 1233 vult
3445 1181 3624 1247 nubat,
3654 1193 3773 1236 tan-

2171 1279 2279 1323 tum
2309 1272 2363 1325 in
2402 1271 2646 1327 Domino.
2690 1273 2893 1331 Verum
2934 1275 2992 1332 S.
3028 1277 3361 1347 Augustinus
3397 1277 3478 1348 (5)
3522 1279 3616 1342 ait,
3661 1277 3778 1332 haec

2170 1364 2420 1434 Apostoli
2444 1367 2607 1422 verba
2634 1366 2690 1422 in
2720 1367 2923 1439 duplici
2954 1384 3117 1425 sensu
3149 1370 3373 1442 intelligi
3403 1386 3585 1442 posse,
3618 1382 3670 1428 et
3698 1374 3780 1427 ni-

2173 1455 2244 1512 hil
2275 1457 2421 1512 aliud
2451 1458 2756 1529 signiﬁcare
2776 1501 2791 1529 ,
2826 1476 2984 1531 quam
3014 1462 3231 1517 viduam
3273 1463 3414 1519 hanc
3450 1463 3653 1520 debere
3693 1464 3779 1519 vel

2174 1550 2226 1603 in
2273 1549 2568 1606 christiana
2632 1552 2897 1623 religione
2942 1570 3299 1625 permanere,
3351 1568 3441 1612 aut
3481 1557 3779 1615 christiano

2173 1640 2292 1696 viro
2321 1641 2585 1712 copulari.
2627 1643 2834 1700 Deinde
2875 1646 3151 1717 subjungit
3175 1689 3191 1715 ,
3232 1649 3573 1706 matrimonia
3612 1651 3782 1706 Chri-

2175 1739 2474 1793 stianorum
2500 1755 2622 1795 cum
2646 1740 2958 1797 inﬁdelibus
2988 1758 3248 1813 expresse
3278 1761 3384 1800 non
3410 1748 3687 1816 prohiberi
3722 1750 3778 1803 in

2175 1830 2325 1887 Novo
2367 1831 2738 1889 Testamento.
2799 1854 2818 1888 ι
2850 1836 2969 1892 Non
3006 1837 3149 1892 enim
3174 1879 3188 1904 ,
3225 1857 3243 1890 ι
3297 1838 3461 1895 verba
3506 1850 3632 1896 sunt
3670 1841 3778 1897 divi

2177 1924 2499 1996 Augustini,
2538 1945 2557 1979 ‹
2590 1936 2833 2000 tempore
2872 1930 3099 1986 revelati
3144 1930 3479 1989 Testamenti
3505 1934 3638 1989 Novi
3664 1977 3679 2003 ,
3723 1936 3776 1990 in

2178 2019 2472 2091 Evangelio
2498 2022 2584 2077 vel
2605 2022 2726 2078 aliis
2754 2023 3080 2094 Aposwlicis
3108 2025 3322 2092 litteris,
3365 2028 3483 2084 sine
3513 2029 3783 2099 ambigui-

2180 2119 2288 2166 tate
2312 2112 2647 2169 declaratum
2677 2130 2800 2171 esse
2828 2118 3011 2173 recolo
3031 2160 3044 2185 ,
3093 2127 3272 2174 utrum
3306 2120 3571 2175 Dominus
3601 2121 3784 2190 prohi-

2177 2204 2355 2259 buerit
2385 2204 2573 2261 ﬁdeles
2617 2206 2924 2263 inﬁdelibus
2944 2209 3129 2281 jungi;
3175 2214 3421 2282 quamvis
3461 2213 3522 2268 Β.
3554 2213 3785 2287 Cypria-

2180 2311 2284 2351 nus
2314 2295 2439 2353 inde
2467 2313 2573 2352 non
2605 2298 2847 2370 dubitet,
2875 2317 2977 2357 nec
3006 2302 3059 2357 in
3090 2303 3297 2361 levibus
3325 2308 3560 2377 peccatis
3586 2312 3787 2363 consti-

2182 2396 2317 2456 tuat,
2362 2390 2592 2462 jungere
2632 2407 2755 2448 cum
2794 2394 3105 2451 inﬁdelibus
3129 2397 3400 2452 vinculum
3434 2400 3785 2471 matrimonii,

2182 2490 2343 2553 atque
2387 2482 2443 2538 id
2494 2499 2615 2542 esse
2663 2486 2805 2543 dicat
2861 2490 3189 2559 prostituere
3238 2492 3492 2563 gentibus
3541 2494 3787 2550 membra

2185 2574 2403 2631 Christi.
2439 2595 2458 2628 ι

2256 2670 2319 2725 L.
2368 2669 2709 2730 Continentiae
2734 2684 2903 2730 votum
2932 2678 2986 2731 in
3030 2694 3127 2733 usu
3170 2689 3278 2734 erat
3324 2692 3474 2736 letale
3518 2680 3786 2754 Cypriani.

2186 2792 2255 2801 —
2306 2762 2491 2831 Quoad
2540 2776 2663 2822 vota
2703 2784 2827 2839 quae
2870 2769 3098 2841 injustas
3151 2783 3473 2830 novatorutu
3534 2791 3793 2833 censuras

2189 2870 2296 2911 non
2322 2855 2623 2929 effugiunt,
2648 2860 2809 2917 docet
2836 2862 2891 2917 S.
2928 2861 3231 2936 Cyprianus
3259 2866 3375 2923 haec
3404 2868 3572 2938 ipsius
3593 2886 3707 2926 aevo
3739 2872 3790 2926 in

2189 2962 2290 3003 usu
2320 2947 2506 3006 fuisse.
2554 2950 2612 3006 In
2660 2966 2760 3008 suo
2790 2963 3024 3012 tractatu
3065 2957 3133 3014 de
3164 2958 3363 3016 Habitu
3404 2961 3681 3034 Virginum
3714 2965 3794 3019 lo-

2190 3042 2369 3112 quitur
2395 3054 2616 3100 sanctus
2643 3046 2843 3104 Doctor
2872 3049 2941 3105 de
2968 3051 3313 3122 quibusdam,
3350 3074 3369 3107 (
3404 3072 3525 3127 quae
3554 3074 3616 3115 se
3637 3058 3794 3115 Chri-

2191 3142 2277 3190 sto
2306 3135 2658 3205 dicaverant,
2684 3148 2739 3195 et
2767 3156 2797 3195 a
2826 3144 3028 3200 carnali
3059 3148 3495 3219 concupiscentia
3537 3150 3796 3209 receden-

2192 3236 2307 3297 tes,
2358 3239 2466 3287 tam
2491 3247 2655 3288 carne
2685 3250 2845 3306 quam
2874 3247 3059 3295 mente
3084 3255 3144 3296 se
3174 3242 3286 3298 Deo
3318 3256 3588 3302 voverant
3628 3248 3729 3319 (ti).
3774 3268 3791 3301 ι

2194 3322 2418 3393 Verum,
2455 3326 2570 3382 haec
2601 3336 2723 3383 vota
2753 3345 2860 3385 non
2892 3331 3061 3388 fuisse
3089 3334 3336 3392 absoluta
3356 3379 3370 3404 ,
3402 3347 3457 3393 et
3488 3339 3799 3410 huiusmodi

2194 3428 2452 3473 voventes
2476 3420 2718 3488 potuisse
2748 3422 2801 3476 in
2832 3438 2960 3479 casu
2988 3427 3331 3484 necessitatis
3361 3429 3496 3486 inire
3524 3432 3803 3487 matrimo-

2197 3510 2379 3577 nium,
2424 3514 2821 3582 quamprimum
2860 3515 3181 3573 videbimus.
3221 3519 3321 3575 Ast
3367 3532 3653 3579 novatores
3694 3525 3803 3579 sal-

2199 3610 2306 3658 tem
2340 3603 2569 3659 inﬁciari
2600 3620 2707 3660 non
2740 3616 3032 3677 poterunt,
3065 3611 3223 3666 tertio
3253 3614 3451 3669 saeculo
3476 3614 3530 3669 in
3558 3613 3800 3671 Ecclesia

2200 3695 2447 3752 extitisse
2477 3704 2599 3752 vota
2629 3712 2660 3752 a
2689 3701 2827 3754 votis
2858 3699 3117 3770 Baptismi
3148 3702 3382 3759 diversa.

2273 3788 2603 3860 Pomponius
2627 3793 2912 3864 episcopus
2939 3794 3005 3849 ad
3030 3796 3088 3852 S.
3112 3796 3441 3868 Cyprianum
3470 3800 3679 3859 litteras
3702 3804 3805 3859 mi-

2203 3889 2371 3950 serat,
2418 3884 2701 3953 postulans
2754 3894 2810 3941 et
2850 3886 3169 3945 desiderans
3223 3901 3282 3945 ut
3338 3892 3441 3948 sibi
3483 3894 3809 3952 rescriberet

2206 3973 2333 4045 quid
2362 3974 2438 4030 illi
2461 3976 2528 4031 de
2565 3978 2630 4032 iis
2660 3978 2961 4049 virginibus
2990 3981 3270 4039 videretur
3294 4000 3435 4055 quae,
3483 4001 3606 4041 cum
3639 3990 3806 4046 semel

2206 4076 2405 4124 statum
2434 4084 2589 4125 suum
2612 4071 2957 4129 continenter
2981 4084 3033 4130 et
3062 4074 3289 4131 ﬁrmiter
3319 4086 3504 4133 tenere
3531 4077 3810 4135 decrevis-

2208 4170 2371 4229 sent,
2404 4163 2637 4220 detecta:
2665 4165 2877 4222 luerant
2907 4177 3093 4238 postea
3133 4169 3185 4224 in
3217 4169 3409 4226 eodem
3441 4171 3581 4227 lecto
3612 4173 3814 4243 pariter

2212 4257 2477 4312 mansisse
2518 4274 2640 4314 cum
2668 4261 2925 4317 masculis
2973 4261 3076 4335 (7).
3110 4262 3342 4320 Sanctus
3381 4264 3683 4338 Cyprianus
3722 4284 3815 4323 re-

2212 4347 2466 4417 spondet,
2504 4350 2647 4405 inter
2675 4362 2893 4419 caetera,
2924 4354 3161 4426 virgines
3200 4373 3305 4413 non
3344 4359 3522 4414 solum
3577 4376 3686 4417 non
3716 4361 3814 4417 dc—

2214 4437 2345 4492 bere
2370 4452 2491 4494 cum
2530 4444 2785 4499 masculis
2822 4445 3060 4504 dormire
3086 4491 3101 4516 ,
3142 4449 3237 4505 sed
3268 4466 3370 4507 nec
3404 4452 3563 4508 simul
3613 4453 3811 4509 vivere.

2216 4528 2371 4597 Quod
2392 4533 2436 4587 si
2468 4548 2536 4589 ex
2558 4534 2663 4591 ﬁde
2688 4551 2748 4593 se
2777 4537 2995 4597 Christo
3024 4541 3362 4611 dicaverunt,
3393 4545 3574 4601 subdit
3594 4557 3818 4603 sanctus

2220 4621 2455 4692 Doctor,
2495 4644 2514 4678 ι
2550 4628 2743 4698 pudice
2769 4641 2824 4687 et
2861 4642 3010 4689 caste
3049 4634 3167 4691 sine
3193 4635 3299 4691 ulla
3327 4636 3657 4693 fabulatione
3700 4654 3821 4708 per-

2219 4728 2498 4774 severent.
2524 4720 2579 4778 Si
2608 4730 2787 4779 autem
2817 4740 3169 4795 perseverare
3197 4728 3410 4797 nolunt,
3445 4730 3529 4786 vel
3555 4745 3661 4785 non
3694 4745 3823 4799 pos—

2219 4820 2379 4880 sunt,
2421 4815 2614 4871 melius
2644 4825 2728 4872 est
2756 4826 2814 4874 ut
2842 4820 3088 4890 nubant,
3120 4836 3285 4892 quam
3316 4823 3369 4877 in
3403 4822 3581 4894 ignem
3608 4822 3822 4879 delictis

2221 4904 2336 4961 suis
2376 4906 2588 4965 cadant.
2628 4927 2647 4962 ι
2680 4909 2835 4979 Quod
2877 4913 3093 4985 quidem
3134 4916 3351 4986 egregie
3389 4915 3677 4973 conﬁrmat
3722 4930 3793 4971 no

2296 5087 2374 5156 (I)
2405 5087 2589 5146 Tobiae
2628 5106 2705 5147 iv.

2324 5158 2379 5233 2)
2404 5159 2603 5233 Cenes.
2632 5179 2740 5231 xiv,
2772 5163 2826 5233 3,
2851 5166 2908 5223 4.

2299 5157 2379 5374 g2;
2404 5159 2603 5218 Cenes.
2632 5179 2721 5219 xiv

2324 5232 2356 5285 5
2407 5230 2639 5290 IEsdrae
2670 5252 2726 5290 χ.

2323 5302 2382 5374 4)
2414 5303 2431 5356 1
2459 5302 2709 5361 Corinth.

2224 5302 2709 5429 r“1(3).lvtllerinth.
2739 5323 2847 5375 vn,
2882 5307 2988 5378 39;
3037 5317 3094 5366 et
3123 5309 3145 5366 I
3171 5310 3419 5369 Corinth.
3454 5327 3544 5379 vt;
3574 5321 3630 5367 et
3652 5311 3697 5367 Il
3727 5310 3831 5367 Co-

2301 5445 2382 5587 (ὅ)
2409 5447 2692 5517 Augustin.
2718 5448 2811 5503 lib.
2841 5466 2858 5504 ι
2884 5451 2949 5506 de
2974 5452 3264 5511 Adulterin.
3292 5457 3523 5524 coniug.,
3552 5467 3670 5523 cap.
3695 5452 3790 5509 23.

2327 5517 2358 5569 6
2423 5518 2703 5587 Cyprian.,
2753 5521 2845 5576 lib.
2900 5524 2963 5580 de
3017 5524 3212 5580 Habitu
3275 5526 3585 5587 Virqinum.,
3644 5534 3680 5579 t.
3736 5541 3787 5581 tv

2301 5445 2358 5587 (5
2409 5447 2692 5517 Augustin.
2718 5448 2811 5503 lib.
2841 5466 2858 5504 ι
2884 5451 2949 5506 de
2974 5452 3264 5511 Adulterin.
3292 5457 3523 5524 coniug.,
3552 5467 3670 5523 cap.
3695 5452 3790 5509 23.

2228 5603 2278 5642 c.
2310 5442 2703 5644 fjagyprianq
2753 5521 2845 5576 lib.
2900 5524 2963 5580 de
3017 5524 3212 5580 Habitu
3275 5526 3585 5597 Virginttm.,
3644 5534 3680 5579 t.
3736 5541 3828 5592 tv,

2302 5658 2383 5741 (7)
2424 5659 2592 5741 Idem.
2627 5662 2726 5741 Ep.
2762 5681 2904 5741 Lxu,
2938 5675 2985 5741 ιἑ
3010 5684 3082 5741 iv,
3111 5668 3217 5723 col.
3273 5666 3458 5741 364‘s
3480 5710 3495 5737 ,
3545 5682 3666 5741 sqq.
3698 5668 3835 5726 Vide

2231 5737 2372 5800 part.
2409 5745 2464 5787 χι
2486 5731 2623 5789 Hist.
2653 5731 2915 5809 Theolog.
2948 5731 3159 5809 Critic.,
3193 5754 3315 5813 pag.
3349 5738 3457 5797 264
3483 5731 3543 5797 et
3572 5731 3691 5813 s'q'q.
