4242 6270
380 414 473 455 ιιι

381 526 548 573 stram
597 518 761 589 paulo
810 534 974 591 supra
1033 528 1365 597 propositam
1418 533 1981 609 animadversionem,

382 620 502 666 vota
523 611 730 668 scilicet
760 621 888 670 tunc
920 620 1181 688 temporis
1210 638 1315 678 non
1344 624 1511 683 fuisse
1539 629 1677 685 adeo
1706 631 1953 689 absoluta
1972 677 1986 700 ,

383 711 442 757 ut
488 704 794 775 obligarent
834 707 999 763 etiam
1047 710 1100 764 in
1146 727 1277 768 casu
1316 720 1678 777 necessitatis.
1725 724 1989 781 Cmterum

384 795 547 850 tradit
590 795 647 853 S.
682 795 987 870 Cyprianus
1038 802 1154 859 fieri
1195 822 1301 861 non
1359 825 1517 880 posse
1575 817 1701 885 quin
1749 816 1991 875 Christus

381 894 641 951 Dominus
680 915 698 949 ι
734 897 1004 955 irascatur
1031 912 1087 956 et
1118 904 1446 977 indignetur,
1482 911 1609 967 dum
1636 917 1809 969 cernit
1832 917 1993 988 virgi-

381 1004 502 1043 nem
534 1005 688 1044 snam
717 989 817 1045 sibi
854 991 1109 1061 dicatam,
1142 1005 1195 1051 et
1224 1002 1497 1057 sanctitati
1523 1019 1637 1060 suae
1665 1006 1988 1065 destinatam

375 1079 557 1151 jacere
600 1096 723 1137 cum
768 1083 944 1140 altero
992 1103 1004 1138 :
1039 1106 1057 1139 »
1094 1095 1147 1142 et
1177 1090 1391 1146 tandem
1432 1097 1626 1150 asserit
1665 1112 1987 1157 excommu-

382 1174 655 1231 nieatione
694 1190 786 1231 eas
826 1178 1141 1248 plectendas
1168 1197 1321 1249 esse,
1363 1200 1485 1255 qua:
1526 1186 1582 1242 in
1616 1188 1730 1247 haec
1758 1192 1989 1250 crimina

380 1265 752 1335 prolabuntur,
782 1278 837 1323 et
862 1269 929 1324 ab
963 1268 1224 1328 Ecclesiae
1251 1279 1636 1335 communione
1669 1282 1871 1337 tamdiu
1904 1298 1988 1339 ar-

378 1357 577 1413 cendas
617 1359 877 1430 quamdiu
909 1363 1291 1431 paenitentiam
1323 1382 1431 1423 non
1464 1369 1727 1439 fecerint,
1771 1382 1826 1429 et
1857 1389 1986 1445 pro-

377 1448 555 1519 prium
595 1450 803 1507 crimen
840 1453 1053 1523 publica
1092 1455 1438 1523 confessione
1474 1462 1722 1519 omnibus
1760 1479 1988 1535 aperue~

380 1540 512 1596 rint.

458 1665 541 1720 LI.
590 1664 668 1721 De
700 1668 932 1738 reliquiis
979 1679 1297 1727 sanctorum.
1326 1703 1400 1715 —
1423 1673 1719 1733 Novatores
1749 1692 1853 1734 non
1882 1679 1985 1734 mi-

386 1775 487 1816 nus
539 1760 731 1817 acerbe
772 1763 1061 1834 insurgunt
1099 1776 1287 1822 contra
1337 1769 1540 1824 cultum
1571 1786 1847 1828 sacrarum
1892 1790 1983 1830 re-

384 1852 669 1922 liquiarum
697 1871 710 1906 :
741 1863 797 1908 at
818 1854 869 1909 in
897 1855 999 1911 hac
1027 1865 1179 1927 parte
1207 1873 1362 1929 mque
1392 1859 1749 1918 adversantur
1768 1863 1863 1919 toti
1890 1880 1984 1919 an-

381 1946 637 2015 tiquitati.
671 1947 728 2002 Id
756 1948 865 2019 jam
911 1949 1405 2008 demonstravimus
1431 1955 1483 2008 in
1547 1958 1982 2024 praecedentibus

382 2038 551 2093 tomis
577 2037 659 2113 (I)
689 2042 1009 2098 auctoritate
1036 2046 1395 2114 quorumdam
1431 2047 1690 2103 Ecclesiae
1719 2049 1936 2105 Patrum
1966 2071 1979 2106 :

386 2146 533 2189 nunc
582 2147 711 2189 vero
738 2150 803 2189 ex
830 2134 954 2189 divo
983 2135 1256 2207 Cypriano
1306 2138 1541 2210 idipsum
1574 2141 1979 2199 conﬁrmamus.

382 2223 741 2292 Validissima,
791 2226 982 2297 quibus
1010 2244 1286 2286 sacrarum
1328 2234 1675 2304 reliquiarum
1702 2238 1983 2294 veneratio

375 2327 673 2384 asseratur,
705 2329 979 2376 momenta
998 2322 1153 2377 nobis
1180 2324 1490 2395 suppeditat
1520 2326 1761 2396 Epistola
1791 2328 1848 2384 S.
1872 2328 1980 2401 Cy-

374 2410 550 2483 priani
574 2412 903 2483 octogesima
934 2415 1105 2483 prima
1134 2416 1233 2487 (2).
1266 2417 1498 2474 Sanctus
1523 2419 1825 2492 Episcopus
1875 2422 1979 2477 ini—

382 2504 460 2557 tio
487 2502 647 2572 hujus
672 2503 931 2573 Epistolae
952 2521 1064 2561 sua:
1100 2515 1333 2563 testatur
1354 2508 1759 2567 confessoribus
1786 2512 1982 2583 quibus

376 2594 619 2666 Epistola
644 2596 737 2651 illa
758 2597 1016 2667 inscripta
1059 2608 1163 2667 est,
1192 2607 1442 2669 testatur,
1471 2603 1712 2674 inquam,
1742 2605 1981 2662 lzetitiam

376 2704 483 2761 qua
526 2690 960 2759 perfunderetur,
1003 2692 1047 2746 si
1080 2694 1296 2764 quando
1336 2696 1621 2767 complecti
1669 2710 1852 2768 posset
1894 2700 1983 2777 illa

377 2781 623 2836 membra
671 2797 792 2852 qua:
837 2797 1027 2839 eorum
1058 2784 1417 2840 confessionis
1450 2787 1809 2845 instrumenta
1862 2792 1981 2848 fue-

378 2883 543 2938 runt;
590 2874 636 2928 si
682 2875 919 2930 osculari
953 2885 1138 2945 posset
1182 2893 1276 2933 ora
1318 2878 1408 2933 illa
1444 2895 1566 2950 quae
1612 2898 1809 2938 nomen
1853 2884 1983 2939 Jesu

380 2966 578 3023 Christi
609 2968 846 3039 gloriose
880 2971 1129 3026 confessa
1158 2982 1323 3039 sunt;
1353 2973 1398 3028 si
1426 2985 1611 3043 posset
1647 2978 1888 3047 conspici
1915 2979 1983 3035 ab

382 3060 557 3114 oculis
626 3062 730 3117 illis
779 3063 915 3133 qui,
990 3064 1247 3135 despecto
1296 3066 1538 3136 saeculo,
1596 3071 1983 3141 conspiciendo

382 3150 497 3207 Deo
521 3152 665 3223 digni
711 3156 1009 3211 extiterunt
1042 3174 1054 3210 :
1092 3175 1110 3209 ι
1145 3157 1281 3225 Quid
1318 3158 1449 3214 mihi
1476 3163 1732 3231 optatius,
1764 3180 1783 3214 »
1812 3164 1983 3234 inquit

380 3247 473 3302 ille
506 3246 607 3320 (ὅ),
644 3266 663 3300 ‹
698 3258 753 3305 et
780 3249 1047 3306 laetius...
1079 3267 1238 3323 quam
1289 3263 1345 3307 ut
1374 3254 1766 3324 complecterer
1792 3273 1983 3314 manus

382 3339 499 3396 illas
528 3358 767 3411 quze....,
811 3344 1142 3400 Dominicam
1190 3345 1350 3402 ﬁdem
1387 3358 1687 3417 servantes,
1719 3352 1978 3423 sacrilega

381 3436 637 3506 obsequia
676 3438 1046 3508 respuerant?
1080 3438 1219 3505 Quid
1255 3439 1549 3510 jucundius
1590 3451 1644 3496 et
1672 3443 1976 3510 sublimius,

382 3545 542 3600 quam
574 3532 806 3585 osculari
840 3546 935 3585 ora
971 3531 1059 3586 illa
1090 3548 1211 3603 quae
1252 3534 1487 3604 gloriosa
1532 3550 1665 3592 voce
1692 3537 1978 3595 Dominum

382 3623 626 3679 confessa
654 3627 814 3680 sunt?
843 3644 863 3679 »
890 3626 1119 3682 Ridendi
1142 3628 1305 3699 igitur
1334 3644 1441 3684 non
1474 3628 1696 3697 erimus,
1724 3632 1771 3686 si
1791 3648 1854 3688 ex
1881 3632 1982 3689 hoc

382 3716 437 3774 S.
462 3719 711 3789 Cypriani
747 3720 1059 3776 tesﬁmonio
1095 3722 1481 3780 concludamus
1513 3734 1825 3783 sanctorum
1854 3728 1983 3784 reli-

385 3813 542 3883 quias
560 3828 677 3869 esse
694 3814 1038 3871 honorandas
1065 3833 1079 3871 ε
1113 3831 1254 3884 nam,
1287 3818 1331 3872 si
1362 3832 1547 3873 eorum
1567 3820 1829 3890 membra,
1852 3821 1982 3876 dum

390 3905 569 3960 adhuc
597 3906 647 3960 in
691 3907 821 3961 vivis
851 3916 1042 3977 erant,
1074 3910 1424 3966 veneratione
1464 3923 1619 3967 erant
1647 3913 1825 3985 digna,
1862 3929 1978 3968 ma-

380 3998 489 4069 jori
519 3997 730 4068 quidem
781 3999 936 4071 digna
968 4003 1180 4057 censeri
1205 4002 1404 4058 debent
1447 4013 1727 4076 postquam
1769 4005 1835 4059 ad
1868 4005 1986 4074 plu-

384 4109 473 4151 res
499 4095 895 4165 migraverunt,
926 4096 1028 4151 nisi
1056 4096 1241 4152 dicere
1269 4097 1516 4163 velimus,
1551 4114 1649 4169 per
1689 4098 1981 4169 gloriosam

380 4202 564 4243 eorum
598 4198 829 4243 mortem
877 4189 1141 4259 pretiosas
1167 4205 1357 4246 eorum
1386 4191 1641 4262 reliquias
1671 4192 1935 4247 vilescere
1966 4211 1979 4246 :

380 4292 433 4337 at
460 4292 646 4339 contra
688 4298 784 4354 per
813 4291 1043 4340 mortem
1076 4300 1273 4340 novum
1321 4285 1509 4355 gloriae
1534 4286 1760 4358 gradum
1800 4287 1986 4358 acqui-

386 4385 528 4432 runt.

411 4600 438 4666 ς
462 4601 571 4653 VII.
598 4602 708 4653 Alia
731 4601 1007 4667 disciplina:
1032 4609 1209 4667 puncta
1238 4615 1303 4653 ex
1326 4602 1423 4655 divi
1454 4602 1678 4668 Cypriani
1701 4606 1952 4668 operibus.

462 4798 572 4853 LII.
602 4798 672 4853 De
699 4799 964 4854 Reditibus
990 4796 1236 4854 Ecclesia:
1256 4807 1304 4854 et
1323 4814 1501 4853 eorum
1524 4796 1862 4853 usw—Suos
1884 4797 1987 4853 Ec-

389 4893 554 4948 cIesia
597 4892 821 4949 habebat
878 4908 1077 4949 census
1117 4901 1173 4947 et
1223 4892 1460 4959 reditus,
1495 4907 1633 4963 quos
1658 4892 1711 4946 in
1746 4890 1988 4962 singulos

390 5002 605 5042 menses
636 4986 844 5043 clericis
894 4987 1252 5042 distribuebat
1295 4985 1362 5040 ad
1406 5000 1593 5041 eorum
1641 4983 1991 5040 sustentatio-

390 5094 533 5133 nem.
593 5078 1010 5133 Distributiones
1068 5079 1187 5132 istm
1240 5077 1649 5147 appellabantur
1687 5093 1985 5143 mensurna,

386 5185 452 5225 ac
490 5172 533 5224 si
566 5170 716 5225 dicas
747 5171 988 5225 omnium
1018 5169 1287 5225 mensium
1310 5168 1719 5224 distributiones
1744 5210 1760 5236 ,
1795 5169 1991 5239 quibus

387 5266 643 5319 carebant
686 5264 721 5319 ii
764 5264 946 5320 clerici
992 5264 1082 5336 qui
1146 5264 1199 5318 in
1249 5262 1465 5333 aliquod
1515 5263 1718 5317 crimen
1754 5262 1990 5333 prolapsi

388 5369 562 5422 erant,
595 5358 677 5415 vel
710 5359 929 5429 proprio
979 5357 1189 5414 muneri
1220 5356 1537 5423 defuerant,
1572 5355 1649 5409 uti
1689 5356 1896 5411 eruitur
1925 5370 1992 5409 ex

387 5451 625 5524 Epistola
675 5452 937 5522 vigesima
965 5460 1181 5515 octava,
1216 5451 1268 5504 in
1296 5463 1400 5520 qua
1426 5448 1498 5504 ita
1524 5448 1764 5517 loquitur
1801 5447 1857 5503 S.
1888 5444 1994 5516 Cy-

461 5614 541 5685 (I)
575 5615 701 5671 Vide
743 5614 941 5669 Histor.
972 5614 1243 5685 tlteoiogic.
1273 5613 1464 5680 critic.,
1500 5620 1639 5682 part.
1675 5626 1732 5675 tt,
1767 5623 1823 5679 p.
1857 5608 1990 5674 455,

388 5686 535 5751 454;
562 5700 699 5756 part.
728 5703 822 5751 vn,
856 5703 977 5757 pag.
1004 5685 1131 5742 549.

464 5778 545 5847 (ἓ)
574 5778 843 5849 Cyprian..
878 5780 1049 5850 Epist.
1083 5794 1276 5840 LXXXI,
1310 5786 1441 5832 tom.
1482 5788 1644 5850 ivtc.
1679 5772 1783 5827 4⁵24
1823 5789 1875 5839 c,
1906 5786 1991 5844 sq.

388 5845 532 5907 Vide
556 5845 693 5919 part.
718 5869 769 5907 xi
797 5845 941 5907 Hist.
968 5850 1123 5906 tlteot.
1148 5852 1335 5919 critic.,
1364 5863 1482 5921 pag.
1512 5845 1641 5915 268,
1661 5858 1810 5917 seqq.

461 5944 541 6015 (5)
574 5943 736 6004 Llein.
767 5946 871 6001 loc.
901 5945 990 6000 cit.

1876 420 2268 485 PREFATIO.

3590 469 3703 516 XLII

2104 548 2322 616 prianus
2350 551 2431 627 (I)
2464 572 2475 609 :
2514 574 2533 608 ‹
2570 557 2929 618 Desiderastis
2956 579 3169 637 quoque
3195 577 3252 623 ut
3286 568 3353 626 de
3382 570 3701 633 Philumena

2100 650 2155 695 et
2181 642 2481 702 Fortunato
2502 648 2910 721 hypodiaconis,
2944 658 3281 714 etFavorino
3309 663 3584 733 acolytbo,
3607 672 3703 738 qut"

2100 736 2281 791 medio
2316 748 2558 811 tempore
2591 760 2955 816 recesserunt,
2984 761 3038 805 et
3066 768 3208 807 nunc
3255 765 3538 821 venerunt,
3572 736 3704 830 quid

2099 830 2231 885 mihi
2266 833 2551 905 videatur,
2608 843 2971 899 rescribam...
3014 844 3230 901 Interim
3260 863 3319 904 se
3364 864 3393 903 a
3441 851 3704 911 divisione

2098 939 2389 983 mensurna
2422 940 2627 987 tantum
2660 937 2995 1005 contineant,
3024 956 3130 994 non
3155 944 3309 1012 quasi
3341 959 3370 999 a
3399 945 3701 1006 ministerio

2097 1022 2465 1081 ecclesiastico
2512 1030 2703 1099 privati
2736 1047 2857 1088 esse
2896 1034 3180 1091 videantur
3203 1078 3218 1103 ,
3263 1039 3357 1094 sed
3390 1049 3446 1093 ut
3476 1041 3704 1113 integris

2096 1116 2345 1173 omnibus
2371 1120 2435 1174 ad
2467 1132 2706 1178 nostram
2742 1128 3082 1195 prmseutiam
3110 1129 3487 1188 differantur.»
3515 1136 3699 1191 Altera

2095 1204 2287 1262 horum
2336 1213 2603 1270 redituum
2660 1232 2788 1287 pars
2842 1220 3254 1289 impendebatur
3300 1224 3355 1278 in
3401 1241 3700 1297 pauperum

2095 1299 2504 1373 eleemosynas;
2537 1308 2801 1378 siquidem
2834 1327 2897 1367 ea
2924 1323 3083 1369 aetate
3113 1325 3221 1370 tum
3254 1333 3519 1390 pauperes
3560 1337 3701 1379 enu-

2096 1393 2288 1450 triebat
2314 1396 2576 1465 Ecclesia,
2628 1406 2928 1472 praesertim
2980 1423 3074 1465 eos
3110 1428 3128 1461 ‹
3156 1412 3244 1481 qui
3276 1413 3327 1467 in
3358 1413 3464 1471 fide
3493 1426 3699 1474 stantes

2092 1495 2147 1540 et
2201 1487 2411 1545 fortiter
2461 1492 2775 1565 militantes,
2826 1507 3002 1554 castra
3054 1500 3251 1558 Christi
3305 1521 3413 1561 non
3464 1510 3699 1581 relique-

2093 1587 2218 1633 runt
2246 1580 2325 1651 (2)
2360 1600 2415 1649 »;
2482 1594 2593 1639 tum
2641 1589 2871 1645 miseros
2924 1593 3163 1649 artiﬁces
3206 1595 3472 1666 juvabat,
3519 1580 3700 1673 aliqua

2092 1672 2567 1745 Subministrando,
2593 1691 2652 1736 ut
2679 1686 2951 1755 prOpriam
2968 1698 3140 1744 artem
3164 1702 3386 1760 possent
3412 1672 3695 1754 exercere.

2093 1765 2244 1821 Hanc
2270 1769 2528 1827 Ecclesiae
2549 1774 2867 1832 charitatem
2897 1794 3022 1851 erga
3055 1797 3320 1853 pauperes
3350 1790 3482 1843 satis
3508 1800 3699 1860 aperte

2091 1860 2330 1917 insinuat
2357 1864 2601 1935 Epistula
2633 1869 2689 1924 S.
2723 1870 2977 1943 Cypriani
3000 1876 3066 1929 ad
3098 1876 3481 1949 Euchratium,
3514 1884 3565 1938 in
3590 1900 3697 1955 qua

2089 1969 2398 2013 sermonem
2430 1958 2638 2017 babeus
2662 1964 2730 2020 de
2753 1968 2985 2035 quodam
3012 1970 3276 2029 histrione
3296 2017 3310 2039 ,
3337 1992 3496 2047 quem
3521 1979 3587 2034 ab
3610 1980 3693 2036 in-

2091 2044 2220 2101 fami
2252 2049 2341 2102 illa
2372 2060 2488 2106 arte
2518 2069 2776 2112 revocare
2804 2060 3039 2127 volebat,
3061 2063 3233 2134 inquit
3261 2044 3379 2139 (5)7:
3416 2089 3435 2122 ί
3463 2070 3617 2138 Quod
3645 2073 3692 2127 si

2090 2138 2214 2193 talis
2242 2143 2522 2209 penuriam
2556 2151 3014 2207 etnecessitatem
3047 2160 3379 2225 paupertatis
3411 2163 3679 2231 obtendit,

2092 2241 2265 2300 potest
2294 2233 2434 2290 inter
2471 2246 2699 2295 caeteros
2724 2243 2815 2312 qui
2843 2244 3112 2302 alimentis
3138 2247 3396 2307 Ecclesia:
3421 2256 3695 2312 sustinen-

2091 2332 2194 2390 tur,
2231 2325 2388 2396 hujus
2419 2344 2632 2402 quoque
2657 2336 2954 2393 necessitas
2980 2339 3279 2409 adjuvari.»
3316 2343 3513 2401 Verum
3542 2348 3692 2405 elee-

2089 2431 2332 2489 mosynae
2374 2419 2482 2477 illa:
2513 2424 2809 2481 moderatae
2839 2437 2995 2485 erant
3043 2440 3097 2487 et
3146 2432 3529 2505 frugalioribus
3558 2440 3693 2497 cibis

2089 2513 2327 2566 contenti
2367 2528 2490 2570 esse
2536 2516 2811 2575 debebant
2861 2536 3149 2593 pauperes,
3194 2536 3251 2581 ut
3301 2528 3443 2584 idem
3471 2541 3692 2588 sanctus

2090 2601 2290 2659 Doctor
2314 2606 2513 2663 ibidem
2547 2611 2709 2666 tradit
2741 2632 2751 2665 :
2790 2632 2807 2665 ι
2833 2612 2889 2671 Si
2923 2624 3103 2672 tamen
3133 2628 3422 2676 contentus
3450 2622 3573 2687 sit,»
3607 2624 3695 2679 in-

2089 2696 2203 2764 quit
2233 2696 2321 2751 ille
2346 2699 2535 2755 eodem
2556 2700 2622 2757 de
2652 2703 2916 2762 histrione
2942 2708 3165 2777 loquens
3186 2753 3201 2777 ,
3240 2730 3259 2763 ‹
3286 2711 3690 2784 frugalioribus,

2089 2789 2185 2843 sed
2216 2790 2595 2850 innocentibus
2622 2796 2777 2853 cibis.
2817 2819 2837 2851 »
2893 2800 3049 2868 Quod
3080 2812 3257 2859 autem
3293 2820 3560 2877 pauperes
3599 2824 3692 2864 ar-

2091 2882 2264 2939 tiﬁces
2282 2887 2483 2954 juvarit
2503 2888 2746 2947 Ecclesia
2772 2934 2784 2953 .
2826 2894 3081 2963 probatur
3107 2902 3428 2955 auctoritate
3444 2900 3690 2970 ejusdem

2088 2976 2259 3029 sancti
2287 2977 2563 3049 Episcopi,
2594 2983 2685 3053 qui
2715 2984 2942 3053 cpistola
2991 3004 3099 3055 xu,
3136 2989 3214 3043 sic
3251 3004 3346 3045 eos
3393 2991 3693 3062 alloquitur

2088 3069 2154 3123 ad
2188 3085 2323 3139 quos
2356 3071 2595 3142 EpiStola
2639 3075 2729 3131 illa
2762 3081 3065 3151 conscripta
3095 3092 3179 3137 est
3208 3082 3289 3152 (i)
3317 3100 3330 3136 :
3368 3102 3387 3137 ι
3437 3086 3549 3155 Ego
3593 3100 3692 3142 vos

2090 3179 2186 3233 pro
2222 3181 2308 3219 me
2341 3167 2573 3224 vicarios
2612 3170 2769 3239 misi,
2825 3182 2884 3227 ut
2922 3178 3305 3245 expungeretis
3337 3180 3690 3236 necessitates

2089 3255 2313 3310 fratrum
2348 3268 2656 3316 nostrorqu
2703 3265 3040 3334 sumptibus,
3085 3267 3129 3321 si
3159 3268 3249 3338 qui
3289 3269 3451 3325 etiam
3487 3270 3691 3329 vellent

2087 3364 2214 3405 suas
2236 3361 2379 3407 artes
2407 3369 2685 3423 exercere,
2719 3357 3111 3428 additamento,
3146 3372 3406 3430 quantum
3438 3365 3567 3420 satis
3597 3381 3689 3421 es-

2087 3454 2192 3512 set,
2224 3445 2509 3515 desideria!
2537 3465 2723 3506 eorum
2752 3452 3033 3521 juvaretis.
3087 3474 3105 3507 »
3152 3455 3357 3511 Idcirco
3403 3458 3586 3526 corba,
3635 3459 3689 3514 id

2086 3547 2171 3592 est
2200 3541 2418 3608 capsula
2441 3540 2804 3615 eleemosynis
2831 3544 3163 3615 excipiendis
3194 3547 3246 3601 in
3279 3548 3496 3622 templis
3516 3564 3687 3620 pone-

2088 3627 2245 3684 batur
2271 3630 2375 3703 (5).
2408 3631 2643 3699 Fideles,
2678 3634 2780 3691 etsi
2803 3651 3090 3707 pauperes,
3130 3656 3149 3689 ‹
3175 3640 3456 3696 materiam
3481 3656 3578 3712 pro
3602 3657 3690 3698 sa-

2087 3724 2291 3780 crificio
2324 3745 2342 3777 »
2380 3727 2797 3798 suppeditabant
2826 3728 2942 3803 (6):
2974 3730 3248 3788 «Decimas
3274 3752 3293 3786 »
3326 3736 3487 3791 etiam
3509 3736 3689 3792 solve-

2086 3819 2216 3875 bant
2238 3817 2343 3889 (τ).

2157 3912 2289 3969 LIII.
2324 3914 2398 3969 De
2423 3914 2561 3971 Cura
2586 3919 3162 3987 inﬁrmorum—Inter
3188 3924 3468 3980 ministros
3498 3924 3689 3981 Eccle-

2088 4006 2183 4059 size
2216 4016 2363 4062 erant
2393 4010 2592 4079 quibus
2621 4026 2751 4066 cura
2781 4011 3107 4069 demandata
3138 4026 3255 4071 erat
3276 4015 3556 4073 deferendi
3578 4016 3689 4074 Eu-

2089 4097 2396 4154 charistiam
2418 4103 2745 4171 pauperibus
2760 4113 2813 4157 et
2834 4106 3081 4173 infirmis,
3098 4118 3152 4162 et
3176 4108 3414 4178 tingendi
3434 4109 3688 4165 catechu-

2089 4204 2279 4244 menos
2310 4190 2376 4244 ad
2410 4202 2643 4247 mortem
2670 4203 3020 4265 aegrotantes.
3052 4198 3202 4251 «Alia
3225 4213 3345 4267 qum
3368 4200 3691 4256 incumbunt

2088 4283 2243 4339 vobis
2265 4303 2283 4336 »
2320 4284 2509 4340 scribit
2532 4285 2709 4343 clerus
2740 4287 3016 4343 Romanus
3041 4288 3145 4361 (8),
3174 4309 3193 4343 (
3224 4290 3387 4345 etiam
3420 4291 3534 4361 ipsa
3561 4292 3689 4349 sub-

2091 4374 2363 4443 didimus;
2397 4385 2454 4432 ut
2497 4378 2543 4433 si
2571 4380 2659 4447 qui
2698 4380 2749 4434 in
2783 4379 2920 4435 hanc
2952 4382 3303 4437 tentationem
3346 4382 3687 4455 inciderunt,

2090 4472 2357 4542 cmperint
2386 4471 2719 4544 apprehendi
2751 4474 3097 4543 infirmitate,
3131 4486 3187 4534 et
3226 4487 3390 4548 agant
3418 4479 3693 4549 poeniten-

2092 4564 2220 4620 tiam
2262 4563 2388 4620 facti
2420 4566 2535 4632 sui,
2570 4575 2626 4621 et
2654 4566 2970 4622 desiderent
2997 4569 3439 4625 communionem
3460 4612 3475 4636 ,
3509 4572 3694 4643 utique

2091 4656 2367 4713 subveniri
2397 4656 2479 4713 eis
2506 4657 2701 4714 debet:
2728 4659 2842 4714 sive
2864 4658 3058 4726 viduae,
3082 4662 3196 4716 sive
3224 4660 3542 4717 thlibomeni
3565 4703 3578 4726 ,
3602 4663 3693 4733 qui

2094 4765 2153 4807 se
2195 4750 2455 4807 exhibere
2495 4767 2601 4808 nou
2642 4762 2898 4823 possunt,
2946 4754 3060 4810 sive
3090 4754 3143 4809 hi
3176 4756 3267 4827 qui
3300 4756 3352 4810 in
3380 4756 3691 4812 carceribus

2093 4854 2252 4912 sunt,
2287 4845 2402 4900 sive
2430 4846 2634 4900 exclusi
2666 4860 2693 4898 a
2727 4846 2947 4901 sedibus
2978 4848 3091 4903 suis
3111 4888 3125 4915 ,
3160 4848 3349 4919 utique
3378 4848 3564 4904 haberi
3595 4847 3693 4903 de-

2096 4936 2255 5005 bent,
2282 4937 2371 5006 qui
2402 4937 2482 4992 eis
2509 4936 2839 4994 ministrent.
2869 4936 2977 4994 Sed
3005 4948 3059 4993 et
3088 4940 3463 4994 cateclmmeui
3495 4952 3693 5007 appre-

2096 5029 2247 5087 hensi
2276 5032 2327 5085 itt
2357 5032 2672 5087 infirmitate
2697 5032 2906 5102 decepti
2928 5046 3050 5089 esse
3076 5047 3182 5087 non
3204 5030 3507 5096 debebunt,
3536 5036 3595 5084 ut
3616 5028 3697 5084 eis

2094 5124 2462 5179 subveniatur.
2493 5144 2512 5177 »

2168 5214 2301 5270 LIV.
2331 5215 2611 5289 Sportula'.
2642 5246 2714 5255 —
2739 5215 2944 5270 Praeter
2985 5215 3237 5284 superius
3278 5214 3577 5270 recensitas
3602 5229 3699 5270 cu-

2171 5352 2250 5425 (I)
2282 5350 2558 5425 Cypriani”
2583 5351 2688 5425 Ep:
2718 5363 2908 5415 xxvm,
2961 5357 3091 5402 tom.
3118 5364 3190 5415 tv,
3216 5362 3265 5403 c.
3297 5345 3397 5403 501
3430 5364 3480 5402 Β.
3509 5346 3694 5416 Conl.,

2099 5419 2197 5493 Ep‘.
2230 5419 2410 5493 nev,
2440 5423 2565 5493 coll.
2589 5419 2719 5485 320,
2746 5435 2861 5489 seq.

2172 5492 2250 5565 (2)
2279 5492 2445 5565 Idem,
2477 5492 2579 5565 Ep.
2608 5488 2833 5555 xxxv",
2863 5502 2995 5544 tom.
3029 5489 3238 5565 tv,_c_o_l.
3268 5488 3371 5544 529
3400 5508 3453 5546 Α.

2173 5563 2252 5637 ('5)
2281 5563 2449 5637 Idem,
2484 5564 2585 5637 Ep.
2615 5579 2727 5630 LXI,
2764 5571 2897 5617 tom.
2926 5578 2999 5628 tv,
3025 5577 3074 5617 c.
3107 5563 3319 5637 565,5,
3344 5577 3393 5615 Β.

2174 5632 2251 5705 (4)
2284 5635 2450 5701 Idem,
2480 5632 2580 5703 Ep.
2609 5650 2846 5700 xxxviii,
2877 5644 3009 5705 tom.
3043 5650 3115 5696 IV,
3139 5649 3188 5687 c.
3222 5632 3328 5687 550
3355 5651 3407 5688 Α.

2200 5704 2256 5777 5⁷)
2284 5706 2450 5777 Idem,
2478 5707 2569 5761 lib.
2603 5708 2666 5762 de
2696 5705 2797 5777 ορ.
2828 5715 2873 5760 et
2908 5704 3125 5770 Elcem.,
3156 5714 3287 5758 tom.
3322 5722 3395 5771 tv,
3419 5721 3469 5760 c.
3501 5704 3606 5760 612
3648 5720 3697 5759 Β.

2200 5711 2256 5777 5)
2285 5711 2450 5772 Idem,
2478 5711 2569 5761 liI).
2603 5724 2617 5760 t

2174 5711 2257 5851 (6)
2282 5776 2452 5851 Idem,
2478 5780 2617 5851 ibid.

2204 5786 2235 5832 6
2286 5786 2452 5840 Idem,
2488 5786 2617 5833 ibid.

2204 5786 2259 5926 ᾗ
2281 5848 2569 5926 IdcmLIib.
2601 5851 2663 5905 de
2696 5848 2837 5926 Unit.
2871 5846 3205 5926 Ecclqtom.
3235 5864 3322 5915 Iv,
3350 5863 3399 5905 c.
3421 5847 3599 5926 ὄψει.
3690 5910 3709 5926 _

2204 5859 2259 5924 7)
2282 5859 2447 5911 lacu»,
2478 5859 2569 5905 ιιι).
2601 5859 2663 5905 de
2696 5859 2837 5905 Umt.
2871 5859 3044 5914 Each,
3076 5859 3205 5903 tom.
3235 5864 3322 5915 Iv,
3350 5863 3399 5905 c.
3421 5859 3528 5906 518
3549 5864 3599 5902 n.
3690 5913 3692 5922 η

2175 5859 2414 5998 (8)0ler.
2432 5920 2589 5981 Rom.
2608 5921 2749 5993 apud
2765 5920 3045 5996 Cypriam,
3064 5920 3165 5995 Ep.
3185 5936 3241 5991 ιι,
3260 5929 3383 5995 t.tv,
3399 5936 3448 5980 c.
3465 5920 3574 5977 227
3593 5937 3692 5991 Am
