4190 6246
476 366 520 405 2.!
533 369 564 405 ιι
1927 358 2132 424 P3113?
2134 359 2316 418 ΔΤΙΟ.

474 465 670 536 jusque
694 468 895 522 mensis
921 467 1351 536 distributiones,
1377 471 1498 528 alia:
1539 471 1760 545 insuper
1781 485 1940 536 erant
1959 491 2079 546 qua:

481 555 814 612 vocabantur
841 559 1125 626 sportulw,
1156 569 1211 614 et
1241 562 1330 630 qui
1363 576 1551 617 eorum
1603 566 1892 642 participes
1927 576 2089 629 erant

479 647 694 716 clerici,
747 650 1092 716 sportulantes
1161 653 1592 724 appellabantur.
1664 657 1796 718 Vide
1845 674 1966 728 qua:
2018 659 2087 716 de

478 737 630 794 hisce
659 737 823 794 habet
853 738 1008 796 divus
1038 741 1340 813 Cyprianus
1368 745 1421 800 in
1453 762 1547 801 sua
1590 747 1832 819 Epistula
1870 750 1935 806 ad
1967 749 2086 806 Cle-

478 829 592 885 Ium
635 829 990 887 Furnensem.
1023 832 1225 889 Verum
1268 834 1426 894 fateri
1468 838 1729 896 debemus
1772 842 1829 904 S.
1864 842 2089 916 Cypria-

479 937 611 978 num
650 921 794 978 haud
839 923 1124 996 perspicue
1163 939 1402 984 mentem
1447 945 1599 986 suam
1639 937 1918 1004 aperuisse
1947 937 2088 996 circa

477 1015 644 1071 hasce
693 1017 998 1086 sportulas;
1047 1033 1259 1074 necnon
1303 1031 1554 1079 auctores
1612 1028 1701 1096 qui
1740 1027 1807 1082 de
1850 1028 1958 1086 illis
2005 1029 2089 1088 lo-

482 1117 740 1179 quuntur,
774 1125 881 1164 non
913 1111 1046 1166 satis
1076 1122 1263 1184 aperte
1293 1114 1505 1186 seipsos
1537 1118 1848 1189 explicare,
1882 1130 1940 1176 ut
1968 1137 2093 1190 pos-

481 1203 650 1258 simus
700 1201 830 1257 inde
872 1203 1074 1274 aliquid
1111 1206 1247 1260 certi
1290 1205 1392 1262 hac
1437 1208 1489 1262 in
1531 1225 1589 1265 re
1617 1211 1862 1267 deﬁnire.
1895 1211 2095 1270 Censet

482 1293 744 1364 Rigaltius
773 1311 791 1346 ‹
818 1293 1004 1349 haberi
1029 1296 1082 1350 in
1106 1296 1315 1353 honore
1343 1301 1784 1374 sportulantium,
1817 1323 1837 1358 ι
1863 1305 1941 1368 uti
1964 1306 2095 1362 scri-

482 1385 562 1440 bit
589 1385 644 1442 S.
668 1385 1003 1456 Cyprianus,
1028 1386 1169 1443 idem
1198 1404 1322 1446 esse
1341 1405 1403 1446 ac
1431 1392 1750 1466 participem
1778 1395 1894 1456 ﬁeri
1917 1397 2098 1467 cujus-

485 1476 608 1534 dam
640 1477 929 1547 peculiaris
960 1477 1394 1550 distributionis,
1437 1499 1556 1555 quae
1597 1485 1809 1541 diversa
1842 1499 1989 1550 esset
2028 1491 2096 1548 ab

483 1569 574 1625 illa
603 1584 722 1640 quze
749 1569 1049 1640 appellatur
1074 1572 1143 1627 ab
1169 1573 1362 1629 eodem
1389 1586 1576 1632 sancto
1603 1577 1836 1636 Doctore
1862 1597 1879 1632 ι
1905 1580 2097 1637 divisio

485 1679 803 1730 mensurna,
829 1683 846 1718 ι
872 1681 992 1737 quae
1018 1676 1139 1721 erat
1164 1666 1804 1742 distributio'generalis:
1835 1689 1935 1729 nos
1968 1689 2098 1734 vero

491 1756 853 1812 libentissime
905 1757 1246 1828 adjungimus
1276 1802 1290 1827 ,
1349 1763 1700 1831 pauperiores
1752 1765 2098 1828 solummodo

485 1849 717 1906 clericos
746 1849 904 1918 hujus
957 1849 1245 1918 peculiaris
1276 1851 1674 1914 distributionis
1718 1853 1886 1911 fuisse
1931 1857 2097 1928 parti-

488 1941 666 2013 cipes,
707 1957 867 2012 quam
917 1941 1405 2001 efformahantillte
1455 1944 1692 2001 ﬁdelium
1735 1948 2100 2024 eleemosynze

492 2053 612 2110 qua:
640 2039 695 2094 in
722 2037 865 2094 arcis
892 2038 1314 2108 reponebantur.
1341 2041 1497 2096 Area:
1526 2043 1640 2097 ista:
1664 2057 1785 2098 cum
1814 2044 1985 2102 instar
2009 2061 2103 2106 cu-

487 2129 702 2200 jusdam
725 2131 922 2186 calathi
953 2140 1155 2199 essent,
1181 2131 1511 2187 vocabantur
1547 2153 1565 2186 ι
1591 2135 1850 2204 sportula:
1874 2156 1892 2188 ι
1918 2156 1931 2193 :
1962 2138 2102 2194 unde

498 2240 518 2274 ι
549 2222 914 2294 sportulantes
940 2243 959 2276 ›
991 2223 1121 2278 dicti
1154 2225 1244 2294 qui
1277 2224 1345 2279 ab
1375 2224 1522 2280 hisce
1552 2227 1916 2302 eleemosynis
1939 2229 2104 2292 habe-

499 2317 630 2373 bant
658 2316 798 2372 unde
829 2317 882 2371 in
926 2326 1080 2387 parte
1103 2317 1437 2374 victitarent.
1471 2318 1676 2392 Opinor
1723 2332 1901 2382 autem
1928 2367 1942 2390 ,
1979 2339 2105 2394 pro-

493 2422 615 2483 pter
654 2412 979 2482 peculiarem
1023 2411 1161 2467 hanc
1204 2412 1639 2470 distributionem
1689 2431 1957 2488 pauperes
1994 2417 2107 2478 cle-

497 2504 641 2560 ricos
684 2519 1022 2574 nequaquam
1065 2504 1297 2574 rejectos
1327 2505 1493 2561 fuisse
1519 2523 1546 2560 a
1575 2508 1814 2580 generali
1844 2509 2109 2580 cujusque

497 2596 703 2652 mensis
743 2595 1156 2661 distributione,
1209 2612 1330 2668 qua:
1372 2599 1656 2656 constabat
1701 2608 1812 2654 tum
1851 2599 2107 2660 Ecclesia

500 2688 790 2755 reditibus,
844 2699 958 2744 tum
986 2689 1050 2746 iis
1090 2705 1209 2760 quae
1248 2690 1315 2744 ad
1345 2691 1485 2748 cieri
1515 2693 1962 2750 sustentationem
1991 2695 2109 2774 qui-

501 2783 632 2838 libet
671 2781 847 2837 ﬁdelis
882 2782 1228 2839 contribuere
1258 2785 1561 2840 tenebatur.

574 2874 686 2930 LV.
741 2874 903 2929 Hora!
929 2878 1211 2930 canonica'.
1241 2906 1314 2917 —-
1341 2877 1548 2932 Prteter
1577 2887 1685 2934 tres
1714 2877 1819 2934 diei
1851 2878 2012 2940 horas
2041 2880 2110 2938 ad

505 2969 776 3039 publicam
827 2984 1041 3038 precem
1087 2965 1435 3040 designatas,
1468 2972 1680 3028 tertiam
1713 2973 1944 3040 scilicet,
1983 2985 2108 3027 sex-

506 3069 613 3115 tam
643 3070 700 3115 et
729 3076 950 3126 nonam,
985 3061 1040 3115 S.
1076 3059 1379 3132 Cyprianus
1408 3073 1675 3118 memorat
1703 3065 1908 3136 pariter
1939 3074 2110 3120 matu-

508 3155 712 3218 tinum,
748 3153 1000 3224 inquiens
1049 3154 1129 3226 (I)
1164 3159 1336 3230 mane;
1364 3155 1663 3224 orandum,
1698 3167 1754 3211 ut
1784 3159 2113 3213 resurrectio

508 3246 719 3301 Domini
749 3247 1011 3301 matutina
1040 3248 1290 3301 oratione
1319 3249 1645 3306 celebretur.
1683 3249 1944 3319 Loquitur
1975 3251 2113 3318 pari-

505 3351 586 3395 ter
611 3339 678 3394 de
705 3339 806 3393 alia
835 3339 1081 3394 oratione
1106 3339 1170 3392 ad
1203 3339 1309 3393 diei
1339 3340 1497 3395 ﬁnem
1525 3341 1660 3395 facta
1684 3358 1697 3406 ;
1727 3341 1868 3412 quod
1899 3343 2111 3411 quidem

508 3434 561 3487 in
608 3448 726 3488 eam
785 3447 995 3501 precem
1043 3432 1234 3487 recidit
1281 3449 1438 3502 quam
1468 3448 1724 3504 veSperas
1755 3435 2111 3506 appellamus.

509 3523 732 3595 Insuper
761 3523 951 3592 ignoro
977 3537 1044 3576 an
1072 3523 1139 3578 de
1168 3524 1366 3593 vigiliis
1391 3525 1734 3594 interpretari
1767 3535 1948 3596 posset
1971 3525 2115 3597 quod

513 3617 675 3671 habet
701 3616 898 3673 ibidem
927 3625 1147 3672 sanctus
1170 3617 1364 3672 Doctor
1382 3627 1436 3674 et
1455 3619 1642 3673 scribit
1665 3618 1734 3673 de
1755 3620 2000 3688 precibus
2019 3636 2114 3675 no-

509 3709 717 3768 eturnis
742 3708 844 3781 (9.).
873 3710 1080 3777 Quibus
1106 3724 1236 3764 Sane
1266 3711 1483 3780 positis,
1518 3713 1777 3768 habemus
1807 3729 1994 3775 omnes
2021 3714 2116 3769 ho—

510 3819 600 3859 ras
626 3801 915 3858 canonicas
937 3842 951 3866 ,
984 3810 1028 3855 si
1063 3802 1286 3870 primam
1317 3813 1369 3857 et
1413 3805 1823 3884 completorium
1856 3805 2113 3876 excipias.

513 3896 718 3951 Praeter
742 3894 838 3948 has
865 3893 1106 3963 publicas
1135 3909 1325 3964 preces
1343 3935 1358 3962 ,
1387 3895 1504 3951 alia:
1531 3905 1687 3951 erant
1712 3912 1832 3966 qua:
1861 3897 1912 3951 in
1940 3897 2117 3974 priva—

513 3996 689 4042 torum
730 3986 934 4041 aedibus
978 3986 1207 4052 fiebant,
1255 3988 1329 4042 uti
1371 3998 1488 4044 erat
1529 3991 1704 4044 oratio
1733 4001 1858 4047 ante
1895 3991 2113 4057 cibum,

514 4078 668 4151 cujus
697 4079 941 4134 meminit
967 4078 1024 4134 S.
1053 4077 1356 4150 Cyprianus
1383 4082 1434 4135 in
1465 4097 1562 4137 suo
1591 4090 1817 4137 tractatu
1842 4082 1907 4137 ad
1937 4083 2116 4137 Dona-

517 4179 626 4227 tum
657 4170 765 4245 (5),
802 4181 856 4226 et
884 4188 1042 4242 quam
1069 4172 1315 4242 perhibet
1345 4174 1487 4230 idem
1519 4185 1736 4230 sanctus
1769 4176 1970 4231 Doctor
2001 4177 2117 4231 vel-

517 4264 595 4319 uti
625 4263 1074 4319 consuetudinem
1105 4278 1205 4318 suo
1230 4280 1346 4319 azvo
1375 4266 1480 4335 iam
1513 4267 1955 4321 vetustissimam.

591 4356 725 4411 LVI.
759 4355 839 4409 De
863 4355 1140 4409 visionibus
1165 4356 1489 4423 ﬁdelium.—
1516 4358 1596 4411 Ex
1622 4357 1868 4426 pluribus
1894 4371 2118 4427 operum

519 4449 578 4507 S.
607 4447 859 4519 Cypriani
889 4446 1021 4501 locis
1049 4457 1271 4516 apparet
1296 4446 1608 4514 manifeste,
1640 4463 1755 4503 aevo
1781 4463 1880 4503 suo
1908 4435 2119 4504 (visio-

519 4555 617 4596 nes
662 4538 860 4593 multas
903 4545 957 4591 et
1001 4535 1316 4592 manifestas
1360 4539 1530 4594 factas
1560 4554 1682 4594 esse
1711 4537 1826 4610 (4),
1863 4548 1917 4595 et
1956 4541 2117 4596 etiam

517 4643 810 4703 puerorum
837 4628 1097 4683 innocens
1121 4635 1252 4683 artas
1279 4628 1331 4684 in
1360 4631 1529 4685 extasi
1557 4631 1702 4686 videt
1728 4630 1917 4698 oculis,
1950 4641 2006 4686 et
2028 4647 2121 4685 an-

520 4723 629 4788 dit,
654 4729 711 4778 et
734 4720 970 4793 loquitur
999 4734 1061 4776 ea
1087 4720 1280 4790 quibus
1310 4737 1409 4777 nos
1433 4721 1690 4778 Dominus
1716 4723 1925 4779 minore
1955 4732 2010 4779 et
2041 4724 2122 4779 in-

623 4916 676 4992 t)
704 4916 870 4992 Cypr.
891 4958 905 4980 ,
928 4913 1210 4992 _l.de‘0r_at.
1246 4916 1426 4984 Dom.,
1450 4927 1489 4974 t.
1515 4934 1591 4987 tv,
1622 4934 1671 4974 c.
1698 4919 1826 4992 545,
1851 4937 1901 4987 Β,
1922 4936 1974 4987 c,
2000 4937 2114 4992 seq.

623 4919 676 4991 I)
704 4919 870 5043 gypr.
891 4958 905 4980 ,
931 4919 1037 4971 l.de
1063 4919 1210 4970 Orat.
1246 4919 1426 4984 Dom.,
1450 4927 1489 4974 t.
1515 4934 1591 4987 tv,
1622 4934 1671 4974 c.
1698 4919 1826 4986 545,
1851 4937 1901 4987 Β,
1922 4936 1974 4987 c,
2000 4937 2114 4992 seq.

593 4919 674 5064 ξε)
762 4990 870 5042 ulla
884 4987 996 5064 sint
1027 4988 1166 5064 horis
1196 4992 1455 5064 nocturnis
1485 5007 1691 5064 precum
1721 4991 1944 5064 damna;
1975 4995 2120 5048 nulla

523 5059 813 5119 orationum
843 5061 990 5132 pigra
1017 5069 1061 5132 et
1088 5059 1270 5130 ignava
1295 5059 1584 5129 dispendia.
1609 5062 1863 5132 Cyprian.
1889 5063 1974 5118 Ioc
1999 5068 2117 5132 cit.,

525 5151 574 5190 e.
606 5134 733 5198 545,
763 5148 814 5186 Α.
846 5130 1180 5194 Christianos
1212 5141 1371 5190 noctu
1411 5130 1704 5188 conventus
1743 5133 1994 5194 habuisse
2032 5130 2120 5200 res

524 5207 655 5262 satis
701 5211 846 5256 nota.
891 5200 1187 5273 Nocturnus
1225 5206 1606 5258 convocationes
1644 5205 1880 5273 appellat
1907 5201 2121 5261 Tertul-

524 5278 698 5331 Iianus
730 5274 822 5334 lib.
857 5289 893 5344 tt
935 5273 998 5334 ad
1050 5271 1306 5328 Uxorem.
1339 5271 1691 5330 Antelucanos‘
1717 5271 1874 5332 vocat
1914 5277 2122 5344 Plinius

527 5348 585 5402 in
617 5347 716 5414 Ep.
744 5346 813 5421 ad
845 5341 1072 5421 Trajan._
1095 5345 1201 5421 Sed
1231 5345 1451 5416 insuper
1470 5363 1535 5402 ex
1567 5349 1768 5421 privata
1796 5341 2117 5416 devotione,

526 5417 712 5472 fideles
741 5416 882 5471 lecto
911 5432 969 5487 se
987 5415 1332 5487 eripiebant,
1359 5415 1411 5487 fet
1443 5435 1533 5487 per
1562 5415 1758 5472 noctem
1789 5415 2120 5487 exsurgebant

525 5498 758 5552 oratum,
797 5494 854 5539 ut
880 5485 1301 5558 ait_Tertullian.
1356 5485 1476 5541 loco
1523 5489 1871 5558 praelaudato.
1924 5485 2014 5547 Sic
2064 5493 2119 5547 in

527 5559 877 5629 Apologetico
898 5573 932 5629 :A
956 5553 1041 5608 Ita
1077 5564 1395 5629 saturantur,
1426 5566 1479 5629 ut
1506 5553 1591 5628 q'ui
1620 5560 1938 5618 meminerint
1968 5565 2119 5622 etiam

521 5626 611 5700 per
641 5626 835 5683 natlem
855 5627 1188 5700 adorandum
1217 5626 1378 5700 Dettn_t
1404 5627 1499 5681 sibi
1518 5626 1651 5683 esse.

597 5701 673 5768 (5)
701 5697 986 5765 Cypriam,
1008 5694 1181 5768 Epist.
1201 5698 1322 5762 t,ad
1343 5696 1620 5764 Donatum,
1645 5702 1717 5758 al.
1742 5700 1837 5762 lib.
1856 5706 1924 5760 ad
1941 5703 2118 5762 Dona-

517 5764 778 5838 turrito!!!)
805 5779 967 5838 me.
1001 5764 1107 5822 222
1131 5807 1150 5835 ,
1184 5782 1214 5821 s
1239 5807 1255 5833 ,
1286 5781 1401 5838 seq.

580 5836 658 5908 (4)
685 5833 994 5906 Ιάεσι,Ερ.
1023 5833 1144 5908 Liv,
1178 5845 1308 5896 tom.
1338 5833 1396 5904 tit
1422 5882 1437 5912 ,
1468 5855 1520 5900 e.
1553 5838 1758 5919 855,}.

3677 390 3808 428 XLIV

2232 485 2412 534 truete
2437 477 2694 550 dignatur
2722 481 2821 555 (I).
2866 502 2885 535 ι
2909 483 3036 539 Illos
3064 501 3193 540 vero
3222 489 3577 558 reprehendit
3612 492 3808 562 quibus

2197 584 2260 628 ea
2288 573 2526 626 «somnia
2551 573 2774 630 ridicula
2791 585 2845 630 et
2861 576 3096 634 visiones
3113 579 3309 651 ineptae
3328 582 3650 650 videbantur
3669 585 3767 658 (:2).
3783 606 3803 640 ι

2266 661 2566 720 Observare
2589 668 2791 736 pariter
2815 685 3100 739 possumus
3124 690 3189 728 ex
3212 674 3336 729 divo
3357 676 3651 750 Cypriano,
3677 681 3804 744 olim

2196 754 2378 823 nigras
2419 769 2598 815 vestes
2639 769 2880 831 tempore
2923 764 3099 820 luctus
3139 768 3191 822 in
3235 784 3333 824 usu
3371 771 3560 829 fuisse.
3606 774 3808 838 Scribit

2196 846 2337 908 enim
2369 848 2423 906 in
2455 859 2685 906 tractatu
2712 852 2779 912 de
2807 854 3128 914 Mortalitate
3151 858 3262 932 (5):
3294 881 3313 913 ‹
3339 862 3634 921 Defunctos
3659 867 3807 922 desi-

2197 939 2411 1006 derarl,
2444 959 2552 1000 non
2585 946 2763 1017 plangi
2796 948 3027 1016 debere,
3063 967 3164 1008 nec
3194 955 3538 1024 accipiendas
3567 975 3688 1014 esse
3721 960 3807 1016 hic

2197 1044 2342 1094 atras
2366 1047 2575 1106 vestes,
2607 1040 2825 1109 quando
2854 1043 2929 1096 illi
2958 1043 3009 1097 in
3039 1044 3181 1102 coelo
3211 1047 3523 1105 indumenta
3550 1051 3669 1106 alba
3695 1052 3806 1122 jam

2201 1140 2571 1199 sumpserunt.
2597 1149 2618 1183 ι

2741 1300 3134 1360 ARTICULUS
3175 1306 3263 1361 IV.

2646 1433 2930 1480 ANNALES
2976 1437 3368 1484 LITTERAR".

2453 1544 2479 1608 ς
2503 1545 2542 1594 Ι.
2564 1547 2803 1599 Litterarii
2827 1552 3072 1601 minorum
3096 1553 3297 1604 Patrum
3315 1555 3553 1614 Annales.

2836 1679 3055 1726 SECULO
3095 1685 3168 1724 IX.

2747 1772 2896 1834 Circa
2925 1792 3116 1838 annum
3143 1780 3269 1838 850.

2280 1902 2464 1960 Const:
2507 1921 2694 1964 umens
2742 1912 2983 1968 ARNOBIO
3033 1945 3105 1957 —-
3158 1916 3508 1978 Mtaucuuvus.
3571 1943 3590 1978 ί
3626 1924 3811 1984 Codex

2209 1999 2586 2054 tantummodo
2633 2003 2823 2059 unicus
2851 2003 3112 2063 hactenus
3159 2022 3408 2081 repertus
3438 2025 3541 2082 est,
3585 2033 3650 2074 ex
3705 2035 3811 2091 quo

2209 2088 2444 2159 primum
2475 2090 2630 2148 ﬂuxit
2654 2104 2709 2150 et
2740 2095 2957 2166 iterum,
2986 2098 3288 2173 iterumque
3318 2107 3592 2163 Arnobius
3621 2088 3810 2167 emen-

2209 2182 2369 2239 datus
2399 2193 2504 2250 est,
2552 2188 2643 2256 qui
2684 2187 2793 2258 jam
2840 2189 2892 2246 In
2939 2190 3273 2251 bibliotheca
3321 2200 3468 2270 regia
3515 2200 3812 2264 Parisiensi

2211 2285 2405 2334 exalat.
2454 2278 2759 2348 Optandum
2789 2299 2918 2340 vero
2964 2297 3142 2356 esset,
3175 2298 3231 2343 ut
3257 2290 3446 2346 doetus
3473 2293 3689 2368 aliquis,
3723 2298 3810 2356 cui

2212 2368 2389 2425 aditus
2410 2371 2478 2426 ad
2503 2373 2742 2429 codicem
2776 2377 2918 2432 hunc
2947 2380 3154 2450 regium
3196 2393 3377 2452 patet,
3409 2401 3529 2442 eum
3561 2399 3813 2446 accurate

2211 2462 2568 2533 describeret,
2593 2482 2701 2537 quo
2725 2471 2923 2525 saeculo
2955 2473 3188 2542 scriptus
3217 2490 3337 2531 esse
3367 2478 3617 2534 videatur
3643 2481 3812 2536 ratio-

2214 2556 2374 2610 nibus
2397 2557 2556 2627 justis
2583 2561 2859 2630 probaret,
2884 2563 2934 2618 iu
2960 2566 3151 2634 primis
3178 2583 3311 2623 vero
3342 2587 3467 2632 num
3493 2571 3652 2628 fmdis
3673 2574 3810 2630 adeo

2214 2649 2624 2708 cbaraeteribus
2651 2663 2742 2709 aut
2768 2659 3049 2728 scripturae
3075 2663 3414 2736 compendiis
3441 2676 3695 2721 exaratus
3720 2669 3809 2732 sit,

2214 2752 2276 2798 ut
2305 2745 2464 2800 toties
2485 2760 2514 2799 a
2537 2747 2663 2802 viris
2690 2747 2976 2820 insigniter
2997 2752 3221 2808 eruditis
3239 2797 3252 2819 ,
3277 2772 3411 2828 quos
3435 2772 3536 2811 suo
3567 2759 3686 2813 loco
3711 2775 3810 2813 no-

2218 2837 2507 2905 minamus,
2536 2853 2634 2892 nec
2657 2855 2908 2909 umquam
2933 2843 3050 2899 sine
3074 2861 3209 2898 nova
3234 2848 3501 2904 variarum
3524 2849 3812 2908 lectionum

2219 2931 2381 2986 messi
2409 2934 2649 2987 exerceri
2681 2936 2916 3003 potuerit
2948 2955 2960 2989 :
2995 2955 3013 2987 ›
3044 2937 3159 2992 haec
3200 2939 3361 2996 habet
3393 2939 3464 2994 cl.
3501 2941 3580 2996 vir
3605 2941 3810 2996 Schoe-

2218 3036 2450 3078 nemann
2472 3066 2486 3089 ,
2522 3024 2636 3079 [nec
2674 3027 2774 3081 etsi
2805 3040 2833 3079 a
2864 3026 3075 3082 duobus
3105 3044 3262 3100 supra
3294 3033 3510 3086 saeculis
3565 3050 3671 3088 uno
3721 3049 3816 3088 ore

2217 3114 2494 3184 requirant
2535 3124 2798 3187 quotquot
2818 3117 3129 3187 Minucium,
3154 3120 3523 3178 Arnobiumve
3547 3124 3811 3196 legerunt;

2220 3208 2493 3262 neminem
2521 3218 2703 3265 tamen
2736 3209 3018 3278 hactenus,
3050 3213 3102 3268 ni
3129 3214 3301 3278 fallor,
3335 3218 3577 3288 reperire
3607 3219 3703 3272 fuit
3725 3219 3814 3292 qui

2220 3296 2318 3352 hac
2332 3298 2382 3352 in
2399 3309 2736 3355 restrenuam
2751 3317 2971 3372 operam
2989 3316 3232 3374 navaret,
3251 3324 3347 3362 nec
3363 3310 3581 3363 ultimus
3595 3309 3816 3366 Arnobii

2219 3389 2396 3444 editor
2416 3390 2466 3446 .l.
2487 3392 2549 3447 ϐ.
2593 3391 2783 3460 Orelli,
2809 3411 2906 3451 nec
2928 3412 3118 3454 recens
3141 3399 3352 3455 Minucii
3379 3403 3647 3473 interpres
3673 3405 3814 3476 Lug-

2221 3482 2517 3550 dunensis,
2549 3486 2741 3554 quibus
2787 3503 2893 3555 pm
2924 3489 3180 3545 omnibus
3209 3506 3301 3566 par
3347 3503 3462 3546 erat
3511 3493 3646 3548 hanc
3679 3496 3816 3549 acci-

2222 3591 2350 3646 pere
2379 3579 2730 3648 provinciam.
2763 3579 2989 3636 Caeteris
3020 3598 3149 3652 ergo
3177 3584 3556 3639 deﬁcientibus
3581 3629 3595 3650 ,
3631 3587 3816 3656 paucis

2224 3685 2320 3738 pro
2343 3671 2481 3725 virili
2520 3671 2588 3726 de
2626 3673 2845 3742 hujusce
2881 3673 3083 3728 codicis
3121 3677 3262 3730 unici
3297 3677 3661 3748 descriptione
3690 3695 3816 3749 age-

2223 3776 2361 3816 mus.
2413 3762 2597 3818 Codex
2651 3765 2760 3829 ille,
2811 3765 2938 3821 olim
2973 3767 3024 3821 in
3058 3767 3355 3837 Vaticana,
3392 3786 3534 3826 nunc
3579 3788 3644 3826 ex
3675 3774 3818 3827 dono

2222 3854 2419 3910 Leonis
2449 3856 2606 3928 Papa:
2638 3857 2706 3922 X,
2733 3858 2786 3914 in
2815 3859 2981 3930 Regia
3016 3861 3308 3917 Parisiensi
3337 3862 3686 3931 bibliotheca,
3718 3866 3819 3920 sub

2224 3965 2371 4004 num.
2440 3951 2572 4007 166I
2606 3994 2621 4019 ,
2693 3963 2849 4008 antea
2907 3953 3089 4022 1344,
3137 3956 3221 4011 vel
3282 3957 3424 4013 3975
3470 3971 3814 4025 asservatus;

2226 4045 2553 4102 membranis
2603 4048 2825 4114 nitidis,
2874 4049 3216 4120 elegantibus
3268 4061 3323 4106 et
3375 4052 3596 4120 integris
3646 4053 3819 4108 solide

2225 4150 2569 4208 compactus;
2608 4140 2660 4194 in
2698 4139 2868 4195 forma
2890 4140 3203 4205 4“;duobus
3235 4142 3404 4198 ferme
3427 4143 3709 4213 pollicibus
3742 4145 3821 4199 al-

2227 4233 2333 4290 tior
2363 4233 2525 4302 paulo
2568 4247 2727 4302 quam
2759 4233 2950 4298 latior;
2981 4245 3201 4288 auratus
3255 4236 3307 4289 in
3359 4245 3509 4304 parte
3558 4239 3734 4293 antica
3767 4247 3821 4293 et

2227 4325 2509 4394 levigatus,
2563 4326 2765 4393 postica
2795 4341 2921 4380 vero
2955 4326 3124 4380 tribus
3154 4327 3334 4383 liliolis
3363 4331 3562 4382 auratis
3593 4329 3819 4386 distinc-

2227 4426 2343 4482 tus;
2380 4418 2552 4486 lignea
2587 4417 2787 4487 duplici
2817 4418 3039 4482 tabella,
3063 4419 3261 4474 avulsis
3311 4423 3592 4491 utriusque
3620 4422 3817 4490 ﬁbulis,

2225 4513 2485 4586 stipatus;
2517 4510 2645 4572 hinc
2683 4521 2738 4573 et
2764 4509 2890 4572 inde
2923 4520 3234 4581 tegumenta
3280 4514 3505 4570 vestitus
3556 4515 3820 4581 vitulina,

2227 4605 2412 4675 nigro,
2450 4605 2612 4658 variis
2634 4603 2878 4674 inspersa
2908 4606 3241 4659 ornamentis
3269 4607 3407 4660 inter
3425 4620 3546 4676 qum
3588 4606 3824 4660 emicant

2227 4707 2351 4752 nota
2375 4697 2586 4759 llenriei
2614 4695 2653 4752 II
2671 4705 2724 4756 et
2743 4695 2926 4760 Diana:
2948 4697 3304 4752 i’ictaviensis
3325 4706 3612 4754 stemmata
3633 4714 3646 4760 ;
3675 4698 3824 4752 nullo

2227 4789 2522 4861 inscriptus
2574 4788 2766 4854 titulo,
2818 4788 2920 4848 nisi
2969 4789 3070 4844 hoc
3114 4789 3230 4844 solo
3277 4790 3494 4846 nomine
3545 4804 3820 4856 annosus,

2227 4891 2338 4936 tum
2391 4880 2646 4953 operculo
2679 4889 2788 4934 tum
2838 4880 3014 4951 primo
3065 4880 3192 4936 folio
3241 4884 3500 4954 praeﬁxo;
3537 4883 3709 4938 tribus
3768 4891 3826 4940 et

2230 4972 2413 5044 viginti
2464 4980 2719 5028 constans
2765 4982 2888 5028 octo
2955 4971 3207 5028 foliorum
3268 4974 3564 5039 fasciculis,
3617 4974 3668 5028 in
3707 4975 3826 5046 qni-

2228 5064 2327 5118 bus
2383 5062 2490 5118 duo
2533 5063 2807 5134 sexaginta
2849 5062 2971 5119 folia
3020 5064 3350 5131 Arnobium,
3409 5074 3534 5120 octo
3587 5080 3711 5119 vero
3771 5073 3825 5120 et

2230 5159 2414 5231 viginti
2446 5155 2725 5222 Octavium
2775 5157 3073 5214 continent.
3132 5157 3257 5218 "(EC
3297 5167 3472 5218 autem
3523 5167 3648 5211 sunt
3676 5166 3824 5213 nola-

2226 5251 2416 5314 biliora
2452 5249 2878 5322 palaeographica
2929 5258 2981 5304 et
3030 5252 3383 5320 grammatica
3425 5254 3610 5322 signa;
3655 5252 3824 5310 codex

2229 5343 2420 5398 unciali
2452 5356 2547 5407 seu
2579 5342 2828 5403 Carolina
2859 5342 3162 5406 minusculo
3223 5353 3499 5400 caraetere
3549 5352 3821 5411 exaratur,

2229 5437 2399 5491 nitido
2457 5451 2626 5500 sane,
2685 5449 2865 5505 puro,
2933 5444 2987 5488 et
3047 5437 3288 5506 apprime
3342 5437 3615 5506 genuino,
3678 5434 3821 5489 nulla

2226 5529 2589 5600 Merovingiea
2626 5542 2726 5592 nec
2772 5526 3122 5588 Lombardica
3157 5528 3413 5584 varietate
3442 5527 3648 5590 mixto;
3701 5540 3817 5581 ma-

2295 5691 2376 5760 (Ii
2404 5688 2510 5760 Id.,
2539 5687 2637 5759 Ep.
2667 5703 2722 5744 ιχ
2753 5728 2765 5752 ,
2797 5697 2924 5742 tom.
2960 5701 3036 5751 tv,
3065 5700 3113 5740 c.
3145 5685 3376 5760 253,5.

2296 5757 2376 5834 (2)
2539 5757 2638 5832 Ep.
2672 5774 2843 5838 cmi,
2879 5767 3008 5838 tom.
3043 5771 3133 5838 is,
3155 5771 3214 5838 re.
3248 5757 3373 5838 407,
3404 5780 3458 5820 Α.
3606 5829 3708 5838 HM
3738 5828 3760 5838 _

2224 5905 2230 5913 δ
2407 5833 2508 5902 Id.,
2540 5827 2764 5885 tractatu
2784 5828 2844 5882 de
2878 5827 3209 5884 Mortalitate.
3243 5835 3374 5884 tom.
3409 5849 3486 5898 ιγ,
3518 5843 3564 5883 ε,
3605 5828 3815 5892 ὕπ’-Α,
