4242 6270
369 352 478 393 ην

368 450 593 525 jusculis
640 446 859 505 rusticis
902 445 1083 502 rubris
1130 443 1200 501 ad
1247 444 1456 515 singula
1503 442 1739 513 capitum
1789 441 1973 508 initia,

374 547 553 620 primo
582 551 793 601 tantum
836 549 1097 613 excepto,
1131 540 1337 609 absque
1368 538 1493 595 ullis
1521 536 1717 595 litteris
1743 534 1976 607 pseudo-

377 638 621 709 morphis
642 634 726 690 vel
750 634 980 698 ornatis,
1000 631 1381 702 distinguitur;
1406 629 1584 687 solent
1606 627 1848 697 separari
1870 626 1978 685 duo

385 733 643 809 διφθὸνγου
674 743 719 783 αξ
749 725 993 782 membra
1016 767 1032 793 ,
1065 740 1189 796 qua:
1218 734 1399 781 tamen
1430 721 1735 790 aliquoties,
1766 719 1907 790 quod
1948 733 1980 773 e

382 823 739 882 Lombardica
767 818 1005 877 derivari
1037 817 1273 884 videtur,
1314 832 1417 873 una
1450 817 1628 873 littera
1654 832 1682 907 ς
1728 829 1850 871 cum
1881 828 1982 867 un-

381 919 563 977 cinula
595 915 840 973 inferiori
881 912 1297 984 exprimuntur;
1328 911 1380 965 in
1411 922 1623 967 summo
1657 904 1872 975 turgere
1900 904 1982 959 vi-

384 1015 583 1071 dentur
611 1011 929 1081 superiores
959 1007 1265 1062 litterarum
1295 1002 1751 1074 proeminentium
1783 998 1981 1062 hastae;

386 1108 446 1165 in
472 1104 668 1161 litteris
699 1120 779 1169 ιη,
814 1118 869 1169 η,
895 1117 947 1165 u,
979 1098 1278 1157 anteriores
1310 1105 1512 1151 traCtus
1538 1092 1830 1163 aliquando
1849 1090 1985 1149 dex-

391 1210 625 1257 trorsum
647 1237 661 1262 ,
690 1195 1008 1267 plerumque
1041 1190 1460 1245 sinistroversus
1488 1185 1873 1248 inﬂectuntur;
1898 1182 1988 1236 lit-

386 1305 505 1349 tera
535 1308 565 1345 a
606 1304 707 1346 suo
738 1286 978 1343 inferiori
1006 1284 1210 1340 circulo
1236 1277 1531 1343 strictiori,
1563 1285 1620 1335 ut
1663 1277 1717 1331 in
1748 1273 1945 1331 unciali
1971 1314 1987 1339 ,

390 1384 690 1459 perﬁcitur,
735 1395 837 1437 nec
865 1391 1126 1450 usquam,
1161 1382 1217 1430 ut
1246 1375 1298 1429 in
1331 1371 1577 1434 cursiva,
1609 1382 1639 1422 a
1669 1366 1876 1424 vertice
1906 1366 1994 1423 in-

393 1476 663 1545 cluditur;
692 1491 719 1529 c
742 1487 872 1529 vero
898 1470 1058 1529 toties
1077 1469 1290 1540 quoties
1314 1463 1546 1523 rotunde
1568 1462 1780 1519 circuit.
1804 1459 1993 1528 Quoad

398 1582 622 1629 exteras
662 1577 819 1626 notas
860 1563 1341 1636 orthographicas,
1380 1560 1559 1632 potius
1593 1572 1757 1629 quam
1791 1555 1992 1627 palaeo-

400 1664 707 1736 graphicas,
740 1674 910 1731 pauca
940 1657 1205 1713 addemus
1234 1674 1246 1709 :
1280 1664 1480 1726 puncto
1506 1653 1784 1709 dumtaxat
1809 1651 1993 1721 expri-

400 1758 568 1811 mitur
585 1768 738 1808 casus
755 1752 967 1806 dativus
984 1760 1038 1805 et
1059 1749 1323 1807 ablativus
1343 1749 1394 1803 in
1416 1759 1643 1802 numero
1665 1743 1857 1811 plurali
1877 1761 1988 1816 v.3.

398 1848 586 1901 nostris
600 1843 793 1917 pedib.;
816 1859 943 1911 esse,
961 1851 1113 1907 esset,
1130 1842 1207 1898 sic
1221 1857 1282 1899 se
1299 1842 1501 1901 habent
1522 1824 1599 1908 23,
1632 1824 1741 1908 eeT;
1768 1850 1841 1896 est
1864 1853 1993 1894 vero

396 1938 691 2010 aliquando
743 1935 802 1991 lit
850 1935 909 2001 é;
961 1950 1011 1987 m
1064 1935 1385 2006 plerumque
1441 1935 1737 1999 omittitur;
1784 1930 1995 2000 singula

401 2032 627 2087 emissio
665 2044 761 2099 per
800 2027 1019 2084 ductum
1072 2026 1465 2091 horizoutalcm
1512 2024 1784 2097 indigitari
1822 2023 1993 2088 solet;

404 2138 590 2195 paucae
618 2129 909 2177 occurrunt
933 2120 1384 2189 conjuncnones,
1418 2133 1518 2174 nec
1546 2118 1659 2173 fere
1701 2118 1799 2171 nisi
1829 2116 1879 2169 in
1914 2113 1998 2169 his

403 2218 623 2275 vocibus
649 2233 725 2284 re,
750 2232 833 2283 ra,
862 2215 915 2271 in
946 2212 1249 2285 copulativa
1276 2212 1420 2285 ethin
1450 2212 1651 2273 ultimis
1675 2209 1821 2265 vocis
1844 2206 1999 2264 unius

403 2309 596 2365 litteris
642 2322 768 2363 cum
813 2303 1039 2360 alterius
1084 2305 1305 2379 primis;
1356 2312 1613 2360 caeterum
1639 2311 1810 2361 scatet
1831 2300 2003 2370 scrip-

406 2414 524 2457 tura
553 2399 984 2472 sphalmatibus;
1032 2407 1237 2455 temere
1277 2396 1710 2467 interpungitur;
1750 2392 2003 2451 sectioni-

409 2495 510 2550 bus
535 2492 759 2548 absonis
793 2500 975 2546 textus
1002 2489 1375 2559 distinguitur.
1408 2488 1623 2545 Maximi
1651 2485 2004 2547 nihilominus

408 2586 589 2659 pretii,
614 2587 782 2639 immo
807 2597 969 2653 supra
996 2597 1158 2638 omne
1187 2582 1415 2654 pretium
1435 2589 1519 2635 est
1544 2579 1733 2634 unicus
1759 2580 1849 2634 ille
1871 2579 2007 2632 duo-

408 2695 528 2735 rum
554 2678 884 2747 optimorum
913 2674 1238 2746 scriptorum
1260 2672 1467 2739 codex;
1505 2670 1658 2742 cujus
1684 2680 1899 2727 mtatem
1923 2671 2008 2725 de-

409 2771 567 2826 ﬁnire
596 2769 739 2825 haud
770 2768 1081 2840 ambiguum
1114 2778 1230 2823 est;
1262 2781 1327 2821 ex
1347 2763 1585 2836 prmfatis
1616 2764 1759 2821 enim
1788 2762 2010 2819 charac-

412 2866 640 2929 teribus,
676 2864 731 2917 in
759 2860 948 2933 primis
976 2876 1043 2921 ex
1068 2858 1241 2915 forma
1266 2859 1570 2914 litterarum
1598 2873 1680 2923 m,
1718 2873 1772 2923 η,
1806 2872 1862 2923 u,
1890 2853 2008 2917 suf-

412 2955 746 3028 fragantibus
794 2953 977 3008 multis
1009 2951 1152 3008 haud
1200 2951 1376 3007 ultimi
1428 2949 1671 3007 subsellii
1723 2948 1896 3015 viris,
1944 2947 2012 3004 ad

418 3051 645 3121 primam
700 3049 824 3101 noni
880 3044 1063 3100 smculi
1124 3055 1333 3115 partem
1390 3052 1504 3099 tuto
1558 3038 1828 3106 refertur,
1889 3054 2015 3109 pro-

417 3145 644 3216 piorque
681 3140 747 3196 ad
792 3140 1029 3199 medium
1075 3154 1238 3212 quam
1289 3140 1355 3194 ad
1400 3138 1612 3195 initium
1645 3134 1910 3197 accedere
1938 3133 2016 3188 vi-

415 3240 593 3294 detur.

1034 3321 1247 3361 SECULO
1286 3321 1394 3360 XVI.

1032 3399 1179 3452 Anno
1222 3397 1379 3453 1542.

491 3493 682 3548 Enmo
720 3502 973 3546 PRINCEPS
1013 3489 1260 3544 Romam.
1286 3486 1498 3542 Minucii
1524 3484 1735 3549 Felicis,
1769 3497 1874 3537 una
1898 3495 2020 3537 cum

420 3585 681 3653 Arnobio,
711 3583 781 3637 ad
810 3583 967 3638 ﬁdem
998 3584 1158 3637 unius
1185 3580 1449 3637 exstanlis
1476 3581 1527 3633 in
1556 3576 1888 3633 Bibliotheca
1916 3573 2023 3629 Va-

425 3682 600 3736 ticana
629 3678 853 3745 codicis,
884 3675 1335 3732 curanteFausto
1373 3674 1564 3729 Sabzeo
1600 3669 1876 3737 Brixiano,
1907 3678 2020 3739 typ.

428 3774 663 3829 Ferrarii
690 3784 744 3829 et
771 3773 1216 3838 Priscoanensis,
1260 3771 1372 3842 regi
1422 3769 1754 3824 Francorum
1802 3764 2025 3821 Franci-

438 3900 533 3941 sco
558 3885 601 3953 l,
642 3885 807 3954 jussu,
841 3892 901 3937 ut
924 3881 1157 3948 videtur,
1187 3875 1459 3949 pontiﬁcis
1482 3872 1699 3929 maximi
1726 3868 1924 3929 Leonis
1950 3864 2020 3933 X,

436 3986 756 4048 nuncupata,
780 3977 960 4032 Romw
994 3972 1208 4046 prodiit,
1238 3971 1289 4025 in
1327 3968 1447 4025 fol°.
1476 3966 1555 4040 (l)

1143 4062 1302 4120 1516.

500 4160 901 4228 ΒΑειιεεΝειει,
928 4158 1069 4230 apud
1094 4156 1354 4221 Froben,
1381 4169 1445 4209 ex
1471 4145 1799 4221 Sigismundi
1824 4144 2034 4205 Gelcnii

427 4263 768 4328 recensione,
800 4272 923 4313 cum
953 4253 1215 4318 Arnobio,
1249 4252 1301 4307 in
1338 4248 1414 4305 8°.

1148 4343 1305 4401 1560.

501 4450 850 4511 BASILEENSIS
895 4444 964 4510 Il,
1011 4440 1151 4515 apud
1202 4438 1465 4504 Froben.,
1509 4432 1675 4500 in-8°,
1723 4430 1775 4489 in
1799 4426 2037 4487 secunda

429 4544 665 4601 editione
697 4539 926 4597 Arnobii
956 4534 1185 4595 Gelenii.

1030 4626 1225 4681 Eodem
1255 4639 1409 4677 anno.

505 4733 1004 4788 “EIDELBERGENSIS
1024 4763 1037 4786 ,
1071 4720 1241 4791 prima
1270 4716 1371 4771 sub
1398 4712 1617 4785 proprio
1663 4708 1899 4765 auctoris
1942 4720 2039 4761 no.

440 4825 585 4880 mine
631 4824 773 4877 data.
826 4818 1037 4872 Primus
1089 4811 1413 4867 Franciscus
1468 4804 1761 4863 Balduinus
1806 4798 2039 4856 Minucio

442 4916 679 4974 restituit
718 4912 979 4968 Octavium
1021 4908 1280 4961 hactenus
1309 4900 1536 4958 Arnobii
1565 4898 1755 4952 librum
1788 4905 2037 4950 octavum

442 5021 773 5083 reputatum;
812 5018 893 5071 at,
940 5012 1065 5059 ante
1105 4999 1423 5056 Balduinum
1473 4992 1715 5048 fraudem
1765 4988 2040 5045 detexisse

443 5082 767 5162 Hadrianum
795 5098 1035 5162 Junium,
1066 5092 1336 5149 medicum
1354 5089 1610 5143 Batavum
1632 5093 1687 5139 et
1705 5082 2038 5154 philologum

439 5216 551 5261 sua:
588 5196 767 5252 :etatis
792 5189 1229 5249 celeberrimum.
1256 5185 1425 5243 Immo
1456 5196 1588 5239 vero
1629 5194 1735 5237 non
1766 5174 1908 5235 Junii
1942 5177 2042 5227 iste

440 5295 636 5357 honor,
672 5286 768 5344 sed
793 5284 1011 5342 Antonii
1037 5276 1356 5341 Morrilloni,
1391 5290 1498 5330 em.
1524 5268 1813 5333 cartlinalis
1833 5263 2042 5325 Grand-

438 5386 581 5442 velle
636 5378 938 5438 secretario
988 5385 1044 5431 et
1094 5368 1538 5437 bibliothecario,
1593 5365 1658 5421 ad
1700 5377 1859 5435 quem
1905 5374 2042 5417 non-

440 5481 601 5538 nullm
630 5482 849 5533 exstant
878 5470 1022 5526 Junii
1050 5465 1331 5538 Epistulae,
1359 5471 1413 5516 et
1439 5462 1521 5515 cui
1547 5459 1663 5528 ipse
1687 5454 1878 5510 Junius
1908 5451 2046 5503 hanc

441 5573 660 5629 laudem
704 5566 943 5624 vindicat
985 5564 1040 5617 in
1087 5556 1464 5614 Animadversa.
1497 5553 1589 5613 lib.
1618 5565 1697 5616 nr,
1736 5563 1785 5609 c.
1826 5548 1877 5609 1,
1913 5542 2042 5599 edit.

449 5680 577 5719 nov.
625 5658 851 5717 Boterd.
906 5654 1065 5712 l7t.9.
1111 5650 1377 5709 Caeterum
1413 5646 1530 5701 haec
1587 5636 1835 5699 Balduini
1883 5633 2048 5693 editio

557 5778 608 5847 l)
652 5774 808 5839 Multa
858 5770 1026 5849 in_bis
1069 5776 1125 5825 et
1162 5761 1518 5849 sequentibus
1551 5757 1930 5849 desumuntttur
1979 5764 2053 5806 ex

459 5825 1198 5915 Scit-(ierie-manni,Lumperi,
1228 5825 1445 5893 Cellerii
1473 5827 1743 5903 operibus.
1775 5825 1905 5881 Eon.

1849 321 2240 403 εκΑεΑτιο.

2080 448 2285 495 textum
2319 452 2526 494 merum
2559 434 2816 500 exhibet;
2849 434 2934 487 cui
2975 430 3220 503 praefatio
3262 428 3443 484 addita
3487 434 3602 494 est,
3634 428 3693 484 in

2080 551 2183 606 qua
2214 551 2335 590 cum
2367 532 2615 588 vindicia:
2643 546 2739 601 pro
2757 528 2990 585 Minucio
3008 526 3187 581 Felice
3215 538 3349 579 vero
3375 532 3597 577 auctore
3622 535 3693 576 ex

2084 627 2394 698 Hieronymi
2432 635 2485 680 et
2530 622 2795 679 Lactantii
2838 619 3198 683 testimoniis,
3232 617 3357 686 styli
3402 624 3457 671 et
3500 615 3694 671 formae

2083 719 2353 776 scribendi
2397 718 2465 772 ab
2506 716 2823 771 Arnobiano
2852 710 3216 781 discrepantia
3245 708 3549 772 traduntur,
3580 716 3693 760 tum

2085 821 2464 884 argumentum
2492 819 2548 864 et
2577 808 2812 879 analysis
2841 806 3003 861 totius
3032 803 3156 858 libri
3188 801 3521 873 preponitur.
3550 798 3697 855 Nun-

2088 908 2305 975 cupavit
2328 904 2624 959 Balduinus
2650 900 2939 957 Minucium
2967 913 3121 951 suum
3151 895 3451 959 Friderico,
3476 891 3701 947 electori

2088 998 2363 1065 Palatino,
2390 995 2722 1052 academiam
2756 992 3297 1063 Heidelbergensem,
3328 1000 3521 1044 recens
3572 994 3699 1040 tunc

2091 1095 2160 1148 ab
2200 1093 2304 1147 isto
2351 1090 2591 1160 principe
2632 1087 2969 1150 institutam,
3000 1084 3087 1137 his
3132 1078 3387 1152 primitiis
3425 1092 3703 1134 musarum

2094 1186 2245 1256 quasi
2272 1192 2707 1239 consecraturos.
2741 1181 2815 1234 Ex
2846 1176 2936 1233 oil'.
2983 1175 3119 1230 Lud.
3158 1173 3306 1233 Lucii
3340 1183 3450 1244 typ.
3486 1169 3705 1225 lleidcl—

2092 1280 2270 1348 berg.,
2301 1276 2463 1331 iri-8°.

3560 313 3691 365 vai

2818 1341 2981 1398 1580.

2168 1442 2501 1497 PARISIENSIS
2554 1438 2603 1506 l,
2648 1452 2754 1493 una
2801 1450 2922 1492 cum
2955 1432 3294 1488 Tertulliano
3334 1438 3389 1486 et
3430 1425 3705 1493 Arnobio,

2098 1552 2228 1595 cura
2268 1534 2545 1591 Laurentii
2579 1532 2647 1588 de
2674 1531 2747 1587 La
2776 1531 2972 1596 Barre,
3012 1526 3189 1582 in-fol.

2828 1621 2987 1677 1585.

2173 1724 2401 1779 Romam
2426 1720 2488 1786 11,
2518 1730 2628 1791 lyp.
2660 1718 2813 1771 Dom.
2845 1715 3017 1775 Basse,
3050 1728 3111 1766 ex
3142 1709 3314 1765 Fulvii
3345 1705 3526 1764 Ursini
3552 1702 3716 1759 casti-

2097 1819 2351 1889 gatione,
2407 1815 2550 1869 Petri
2599 1812 2870 1867 Ciacconii
2918 1807 3132 1863 schedis
3179 1804 3383 1873 adjuti,
3434 1805 3715 1872 praeeunte

2101 1910 2343 1969 Arnobio
2364 1948 2380 1975 ,
2412 1906 2506 1963 sed
2536 1904 2756 1960 nomine
2786 1900 3003 1957 Minucii
3043 1899 3324 1967 inscripto,
3362 1893 3530 1949 in-lt'.
3564 1891 3716 1947 Ursi-

2103 2020 2237 2069 nus,
2268 2002 2381 2056 sive
2409 1998 2697 2063 nescierit,
2732 1997 2845 2050 sive
2888 1992 3101 2048 nescire
3146 1987 3483 2046 simulaverit
3524 1998 3716 2039 verum

2104 2103 2382 2150 auctorem
2426 2108 2457 2145 a
2498 2088 2760 2144 Balduino
2802 2086 2969 2141 fuisse
3017 2083 3326 2149 detectum,
3376 2079 3428 2134 id
3480 2075 3720 2133 sensisse

2106 2188 2341 2258 primum
2372 2182 2704 2241 cardinalem
2736 2180 2994 2237 Sirletum
3022 2177 3276 2233 afﬁrmat.

2832 2272 2995 2329 1589.

2182 2371 2517 2426 Punsnmsrs
2542 2366 2606 2437 ll,
2641 2365 2846 2432 in-iol.,
2874 2364 2928 2421 in
2958 2362 3095 2419 Bibl.
3127 2360 3284 2418 Bodl.

2828 2454 2991 2512 1598.

2182 2555 2308 2611 Joh.
2361 2552 2579 2609 Menrsii
2618 2550 2978 2623 Hypocrilicus
3028 2546 3392 2611 Minucianus,
3434 2555 3555 2599 cum
3606 2536 3724 2610 ejus

2114 2647 2299 2707 critico
2330 2646 2661 2703 Arnobiano.
2696 2642 2866 2714 Lugd.
2898 2642 3041 2705 Bat.,
3068 2638 3231 2696 in-8°.

2728 2769 2947 2812 S£CULO
2976 2768 3104 2809 XVII.

2730 2871 2880 2925 Anno
2913 2867 3073 2923 1605.

2192 2972 2537 3029 BASILEENSIS
2569 2965 2611 3021 11
2634 3006 2648 3029 ,
2680 2979 2751 3020 ex
2796 2960 3113 3030 bibliopolio
3152 2954 3526 3021 Frobeniana,
3557 2950 3730 3008 in-8'.

2119 3065 2283 3121 Marci
2327 3062 2544 3118 Minucii
2591 3058 2788 3114 Felicis
2826 3053 3064 3109 Octavius
3092 3060 3147 3108 et
3173 3048 3425 3122 Cypriani
3455 3046 3520 3101 de
3549 3043 3732 3099 Idolo-

2117 3176 2233 3213 rum
2271 3157 2525 3213 Vanitute.
2558 3154 2678 3208 Joh.
2706 3166 2737 3205 a
2765 3148 2987 3205 Wower
3013 3144 3303 3201 recensuit.
3334 3139 3597 3194 Prae-fatus
3623 3150 3733 3191 non

2120 3261 2222 3305 est.
2257 3249 2545 3304 Lectiones
2573 3258 2718 3314 saepe
2748 3239 2954 3302 laudat,
2987 3252 3106 3307 qua:
3139 3236 3454 3306 plerumque
3478 3246 3599 3285 cum
3624 3242 3729 3283 ms.

2120 3343 2270 3413 regio
2316 3340 2537 3395 minime
2582 3333 2946 3396 concordant;
2976 3345 3074 3384 nec
3103 3329 3267 3383 ullam
3301 3325 3462 3379 ﬁdem
3497 3321 3735 3388 habent,

2122 3411 2387 3506 siquidem
2411 3433 2587 3487 bonus
2603 3428 2693 3483 ille
2712 3428 2791 3481 vir
2811 3422 3011 3493 imponi
3036 3420 3137 3476 sibi
3160 3432 3347 3489 passus
3364 3424 3443 3470 est
3465 3415 3532 3468 ab
3553 3411 3736 3481 aliquo

2124 3530 2213 3600 qui
2244 3529 2315 3582 ita
2340 3541 2461 3581 esse
2487 3524 2539 3578 in
2570 3523 2774 3592 optimo
2797 3518 2934 3572 libro
2966 3511 3346 3569 mentiebatur.
3380 3506 3543 3561 Notas
3572 3517 3733 3567 suas,

2125 3622 2372 3694 quamvis
2399 3620 2587 3675 doctas
2607 3658 2623 3682 ,
2656 3630 2755 3670 nec
2782 3620 2980 3683 prmter
3009 3610 3183 3663 locum
3217 3604 3493 3674 appositas
3513 3642 3525 3665 ,
3557 3597 3736 3667 spatio

2127 3716 2315 3771 decem
2339 3712 2548 3768 dierum
2568 3706 2851 3762 adornavit
2873 3721 2885 3758 :
2909 3703 2959 3756 in
2983 3700 3115 3755 locis
3135 3706 3313 3751 tamen
3335 3688 3734 3749 difﬁcilioribus

2128 3808 2434 3878 adjutorem
2472 3801 2660 3857 habuit
2701 3794 3125 3855 eruditissimum
3167 3790 3340 3844 virum
3378 3784 3735 3853 Scaligerum.

2848 3888 3010 3944 1605.

2206 3992 2611 4047 ΗΑΝκονειιΑΝΑ
2647 3984 2686 4039 1.
2716 3981 2950 4039 Geverb.
3002 3971 3383 4033 Elmenhorstii
3423 3967 3564 4039 typis
3604 3963 3740 4018 We-

2135 4083 2305 4148 chel.,
2340 4080 2512 4144 iii-8°,
2544 4092 2666 4131 cum
2704 4073 2975 4137 Arnobio,
3011 4069 3085 4123 nil
3136 4068 3237 4122 nisi
3282 4078 3489 4119 merum
3534 4066 3741 4114 textum

2136 4178 2242 4232 hoc
2280 4187 2425 4228 anno
2450 4168 2671 4225 dedisse
2719 4164 2935 4218 videtur
2965 4179 2978 4214 :
3012 4160 3185 4214 serius
3216 4153 3590 4228 praegrandem
3622 4158 3741 4202 tur-

2138 4271 2263 4324 bam
2283 4274 2560 4319 auctorum
2583 4268 2638 4315 et
2662 4258 2901 4313 locorum
2924 4249 3169 4308 eamdem
3191 4263 3305 4304 rem
3330 4242 3743 4309 illustrantium,

2143 4371 2511 4434 praetereaque
2549 4353 2683 4411 nihil
2713 4349 2908 4406 attulit.
2928 4346 3055 4402 Inde
3077 4354 3257 4399 tamen
3280 4342 3420 4395 inter
3440 4338 3578 4393 duos
3594 4334 3742 4390 viros

2143 4428 2386 4521 dissidia,
2416 4428 2568 4519 rixae,
2598 4444 2964 4511 contumeliae,
2988 4441 3055 4498 de
3086 4455 3193 4511 quo
3224 4434 3465 4509 legendae
3485 4428 3747 4500 Scaligeri

2144 4566 2271 4623 epp.
2300 4564 2432 4605 ceu
2447 4576 2473 4588 -
2488 4560 2703 4602 ccum.

2856 4609 3017 4667 1605.

2216 4717 2549 4772 PARISIENSIS
2581 4712 2645 4777 11,
2678 4706 2819 4780 apud
2864 4706 3029 4762 Marc.
3054 4702 3214 4776 Orry,
3240 4698 3401 4766 in-8°,
3430 4710 3549 4752 cum
3574 4695 3751 4749 Arno-

2145 4811 2235 4867 bio
2290 4807 2551 4865 Desiderii
2622 4802 2840 4859 lleraldi
2904 4800 3021 4855 haec
3072 4796 3495 4853 Sclttenemann.
3546 4786 3754 4855 Quaerit

2146 4915 2325 4960 tamen
2355 4902 2418 4957 D.
2450 4901 2687 4969 Lumpcr
2709 4895 2851 4950 unde
2876 4892 3167 4950 editionem
3192 4889 3331 4942 hanc
3352 4883 3419 4938 de
3445 4894 3590 4935 anno
3610 4874 3752 4969 1606

2145 4998 2345 5053 habeat
2372 4964 2965 5058 Fabricihs(Supplem.
2998 4982 3135 5036 Bibl.
3158 4982 3251 5034 lat.
3274 4976 3344 5031 ad
3375 4976 3467 5028 lib.
3492 4988 3564 5035 IV,
3596 4985 3645 5022 c.
3668 4964 3754 5038 5.)

2145 5103 2200 5148 et
2224 5089 2507 5147 Ceillcrius
2537 5084 2701 5159 (Hist.
2731 5082 2901 5154 génér.
2925 5078 3013 5131 des
3032 5076 3153 5129 Aut.
3186 5072 3335 5135 θεώ,
3368 5077 3405 5121 ι.
3434 5081 3491 5130 n,
3524 5060 3751 5134 p.235).

2154 5206 2171 5239 ‹
2206 5186 2319 5240 Hoc
2348 5196 2511 5247 vero,
2540 5154 2744 5249 inquit,
2780 5172 2911 5227 satis
2942 5169 3054 5223 scio
3082 5178 3136 5221 et
3165 5166 3304 5218 hanc
3335 5168 3391 5216 et
3427 5159 3653 5219 alteram
3682 5154 3753 5211 de

2149 5295 2291 5335 anno
2324 5276 2481 5339 1615,
2511 5247 2633 5328 cum
2670 5265 2906 5323 Arnobio
2927 5263 3182 5317 emissam
3212 5256 3367 5312 nihili
3396 5268 3536 5317 esse,
3563 5252 3606 5305 si
3636 5247 3756 5323 qui-

2149 5373 2273 5427 dem
2307 5368 2486 5423 Desitl.
2518 5360 2782 5418 Heraldus
2810 5354 3106 5410 Arnobium
3148 5365 3301 5408 suum
3340 5349 3451 5421 jam
3490 5354 3617 5400 ante
3652 5341 3753 5397 Mi-

2153 5461 2369 5516 nucium
2398 5456 2665 5519 ediderat,
2690 5461 2749 5506 ut
2774 5455 3002 5505 testatur
3028 5446 3081 5501 in
3110 5441 3434 5499 Praefatione
3459 5438 3525 5494 ad
3554 5436 3759 5499 Johane

2153 5548 2517 5609 Bochardum.
2555 5563 2573 5598 ›

2870 5611 3030 5669 1610.

2238 5717 2731 5775 Ηεινειιιειιςειοιειε
2756 5704 3028 5773 Balduini,
3063 5699 3295 5774 repetita
3318 5691 3571 5755 Francol.
3595 5687 3760 5760 in-8‘,

2174 5808 2383 5866 Fabric.
2421 5804 2534 5862 Del.
2569 5805 2758 5873 Argg.,
2776 5814 2830 5870 p.
2848 5796 2975 5852 216.
