4190 6246
287 276 379 316 ΗΧ

266 1220 565 1290 gloriatur,
624 1229 692 1283 de
754 1234 948 1301 quibus
1002 1253 1169 1308 penes
1218 1220 1371 1298 alios
1418 1220 1568 1302 esto'
1586 1248 1868 1318 judicium.

268 1310 545 1384 Inscripsit
576 1318 833 1379 Ouzelius
861 1341 997 1397 opus
1034 1345 1191 1387 suum
1220 1333 1506 1392 Christinze
1548 1338 1867 1400 Succorum:

269 1402 537 1464 Firmicus
561 1426 625 1466 ex
648 1412 913 1473 Wowerii
965 1422 1287 1484 recensione
1315 1438 1370 1484 et
1415 1431 1575 1490 unius
1603 1432 1866 1495 Wowerii

271 1498 822 1566 animadversionibus
852 1511 1027 1570 editus
1047 1526 1147 1573 est.

984 1608 1147 1666 1666;

342 1705 497 1766 Εωτ.
528 1710 851 1774 ΡΑιιιειεκςιε
881 1719 1015 1777 Vlll.
1056 1724 1302 1797 Parisiis,
1349 1746 1437 1802 ap.
1493 1733 1578 1789 .lo.
1631 1734 1856 1812 Dupuis.

266 1797 457 1871 in-l’ol.,
485 1819 607 1861 cum
633 1805 886 1882 Cypriani
915 1818 1192 1888 operibus,
1221 1837 1289 1877 ex
1320 1797 1410 1881 ed:
1442 1826 1654 1886 Priorii.

890 1908 1214 1971 1671-1672.

336 1987 396 2044 S.
425 1991 480 2047 S.
513 1990 764 2063 Cornelii,
791 2000 964 2071 Lucii,
999 2004 1255 2079 Stephani
1278 2022 1333 2067 et
1359 2014 1586 2072 aliorum
1617 2019 1859 2090 epistolae

260 2079 314 2135 in
346 2083 551 2141 Chl/ecl.
600 2095 861 2151 concilior.
901 2113 1030 2156 cura
1058 2101 1116 2158 P.
1150 2104 1210 2158 P.
1242 2105 1461 2166 Labhzci
1511 2122 1566 2168 et
1612 2079 1852 2174 Cbssart.

258 2172 394 2231 edita
422 2177 620 2249 Paris.,
649 2185 676 2239 1
710 2188 817 2245 vol.
847 2191 1036 2249 in-lol.

982 2286 1138 2342 1672.

322 2365 634 2429 Ouzeusss
682 2374 747 2430 ll.
777 2377 948 2450 Lugd.
984 2384 1103 2439 But.
1125 2400 1192 2442 ex
1231 2389 1320 2444 οϐ’.
1352 2391 1623 2453 Hackiana
1654 2417 1666 2453 :
1695 2416 1851 2471 repe-

256 2456 343 2511 tita
376 2460 693 2534 Ouzeliana,
716 2486 817 2526 nec
849 2484 1025 2531 tamen
1056 2478 1122 2533 ad
1157 2497 1384 2553 unguem
1426 2503 1847 2562 reprtesentata;

248 2550 337 2604 sed
382 2556 528 2624 quod
584 2559 860 2628 ingeniose
890 2582 920 2621 a
952 2550 1298 2644 typographis
1341 2550 1699 2652 excogitatum
1732 2597 1847 2656 est,

244 2653 495 2701 notarum
531 2652 772 2707 omnium
802 2663 1103 2730 congeries,
1132 2681 1251 2735 qua:
1280 2669 1330 2724 in
1363 2672 1527 2741 priori
1561 2674 1847 2737 Ouzeliaua

245 2748 362 2805 post
392 2748 611 2796 textum
639 2760 830 2816 agmen
875 2752 1120 2821 ducebat,
1168 2757 1253 2813 hic
1283 2761 1454 2831 ipsum
1485 2776 1685 2823 textum
1728 2788 1848 2842 pre-

243 2833 366 2897 mit,
424 2844 485 2889 ut
542 2841 739 2909 smpius
788 2844 944 2902 lineis
969 2849 1158 2907 iisdem
1210 2857 1388 2913 sexies
1418 2869 1471 2914 et
1499 2864 1730 2932 amplius
1778 2866 1845 2922 ad

242 2924 583 2995 singulorum
634 2945 955 3008 auctorum,
1013 2944 1102 3012 qui
1153 2950 1391 3005 numeris
1445 2952 1845 3026 diStinguuntur

239 3018 738 3083 animadversiones
756 3033 1001 3101 repetitis
1021 3037 1107 3091 vix
1128 3047 1328 3097 textum
1352 3060 1462 3112 pra:
1482 3056 1627 3103 textu
1646 3050 1841 3123 digno-

239 3125 387 3168 scere
416 3118 619 3185 possis;
655 3120 730 3177 De
771 3140 917 3180 novo
961 3128 1295 3201 adjecerunt,
1348 3140 1605 3196 membris
1656 3145 1838 3201 itidem

238 3202 536 3276 distractis,
586 3212 806 3271 Meursii
836 3217 1082 3276 criticum
1112 3222 1482 3285 Minutiauum.
1517 3233 1669 3301 Quod
1700 3237 1838 3308 lepi-

239 3296 517 3358 dissimum
570 3306 805 3380 denique
834 3314 1048 3383 accidit,
1080 3319 1285 3376 medias
1323 3323 1463 3381 inter
1508 3330 1837 3397 reliquorum

238 3408 726 3458 eommentatorum
776 3407 1271 3471 animadvertiones
1325 3418 1511 3475 titulus
1569 3425 1835 3482 variarum

238 3486 527 3548 leetionum
552 3498 779 3553 seorsim
806 3503 1154 3572 eousDicilur,
1184 3524 1302 3579 quae
1335 3513 1476 3569 unde
1498 3515 1672 3573 allatm
1702 3519 1831 3586 sint,

234 3580 317 3635 vix
347 3583 638 3653 divinabis,
678 3592 782 3646 nisi
828 3595 1045 3663 penitus
1091 3598 1184 3654 tibi
1212 3614 1491 3673 perspecta
1519 3608 1588 3662 sit
1638 3580 1835 3667 biblio;

233 3675 372 3742 polo:
416 3678 581 3747 hujus
630 3683 683 3736 in
729 3688 1043 3743 exornanda
1097 3690 1199 3748 hac
1251 3695 1490 3754 editione
1547 3703 1828 3761 sedulitas.-

238 3763 509 3824 Videlicet
554 3776 708 3829 varia:
752 3776 1013 3835 lectiones
1056 3794 1183 3840 sunt
1233 3790 1456 3845 seorsim
1509 3794 1574 3848 ad
1624 3797 1829 3854 calcem

236 3857 497 3917 editionis
525 3878 634 3919 sate
662 3870 722 3923 ab
748 3870 1146 3931 Elmenhorstio
1192 3882 1465 3950 exhibitae,
1513 3902 1645 3956 quas
1688 3889 1829 3946 sicut

225 3950 323 4007 ille
371 3970 439 4010 ex
500 3958 720 4031 singulis
776 3966 1015 4034 priorum
1072 3970 1335 4028 editorum
1391 3982 1827 4040 annotationibus

224 4044 550 4116 collegerat,
602 4052 673 4107 ita
715 4064 770 4111 et
811 4058 925 4112 suis
977 4059 1108 4118 locis
1156 4066 1414 4138 singulas,
1471 4082 1524 4127 et
1573 4074 1826 4132 collectas

226 4135 415 4196 iterum
449 4146 594 4215 typis
624 4151 969 4211 mandarunt.

952 4249 1109 4309 1678.

287 4323 711 4390 0x05155551].
746 4338 1077 4399 nmmum
1119 4344 1203 4401 Ill.
1237 4346 1482 4419 Oxonize,
1515 4369 1636 4409 cum
1681 4358 1822 4413 notis

216 4414 309 4474 Nic
337 4422 579 4495 Rigaltii.
630 4429 899 4503 (Giornale
945 4437 998 4491 di
1032 4437 1219 4509 Roma,
1255 4443 1415 4514 1679,
1449 4414 1502 4517 ῥ.
1538 4449 1661 4503 157.
1710 4448 1817 4504 Fa-

218 4513 336 4567 bric.
367 4517 402 4571 Ι.
434 4520 500 4587 l.)

934 4622 1093 4679 1682.

226 4686 232 4690 ’
294 4706 499 4765 Veneno
514 4710 744 4769 nomen
770 4713 833 4769 ll.
859 4716 903 4771 A
931 4717 1204 4790 Dialogue,
1232 4721 1300 4793 by
1323 4722 1535 4781 Marcus
1560 4726 1818 4785 Minucius

216 4797 423 4865 Felix,
484 4806 756 4861 translated
826 4809 939 4865 into
1007 4813 1253 4883 english,
1301 4815 1369 4887 by
1442 4817 1500 4873 P.
1554 4819 1813 4888 Lorrain;

216 4892 473 4966 London,
520 4898 571 4955 in
602 4900 682 4957 8ο.
732 4903 935 4961 Eodem
988 4910 1214 4980 repetita
1267 4925 1411 4968 anno
1462 4913 1624 4983 1695,
1683 4916 1811 4972 ibid.

213 4985 400 5043 iri-12.

932 5071 1090 5128 1683.

286 5154 390 5211 Eo.
427 5155 787 5219 HOLLANDICA.
839 5164 1138 5223 Amstelod.
1190 5170 1366 5240 ἰπὶ-19,
1422 5189 1543 5229 cum
1591 5190 1729 5232 nova
1758 5185 1813 5233 et

208 5250 417 5319 optima
449 5254 685 5311 omnium
715 5273 776 5312 ac
806 5262 1075 5317 rarissima
1102 5266 1383 5324 recusione
1408 5270 1674 5327 versionis
1702 5273 1811 5344 gal-

203 5338 323 5397 licas
353 5343 689 5403 Ablancurtii
718 5365 748 5405 e
772 5353 993 5422 regione
1021 5364 1198 5412 textus
1223 5360 1433 5428 positae.

932 5448 1091 5506 1685.

276 5527 435 5583 Petri
466 5530 673 5591 Antonii
708 5536 1024 5609 Burcbardi,
1058 5542 1383 5602 Slevicensis
1411 5548 1713 5606 Dissertatio
1744 5553 1808 5610 de

197 5618 480 5687 Minucia,
510 5640 650 5694 quam
702 5633 943 5689 thesibus
981 5652 1045 5692 ex
1089 5638 1206 5709 ejus
1230 5640 1426 5696 libellis
1448 5646 1713 5715 excerptis
1752 5658 1805 5703 et

194 5709 661 5777 Chrestomathize
688 5724 1004 5783 Minueianze
1035 5733 1315 5802 prtemisit,
1345 5736 1445 5791 sub
1470 5736 1571 5794 hoc
1600 5740 1751 5796 titulo
1785 5760 1797 5795 :

200 5803 275 5861 ΙΙ.
314 5807 544 5867 Minucii
567 5812 755 5875 Felicis
783 5819 1043 5890 Octavius,
1074 5841 1171 5880 non
1201 5831 1551 5905 ortavuslibcr
1571 5834 1799 5903 Aruobii,

1712 292 2102 355 ΡΒΑΞΕΔΤΙΟ.

284 378 435 436 terni
463 380 526 436 γ.
551 382 608 438 C.
636 384 698 439 de
729 384 924 443 Errare
950 392 1286 463 profanarum
1316 400 1662 475 Religionum.
1690 442 1760 451 —
1782 411 1889 469 Fu-

281 472 522 529 tilissimi
588 475 749 548 hujus
818 492 1263 548 commentatoris
1316 504 1562 554 notarum
1631 504 1890 563 colluvies

278 567 651 627 immensitate
678 587 774 627 sua
820 576 1153 649 reliquorum
1182 587 1419 644 omnium
1461 592 1619 664 longe
1648 610 1884 670 superat.

273 659 362 715 Ad
394 663 601 733 singula
635 664 855 722 Minucii
904 672 1071 729 verba
1121 678 1485 753 undicumque
1533 659 1729 743 omnia.
1760 702 1884 761 apta

274 752 459 822 inepta
512 754 822 814 incredibili
853 771 1079 833 stupore
1131 779 1186 825 et
1238 752 1599 844 imprudentia
1659 798 1881 840 eorrosa

268 856 413 900 sunt.
453 846 565 903 Nec
594 866 727 906 vero
772 867 840 906 ex
892 861 1111 927 proprio
1165 866 1379 934 quidem
1427 870 1669 930 lectionis
1714 892 1877 946 penu,

268 939 361 993 sed
409 942 646 1000 aliorum
698 953 792 1021 qui
842 953 1000 1026 longe
1040 958 1147 1012 alio
1186 961 1414 1016 consilio
1444 968 1683 1035 congesti
1725 981 1879 1026 erant

268 1037 520 1093 cumulis.
549 1041 706 1109 Quod
749 1046 815 1100 ad
860 1057 1063 1106 textum
1112 1054 1340 1125 attinet,
1372 1058 1422 1112 in
1451 1059 1795 1118 distinctione
1823 1074 1878 1122 et

270 1116 714 1199 interpunctione
736 1140 1023 1199 verborum
1047 1146 1211 1202 multa
1228 1163 1289 1205 se
1319 1154 1530 1223 egregia
1556 1157 1875 1224 praeStitisse

3566 360 3598 401 ι.

1999 432 2086 471 seu
2114 420 2521 491 elegantissimus
2550 430 2772 490 Minucii
2798 454 2893 508 pro
2919 442 3130 501 veritate
3157 449 3418 522 religionis
3460 457 3600 512 chri-

1994 512 2179 569 stiana:
2222 517 2480 593 dialogus,
2529 528 2582 580 in
2609 530 2771 586 theses
2814 535 3054 605 digestus,
3104 558 3232 611 quas
3252 512 3447 604 vhabuit
3473 568 3600 619 prte-

1991 603 2101 701 side
2141 606 2205 661 Β.
2257 610 2323 665 ο.
2374 613 2667 675 Kortltolto.
2725 603 2998 697 (Kitonize,
3032 603 3193 689 in-lt'.
3229 636 3359 695 Vide
3387 603 3595 701 Molis:

1991 692 2213 753 Cimbria
2241 701 2394 758 litter.
2427 706 2465 773 Ι,
2499 708 2618 783 81.)

2709 810 2865 868 1689.

2058 884 2153 941 SS.
2201 887 2516 961 Felicitatis,
2574 898 2857 971 Perpetuos
2901 915 2953 963 et
3001 910 3099 966 SS.
3129 912 3421 987 Martyrum
3448 920 3590 992 {pas-

1981 976 2082 1042 sio,
2137 979 2278 1037 inter
2325 986 2453 1042 Arta
2501 991 2701 1048 sincera
2748 997 3061 1070 Martyrum,
3096 1019 3226 1061 cura
3276 1008 3339 1064 D.
3374 1011 3582 1070 Theod.

1982 1068 2243 1129 Ruinartii
2272 1078 2412 1133 edita
2443 1082 2637 1153 Paris.;
2673 1089 2836 1159 in-so,
2865 1068 3092 1165 repetita
3120 1097 3425 1160 Amstelod.
3454 1122 3582 1164 ann.

1979 1160 2136 1232 1715,
2170 1165 2367 1225 Veron.
2404 1174 2560 1231 1751.

2704 1276 2863 1333 1689.

2045 1346 2340 1411 LIPSIENSIS
2395 1358 2432 1412 Ι.
2484 1361 2708 1434 Lipsiae,
2746 1369 2918 1438 iii-12,
2956 1386 3078 1428 cum
3110 1380 3361 1437 versione
3388 1384 3577 1454 gallica

1970 1437 2781 1523 Ablaneurtiieregionetextus
2809 1437 2997 1532 posita.
3032 1466 3246 1539 (Fabric
3287 1474 3321 1528 l.

2697 1553 2853 1610 1696.

1968 1632 1981 1665 η’
2054 1629 2252 1691 Vensw
2308 1635 2653 1699 HOLLANDICA
2712 1647 2792 1715 ll,
2849 1665 2916 1705 ex
2978 1654 3120 1724 typis
3176 1656 3571 1731 Elzevirianis,

1964 1721 2127 1779 in-12.

2678 1814 2836 1872 1698.

2031 1890 2093 1946 L.
2128 1893 2190 1948 E.
2223 1895 2420 1968 Dupin,
2453 1901 2520 1959 de
2566 1905 2820 1978 Minucio,
2868 1912 2919 1968 in
2951 1928 3088 1972 nova
3120 1916 3374 1975 Bibliotb.
3404 1920 3564 1979 Auct.

1958 1981 2350 2059 Eeclesiastic.,
2382 2002 2512 2050 tom.
2544 2014 2580 2066 ι,
2611 2000 2768 2057 ἱη-ιίθ.

2695 2095 2849 2153 1699.

2031 2172 2294 2233 HALENSIS
2323 2179 2371 2248 l,
2403 2182 2659 2243 CLASSICA
2709 2190 2771 2243 Il.
2805 2188 3014 2259 Halas.,
3048 2206 3269 2267 sumptt.
3301 2199 3383 2255 Jo.
3411 2202 3558 2260 Frid.

1958 2263 2175 2323 Zeilleri
2197 2280 2252 2326 et
2282 2272 2448 2330 Henr.
2484 2277 2745 2349 Musselii,
2776 2284 2947 2340 ἰιι-8υ.
2982 2263 3199 2346 Minucii
3235 2292 3479 2353 Octavius
3507 2309 3560 2355 et

1956 2358 2245 2431 Cypriani;
2280 2377 2505 2440 uterque
2533 2378 2837 2433 recensitos
2854 2389 2909 2434 et
2931 2381 3229 2441 illustratus
3257 2403 3286 2441 a
3314 2388 3557 2447 Christo-

1956 2452 2131 2522 phoro
2177 2456 2502 2515 Celiario.—-
2528 2463 2654 2521 Usui
2713 2471 3054 2541 scholarum,
3122 2494 3240 2545 qua)
3289 2494 3405 2539 erat
3456 2486 3556 2542 viri

1954 2544 2111 2615 hujus
2142 2550 2345 2617 optime
2374 2556 2549 2610 meriti
2592 2558 2659 2614 de
2686 2561 2972 2628 juventute
3011 2567 3269 2625 sedulitas
3290 2614 3303 2637 ,
3342 2576 3555 2631 consul-

1953 2646 2125 2705 turus,
2168 2649 2372 2700 textum
2427 2648 2639 2707 Minucii
2669 2669 2732 2709 ex
2784 2660 3125 2728 superiorum
3159 2664 3423 2721 editorum
3454 2685 3553 2726 nec

1951 2743 2057 2783 non
2086 2730 2169 2786 Jo.
2203 2733 2351 2790 Frid.
2406 2738 2681 2812 Gronovii,
2732 2748 2818 2801 cui
2865 2749 3063 2819 primas
3104 2755 3298 2811 merito
3343 2757 3549 2829 defert,

1950 2822 2345 2883 animadversis
2413 2834 2837 2894 emendatiorem
2912 2845 3285 2901 excudendum
3345 2853 3552 2909 curavit

1947 2918 2497 2993 annotationibusque
2520 2942 2626 2982 non
2648 2930 2831 2986 multis
2856 2943 2908 2987 et
2935 2936 3178 3004 prolixis,
3205 2939 3296 2994 sed
3319 2943 3548 3011 egregiis

1945 3018 2000 3064 et
2026 3011 2175 3065 nullo
2205 3029 2309 3069 nou
2344 3025 2585 3089 tempore
2615 3023 2918 3093 legentibus
2972 3030 3266 3099 profuturis
3311 3040 3546 3107 explica-

1943 3103 2054 3172 vit,
2113 3121 2230 3175 quae
2272 3110 2353 3165 vel
2409 3112 2477 3167 ad
2529 3114 2813 3174 lectionem
2872 3122 3065 3192 ipsam,
3121 3127 3202 3181 vel
3263 3127 3542 3188 historiam

1942 3206 2102 3269 atque
2153 3201 2383 3273 fabulas,
2435 3210 2521 3264 vel
2576 3211 2810 3283 denique
2855 3215 3168 3274 latinitatem
3200 3232 3535 3295 spectarent,

1940 3290 2195 3362 Cypriani
2252 3297 2488 3356 libellum
2539 3304 2606 3359 ad
2660 3306 2917 3365 Wowcrii
2967 3290 3270 3382 exemplum
3318 3290 3536 3388 adjecit,

1938 3384 2175 3459 itemque
2237 3392 2481 3450 Balduini
2531 3399 3001 3471 dissertationem;
3052 3406 3283 3479 denique
3328 3411 3380 3466 in
3432 3412 3540 3470 line

1937 3491 2320 3553 accesserunt,
2368 3490 2508 3558 quod
2563 3494 2737 3549 serius
2790 3506 2843 3550 et
2899 3508 3045 3553 textu
3098 3500 3206 3570 jam
3265 3505 3537 3573 exscripto

1935 3569 2150 3627 demum
2182 3577 2342 3633 allata
2390 3595 2593 3650 essent,
2623 3586 2908 3645 observata
2939 3592 3184 3662 quzedam
3229 3594 3350 3651 Jac.
3388 3596 3537 3652 Peri-

1932 3667 2087 3720 zonii.
2124 3668 2425 3741 Postremo,
2473 3693 2592 3747 quae
2623 3680 2762 3735 haud
2791 3684 3008 3738 minima
3055 3686 3177 3741 libri
3218 3688 3316 3743 dos
3348 3698 3451 3755 est,
3481 3690 3533 3745 in

1932 3759 2159 3828 capitula
2204 3773 2258 3817 et
2305 3770 2674 3840 paragraphos
2729 3783 2851 3845 apte
2918 3786 3121 3833 textum
3172 3778 3530 3836 Minucianum

1932 3852 2137 3921 primus
2163 3856 2468 3929 descripsit.

2528 3994 2746 4037 δέξει]ιο
2786 3998 2935 4039 XVlll.

2646 4094 2801 4149 1705.

2000 4174 2164 4230 Vens.
2189 4177 2426 4235 ANGLICA
2454 4180 2540 4237 Ill.
2566 4184 2608 4238 A
2633 4184 2909 4257 Dialogue,
2938 4188 3003 4260 by
3032 4188 3240 4244 Marcus
3263 4191 3527 4248 Minucius

1926 4265 2077 4322 Felix
2099 4270 2392 4327 translated
2417 4273 2528 4330 into
2554 4277 2814 4349 engliseh,
2844 4280 2912 4353 by
2934 4280 3005 4336 Μ.
3029 4280 3256 4340 Combe.
3278 4283 3521 4353 London,

1924 4361 2092 4417 ἰπὶ-80.

2631 4444 2812 4501 1707.‘

1995 4524 2098 4581 En.
2122 4527 2437 4597 DAVISIANA,
2464 4529 2826 4591 CLASSICAl".
2849 4536 3205 4611 Cantabrigiae
3232 4543 3371 4615 typis
3399 4558 3521 4599 aea-

1922 4616 2167 4684 demicis,
2192 4620 2431 4693 impensa
2457 4624 2541 4679 Jo.
2562 4626 2770 4694 Owcni,
2798 4629 3253 4688 in-8°.—Minucii
3280 4634 3522 4692 Octavius

1921 4722 2043 4764 cum
2072 4711 2295 4784 integris
2321 4716 2793 4777 observationibus
2821 4722 2937 4779 Nic.
2974 4725 3191 4797 Rigaltii
3223 4736 3279 4782 et
3302 4729 3516 4784 selectis

1919 4803 2149 4860 aliorum
2176 4811 2447 4865 recensuit
2474 4828 2707 4884 suasque
2736 4826 2891 4872 notas
2918 4806 3115 4889 adjecit
3141 4820 3225 4875 Jo.
3250 4821 3513 4876 Davisius.

1918 4899 2351 4959 —Przemittitur
2370 4905 2563 4963 Franc.
2592 4909 2841 4965 Balduini
2863 4912 3196 4975 dissertatio,
3224 4931 3515 4982 rerumque

1918 5000 1974 5047 et
2002 4993 2286 5051 latinitatis
2330 4998 2538 5056 indices
2574 5002 2986 5059 subnectuntur.
3022 5006 3288 5072 Quoniam
3331 5015 3511 5059 autem

1917 5083 2207 5157 Rigaltium
2230 5090 2562 5161 reliquorum
2590 5094 2802 5150 Minucii
2829 5094 3181 5165 interpretum
3204 5111 3394 5165 agmen
3413 5097 3511 5151 du-

1915 5191 2041 5234 cere
2072 5180 2316 5238 Davisius
2343 5186 2621 5252 censebat,
2649 5203 2973 5256 quamquam
3003 5203 3111 5243 non
3141 5189 3209 5243 ab
3236 5196 3381 5243 omni
3411 5189 3509 5243 ha-

1914 5270 2187 5329 luciuandi
2239 5277 2481 5347 periculo
2534 5295 2656 5334 eum
2696 5290 2867 5335 tutum
2914 5296 3035 5337 esse
3079 5282 3348 5348 concedit,
3393 5283 3510 5353 ejus

1911 5381 2023 5437 pra:
2063 5368 2283 5439 reliquis
2320 5386 2503 5425 curam
2550 5373 2753 5428 habuit.
2782 5374 2889 5431 Sed
2929 5390 3029 5430 nec
3070 5377 3204 5431 alios
3244 5378 3505 5447 neglexit,

1911 5477 2010 5517 nec
2038 5462 2172 5516 adeo
2198 5477 2259 5517 ea
2293 5464 2560 5521 interdum
2598 5468 2836 5541 el‘l'ugere
2878 5487 3068 5542 passus
3110 5482 3213 5539 est,
3258 5488 3377 5542 qua:
3403 5474 3509 5531 viri

1909 5553 2051 5609 docti
2077 5555 2273 5624 passim
2302 5557 2443 5612 aliud
2475 5572 2698 5631 agentes
2730 5563 2799 5620 de
2836 5565 3071 5621 Minucio
3103 5566 3506 5633 observasseut,

1908 5647 1954 5703 si
1984 5664 2087 5718 qua
2116 5649 2306 5705 harum
2339 5653 2873 5714 animadversionum
2908 5658 3121 5716 utilitas
3146 5675 3268 5714 esse
3300 5670 3504 5729 posset.

1906 5741 2110 5800 Textus
2141 5744 2574 5805 distributionem
2603 5768 2631 5804 a
2659 5748 2904 5808 Cellario
2922 5749 3216 5822 adoptavit.
3238 5749 3512 5807 Caeterum

1913 5838 2202 5897 admodum
2235 5844 2480 5902 modeste
2507 5845 2573 5903 de
2614 5861 2784 5916 opera
2831 5858 2930 5902 sua
2962 5847 3125 5903 sentit
3151 5844 3230 5903 vir
3266 5845 3518 5905 doetissi-
