4242 6270
605 346 656 385 Ll
2012 334 2406 411 ΡΒᾹΖΓΛΤΙΟ.
3839 367 3915 408 ιιι

606 458 748 510 mus,
768 457 889 514 qum
912 442 977 497 ad
997 440 1252 512 juvenum
1276 442 1486 513 ingenia
1507 444 1802 507 erudienda
1819 453 1873 505 et
1893 446 2204 509 exacuenda

605 552 716 611 prae
740 535 922 592 multis
947 533 1179 590 aliorum
1211 542 1295 590 est
1324 535 1632 595 utilissima.

1324 642 1486 700 1708.

680 734 844 790 Vens.
879 733 1117 791 Arsacias
1169 734 1258 791 IV.
1290 734 1362 791 Μ.
1396 735 1658 793 Minucius
1714 737 1915 795 Felix’s
1968 738 2208 797 Octavius

604 829 710 885 and
735 829 1083 884 Tertullian’s
1104 828 1338 903 Apology
1368 830 1451 895 for
1475 831 1565 887 tbe
1595 833 1865 904 primitive
1882 832 2204 890 Christians.

607 922 856 991 London,
900 922 1066 983 in-8°.

1324 1026 1485 1083 1709.

681 1117 778 1187 En.
812 1116 1185 1175 Gaouovnuu.
1214 1119 1382 1192 Lugd.
1428 1120 1547 1175 Bat.
1580 1136 1667 1191 ap.
1696 1119 1860 1178 Corn.
1902 1122 2209 1181 Boutestein

609 1219 665 1265 et
693 1211 837 1267 Sam.
865 1210 1216 1266 Luchtmaur.
1247 1212 1410 1268 in—8°.
1443 1242 1514 1253 -—
1540 1212 1758 1271 Minucii
1815 1212 2057 1270 Octavius
2088 1228 2211 1273 cum

614 1302 840 1371 integris
883 1301 1148 1370 Woweri,
1193 1304 1611 1365 Elmenhorstii.
1656 1304 1875 1360 Heraldi
1907 1316 1961 1360 et
1998 1304 2213 1376 Rigaltii

619 1394 761 1455 notis
787 1394 1127 1467 aliorumque
1161 1394 1288 1455 hinc
1328 1397 1453 1459 inde
1494 1398 1741 1457 collectis
1784 1415 1851 1454 ex
1895 1399 2213 1461 recensione

616 1486 730 1543 Jac.
757 1487 1033 1553 Gronovii,
1055 1489 1145 1560 qui
1172 1489 1583 1547 emendationes
1605 1499 1659 1547 et
1683 1491 2070 1561 explicationes
2089 1507 2213 1549 suas

618 1579 836 1650 adjecit.
883 1581 1105 1637 Accedit
1149 1581 1291 1638 Cmc.
1346 1583 1648 1656 Cyprianus
1702 1595 1755 1640 et
1799 1586 1903 1640 Jul.
1947 1585 2214 1641 Firmicus

617 1673 912 1741 Maternusv
934 1705 1006 1716 —
1036 1675 1279 1733 Dandum
1312 1676 1566 1749 nimirum
1590 1688 1710 1737 erat
1752 1679 2061 1749 bibliopolis
2088 1680 2212 1749 hoc,

620 1777 768 1836 puto,
795 1778 852 1822 ut
881 1778 1035 1823 notas
1064 1770 1302 1824 virorum
1333 1787 1385 1825 in
1429 1772 1584 1826 titulo
1612 1771 1949 1827 laudatorum
1980 1773 2215 1843 integras

620 1860 791 1928 repeti
822 1870 1094 1928 pateretur
1122 1861 1448 1930 Gronovius,
1476 1864 1565 1934 qui
1597 1864 1664 1920 de
1689 1865 1821 1935 ipsis
1844 1879 1994 1929 sane,
2024 1866 2067 1918 si
2096 1865 2216 1934 quis

623 1951 782 2017 alius,
814 1966 1000 2011 veram
1023 1956 1349 2012 sententiam
1375 1957 1517 2013 tulit.
1549 1956 1802 2013 Secundo
1826 1972 1957 2012 vero
1987 1957 2217 2012 consilio

620 2057 778 2098 curas
810 2043 1141 2099 eruditorum
1174 2046 1305 2102 foris
1326 2049 1379 2103 in
1410 2048 1693 2107 Minucium
1714 2050 2004 2115 exercitas,
2037 2049 2089 2104 id
2112 2056 2215 2117 est,

625 2138 1006 2193 annotationes
1037 2138 1102 2192 ad
1135 2139 1378 2201 diversos
1407 2155 1660 2199 auctores
1695 2144 1978 2198 occasione
2009 2142 2130 2196 data
2164 2144 2217 2197 in

624 2230 840 2289 Minucii
892 2231 1033 2300 loca,
1084 2245 1179 2287 seu
1225 2241 1283 2289 ut
1325 2234 1658 2295 lllusuarent
1702 2250 1798 2293 seu
1844 2234 2217 2301 emendarem,

624 2325 855 2395 scriptas
879 2324 1191 2396 diligentius
1222 2327 1550 2398 conquisitas
1577 2331 1836 2397 excussit,
1866 2344 1976 2399 quo
2002 2328 2221 2384 nomine

626 2418 888 2481 Pricmum
930 2417 995 2473 ad
1025 2417 1312 2487 Apuleium
1355 2419 1408 2475 in
1452 2419 1638 2489 primis
1664 2423 1855 2492 ζωθςηί
1902 2421 2049 2476 facit.
2082 2418 2221 2487 Quid

626 2509 741 2583 ipse
768 2507 929 2569 studii
959 2508 1027 2564 ad
1059 2509 1349 2569 Minucium
1392 2511 1705 2577 contulerit,
1737 2525 1801 2567 ex
1833 2512 1915 2568 his
1945 2512 2063 2583 ejus
2094 2527 2221 2567 ver-

624 2600 707 2659 bis
741 2601 943 2671 optime
976 2610 1105 2670 puto
1130 2602 1437 2658 constabit:
1469 2620 1488 2654 ‹
1525 2602 1689 2661 Insita
1714 2602 1939 2672 Dialogo
1975 2604 2221 2660 doctrina

626 2692 1061 2764 suppeditaverat
1107 2693 1331 2750 hilarem
1375 2694 1709 2761 ubertatem,
1758 2694 1953 2764 inquit.
1999 2694 2224 2765 Insuper

626 2801 838 2860 quoque
864 2787 1143 2845 materiam
1171 2787 1339 2845 libelli
1383 2786 1637 2857 gerebam
1678 2787 1956 2844 memoriae
1984 2786 2222 2854 insitam,

627 2892 681 2938 et
701 2883 889 2939 aderat
906 2883 1182 2937 veneratio
1203 2883 1473 2941 sermonis
1494 2882 1645 2939 latini
1672 2890 1779 2939 tam
1802 2889 1949 2936 caste
1975 2880 2042 2935 ab
2064 2880 2229 2950 scrip-

630 2985 748 3033 tore
790 2980 1052 3050 usurpati,
1099 2989 1155 3035 ut
1194 2981 1271 3037 sic
1315 2980 1369 3036 in
1415 2979 1644 3051 legendo
1686 2980 1837 3035 varia
1877 2988 2112 3045 secutus,
2158 2978 2226 3033 ad

628 3070 973 3126 collationem
1018 3072 1288 3142 ingentem
1332 3071 1501 3129 forem
1544 3080 1843 3140 promptus.
1874 3071 1990 3126 Etsi
2031 3080 2228 3141 praeter

628 3162 878 3218 Sabmum
920 3174 973 3218 et
1002 3164 1279 3229 Ursinum,
1320 3173 1517 3235 praeter
1542 3164 1829 3222 lleraldurn
1858 3174 1912 3220 et
1935 3164 2224 3234 Rigaltium

628 3253 899 3323 Joseplius
928 3255 1172 3326 Scaliger
1210 3272 1424 3327 quoque
1458 3266 1513 3312 et
1544 3256 1841 3314 Salmasius
1873 3271 2096 3325 operam
2128 3272 2225 3313 na-

628 3358 889 3403 vaverant
915 3349 1188 3405 collationi
1218 3350 1420 3406 codicis
1446 3365 1575 3417 ms.,
1598 3350 1688 3420 qui
1716 3358 1797 3405 est
1827 3349 2077 3413 Lutetiae,
2110 3349 2229 3405 nul-

628 3443 737 3501 lum
764 3452 941 3499 tamen
974 3444 1110 3499 istuc
1141 3444 1413 3516 proﬁcisci
1442 3460 1470 3498 a
1502 3445 1672 3500 multo
1697 3453 1943 3514 tempore
1967 3444 2225 3511 intellexi,

628 3551 789 3605 quem
826 3552 930 3592 non
961 3537 1027 3593 ad
1058 3537 1449 3606 inspiciendum
1480 3554 1668 3595 rursus
1705 3537 1953 3595 hortarer
1983 3548 2038 3594 et
2076 3538 2230 3593 insti-

629 3645 835 3700 garem.
866 3630 991 3687 llaec
1019 3632 1135 3701 ipsa
1168 3631 1265 3687 fuit
1296 3632 1457 3689 etiam
1484 3632 1700 3687 occasio
1720 3646 1968 3687 accensa:
1995 3631 2224 3687 acrimo-

630 3723 736 3778 nias
763 3722 831 3778 ad
864 3724 1008 3779 varia
1039 3723 1444 3781 subolfacienda
1473 3734 1528 3782 et
1558 3734 1792 3781 veterem
1827 3740 2042 3781 manum
2074 3740 2230 3796 repo-

631 3813 863 3871 nendam
888 3823 979 3869 aut
1005 3814 1380 3885 proferendam
1414 3818 1737 3873 sententiam
1757 3818 2059 3887 scriptoris,
2087 3819 2231 3875 unde

632 3906 956 3962 aberrabant
991 3908 1101 3971 alii,
1137 3924 1299 3978 quum
1333 3924 1392 3963 se
1433 3909 1740 3980 judicarent
1780 3912 2019 3966 maxime
2049 3911 2231 3967 felices

633 4009 686 4052 et
721 4014 958 4069 Sagaces.
994 4020 1012 4052 ι
1044 4001 1124 4054 Ad
1174 4001 1346 4057 locum
1390 4018 1510 4074 cap.
1551 4019 1639 4059 xxr
1683 4002 1751 4058 de
1792 4004 1956 4058 Diana
2000 4003 2230 4074 Ephesia

633 4092 867 4147 verubus
894 4105 1173 4150 exstructa
1192 4097 1451 4167 integram
1481 4097 1638 4152 Luca:
1656 4096 1921 4152 Holstenii
1951 4098 2226 4152 dissertet.

631 4188 912 4257 apposuit,
958 4188 1171 4244 doctam
1218 4192 1399 4261 utique
1453 4199 1508 4246 et
1551 4192 1881 4262 ingeniosam
1932 4205 2086 4254 sane,
2135 4187 2232 4244 sed

634 4280 787 4351 cujus
817 4281 955 4338 forte
1000 4285 1338 4341 commodius
1382 4301 1590 4341 summa
1635 4296 1839 4341 tantum
1872 4284 2231 4340 adscribeuda

632 4374 823 4429 fuisset
853 4376 953 4446 (l).
978 4375 1056 4430 Ne
1082 4392 1214 4430 vero
1232 4376 1558 4443 teolTendat,
1587 4376 1725 4446 quod
1750 4385 1891 4429 totus
1923 4376 1993 4429 sit
2023 4375 2076 4429 in
2104 4391 2233 4430 exa-

632 4468 849 4538 gitando
871 4477 925 4523 et
952 4469 1274 4533 cavillando,
1311 4472 1400 4541 qui
1429 4472 1496 4529 ab
1521 4486 1588 4525 eo
1619 4472 1704 4524 vix
1738 4470 2002 4524 nominari
2032 4470 2229 4539 dignus

632 4571 753 4619 erat
803 4562 1063 4629 Ouzelio,
1120 4563 1377 4621 Jacobum
1437 4564 1765 4627 Gronovium
1823 4578 1983 4621 nosse
2039 4563 2227 4619 debes.

633 4654 893 4713 Nummos
922 4667 977 4715 et
1003 4657 1202 4728 ﬁguras
1224 4672 1333 4715 tere
1369 4657 1566 4717 incisas
1596 4666 1727 4711 ictas
1756 4656 1848 4719 illa
1874 4656 1924 4712 in
1949 4666 2229 4713 auctorum

631 4758 875 4807 veterum
922 4751 1249 4809 editiouibus
1291 4752 1343 4806 in
1377 4750 1586 4813 deliciis
1629 4750 1898 4816 habebat;
1950 4750 2019 4805 ad
2062 4765 2220 4811 usum

634 4843 763 4899 nihil
788 4844 1094 4903 conferunt.

1353 4935 1513 4994 1709.

704 5029 807 5087 Ed.
859 5031 1037 5087 Prima
1080 5031 1308 5089 seorsim
1361 5032 1481 5087 data
1533 5029 1888 5104 quorumdam
1947 5028 2229 5086 Novatiani

631 5138 879 5194 operum,
929 5124 1031 5181 sub
1078 5124 1181 5181 hoc
1232 5124 1385 5181 titulo
1421 5142 1432 5178 :
1467 5122 1660 5183 Incerti
1690 5124 1913 5181 auctoris
1940 5123 2002 5177 de
2034 5122 2233 5194 Regula

640 5216 879 5273 Veritatis
903 5219 1007 5273 sive
1031 5217 1183 5274 Fidei
1192 5262 1203 5282 .
1227 5220 1377 5290 vulgo
1401 5214 1683 5275 Novatiani
1712 5218 1775 5271 de
1806 5215 2053 5273 Trinilate
2084 5215 2229 5283 liber,

630 5310 700 5364 ad
728 5310 951 5366 Pamelii
974 5313 1125 5382 [idem
1156 5314 1442 5382 descriptus
1462 5329 1479 5378 ;
1502 5328 1592 5369 nec
1620 5312 1741 5366 ullis
1777 5309 2234 5364 animadversioni-

632 5405 721 5459 bus
750 5405 1055 5471 illustratus,
1116 5422 1238 5461 cura
1282 5407 1517 5469 William
1564 5404 1847 5462 Wltiston’s
1888 5404 1940 5457 in
1988 5402 2232 5461 Sermons

630 5497 734 5551 and
765 5514 937 5567 essay:
963 5515 1104 5568 upon
1128 5500 1320 5554 several
1346 5500 1586 5565 subjects.

1266 5591 1599 5649 1709-1716.

708 5682 877 5739 Vens.
909 5682 1145 5740 Ancum
1173 5683 1239 5740 γ.
1277 5682 1583 5738 Octavius...
1620 5682 1917 5739 translated
1959 5682 2116 5738 with.
2147 5695 2236 5741 n0-

719 5796 825 5921 (3t)lg
856 5795 989 5853 Vide
1019 5811 1201 5870 supra,
1228 5796 1563 5855 curramdcm
1595 5795 1856 5855 edendam
1878 5809 1997 5852 esse
2014 5795 2231 5853 duxeri-

719 5882 725 5918 |
830 5882 917 5921 no.

636 5881 756 5920 IDUS
784 5881 917 5923 ων.

2313 458 2463 513 tes...
2494 451 2561 525 by
2592 452 2828 511 William
2862 456 3137 515 Reeves...
3169 460 3381 530 printed
3420 462 3552 517 with
3588 464 3679 519 the
3711 465 3914 536 Apolo-

2313 542 2428 614 gies
2467 543 2528 607 of
2548 546 2638 601 the
2668 547 2939 619 primitive
2967 549 3189 607 fathers.
3222 551 3473 624 London,
3502 556 3537 610 Ξ
3566 559 3672 612 vol.
3704 559 3841 614 iii-8.

3046 645 3203 702 1711.

2388 730 2486 786 Ea.
2507 731 2793 791 DAVJSIANA
2811 734 2873 790 ll.
2895 736 3277 809 Cantabrigiaa,
3299 740 3459 796 iii-8°.
3483 741 3559 796 Ex
3577 744 3813 799 secunda
3830 745 3916 803 Jo.

2317 822 2516 881 Davisii
2541 827 2864 885 recensione
2892 844 3014 884 cum
3047 830 3327 889 Variorum
3368 835 3531 900 notis,
3559 835 3922 906 addito,Com-

2318 916 2592 979 modiano.
2616 917 2718 988 (Cf.
2752 920 2884 976 Acta
2916 920 3108 987 Erud.,
3134 932 3174 979 t.
3196 942 3273 991 iv,
3300 929 3506 998 snppl.,
3542 946 3594 998 p.
3627 930 3756 996 425;
3779 931 3917 988 Bibl.

2316 1006 2540 1077 Choisie,
2577 1019 2614 1065 t.
2643 1027 2793 1079 xvnt,
2828 1032 2879 1083 p.
2907 1016 3003 1070 5M
3031 1033 3045 1083 ;
3077 1017 3233 1074 Mem.
3265 1024 3339 1091 of.
3374 1020 3687 1090 Literature,
3722 1034 3759 1079 t.
3797 1043 3835 1095 ι,
3866 1043 3920 1097 p.

2318 1101 2453 1166 555;
2495 1100 2653 1159 Μέρη.
2694 1105 2756 1159 de
2789 1103 3047 1175 Trévoux,
3088 1118 3125 1163 ι.
3165 1125 3224 1177 tl,
3262 1127 3314 1182 p.
3351 1112 3489 1179 888;
3530 1112 3666 1171 Bibl.
3698 1114 3921 1186 Choisie,

2320 1200 2357 1247 t.
2386 1210 2534 1261 xxrv,
2556 1196 2782 1269 p.120.)
3037 1272 3176 1328 mg

2390 1357 2589 1415 γεκειο
2648 1361 2987 1422 "OLLANDICA
3044 1367 3130 1433 Ill,
3190 1378 3413 1427 curante
3469 1371 3527 1427 D.
3583 1371 3922 1447 Gargonum,

2319 1449 2587 1526 Flessing,
2614 1454 2667 1511 in
2698 1455 2779 1511 8°.

3041 1530 3201 1587 1715.

2397 1614 2457 1668 D.
2487 1614 2660 1673 Nicol.
2708 1618 2782 1673 Le
2826 1619 3061 1692 Nourry,
3098 1622 3406 1682 Dissertatio
3432 1628 3484 1683 in
3516 1629 3737 1685 Minucii
3769 1631 3927 1687 Ueta-

2320 1707 2477 1774 vium,
2512 1718 2641 1762 tom.
2678 1725 2713 1763 ll
2742 1711 2998 1781 Apparet.

2912 1825 3105 1882 Eodem
3136 1845 3292 1885 anno.

2396 1935 2493 1993 SS.
2518 1935 2778 2007 Cornelii,
2820 1940 2995 2011 Lucii,
3041 1944 3301 2015 Stephani
3342 1956 3396 2003 et
3438 1948 3667 2004 aliorum
3687 1950 3932 2021 epistolae

2322 2029 2376 2084 in
2406 2029 2532 2084 Joh.
2570 2030 2824 2087 Harduini
2856 2032 3200 2095 Conciliorum
3224 2039 3523 2096 collectione
3546 2044 3803 2099 maxima.
3828 2043 3932 2098 Pa-

2324 2124 2442 2191 ris.,
2472 2122 2679 2190 in-l'ol.,
2712 2134 2842 2181 tom.
2868 2142 2907 2184 ι.

3038 2200 3195 2255 1721.

2396 2288 2724 2345 Eorumdem
2771 2292 3016 2363 epistolae
3047 2310 3075 2348 a
3107 2296 3169 2350 D.
3229 2298 3390 2353 Petro
3424 2299 3740 2357 Constantio
3773 2301 3934 2357 edita:

2326 2384 2378 2437 in
2408 2385 2609 2439 eximio
2638 2400 2737 2440 nec
2773 2387 2905 2441 satis
2931 2388 3201 2446 laudando
3230 2407 3397 2464 opere
3426 2396 3513 2449 cui
3544 2395 3728 2449 titulus
3759 2414 3771 2450 :
3804 2396 3937 2466 Epi-

2326 2478 2474 2533 stolae
2495 2478 2849 2535 Romanorum
2881 2481 3193 2553 Pontiﬁcum
3237 2496 3289 2541 et
3315 2503 3434 2558 quae
3463 2488 3528 2542 ad
3572 2503 3667 2543 eos
3719 2490 3933 2559 scriptze

2327 2578 2484 2638 sunt,
2511 2587 2541 2625 a
2570 2572 2627 2627 S.
2658 2572 2935 2630 Clemente
2965 2576 2980 2629 Ι
3007 2591 3173 2647 usque
3202 2579 3268 2634 ad
3302 2580 3670 2639 Innocentium
3696 2581 3793 2650 IlI,
3824 2591 3930 2639 etc.

3052 2668 3211 2725 i794.

2402 2755 2501 2811 En.
2535 2756 2775 2813 ANGLICA
2800 2758 2844 2813 ΙΙ
2871 2760 3173 2817 Novatiani.
3207 2762 3424 2831 Oxonii,
3454 2780 3483 2820 e
3514 2765 3748 2822 Theatro
3780 2767 3935 2824 Shel-

2330 2847 2458 2913 don,
2492 2850 2652 2905 ἰπὶ-8ο.
2679 2851 2959 2908 Novatiani
2990 2869 3155 2924 opera
3188 2872 3307 2924 quae
3338 2867 3573 2923 exstant,
3599 2860 3777 2913 omnia
3809 2874 3934 2915 cor-

2331 2942 2532 2997 rectius
2563 2944 2721 3014 longe
2748 2962 2907 3016 quam
2937 2964 3191 3021 umquam
3220 2949 3449 3006 antehac
3478 2950 3620 3007 edita
3642 2995 3656 3018 ,
3686 2954 3935 3024 notisque

2331 3035 2594 3090 lllustrata
2626 3053 2719 3107 per
2748 3038 3060 3094 Eduardnm
3091 3040 3466 3096 Welchmann.

2407 3128 2920 3186 Exhibenturlihelli
2947 3133 3086 3188 inter
3117 3132 3480 3189 Tertulliauea
3500 3136 3699 3190 servati
3723 3145 3776 3191 et
3803 3135 3936 3192 alte-

2333 3236 2390 3275 ra
2419 3221 2485 3275 ad
2515 3220 2676 3293 Cypr.
2700 3223 2797 3293 Ep.
2814 3224 3156 3291 Welchman,
3176 3227 3265 3301 qui
3282 3226 3600 3283 adversatur
3621 3227 3933 3296 Whistono,

2333 3316 2549 3385 repetiit
2594 3324 2797 3371 textum
2830 3316 3205 3374 Gelenianum.
3245 3339 3262 3370 ‹
3300 3322 3507 3377 Mendis
3531 3324 3798 3379 universis
3822 3324 3939 3393 qui-

2334 3409 2432 3463 bus
2457 3417 2564 3464 tum
2590 3412 2641 3465 in
2675 3411 2895 3467 vocibus
2919 3454 2933 3480 ,
2964 3422 3074 3467 tum
3101 3415 3149 3468 in
3174 3415 3534 3470 clausularum
3576 3416 3936 3472 distinctioni-

2334 3502 2432 3556 bus
2465 3504 2660 3572 passini
2693 3503 2988 3572 laborabat,
3025 3505 3286 3560 medicam
3318 3523 3533 3561 manum
3573 3525 3780 3563 summa
3809 3526 3937 3566 cura

2333 3610 2392 3651 se
2422 3596 2738 3667 apposuisse
2764 3597 2909 3653 dicit.
2968 3618 2986 3650 ι
3042 3599 3269 3669 Propter
3307 3615 3428 3670 quae
3473 3616 3649 3654 acrem
3682 3600 3939 3658 Jacksoni

2338 3703 2434 3743 nec
2462 3689 2616 3758 plane
2646 3690 2967 3746 immeritam
3001 3706 3281 3745 censuram
3316 3706 3505 3761 passus
3535 3702 3619 3747 est
3645 3735 3659 3761 ,
3688 3693 3879 3748 tuenda
3906 3710 3939 3750 a

2337 3781 2572 3837 Pamelio
2625 3793 2864 3851 remota,
2907 3785 3187 3839 Geleninm
3230 3785 3505 3855 sequendo
3546 3786 3741 3841 iterum
3774 3786 3939 3843 infer-

2335 3877 2492 3938 sisse,
2522 3876 2780 3948 pluraque
2802 3879 3023 3932 omnino
3051 3878 3334 3948 reliquisse
3356 3895 3513 3951 quam
3542 3880 3822 3936 sustulisse
3843 3882 3939 3937 ob-

2333 3966 2569 4035 jicientis
2617 3984 2738 4023 cuin
2799 3978 2975 4025 tamen
3021 3985 3267 4041 magnam
3317 3987 3501 4026 earum
3548 3982 3753 4042 partem
3785 3974 3938 4030 facile

2336 4059 2639 4117 emaculare
2661 4063 2916 4131 potuerit,
2942 4061 3365 4133 siAnglicanuin
3420 4080 3522 4118 ms.
3576 4065 3858 4132 exemplar
3905 4080 3939 4121 a

2340 4155 2578 4211 Parnelio
2607 4154 2937 4225 descriptum
2966 4154 3072 4211 non
3104 4157 3427 4226 neglexisset
3466 4167 3519 4210 et
3547 4156 3719 4211 Fulvii
3754 4156 3941 4217 Ursini

2338 4264 2402 4303 ex
2434 4265 2564 4303 mss.
2598 4251 3003 4304 observationes
3026 4265 3054 4302 a
3081 4249 3165 4305 Jo.
3186 4249 3442 4306 Wowero
3465 4251 3783 4321 exscriptus,
3805 4266 3941 4321 quas

2339 4343 2575 4397 nancisci
2610 4342 2864 4412 potuerit,
2899 4358 3005 4397 non
3040 4343 3250 4412 penitus
3281 4342 3660 4413 ignoravisset.
3693 4344 3940 4399 Alterum

2340 4436 2481 4505 quod
2514 4435 2682 4503 addit,
2712 4435 3169 4491 Welclimannum
3198 4436 3417 4507 quidem
3450 4436 3627 4491 luxata
3657 4436 3831 4507 capita
3871 4434 3940 4491 ad

2340 4531 2553 4599 propria
2587 4530 2702 4585 loca
2734 4530 3038 4595 reduxisse;
3068 4530 3164 4585 sed
3196 4532 3247 4585 in
3289 4532 3389 4585 hoc
3414 4540 3813 4585 antecessorem
3847 4530 3944 4585 ha-

2340 4623 2522 4679 buisse
2550 4624 2813 4694 Responsi
2854 4633 3131 4679 auctorem
3171 4634 3357 4679 contra
3382 4624 3447 4677 D.
3476 4622 3809 4679 Waterlandi
3840 4623 3941 4678 de-

2339 4715 2642 4771 fensionem
2689 4719 3049 4789 quaestionum
3100 4717 3453 4789 quarumdam
3475 4760 3489 4785 ,
3521 4732 3652 4788 quas
3683 4717 3850 4772 edidit
3870 4716 3939 4773 de

2338 4808 2613 4864 Trinitatis
2642 4811 3031 4877 controversia,
3062 4827 3159 4866 nec
3188 4819 3364 4865 tamen
3397 4810 3513 4880 ejus
3542 4810 3852 4865 meminisse
3878 4817 3937 4865 et

2339 4900 2407 4956 de
2428 4902 2626 4957 notulis
2650 4902 2799 4968 item,
2825 4918 2987 4958 unam
3010 4911 3063 4957 et
3084 4902 3307 4957 alteram
3330 4911 3383 4957 et
3408 4902 3649 4957 locorum
3679 4902 3734 4958 S.
3758 4901 3942 4973 Scrip«

2342 5004 2474 5050 tura:
2498 4994 2731 5051 indicem
2754 4996 2909 5051 valde
2932 4995 3305 5066 imperfectum
3336 4995 3602 5064 adiecisse
3637 5013 3649 5050 :
3682 4995 3734 5051 id
3762 4995 3942 5053 multis

2343 5089 2568 5143 fortasse
2606 5088 2765 5159 paulo
2809 5089 3040 5159 iniquius
3068 5089 3135 5145 ab
3176 5103 3244 5153 eo
3272 5088 3473 5143 dictum
3506 5088 3795 5145 videbitur.

3066 5202 3227 5261 1728.

2413 5297 2514 5357 Eo.
2570 5298 2807 5356 Ancum
2844 5296 2911 5354 Ill
2958 5297 3281 5356 Novarum.
3335 5299 3611 5356 Londini:
3662 5296 3801 5368 typis
3854 5295 3941 5354 Jo.

2345 5394 2518 5464 Darby
2564 5403 2619 5448 ct
2652 5392 2712 5447 T.
2764 5393 2985 5459 Brown,
3036 5403 3091 5449 et
3127 5393 3387 5465 impensis
3431 5392 3652 5450 Joannis
3694 5389 3846 5449 Neon
3888 5387 3944 5443 in

2342 5487 2463 5541 vico
2490 5485 2635 5540 dicto
2660 5484 2987 5556 Cheapside,
3026 5484 3179 5556 juxta
3205 5487 3464 5542 sacellum
3502 5480 3944 5537 Metaxariorum.

2342 5611 2413 5623 ——
2456 5579 2737 5636 Novatiani
2786 5579 2973 5635 Presb.
3030 5580 3257 5636 Romani
3289 5593 3471 5650 opera,
3502 5591 3621 5647 qua:
3650 5583 3949 5644 supersunt

2342 5674 2557 5738 omnia,
2593 5683 2713 5744 post
2738 5673 2924 5728 Jacobi
2965 5672 3185 5729 Pamelii
3215 5669 3501 5741 Brugensis
3534 5668 3941 5737 recensionem,

2346 5768 2411 5823 ad
2442 5767 2777 5837 antiquiores
2803 5765 3070 5821 editiones
3096 5764 3385 5835 castigata,
3419 5773 3474 5818 et
3505 5778 3536 5818 a
3567 5761 3753 5817 multis
3794 5774 3946 5817 men-

2361 5859 2443 5916 dis
2467 5866 2756 5931 expurgata
2792 5876 2804 5911 :
2839 5856 3098 5913 illustrata
3139 5855 3298 5913 etiam
3344 5851 3730 5925 copiosissimis
3757 5851 3949 5909 obser-
