4242 6270
410 367 509 406 LIII

397 467 714 523 vationibus
763 473 819 522 et
868 465 1043 532 notis,
1096 464 1151 520 in
1201 464 1398 536 quibus
1431 471 1598 520 totum
1629 471 2004 534 argumentum

400 562 645 618 auctoris
684 560 755 616 de
783 559 969 630 regula
999 558 1123 614 ﬁdei
1155 572 1221 614 ex
1264 567 1504 613 veterum
1551 556 1772 613 Patrum
1818 569 2007 611 monu-

397 655 608 710 mentis
666 653 773 708 late
824 650 1138 706 discutitur.
1189 649 1538 706 Prwmittitur
1582 648 1889 706 dissertatio
1940 647 2008 702 de

399 745 545 802 Filio
564 745 656 800 Dei
675 744 977 808 homousio,
1009 743 1123 798 sive
1139 741 1572 799 co-esscntiaiite
1599 742 1692 797 uni
1711 742 1820 800 Deo
1839 738 2002 797 Patri.

396 839 596 896 Studio
625 837 851 894 Joannis
879 834 1138 897 Jackson,
1166 835 1422 890 Ecclesiae
1445 834 1757 905 Anglicanze
1780 831 2005 902 Presby-

393 933 522 997 teri,
552 930 694 992 etde
713 928 1010 990 Wherwell
1030 928 1290 990 comitatu
1313 928 1593 984 llantonim
1627 923 2001 995 praebendarii.

470 1025 679 1080 Praeter
704 1038 789 1089 ea,
823 1037 942 1092 quae
972 1021 1222 1090 superior
1263 1019 1451 1085 editio,
1485 1017 1858 1088 complectitur
1888 1015 2004 1069 haec

395 1118 566 1173 etiam
611 1115 837 1170 alteram
877 1113 1011 1169 cieri
1053 1111 1286 1167 Romani
1331 1111 1399 1165 ad
1443 1110 1770 1181 Cyprianum
1806 1107 2004 1177 episto-

397 1211 543 1275 iam,
608 1209 677 1264 de
722 1223 830 1274 quo
875 1220 1038 1276 supra
1089 1205 1250 1261 verba
1280 1203 1523 1259 fecimus.
1554 1202 1707 1269 Quod
1737 1200 2003 1256 rationem

394 1302 612 1366 attinet,
633 1314 792 1370 quam
813 1299 867 1352 in
884 1296 1219 1353 recensendo
1235 1305 1381 1351 textu
1400 1302 1616 1352 secutus
1637 1302 1739 1361 est,
1759 1307 1788 1346 a
1811 1291 2001 1345 Pame-

397 1392 544 1446 iiano
556 1389 809 1462 exemplo
830 1404 1125 1460 numquam
1150 1403 1208 1444 se
1234 1387 1550 1443 discessisse
1571 1384 1873 1457 proﬁtetur,
1898 1384 2000 1438 nisi

398 1484 618 1554 quando
645 1496 836 1538 sensus
861 1490 917 1536 et
946 1482 1084 1536 ratio
1112 1480 1346 1535 auctoris
1377 1477 1811 1534 emendationem
1845 1475 2003 1546 plane

399 1576 720 1647 postularet,
752 1586 843 1630 aut
867 1574 1110 1630 vindices
1137 1575 1272 1628 alios
1295 1616 1310 1640 ,
1341 1573 1428 1628 vei
1469 1571 1856 1642 exemplarium
1888 1569 1998 1624 sui-

397 1671 632 1740 fragium
682 1683 860 1724 secum
917 1668 1160 1722 haberet.
1220 1666 1334 1735 Qua
1381 1667 1433 1721 in
1476 1682 1536 1721 re
1560 1665 1675 1720 Lat.
1711 1662 1920 1719 Latinio
1948 1671 2003 1716 et

399 1763 494 1818 Fr.
519 1761 676 1818 Junio
697 1761 955 1817 nonnulla
974 1775 1034 1817 se
1061 1760 1259 1816 debere
1286 1759 1573 1831 plurimum
1600 1774 1728 1814 vero
1757 1773 1858 1812 ms.
1887 1762 1998 1812 An-

391 1854 612 1925 giicauo
654 1863 708 1910 et
759 1854 824 1912 F.
876 1851 1001 1910 Urs.
1036 1867 1168 1909 mss.
1199 1854 1342 1909 notis
1385 1851 1622 1918 adjutqu
1653 1866 1713 1906 se
1739 1849 1992 1906 afﬁrmat.

393 1947 698 2006 Plurimum
721 1946 822 2004 sibi
840 1946 1037 2002 laboris
1061 1946 1349 2004 indulsisse
1364 1956 1564 2012 narrat,
1585 1954 1644 2000 ut
1660 1944 1996 2000 versionibus

392 2040 797 2109 Scripturarum
822 2038 1049 2096 diversis
1066 2047 1122 2094 et
1149 2047 1394 2094 veterum
1413 2037 1631 2092 Patrum
1654 2035 1996 2092 citationibus

393 2145 520 2184 cum
551 2129 844 2201 archetypo
873 2138 1018 2184 textu
1061 2129 1272 2188 collatis
1302 2143 1489 2183 omnes
1535 2129 1796 2183 lectiones
1819 2129 1996 2181 varias

394 2221 776 2292 cujuscumque
804 2231 980 2276 textus
1002 2237 1033 2274 a
1058 2220 1357 2276 Novatiano
1378 2220 1547 2290 citati,
1578 2220 1700 2276 inde
1721 2219 1994 2275 deducen-

390 2316 510 2381 das,
541 2331 661 2385 quae
688 2323 877 2370 notatu
905 2315 1081 2385 dignae
1108 2323 1307 2381 essent,
1331 2329 1434 2368 una
1456 2313 1993 2384 conquireretetiec—

393 2411 498 2464 tori
529 2410 761 2465 sisteret.
802 2428 820 2460 ‹
863 2409 1011 2464 lianc
1040 2424 1168 2464 vero
1198 2424 1418 2478 operam
1451 2407 1543 2462 tuli
1571 2450 1585 2474 ,
1629 2408 1830 2477 inquit,
1886 2420 1993 2461 non

391 2507 537 2580 quod
564 2524 650 2564 me
703 2507 906 2578 aliquid
933 2507 1127 2564 fecisse
1166 2508 1384 2578 quosvis
1422 2519 1610 2578 putare
1640 2508 1833 2564 vellem
1858 2525 1876 2572 ;
1899 2509 1993 2564 sed

386 2602 531 2672 quod
579 2601 715 2656 alios
753 2602 1004 2670 exemplo
1045 2618 1202 2667 meo,
1245 2601 1290 2657 si
1332 2602 1521 2660 liceret
1547 2642 1562 2667 ,
1615 2617 1890 2657 moverem
1936 2611 1993 2657 ut

387 2694 440 2748 in
470 2693 694 2750 edendis
713 2703 953 2750 veterum
981 2694 1130 2749 libris
1150 2693 1251 2749 hac
1273 2696 1356 2748 via
1372 2693 1706 2760 incederent,
1733 2703 1786 2748 et
1803 2709 1992 2750 omnes

386 2787 566 2842 varias
620 2787 880 2843 lectiones
916 2787 1158 2842 iocorum
1187 2787 1429 2842 omnium
1463 2785 1782 2855 Seripturae,
1817 2786 1908 2856 qui
1936 2785 1991 2841 in

389 2892 715 2948 unoquoque
741 2878 1006 2946 scriptore
1028 2879 1281 2942 citantur,
1303 2885 1660 2947 congererent
1682 2892 1694 2929 :
1714 2887 1872 2947 atque
1891 2877 1991 2933 hoc

386 2970 456 3024 ad
480 2967 900 3039 promovendam
916 2985 1192 3024 sacrarum
1211 2970 1534 3024 Litterarum
1555 2967 1987 3023 emendationem

386 3075 442 3118 et
475 3063 836 3134 cognitionem
870 3063 1097 3116 multum
1121 3063 1439 3116 collaturum
1465 3061 1701 3117 conﬁdo.
1752 3081 1771 3113 ι

459 3153 613 3208 Neue
645 3153 875 3223 denique
903 3163 958 3208 et
981 3155 1386 3209 observationes
1429 3155 1613 3208 llillllil‘.
1643 3162 1696 3208 ct
1724 3163 1991 3208 accurata:

389 3249 768 3320 prolegomene
825 3250 981 3303 docta
1033 3249 1345 3320 indicesque
1392 3249 1838 3319 locupletissimi,
1887 3263 1988 3303 nec

389 3359 492 3397 non
517 3344 568 3398 in
594 3343 758 3400 rebus
785 3343 1080 3398 levioribus
1107 3360 1233 3399 cura
1254 3344 1554 3408 manifesta,
1581 3344 1796 3414 egregie
1819 3343 1990 3399 edito-

387 3439 466 3494 ris
491 3439 606 3494 vice
634 3437 877 3494 Ιυιιριιιιιι
907 3436 1231 3493 Jacksonuin
1255 3438 1565 3493 ostendunt.

1017 3532 1355 3589 I750-I740.

458 3622 738 3678 Variorum
771 3634 913 3678 notae
943 3632 998 3678 et
1025 3623 1400 3679 commentarii
1433 3624 1488 3677 in
1522 3623 1790 3678 Octavium
1821 3623 1990 3680 Minu-

388 3715 458 3770 cii
489 3716 684 3770 Felicis
705 3757 720 3782 ,
777 3715 920 3770 inter
946 3732 1082 3787 quos
1106 3716 1154 3772 .l.
1185 3715 1420 3781 Jortiuii,
1455 3727 1509 3770 ut
1536 3726 1689 3787 putat
1716 3717 1907 3772 Saxius
1937 3717 1988 3771 in

397 3805 744 3869 Onomastico,
769 3818 904 3862 notae
927 3808 1128 3862 critica:
1155 3808 1209 3861 in
1240 3807 1458 3862 Miscell.
1494 3808 1783 3876 Observat.,
1815 3809 1921 3863 vel.
1948 3825 1986 3877 ι,

395 3909 437 3952 t.
475 3913 513 3961 ι,
547 3913 599 3967 p.
627 3896 727 3965 2'5;
760 3900 862 3955 vol.
891 3916 948 3965 ιι,
981 3911 1018 3953 t.
1044 3916 1123 3966 ιιι,
1161 3915 1210 3970 p.
1243 3900 1515 3962 408-409;
1546 3901 1652 3956 vol.
1685 3917 1762 3968 ιιι,
1793 3909 1831 3954 ι.
1864 3917 1900 3967 ι,
1934 3917 1986 3972 p.

393 3991 585 4054 19-22;
616 4001 650 4044 t.
677 3975 737 4055 ἰι,
773 4008 824 4061 ρ.
858 3994 1119 4056 177-181;
1162 4003 1200 4047 ι.
1230 4009 1306 4060 ιιι,
1341 4008 1393 4062 ρ.
1426 3992 1987 4048 522-32.t.——Jerem.

386 4084 742 4151 hiarcklandi,
778 4086 828 4138 in
860 4086 965 4139 vol.
997 4102 1055 4152 ιι,
1090 4095 1126 4138 t.
1159 4102 1196 4149 ι,
1234 4101 1284 4155 p.
1316 4085 1498 4140 54-60.
1519 4117 1588 4124 -
1609 4085 1804 4141 Thom.
1831 4085 1993 4156 Wop-

387 4176 595 4242 Kensii,
626 4177 678 4230 in
721 4177 832 4232 vol.
868 4193 942 4244 ιιι,
979 4187 1015 4231 t.
1045 4193 1084 4243 ι,
1119 4194 1174 4248 p.
1207 4178 1412 4243 51-75;
1441 4178 1548 4232 vui.
1579 4194 1632 4243 ιι,
1669 4188 1776 4244 t.1,
1806 4195 1861 4248 p.
1895 4181 1989 4234 11-

384 4271 567 4327 51.-
589 4270 892 4326 Heumanni
923 4269 1202 4325 Ferculum
1223 4287 1280 4336 ιι,
1311 4271 1364 4324 in
1395 4271 1502 4325 vol.
1534 4286 1630 4336 vn,
1665 4280 1802 4340 part.
1839 4287 1897 4336 ιι,
1933 4287 1984 4341 p.

383 4362 655 4428 247-272;
705 4361 917 4419 Fercul.
971 4363 1060 4427 ill,
1114 4362 1241 4418 ibid.
1295 4372 1431 4432 part.
1481 4379 1555 4429 ιιι,
1613 4379 1667 4433 p.
1715 4362 1986 4430 AQI-HS;

385 4456 597 4514 Fercul.
629 4472 704 4522 tv,
749 4458 856 4512 vol.
888 4472 1001 4518 vni,
1032 4471 1084 4524 p.
1119 4457 1170 4520 I,
1208 4472 1294 4525 pp.
1329 4456 1604 4520 IIS-154;
1639 4454 1848 4510 Ferent.
1879 4473 1908 4508 ν
1937 4465 1992 4511 et

386 4551 480 4604 ult.
508 4560 646 4620 part.
681 4566 758 4614 ιιι,
799 4566 851 4619 ιι.
900 4549 1164 4605 451-479.
1188 4548 1362 4603 -ν-Ειν.
1394 4547 1504 4603 Ott.
1533 4547 1828 4603 Menckenii
1858 4549 1991 4606 Ἐπί-

385 4665 552 4715 κρισις
605 4642 849 4698 modesta
895 4657 1080 4696 eorum
1111 4657 1230 4714 qua:
1260 4641 1326 4696 ad
1359 4642 1650 4695 Minucium
1679 4641 1917 4696 Felicem
1958 4655 1988 4696 a

388 4735 591 4789 ceiebr.
618 4734 930 4790 licurnauuo
957 4735 1240 4794 observata
1265 4743 1410 4791 sunt.
1445 4733 1608 4800 li)id.,
1640 4749 1692 4788 v.
1725 4733 1897 4802 inut",
1931 4747 1986 4803 p.

389 4827 520 4882 729.

1102 4921 1260 4977 I730.

465 5036 527 5090 D.
568 5035 776 5108 Remig.
817 5035 1078 5093 Ccilierii.
1124 5037 1189 5094 Ο.
1222 5038 1277 5096 S.
1311 5038 1373 5092 Β.
1415 5036 1557 5092 Hist.
1610 5037 1848 5108 générate
1900 5037 1989 5094 des

384 5140 598 5185 auteurs
624 5131 900 5186 ecclésiast.
926 5140 1031 5188 art.
1063 5130 1290 5198 Ninum,
1322 5139 1362 5185 t.
1388 5146 1468 5197 ιιι,
1502 5147 1554 5201 p.
1584 5128 1710 5188 225.

1105 5245 1265 5300 1755.

462 5356 537 5413 De
658 5357 934 5428 Stephano
971 5374 1106 5430 papa
1152 5369 1205 5414 et
1254 5367 1511 5429 martyre,
1567 5359 1708 5415 inter
1732 5369 1847 5416 acta
1885 5359 1984 5418 SS.

385 5453 766 5519 Bollandiana,
819 5455 886 5510 ad
938 5455 1081 5511 diem
1126 5454 1163 5508 2
1207 5470 1352 5526 aug.,
1386 5463 1517 5510 tom.
1561 5471 1598 5523 l,
1645 5470 1698 5526 p.
1725 5455 1985 5525 “2-146,

388 5557 610 5604 auctore
630 5549 795 5605 Petro
820 5548 1046 5605 Boscho.

1116 5642 1274 5698 1756.

461 5751 638 5825 Chph.
687 5755 750 5809 A.
796 5753 1095 5812 Heumanni
1127 5757 1435 5812 observatio
1461 5771 1564 5830 qua
1595 5769 1820 5814 numero
1841 5755 1989 5826 jure-

383 5847 760 5906 cOnsnltorum
792 5849 1054 5905 eximitur
1078 5848 1338 5906 Minucius
1360 5850 1530 5920 Felix,
1552 5851 1603 5906 in
1626 5850 1864 5932 parergis
1892 5864 1989 5909 seu

1877 342 2272 405 PREFATIO.

3636 359 3726 402 ι.ιν

2116 459 2513 516 accessionibus
2550 459 2616 515 ad
2656 459 2833 515 omnis
2873 459 3088 531 generis
3128 457 3507 515 eruditionem.
3557 458 3723 516 Goet-

2115 554 2268 625 ting.,
2299 553 2461 609 Ili-8°.

2833 655 2992 711 I758.

2183 749 2349 806 Marci
2378 749 2592 806 Minucii
2625 749 2821 806 Felicis
2863 765 2958 820 pro
2997 765 3056 804 se
3087 757 3138 805 et
3170 758 3311 804 statu
3345 764 3443 805 suo
3491 750 3722 821 cpistola

2110 843 2445 916 apoingetica
2475 844 2543 899 ad
2576 843 2664 899 Fr.
2701 843 2956 900 Ottonem
2999 843 3394 909 Menckenium,
3430 859 3535 914 qua
3579 845 3722 902 lieu-

2111 939 2291 994 mauni
2342 940 2651 996 observatio
2680 941 2945 995 refutatur
2992 939 3044 994 in
3077 937 3228 994 Nova
3258 939 3386 994 Acta
3426 938 3720 1010 Eruditor.,

2109 1045 2252 1086 anno
2278 1030 2436 1098 1758,
2469 1047 2524 1100 p.
2553 1031 2680 1088 2l0.

2829 1146 2987 1202 1745.

2185 1259 2282 1314 En.
2316 1259 2670 1316 Gnonovum
2701 1260 2740 1314 l.
2775 1260 3166 1328 Rotterodami,
3199 1277 3287 1331 ap.
3331 1261 3414 1317 Jo.
3447 1261 3580 1316 Dan.
3614 1263 3718 1319 Be-

2110 1369 2256 1410 man.
2288 1385 2357 1395 —
2389 1353 2468 1408 Ex
2501 1369 2716 1410 recens.
2751 1354 3033 1421 Gronovii,
3075 1355 3162 1411 ed.
3194 1370 3242 1409 a.
3279 1355 3439 1423 1709,
3470 1356 3716 1428 repetita.

2843 1467 3001 1521 1750.

2176 1581 2273 1636 En.
2295 1580 2585 1637 DAVISIANA
2609 1580 2672 1635 il.
2696 1581 2962 1650 Glasgum.
2987 1580 3040 1635 in
3058 1580 3159 1636 aed.
3185 1581 3350 1636 Acad.
3372 1596 3489 1637 exc.
3509 1581 3646 1640 Rob.
3666 1591 3720 1638 et

2104 1672 2660 1728 Andr.FoulisAcatl.
2696 1674 3260 1746 typography.,in-I°.
3294 1674 3364 1730 Μ.
3394 1675 3634 1731 Octavius
3651 1691 3715 1732 ex

2109 1782 2320 1826 recens.
2349 1766 2432 1821 .io.
2472 1766 2689 1821 Davisii.
2728 1767 2927 1821 Textus
2969 1782 3089 1830 cum
3135 1765 3311 1822 indice
3340 1768 3499 1824 solito
3540 1769 3716 1826 nitore

2106 1873 2416 1929 expressus.

2827 1962 2984 2022 1751.

2170 2055 2293 2111 Joh.
2344 2054 2531 2111 Wern.
2587 2054 2788 2110 Meiner
2839 2055 3053 2109 Minucii
3105 2053 3305 2114 Felicis
3360 2054 3461 2110 loci
3510 2053 3717 2123 aliquot

2101 2163 2387 2218 perperam
2418 2147 2718 2212 sollicitati,
2751 2163 2780 2202 a
2810 2147 3178 2218 corruptionis
3210 2146 3518 2216 suspicione
3545 2146 3717 2203 vindi-

2097 2241 2221 2295 cati.
2243 2239 2659 2311 Longosalissae,
2682 2239 2848 2294 ιιι-4⁸.

2830 2329 2989 2388 1752.

2171 2423 2333 2478 Vens.
2363 2423 2680 2480 Genmmcs
2707 2423 2745 2477 l.
2778 2422 2992 2478 Minucii
3013 2421 3212 2478 Felicis
3247 2421 3512 2489 Octavius,
3547 2422 3718 2480 inter-

2103 2523 2254 2587 prete
2280 2513 2330 2570 J.
2357 2513 2417 2568 F.
2451 2514 2761 2576 IIoilander,
2794 2514 2991 2584 prodiit
3019 2513 3295 2581 Francoi.,
3333 2514 3491 2569 iii-8°.

2739 2627 3074 2686 “54-1755.

2171 2742 2408 2808 Gruneri
2443 2741 2856 2798 observationes
2887 2741 3088 2798 critica:
3132 2742 3272 2796 inter
3302 2741 3429 2798 Acta
3457 2741 3714 2796 societatis

2097 2837 2274 2891 latina:
2292 2835 2543 2896 Ienenris,
2560 2835 2670 2890 vol.
2689 2851 2764 2902 ιιι,
2789 2851 2840 2904 p.
2857 2836 2963 2900 55;
2996 2833 3104 2890 vol.
3122 2849 3194 2900 tv,
3215 2849 3273 2904 p.
3288 2832 3416 2900 208,
3436 2848 3490 2890 ν.
3509 2849 3561 2908 p.
3581 2832 3705 2890 220.

2835 2949 2996 3005 1756.

2168 3062 2370 3118 νειιειο
2394 3061 2610 3118 [rauca
2633 3062 2672 3117 l.
2698 3061 2754 3116 in
2789 3062 3041 3126 Venetia,
3073 3076 3258 3132 presso
3279 3061 3499 3117 Simone
3517 3060 3705 3118 Occhi.

2098 3155 2262 3221 in-8°,
2297 3155 2538 3210 l’Ottavio
2565 3155 2617 3209 di
2665 3155 2735 3209 M.
2765 3153 3000 3209 Minucio
3038 3153 3241 3219 Felice,
3274 3165 3457 3208 recato
3511 3155 3562 3208 in
3600 3153 3708 3208 lin-

2093 3262 2196 3317 gua
2229 3246 2450 3302 Italiana
2479 3251 2564 3302 col
2621 3256 2760 3302 testo
2792 3247 2958 3301 latino
3008 3263 3035 3300 a
3069 3249 3364 3312 rincontro,
3404 3263 3433 3302 e
3465 3263 3568 3300 con
3607 3263 3709 3318 op-

2095 3351 2324 3409 portune
2368 3340 2711 3394 annotazioni
2757 3340 3023 3393 illustrato
3070 3339 3136 3393 da
3183 3341 3240 3393 D.
3272 3339 3449 3393 Marco
3497 3339 3695 3394 Poleti.

2100 3429 2182 3483 Cl.
2216 3429 2283 3484 R.
2327 3430 2609 3485 Somasco.
2646 3461 2713 3470 ——-
2750 3431 2900 3485 llaud
2935 3432 3115 3500 inepte
3159 3432 3462 3486 institutum
3509 3433 3706 3488 cditori

2096 3525 2263 3580 cessit
2281 3523 2534 3595 (Paitoni,
2565 3522 2699 3579 Bibl.
2720 3525 3047 3595 degliautori
3069 3523 3434 3578 anticltiGreci
3458 3535 3504 3578 et
3533 3525 3706 3580 Latini

2091 3617 2448 3687 volgarizzati,
2478 3633 2534 3685 ιι,
2566 3616 2693 3674 250.
2730 3616 2958 3683 Gamba,
2993 3616 3142 3673 Serie
3169 3618 3253 3672 dci
3279 3619 3396 3673 testi
3427 3618 3480 3671 di
3503 3619 3701 3690 lingua,

2095 3710 2153 3764 ιι⁰
2181 3711 2365 3783 2534).

2808 3805 2967 3861 1760.

2166 3897 2263 3951 En.
2302 3897 2650 3953 LINDNERANA
2678 3899 2717 3952 l.
2753 3897 3145 3968 Longosalissaz
3168 3942 3181 3965 ,
3213 3909 3412 3970 sumpt.
3449 3899 3532 3955 Jo.
3568 3901 3696 3956 Chr.

2093 3987 2324 4053 Martini,
2351 3989 2838 4048 iri-8°.——0ctavius
2860 3990 3306 4059 etCyprianusde
3336 3991 3698 4047 Vanitateido-

2093 4083 2294 4145 larunt;
2321 4111 2393 4122 ——-
2420 4091 2643 4150 uterque
2683 4083 2986 4138 recensitos
3016 4093 3068 4136 et
3100 4083 3402 4138 illustratus
3432 4087 3573 4140 notis
3605 4103 3696 4140 va-

2093 4173 2296 4230 riorum
2343 4172 2561 4228 selectis
2616 4183 2776 4242 atque
2805 4172 2966 4228 etiam
3013 4176 3127 4226 suis
3174 4189 3204 4227 a
3251 4175 3405 4228 Joan.
3438 4175 3692 4232 Gottlieb.

2091 4264 2362 4320 Linduero
2410 4264 2717 4334 (Longosal.
2771 4264 2956 4320 Schol.
3028 4273 3140 4320 tum
3191 4267 3521 4339 correctore)
3571 4283 3695 4323 cum

2093 4357 2406 4428 praefatione
2444 4358 2528 4413 Jo.
2563 4363 2697 4429 Aug.
2730 4359 2960 4416 Ernesti.
2997 4359 3280 4428 Diligentia
3323 4371 3377 4416 et
3407 4377 3534 4418 cura
3583 4364 3696 4418 edi-

2094 4453 2227 4508 toris
2259 4453 2430 4522 prima
2460 4451 2620 4521 hujus
2649 4452 2904 4510 editionis
2937 4453 3111 4508 virtus
3137 4463 3254 4518 est;
3286 4455 3481 4510 deinde
3505 4455 3689 4526 altera,

2092 4546 2234 4615 quod
2261 4561 2353 4602 eas
2381 4541 2515 4617 quas
2553 4562 2618 4602 ex
2650 4547 2905 4603 Gronovii
2938 4546 3061 4602 inde
3090 4556 3333 4617 tempore
3366 4551 3528 4603 variis
3559 4549 3692 4605 locis

2095 4639 2194 4692 viri
2226 4639 2368 4694 docti
2398 4639 2464 4693 ad
2495 4639 2793 4709 Minucium
2833 4639 3265 4710 perpolieudum,
3303 4642 3686 4697 illustrandum

2096 4740 2152 4787 et
2194 4731 2594 4786 obseurandum
2638 4733 2798 4788 etiam
2839 4733 3199 4788 contulissent
3238 4735 3534 4807 symbolas,
3568 4749 3690 4792 cum

2089 4822 2296 4893 judicio
2319 4822 2549 4878 dilectas
2581 4824 2866 4894 propinat;
2903 4825 3076 4892 tertia,
3117 4824 3258 4896 quod
3288 4827 3448 4882 crisin
3479 4825 3692 4882 modes-

2093 4926 2200 4973 tam
2243 4927 2299 4974 et
2342 4927 2651 4973 accuratam
2693 4917 2868 4974 editor
2907 4919 3174 4990 sequitur,
3209 4935 3327 4992 quas
3367 4936 3434 4975 ex
3475 4918 3689 4973 Ernesti

2095 5011 2302 5068 Summi
2345 5011 2632 5082 praeceptis
2677 5009 3012 5066 defendenda
3063 5011 3231 5080 magis
3274 5021 3329 5065 et
3373 5010 3688 5079 explicanda

2092 5108 2325 5165 lectione
2349 5108 2584 5180 vulgata,
2628 5123 2786 5179 quam
2818 5106 3144 5175 conjecturis
3179 5103 3498 5159 exercendis
3529 5117 3687 5158 occu.

2090 5211 2277 5271 patur;
2311 5211 2583 5273 postrema
2617 5201 2851 5265 tandem,
2909 5198 3050 5267 quod
3081 5197 3316 5251 breviter
3353 5205 3407 5251 et
3446 5211 3687 5251 summa-

2098 5295 2220 5361 tim,
2250 5309 2351 5349 nec
2389 5304 2568 5347 tamen
2608 5307 2730 5346 cum
2770 5287 3167 5359 perspicuitatis
3205 5287 3412 5357 jactura
3454 5287 3688 5347 aliorum

2090 5389 2230 5444 bene
2278 5389 2415 5443 dicta
2463 5387 2658 5455 repetit
2702 5381 3030 5451 omninoque
3072 5381 3342 5436 sermonis
3396 5381 3688 5440 maximam

2091 5497 2274 5537 curam
2303 5479 2483 5536 habet.
2515 5478 2726 5534 Ernesti
2758 5473 3003 5546 praefatio
3043 5475 3109 5530 de
3145 5489 3422 5530 sacrorum
3462 5475 3686 5560 scripto'

2098 5589 2215 5630 rum
2246 5574 2478 5629 lectione
2506 5587 2628 5628 cum
2666 5569 3062 5644 antiquioribus
3089 5570 3295 5626 Graecis
3336 5579 3391 5626 et
3428 5570 3686 5627 Romanis

2092 5667 2445 5738 scriptoribus
2486 5665 2859 5738 conjungenda
2907 5663 3173 5736 praecipit.
3202 5662 3425 5720 Accedit
3455 5663 3686 5732 denique

2091 5767 2287 5830 praeter
2314 5756 2557 5812 Baldnini
2592 5756 3031 5814 dissertationem
3073 5753 3332 5810 Hoistenii
3370 5751 3596 5825 epistola
3631 5761 3687 5815 et

2093 5850 2254 5909 inde;
2283 5851 2497 5922 triplex.
