4242 6270
563 353 652 395 th
2032 315 2185 376 PRA‘.‘

2294 313 2423 372 T10.
3812 337 3880 384 LX

1215 463 1433 504 εΑεαυιο
1471 464 1523 501 ν.

1101 559 1237 616 Αηη.
1279 556 1385 616 582
1405 591 1476 602 --
1497 557 1620 617 120.

704 681 764 734 D.
800 679 1163 742 Hmaouvuus,
1198 675 1443 748 Catalogo
1479 673 1714 729 Virorum
1744 672 2064 729 illustrium:

645 791 664 824 ε
693 771 996 844 Cyprianus
1024 770 1156 828 Afer
1182 771 1411 842 primum
1439 770 1670 841 gloriose
1696 767 2024 823 rhetoricam
2071 765 2169 822 do-

567 868 678 922 cuit
710 884 722 920 :
757 865 972 931 exinde,
999 863 1260 921 suadente
1294 859 1609 936 presbytero
1645 861 1881 929 Caecilio,
1923 877 1954 916 a
1982 876 2088 932 quo
2115 873 2172 916 et

567 969 981 1030 cognomentum
1001 960 1225 1014 sortitus
1243 965 1342 1021 est,
1365 956 1709 1012 Christianus
1730 955 1924 1022 factus,
1951 970 2169 1010 onmem

567 1053 922 1108 substantiam
953 1067 1102 1107 suam
1137 1051 1464 1121 pauperibus
1488 1051 1730 1120 erogavit
1773 1066 1786 1102 :
1825 1064 1888 1103 ac
1915 1057 2035 1118 post
2063 1062 2170 1101 non

567 1145 794 1201 multum
817 1145 1094 1214 temporis,
1130 1144 1335 1198 electus
1370 1143 1422 1197 in
1445 1141 1841 1213 presbyterum,
1878 1141 2038 1196 etiam
2062 1141 2175 1210 epi-

568 1254 764 1309 scopus
789 1236 1248 1307 Carthaginiensis
1273 1236 1595 1291 constitutus
1623 1245 1727 1289 est.
1779 1233 1948 1303 Hujus
1976 1233 2170 1304 ingenii

569 1327 896 1400 superﬂuum
926 1339 1009 1383 est
1035 1328 1265 1383 indicem
1295 1337 1498 1392 texere,
1521 1341 1645 1381 cum
1676 1324 1790 1379 sole
1817 1324 2047 1379 clariora
2069 1324 2178 1379 sint

571 1421 688 1491 ejus
715 1435 900 1491 opera.
930 1419 1127 1474 Passus
1145 1427 1227 1472 est
1254 1418 1354 1472 sub
1370 1415 1658 1472 Valeriano
1686 1424 1739 1470 et
1759 1414 2005 1472 Gallieno
2031 1415 2176 1484 prin-

571 1515 801 1586 cipibus,
832 1512 1208 1584 persecutione
1243 1520 1452 1577 octava,
1481 1509 1673 1566 eodem
1703 1508 1791 1566 die
1835 1524 1943 1579 quo
1989 1509 2175 1564 Romae

571 1606 873 1671 Cornelius,
906 1607 998 1661 sed
1029 1622 1133 1660 non
1165 1604 1357 1660 eodem
1387 1617 1549 1658 anno.
1577 1621 1594 1654 ι

622 1696 795 1770 Epist.
812 1697 880 1751 ad
896 1696 1139 1752 Paulam.
1161 1696 1356 1752 BeatUs
1371 1694 1693 1766 Cyprianus,
1713 1694 1880 1749 instar
1894 1693 2059 1749 fontis
2079 1710 2174 1764 pu-

571 1793 794 1858 rissimi,
855 1791 1028 1846 dulcis
1079 1791 1278 1846 incedit
1307 1800 1361 1845 et
1390 1789 1632 1860 placidus
1667 1807 1678 1840 :
1707 1801 1760 1843 et
1800 1804 1922 1843 cum
1943 1795 2085 1843 totus
2109 1788 2180 1842 sit

572 1887 626 1940 in
660 1885 1051 1941 exercitatione
1077 1884 1333 1938 virtutum
1360 1924 1375 1949 ,
1418 1892 1710 1951 occupatus
1737 1881 2175 1950 persecutionum

570 1979 854 2053 angustiis,
870 1979 938 2035 de
956 1979 1246 2050 Scripturis
1263 1977 1459 2033 divinis
1480 1990 1817 2046 nequaquam
1847 1974 2118 2030 disseruit.
2154 1992 2172 2025 ι

645 2074 932 2129 Comment.
967 2074 1020 2127 in
1071 2071 1224 2139 Jon.,
1257 2086 1377 2142 cap.
1414 2072 1447 2125 5
1498 2087 1511 2124 :
1543 2089 1561 2123 (
1597 2069 1970 2140 Proponamus
2022 2068 2178 2123 nobis

573 2167 634 2222 B.
666 2165 1027 2239 Cyprianum,
1077 2166 1166 2233 qui
1216 2165 1366 2235 prius
1413 2162 1730 2218 idololatriae
1777 2171 2021 2216 assertor
2061 2161 2176 2226 fuit,

575 2267 629 2314 et
655 2259 706 2313 in
740 2266 945 2312 tantam
977 2257 1202 2328 gloriam
1235 2256 1381 2309 venit
1405 2253 1748 2324 eloquentiae,
1782 2261 1840 2305 ut
1886 2250 2179 2306 oratoriam

574 2368 789 2424 quoque
831 2349 1051 2408 doceret
1092 2347 1405 2421 Carthagini
1441 2364 1453 2401 :
1484 2347 1700 2402 audisse
1729 2344 1943 2400 tandem
1976 2358 2184 2400 sermo-

577 2461 701 2501 nem
727 2444 900 2511 Jonae,
925 2455 979 2500 ct
1003 2443 1066 2499 ad
1092 2443 1468 2515 ptenitcntiam
1512 2453 1855 2505 conversum,
1893 2439 1946 2492 in
1977 2446 2181 2492 tantam
2230 2434 2233 2436 ’

577 2541 789 2596 venisse
835 2535 1119 2602 virtutem,
1155 2547 1210 2591 ut
1251 2534 1528 2591 Christum
1583 2533 1797 2604 publice
1835 2531 2180 2602 prmdicat‘et,

577 2644 631 2689 et
664 2649 760 2706 pro
793 2629 883 2687 illo
912 2631 1178 2688 cervicem
1211 2629 1388 2702 gladio
1419 2626 1688 2683 ﬂecteret.
1733 2643 1752 2678 ι

1309 2720 1434 2775 450.

651 2819 709 2876 S.
731 2819 1088 2874 AUGUSTINUS.
1111 2846 1181 2858 -ι
1199 2807 1416 2885 Ignorat
1434 2826 1595 2867 neruo
1623 2820 1822 2882 quanta
1836 2809 2184 2866 veneratione

579 2921 800 2968 sanctus
828 2910 1162 2981 Augustinus
1197 2916 1510 2978 prosecutus
1543 2905 1703 2960 fuerit
1744 2919 1993 2976 magnum
2043 2902 2186 2958 hunc

579 3005 1054 3075 Carthagiuensem
1080 3003 1418 3072 episeOpum,
1434 3000 1621 3070 quanti
1640 2997 1828 3054 fecerit
1852 2999 1970 3066 ejus
1993 3012 2180 3067 opera,

581 3109 711 3169 quot
759 3100 1016 3168 prmclara
1064 3096 1386 3150 documenta
1421 3101 1476 3148 et
1505 3089 1892 3147 instructiones
1920 3090 2188 3162 repererit

585 3194 636 3248 in
669 3194 734 3247 iis
761 3192 923 3247 etiam
966 3190 1215 3245 omnibus
1245 3203 1366 3259 quae
1394 3188 1716 3257 conscripsit
1744 3196 1964 3242 sanctus
1988 3187 2187 3258 Martyr

583 3285 651 3340 de
682 3282 927 3340 iterando
965 3277 1315 3352 Baptismate.
1345 3279 1403 3336 Id
1435 3295 1598 3335 unum
1633 3277 1866 3334 sufﬁciat
1896 3278 2092 3346 dicere,
2125 3279 2182 3335 S.

584 3378 944 3449 Augustinum
966 3375 1226 3431 dilexisse
1249 3374 1617 3444 eloquentiam
1649 3371 1756 3429 divi
1783 3373 2061 3446 Cypriani,
2089 3373 2185 3429 sed

585 3480 640 3526 et
668 3470 826 3525 simul
865 3470 1164 3524 asseruisse
1207 3468 1585 3523 difﬁcillimum
1615 3481 1736 3522 esse
1764 3467 2013 3521 eamdem
2039 3482 2187 3522 asse-

585 3565 675 3635 qui
705 3563 816 3639 (lib.
844 3580 916 3630 tv,
948 3564 1010 3618 de
1035 3562 1286 3618 Doctrina
1311 3560 1626 3626 Christiana,
1644 3577 1689 3615 c.
1717 3559 1828 3633 14).
1857 3559 1978 3615 Alio
2010 3569 2186 3616 autem

586 3657 707 3712 loco
763 3674 775 3709 :
831 3674 850 3707 ι
912 3655 1028 3710 Non
1080 3671 1168 3710 me
1216 3663 1411 3719 terret,
1471 3671 1489 3706 ›
1548 3655 1720 3722 inquit
1770 3653 1830 3723 (ι.
1886 3669 1921 3707 ιι
1968 3651 2031 3706 de
2083 3651 2189 3706 Ba-

587 3750 797 3821 ptismo)
817 3790 833 3817 ,
871 3766 890 3800 ‹
926 3748 1217 3802 auctoritas
1247 3745 1523 3818 Cypriani,
1557 3748 1681 3816 quia
1709 3745 1884 3801 reﬁcit
1913 3745 2186 3800 humilitas

586 3840 870 3914 Cypriani;
898 3857 1145 3911 magnum
1165 3839 1382 3911 quidem
1401 3839 1652 3894 meritum
1672 3839 1918 3894 novimus
1931 3836 2187 3912 Cypriani

587 3934 824 4005 episcopi
854 3945 906 3989 et
935 3935 1210 4005 martyris.
1252 3951 1271 3985 ι

666 4045 684 4079 ι
721 4026 887 4097 Cujus
917 4025 1199 4082 reverendi
1244 4025 1482 4095 episcopi
1529 4033 1583 4080 et
1609 4024 1898 4082 venerandi
1932 4025 2188 4098 martyris

586 4122 844 4195 Cypriani
859 4122 1128 4187 laudibus,
1153 4120 1295 4176 nulla
1317 4119 1498 4192 lingua
1515 4119 1811 4186 sufﬁceret,
1837 4135 1934 4175 nec
1948 4119 1990 4174 si
2009 4121 2189 4192 seipse

588 4217 873 4275 laudaret»
906 4214 1115 4290 (Serm.
1146 4215 1252 4271 515
1277 4215 1340 4270 de
1370 4215 1433 4270 S.
1458 4211 1806 4285 Cypriane),¢
1840 4229 1940 4285 ego
1965 4213 2190 4286 Cypria-

587 4325 715 4365 num
753 4307 1077 4364 eatholicum
1124 4307 1461 4377 episcOpum,
1508 4307 1835 4361 catholicum
1870 4315 2184 4376 martyrem,

587 4410 640 4457 et
666 4410 868 4472 quanto
895 4402 1064 4470 magis
1091 4414 1318 4468 magnus
1344 4405 1480 4462 erat,
1511 4405 1660 4451 tanto
1690 4413 1748 4451 se
1796 4397 2046 4451 omnibus
2092 4399 2191 4450 hu-

589 4494 909 4560 miliantem,
963 4502 1020 4546 ut
1046 4506 1229 4547 coram
1278 4491 1390 4545 Deo
1436 4490 1701 4544 inveniret
1743 4489 1989 4558 gratiam,
2045 4487 2190 4543 nullo

589 4598 816 4654 prorsus
845 4583 1006 4638 modo
1037 4581 1384 4645 crediderim,
1418 4580 1470 4635 in
1499 4588 1690 4636 sancto
1721 4581 2018 4651 prmsertlm
2063 4594 2190 4635 con-

590 4677 720 4732 cilio
749 4676 1080 4747 collegarum
1102 4674 1242 4729 aliud
1277 4675 1584 4745 protulisse,
1617 4689 1778 4744 quam
1807 4671 1970 4730 corde
2013 4684 2191 4744 gesta—

590 4768 682 4823 bat
718 4787 738 4821 ›
772 4767 885 4838 (lib.
916 4783 968 4822 tu
1006 4768 1068 4821 de
1109 4765 1405 4836 Baptismo,
1437 4783 1482 4820 c.
1515 4766 1592 4840 5).
1645 4785 1664 4818 ς
1701 4765 1961 4822 Ecclesia:
1999 4769 2189 4822 callio-

592 4861 706 4917 licze
731 4863 1106 4918 auctoritatem
1131 4860 1304 4930 cujus,
1331 4861 1444 4931 ipse
1462 4860 1737 4932 egregium
1762 4868 1814 4915 ct
1833 4860 2190 4916 clarissimum

589 4956 896 5012 membrum
953 4964 1076 5023 est,
1130 4969 1228 5025 pro
1284 4964 1466 5008 nostra
1521 4954 1835 5010 inﬁrmitate
1886 4963 2188 5022 sectantes,

589 5051 851 5107 adversus
892 5047 1180 5104 haereticos
1207 5057 1261 5104 et
1290 5047 1668 5103 scbismaticos
1710 5046 2007 5104 enodemus
2032 5067 2050 5101 ι
2078 5047 2190 5122 (lib.

591 5160 660 5198 vn
687 5144 749 5197 de
773 5143 1051 5212 Baplism.,
1081 5158 1125 5195 c.
1159 5140 1237 5211 1).
1275 5159 1293 5192 ‹
1333 5140 1736 5208 Bcatissimum,
1784 5151 1985 5196 corona
2027 5141 2191 5197 etiam

591 5236 836 5308 martyrii
877 5235 1328 5306 gloriosissimum
1375 5232 1722 5305 Cyprianum,
1778 5250 1878 5290 nec
1925 5235 2189 5290 Africanis

591 5339 752 5400 atque
776 5328 1207 5384 Occidentalibus
1234 5336 1461 5395 tantum,
1515 5341 1704 5383 verum
1747 5335 1802 5384 et
1829 5328 2193 5386 Orientalibus

593 5422 838 5477 ecclesiis
870 5421 1011 5476 fama
1053 5421 1383 5490 praedicante
1409 5431 1463 5477 et
1491 5425 1692 5492 scripta
1717 5422 1836 5493 ejus
1863 5423 2021 5494 longe
2061 5423 2196 5479 late-

593 5529 699 5585 que
728 5512 1081 5578 diﬁundente,
1135 5514 1500 5580 notissimum,
1530 5515 1692 5570 etiam
1743 5515 1860 5586 ipse
1912 5517 2195 5574 haeresiar-

593 5607 724 5662 ches
769 5603 997 5659 istorum
1045 5604 1333 5676 Pelagius,
1385 5619 1507 5660 cum
1565 5606 1749 5664 debito
1795 5618 1942 5665 certe
1988 5609 2198 5668 honore

593 5706 986 5756 commemorat
1035 5716 1055 5751 i
1114 5696 1382 5771 (August,
1439 5696 1526 5752 lib.
1581 5713 1656 5770 tv,
1710 5700 1780 5754 ad
1830 5697 2193 5777 Bonifaciuni,

594 5806 708 5864 cap.
734 5790 824 5862 8).

2351 523 2408 580 S.
2435 524 2685 582 MAXIMUS
2717 526 3064 584 Taurinensis
3092 530 3358 602 duplicem
3401 531 3564 589 habet
3606 533 3658 588 in
3701 535 3881 591 natale

2277 616 2334 672 S.
2365 616 2616 687 Cypriani
2659 619 2962 686 ltomiliam,
3023 637 3204 691 unam,
3239 640 3423 692 LXXIX,
3471 625 3578 682 col.
3609 625 3876 698 255-258,

2275 712 2521 778 alteram,
2551 730 2716 782 Lxxx,
2746 716 2852 770 col.
2881 715 3144 783 259-260,
3175 717 3308 774 edit.
3339 720 3523 788 Rom.,
3561 720 3724 776 1784.

2947 799 3208 868 492-496.

2347 896 2406 952 S.
2437 898 2724 966 Gemsws,
2758 901 2996 972 pontifex
3023 902 3317 972 Romanus,
3345 906 3397 960 in
3426 907 3543 977 ejus
3573 905 3794 962 decreto
3815 905 3885 963 de

2279 989 2472 1060 Script.
2510 992 2657 1046 Eccl.
2695 992 2962 1061 Opuscula
2987 993 3234 1067 Cypriani
3285 997 3529 1070 martyris
3555 1001 3883 1072 elcarthagi-

2277 1082 2448 1138 neniis
2489 1083 2758 1156 Episcopi,
2792 1095 2925 1142 tom.
2955 1101 3013 1142 tv
3042 1088 3272 1144 Collect.
3300 1092 3605 1158 concilior.,
3635 1092 3740 1148 col.
3794 1094 3882 1161 12,

2279 1176 2370 1242 62,
2419 1179 2560 1248 apud
2590 1179 2906 1249 Labbaeum,
2961 1180 3318 1251 Harduinum,
3376 1195 3506 1240 tom.
3557 1201 3594 1241 tt
3651 1185 3879 1243 Collect.

2279 1273 2586 1356 concilior.,
2635 1275 2739 1331 col.
2783 1272 2912 1344 942,
2943 1285 2998 1332 et
3028 1277 3219 1343 Mansi,
3257 1287 3387 1334 tom‘.
3421 1293 3532 1346 Vill,
3563 1281 3666 1336 col.
3697 1279 3795 1336 161
3828 1290 3884 1336 et

2279 1381 2435 1437 seqq.
2480 1367 2855 1424 Recensentur
2899 1369 3113 1440 quidem
3147 1371 3198 1425 in
3232 1370 3430 1426 Gelasil
3461 1373 3686 1428 Decreto
3715 1383 3881 1444 opera

2280 1458 2442 1529 hujus
2472 1459 2646 1516 Patris
2678 1461 2815 1517 inter
2850 1475 2915 1518 ea
2943 1477 3068 1533 qum
3107 1463 3176 1519 ab
3205 1463 3446 1520 Ecclesia
3495 1463 3758 1533 Romana,
3806 1467 3878 1520 uti

2279 1554 2589 1624 apocrypha
2612 1554 2968 1624 rejiciuntur:
3005 1555 3268 1625 Opuscula
3298 1557 3472 1612 Tascii
3495 1557 3743 1630 Cypriani
3763 1575 3882 1629 apo-

2281 1650 2495 1719 crypha,
2524 1648 2699 1719 inquit
2735 1659 2923 1705 auctor
2949 1649 3109 1720 hujus
3153 1650 3381 1706 Decreti.
3427 1650 3650 1718 Verum,
3688 1660 3885 1723 praeter

2280 1739 2381 1792 alia
2440 1750 2745 1805 momenta,
2799 1756 2919 1809 quae
2965 1741 3110 1796 clare
3153 1743 3407 1797 evincunt
3446 1744 3665 1798 recitata
3719 1744 3882 1799 verba

2285 1833 2512 1888 Decreto
2541 1833 2741 1889 Gelasii
2770 1833 3019 1905 adjuncta
3049 1834 3217 1890 fuisse
3257 1835 3324 1888 ab
3362 1835 3542 1907 aliquo
3587 1843 3880 1901 extraneo;

2283 1943 2350 1981 ex
2374 1927 2635 1982 Gratiano
2666 1928 2718 1982 id
2741 1928 3069 1984 validissime
3099 1930 3532 1998 demonstratur;
3566 1946 3595 1986 a
3627 1929 3884 1986 Gratiano

2284 2019 2548 2088 siquidem
2572 2035 2680 2074 non
2708 2020 2848 2075 inter
2880 2021 3046 2076 libros
3077 2022 3440 2093 apocryphos,
3493 2021 3588 2077 sed
3637 2021 3779 2077 inter
3820 2022 3887 2077 li-

2283 2113 2410 2167 bros
2462 2114 2530 2168 ab
2583 2113 2821 2169 Ecclesia
2875 2117 3128 2185 probatos
3176 2125 3524 2171 recensentur
3569 2131 3733 2188 opera
3776 2117 3886 2172 divi

2284 2202 2556 2275 Cypriani.
2585 2205 2719 2260 Vide
2763 2205 3072 2262 Tillemont.
3107 2216 3221 2262 not.
3268 2207 3359 2274 52,
3407 2213 3497 2262 sur
3534 2207 3596 2263 S.
3639 2205 3881 2281 Cypricn,

2287 2305 2417 2352 tom.
2447 2311 2520 2365 tv,
2549 2313 2600 2368 p.
2632 2298 2720 2354 33.

2923 2408 3140 2452 δεουιο
3165 2411 3238 2452 γι.

2825 2488 2972 2544 Circa
3001 2505 3190 2545 annum
3217 2491 3342 2549 550.

2365 2578 2622 2644 Pnocur.,
2685 2578 2780 2637 lib.
2835 2598 2850 2636 ι
2900 2582 3034 2638 Belli
3089 2584 3312 2639 Vandal.
3357 2595 3376 2639 .‘
3419 2586 3699 2661 Kurrpiavou'
3744 2585 3887 2659 ἅγιον

2288 2667 2446 2747 ἄνδρα
2512 2673 2738 2745 μάλιστα
2808 2676 3008 2731 πάντων
3077 2677 3124 2732 οἱ
3193 2675 3533 2753 Καρχηδόνιοι
3605 2679 3883 2747 σιϐονται,

2287 2768 2374 2819 καὶ
2397 2767 2538 2838 αὐτῷ
2557 2768 2676 2821 νέων
2702 2768 2816 2822 τινὰ
2839 2768 2987 2842 lii-you
3015 2770 3200 2825 πολλοῦ
3241 2767 3397 2836 ἄξιον,
3439 2772 3539 2844 πρό
3583 2781 3675 2832 τῆς
3698 2771 3890 2832 πόλεως

2288 2855 2621 2933 ἱδρυσάμενοι
2651 2863 2793 2936 παρὰ
2835 2867 2924 2920 τήν
2949 2870 3041 2924 τῆς
3065 2863 3354 2924 θαλλάσσης
3398 2859 3562 2930 vitam,
3617 2865 3736 2918 τάτε
3768 2857 3891 2918 ἄλλα

2286 2951 2624 3018 ἐξοσιοῡνται,
2643 2958 2727 3008 καὶ
2746 2951 2961 3028 ἄγουσιν
2982 2957 3230 3011 ἐνιαύσιον
3252 2956 3448 3032 ἑορτὴν,
3469 2956 3526 3014 ἣν
3543 2953 3603 3015 δὴ
3624 2955 3890 3032 Κυπριανά

2290 3045 2521 3103 καλοῦσι.
2567 3046 2882 3118 Cyprianum
2922 3050 3360 3112 uirumsanctum,
3398 3063 3506 3118 pra:
3543 3050 3738 3103 ueteris
3763 3047 3890 3103 Car-

2295 3140 2614 3209 tliaginenses
2645 3153 2963 3210 venerantur,
2999 3144 3198 3212 ipsique
3223 3141 3465 3213 templum
3495 3143 3752 3211 quoddam
3778 3155 3889 3196 scr-

2293 3248 2441 3287 mone
2488 3232 2626 3286 haud
2654 3234 2860 3287 minimo
2899 3235 3130 3304 dignum,
3161 3236 3213 3288 in
3240 3236 3410 3290 littore
3450 3234 3603 3288 maris
3642 3243 3888 3300 erectum,

2293 3326 2432 3379 cultu
2461 3326 2782 3381 honorantur
2817 3328 3101 3398 prmeipuo;
3131 3324 3457 3399 annuumque
3487 3335 3640 3400 agent
3683 3331 3889 3399 festum,

2291 3418 2430 3489 quod
2457 3427 2636 3474 uocant
2661 3417 2940 3491 Cypriane.

3029 3514 3154 3569 562.

2362 3604 2743 3660 Cassroaonus.
2781 3604 2949 3659 Divin.
2979 3603 3234 3668 Leonam,
3266 3617 3386 3674 cap.
3419 3619 3508 3659 nx
3539 3621 3551 3658 :

2369 3715 2387 3748 ι
2424 3696 2775 3753 Beatissimus
2797 3697 3118 3769 Cyprianus,
3141 3698 3287 3754 velut
3311 3698 3489 3754 oleum
3519 3691 3812 3753 decurrens
3836 3699 3893 3754 in

2293 3805 2506 3846 omnem
2531 3790 2851 3845 suavitatem
2884 3789 3061 3861 lingua
3093 3789 3425 3860 composita;
3449 3789 3780 3845 declamator
3806 3789 3892 3844 in-

2293 3881 2457 3953 signis
2484 3881 2780 3953 doctorque
2804 3881 3157 3938 admirabilis.
3183 3883 3424 3950 Quantos
3451 3883 3594 3938 enim
3619 3881 3711 3938 ille
3737 3881 3892 3938 dubi-

2296 3983 2471 4030 tantes
2499 3989 2604 4030 non
2649 3975 2867 4045 pertulit
2893 3973 3020 4038 labi,
3058 3975 3235 4044 lapsos
3266 3991 3393 4031 vero
3420 3975 3722 4030 ﬁrmissima
3751 3990 3893 4046 prae-

2293 4065 2561 4123 dicatione
2591 4067 2859 4133 solidavit,
2913 4065 3254 4122 confessores
3298 4067 3364 4122 ad
3414 4065 3728 4137 martyrium
3779 4066 3894 4136 ipse

2293 4159 2589 4231 perduxit?
2639 4161 2705 4214 Et
2733 4175 2798 4214 ne
2839 4160 3016 4214 minor
3041 4167 3186 4216 esset
3236 4157 3710 4229 praedicationibus
3755 4156 3892 4227 suis,

2293 4255 2408 4324 ipse
2437 4268 2650 4324 quoque
2677 4253 2918 4324 martyrii
2943 4267 3166 4320 corona,
3200 4251 3432 4308 Domino
3456 4255 3764 4323 praestante,
3800 4249 3896 4306 de-

2294 4356 2509 4401 coratus
2537 4355 2640 4400 est.

2368 4438 2594 4506 Essem,
2627 4438 2793 4506 episc.
2815 4437 3086 4494 Ticinens.
3126 4455 3140 4492 :

2574 4549 2720 4615 Yatis
2735 4548 2962 4613 Cypriani
2987 4561 3038 4603 et
3063 4553 3286 4615 martyris

2574 4612 2685 4676 Cor,
2712 4612 2897 4675 lingua,
2922 4628 3120 4676 sensus,
3141 4612 3355 4676 dignitas

2575 4674 2799 4742 hiortettr
2811 4676 3018 4726 ferendo
3039 4674 3314 4742 proferunt.

2577 4737 2750 4800 Yitalis
2776 4740 2924 4788 ictum
2951 4737 3050 4788 nex'
3073 4740 3231 4800 dedit,

2575 4799 2812 4865 Quemne
2836 4801 3088 4865 partalux
3112 4806 3280 4865 micat.

2580 4861 2738 4924 Dictis
2755 4860 2851 4912 fuit
2873 4863 3204 4924 praefulgidus,

2579 4923 2643 4974 Et
2666 4938 2752 4974 ore
2775 4926 2918 4974 dives
2941 4923 3102 4982 unico,

2573 4987 2828 5036 'l'orrentis
2850 4987 2979 5035 unda
2999 4987 3211 5049 gurgitis

2573 5049 2788 5113 Impacta
2811 5061 2960 5097 cornu
2994 5047 3184 5110 Spicula

2580 5107 2821 5161 Sermone
2848 5107 3053 5161 vincens
3076 5107 3314 5172 promulo.
3346 5114 3444 5159 etc.

2951 5213 3236 5267 CODICES.

2902 5325 3116 5366 θεουιο
3145 5325 3305 5367 ιν-γιι
3318 5355 3328 5366 .

2373 5423 2547 5479 Codex
2590 5421 2902 5479 Parisiensis
2927 5439 2965 5479 ι.
2996 5424 3054 5479 1n
3086 5425 3226 5482 Bibl.
3261 5426 3446 5498 Regia,
3478 5425 3578 5482 sub
3609 5438 3757 5479 num.
3795 5422 3901 5478 712

2303 5517 2570 5589 supplem.
2600 5515 2692 5570 lat.
2723 5517 2851 5572 olim
2900 5517 2951 5572 in
2998 5516 3394 5576 Sam-German.
3432 5517 3549 5572 sub.
3583 5531 3728 5570 num.
3765 5515 3901 5572 185·

2305 5609 2428 5679 186,
2457 5617 2614 5665 antea
2646 5610 2696 5664 in
2726 5608 2862 5664 Bibl.
2884 5606 3109 5667 Coislin.
3138 5617 3473 5673 asservatus;
3497 5606 3564 5662 ab
3595 5606 3740 5661 Italia
3765 5605 3906 5664 forte

2303 5713 2574 5776 acceptus,
2623 5702 3038 5776 conjicientibus
3061 5719 3206 5760 mon.
3230 5701 3496 5770 Benedd.,
3541 5703 3592 5756 in
3639 5700 3813 5757 forma
3837 5698 3905 5756 4⁸

2306 5795 2419 5853 fere
2458 5797 2751 5869 quadrata,
2803 5798 3131 5855 membranis
3171 5805 3226 5854 et
3264 5793 3480 5870 quidem
3524 5793 3903 5871 elegantibus,
