4190 6246
544 192 675 236 LXIII

619 295 747 388 Cod.
775 295 1086 357 Parisiensis
1124 302 1290 374 xxni,
1323 304 1463 364 Bibl.
1498 310 1820 384 reg.,5352,
1881 318 2039 388 epist.
2074 319 2143 376 de

543 384 775 443 (ἐσιενίηο
805 390 1018 457 lectore,
1051 395 1290 452 in-folio.

613 479 739 533 Cod.
766 480 1110 554 Divionensis,
1142 488 1280 545 Bibl.
1308 492 1456 560 publ.
1481 494 1723 553 Divionis
1746 541 1761 568 ,
1792 502 2143 573 membrana),

539 568 782 641 in-folio,
822 574 882 629 S.
912 574 1159 646 Cypriani
1186 583 1449 653 epistolae,
1480 587 1723 646 in-l‘olio.

1162 690 1378 733 εκεεοιο
1415 695 1503 735 κν.

535 758 549 793 ⁸
609 758 736 813 Cod.
764 759 1075 820 Parisiensis
1116 784 1262 836 xxrv,
1293 772 1435 829 Bibl.
1469 791 1585 847 reg.
1632 778 1793 848 1651,
1852 782 1981 838 olim
2016 784 2142 839 Col-

535 850 813 922 bertiuus,
850 856 1105 930 in-folio,
1129 878 1225 930 xu,
1259 865 1481 923 abusiva
1512 872 1658 927 edita
1685 888 1715 928 a
1747 874 1807 929 Β.
1837 874 2139 949 Cypriane,

533 946 734 1017 Abgari
761 992 775 1017 ,
811 960 919 1007 etc.

606 1038 733 1095 Cod.
767 1041 1079 1103 Parisiensis
1116 1066 1247 1120 xxv,
1296 1053 1439 1110 Bibl.
1486 1072 1603 1129 reg.
1647 1060 1811 1129 1659,
1846 1061 1974 1118 olim
2023 1080 2142 1121 car-

532 1129 733 1188 dinalis
758 1134 1039 1193 Borbonii.

606 1228 732 1283 Cod.
762 1229 1076 1290 Parisiensis
1123 1254 1280 1306 xxvr,
1302 1240 1441 1297 Bibl.
1467 1258 1581 1314 reg.
1603 1243 1733 1313 426,
1769 1262 1929 1305 manu
1959 1250 2143 1306 chorte

532 1322 687 1390 curii,
713 1337 856 1379 anno
876 1326 1037 1395 H88,
1065 1342 1335 1389 exaratos.
1357 1334 1543 1391 Oratio
1564 1336 1622 1393 S.
1645 1338 1921 1410 Cypriano
1946 1344 2138 1401 tributa

531 1416 685 1484 cujus
712 1432 816 1487 ope
843 1418 1074 1477 infausta
1107 1439 1337 1497 quaeque
1364 1443 1470 1483 non
1502 1432 1675 1488 arceri
1711 1443 1955 1501 possunt.

602 1504 730 1561 Cod.
758 1506 1070 1569 Parisiensis
1112 1533 1277 1587 xxvu,
1318 1520 1457 1577 Bibl.
1486 1539 1599 1594 reg.
1665 1525 1826 1593 7571,
1856 1528 1988 1583 olim
2018 1529 2140 1584 Col-

530 1598 816 1670 bcrtinus,
886 1605 1205 1664 citartaceus
1231 1651 1245 1677 ,
1294 1611 1432 1669 liber
1484 1614 1552 1671 de
1587 1615 1796 1673 Unitate
1844 1620 2095 1676 Ecclesiae
2120 1662 2136 1689 ,

530 1690 767 1748 in-folio.

603 1789 729 1843 Cod.
754 1791 1119 1861 Atrebalensis,
1144 1794 1283 1853 Bibl.
1304 1798 1452 1855 urbis
1468 1801 1643 1871 publ.,
1664 1805 1964 1861 membran.
1989 1807 2137 1863 iit-4‘

532 1881 793 1951 (Hoenel,
830 1900 880 1953 p.
913 1886 975 1942 41
1005 1888 1046 1959 ).

604 1974 733 2030 Cod.
759 1980 1117 2049 Sangallensis
1148 2000 1226 2053 ut,
1257 1986 1309 2041 in
1340 1988 1480 2044 Bibl.
1500 1990 1555 2047 S.
1589 1991 1731 2049 Galli
1757 1994 1974 2052 collect.
2008 1996 2133 2054 Job.

530 2066 713 2135 Biner,
754 2075 1140 2141 epusculorum
1176 2079 1230 2134 S.
1258 2080 1542 2138 Beruardi.

602 2160 729 2215 Cod.
787 2164 1116 2237 Sangallens.
1171 2187 1245 2238 nt,
1280 2172 1338 2228 S.
1393 2177 1711 2247 Augustini,
1769 2181 2027 2254 Cypriani
2082 2194 2136 2241 et

531 2253 737 2310 alior...
771 2257 971 2314 charta:
998 2261 1050 2316 in
1077 2264 1156 2317 4°.

604 2344 733 2401 Cod.
772 2349 1191 2411 lliilleliillensis.
1226 2357 1302 2413 De
1344 2376 1416 2415 xu
1461 2362 1828 2422 Abusionibus
1876 2370 2137 2440 opuscula

534 2442 779 2510 quaedam
808 2462 821 2497 :
856 2443 1008 2503 frons
1050 2458 1105 2504 et
1126 2451 1323 2508 littera:
1354 2456 1590 2513 iuitiales
1618 2460 1895 2531 eleganter
1923 2480 2055 2519 auro
2085 2474 2137 2520 et

534 2533 807 2591 coloribus
854 2549 984 2596 sunt
1022 2540 1287 2613 depictas,
1334 2547 1563 2620 insignia
1616 2553 1872 2611 Edwardi
1903 2557 2137 2615 Browne

536 2626 912 2697 praefiguntur.

1039 2740 1257 2785 CODICES
1300 2745 1473 2788 IGNOTI
1503 2750 1625 2790 5W.

609 2815 738 2870 Cod.
798 2816 1109 2877 Parisiensis
1172 2840 1362 2893 xxv",
1418 2827 1556 2884 Bibl.
1617 2830 1984 2904 Sangenovel’.
2048 2851 2129 2893 cc.

539 2906 695 2962 i-‘ZO.
722 2908 1043 2968 Tertulliani
1070 2916 1260 2985 (verius
1286 2918 1596 2995 Novatiani)
1623 2931 1678 2979 et
1708 2925 1940 2981 aliorum
1973 2942 2137 3000 opus-

538 3001 681 3055 cula.

607 3092 735 3147 Cod.
784 3097 1145 3158 Avenionensis
1192 3119 1232 3171 ι,
1288 3104 1450 3177 Cypr.
1500 3122 1664 3180 opera
1718 3126 1839 3167 cum
1892 3112 2131 3183 pictura,

534 3189 882 3248 membranae
924 3193 976 3249 in
1011 3194 1160 3252 folio.

609 3277 737 3335 Cod.
764 3284 1126 3343 Avenionensis
1155 3306 1227 3359 ιι,
1257 3293 1561 3349 membran.
1607 3295 1821 3353 in-folio
1864 3298 2130 3370 epistolae.

606 3370 734 3429 Cod.
793 3376 1154 3436 Avenionensis
1206 3398 1305 3451 tn,
1362 3400 1643 3443 sermones
1700 3404 1821 3444 cum
1877 3391 2083 3459 pictura
2114 3430 2131 3458 ,

533 3466 835 3523 membran.
860 3472 1019 3539 epist.
1046 3473 1322 3545 Cypriani,
1351 3478 1664 3551 Hieronymi
1686 3490 1742 3538 et
1767 3482 1825 3537 S.
1851 3482 2130 3539 Bernardi.

604 3560 729 3615 Cod.
763 3562 1211 3637 Carolopolitanus
1244 3571 1300 3627 S.
1337 3572 1593 3644 Cypriani
1638 3577 1690 3631 in
1741 3579 1988 3635 oratione
2021 3579 2129 3635 Do-

532 3651 734 3708 minica
763 3658 1029 3726 expositio
1054 3660 1194 3717 inter
1222 3665 1567 3724 miscellanea
1596 3668 1699 3723 PP.

604 3744 731 3801 Cod.
764 3747 1095 3807 Carnutensis
1123 3754 1181 3810 S.
1212 3752 1466 3827 Cypriani
1498 3770 1551 3813 et
1578 3762 1821 3830 epistola:
1848 3777 1969 3818 cum
1998 3762 2133 3819 duo-

532 3840 634 3897 bus
680 3846 955 3915 opusculis
1000 3848 1063 3903 de
1114 3847 1308 3905 Habitu
1347 3853 1621 3924 virginum,
1654 3856 1717 3910 de
1758 3856 2132 3929 Singularitate

533 3934 852 3990 clericorum.

530 4068 537 4095 ε
606 4028 981 4089 Cod.diaecesis
996 4034 1232 4092 Heimbr.
1266 4038 1480 4097 in-folio
1508 4044 1564 4098 S.
1589 4038 1843 4120 Cypriani
1865 4045 2127 4118 epistolae.

528 4126 545 4190 ξ
604 4122 731 4177 Cod.
777 4123 1038 4183 Metensis.
1082 4128 1140 4185 S.
1170 4130 1426 4204 Cypriani
1456 4135 1717 4205 epistola.

604 4214 733 4271 Cod.
766 4215 1066 4289 Remensis,
1099 4222 1302 4281 charta:
1335 4227 1503 4282 in-4°.

603 4307 730 4362 Cod.
760 4308 1081 4383 Strateburg.
1105 4318 1179 4384 ςιι,
1227 4315 1482 4389 Cypriani
1526 4320 1789 4390 epistolae,
1822 4322 2126 4379 membran.

529 4401 583 4458 in
609 4405 689 4461 4⁸.

603 4496 730 4551 Cod.
754 4498 1084 4555 Basileensis.
1118 4502 1487 4559 Auetoritates
1516 4504 1622 4560 PP.
1649 4506 1905 4563 Ecclesia:
1933 4506 2126 4563 ortho-

528 4585 705 4655 doxae,
739 4591 879 4646 inter
899 4607 1035 4662 quos
1055 4590 1220 4664 Cypr.
1249 4592 1415 4649 in-8°.

602 4680 728 4735 Cod.
763 4681 1041 4755 Brugensis
1070 4683 1125 4740 S.
1160 4683 1413 4757 Cypriani
1455 4699 1509 4743 et
1538 4689 1763 4745 aliorum
1792 4705 1979 4762 opera.

600 4771 654 4826 1.
688 4771 920 4830 Andreas
946 4775 1221 4831 Aleriensis
1248 4793 1315 4833 ex
1337 4778 1522 4836 codice
1550 4781 1843 4840 Parisieusi
1883 4784 2128 4856 descrip-

525 4874 694 4935 serat,
723 4883 844 4940 quae
886 4869 939 4924 in
969 4870 1211 4942 principe
1242 4872 1486 4930 Romana
1515 4875 1684 4932 edidit
1710 4877 1964 4948 Cypriani
1987 4894 2123 4951 opn-

524 4960 693 5016 scula.

596 5055 650 5108 2.
692 5053 879 5111 Latino
901 5055 1127 5127 Latinio,
1160 5058 1215 5115 in
1243 5059 1487 5117 Romana
1530 5062 1590 5119 P.
1624 5063 1844 5121 Manutii
1872 5076 2126 5137 suppete-

522 5145 617 5201 bat
664 5146 850 5204 Codex
919 5152 1324 5212 vetustissimus
1376 5155 1701 5225 Veronensis,
1745 5160 1811 5217 de
1867 5177 1975 5233 quo
2023 5178 2123 5220 suo

520 5236 644 5295 loco
690 5242 845 5297 nobis
897 5245 1160 5302 constitit.
1190 5248 1397 5316 Quibus
1433 5258 1620 5321 postea
1650 5253 1703 5308 in
1752 5256 1896 5311 curis
1923 5269 2119 5313 secun~

521 5333 606 5389 dis
636 5352 765 5392 usus
792 5338 882 5405 sit,
910 5355 1018 5395 non
1049 5341 1249 5399 diserte
1275 5344 1548 5401 indicavit.

589 5428 645 5483 5.
677 5428 943 5487 Pamelius
970 5448 1101 5489 usus
1130 5445 1213 5490 est
1241 5436 1521 5494 codicibus
1550 5454 1682 5495 mss.
1729 5441 1947 5498 abbatiae
1972 5443 2117 5516 Afﬂi-

512 5519 781 5593 gintensis,
808 5521 946 5581 haud
973 5527 1158 5596 procul
1178 5527 1446 5587 Bruxella.
1466 5531 1680 5603 Anglico
1692 5532 1775 5588 Jo.
1798 5534 2112 5606 Clementis,

511 5612 605 5682 qui
652 5614 717 5669 ad
768 5614 947 5684 ipsum
997 5619 1259 5690 quasdam
1285 5621 1412 5679 inde
1460 5625 1841 5696 castigationes
1887 5628 2111 5685 miserat.

483 5701 720 5763 Abbalia.’
754 5705 1173 5782 Blandiniensis,
1203 5714 1344 5785 apud
1364 5715 1702 5786 Gandenses,
1736 5735 1856 5791 quze
1881 5720 1944 5774 D.
1967 5720 2114 5780 Petri

2007 202 2397 263 PBEFATIO.

3731 244 3855 284 ωιιν

2254 331 2614 394 nuncupatur,
2648 328 2736 397 qui
2768 328 2929 399 paulo
2953 340 3129 401 posta
3164 335 3409 393 sectariis
3447 347 3721 396 crematus
3746 355 3849 400 est.

2252 414 2577 485 Fragmento
2626 420 2856 490 quodam
2908 424 3111 481 codicis
3139 444 3243 484 ms.
3289 429 3540 487 Ludovici
3566 432 3848 503 Carrionis,

2251 505 2304 560 in
2336 522 2444 575 quo
2474 512 2726 567 nonnulla
2759 512 3014 586 Cypriani
3046 521 3305 588 opuscula
3336 525 3777 584 continebantur.

2320 598 2533 655 Excuso
2564 603 2750 660 codice
2779 605 2869 659 Jo.
2902 605 3115 663 Cancliii
3151 611 3483 684 Ultrajectini
3517 632 3642 673 cum
3685 620 3850 675 casti-

2246 690 2554 759 gationibus
2582 695 2649 749 ad
2682 698 2982 768 marginem
3011 716 3075 757 ex
3108 719 3241 760 mss.
3274 709 3436 763 variis
3460 710 3618 766 codd.
3648 712 3849 770 Codice

2249 782 2312 834 D.
2348 782 2690 841 Pantaleonis
2734 789 2875 859 apud
2929 788 3229 862 Coloniam,
3281 814 3442 868 quem
3495 801 3848 860 Coloniensem

2246 882 2424 928 vocat.
2477 874 2934 949 Castigatiouibus
2987 883 3078 939 lo.
3135 886 3368 957 Costerii,
3425 892 3491 948 ad
3550 899 3846 966 marginem

2246 965 2538 1038 adscriptae
2584 971 2787 1027 codicis
2818 973 3050 1032 Cane/iii.
3101 977 3302 1035 Codice
3341 998 3445 1038 ms.
3477 965 3695 1042 abbatite
3736 989 3849 1043 Du-

2246 1060 2419 1112 nensis
2449 1061 2501 1114 in
2544 1060 2820 1133 Flandria,
2878 1083 2945 1123 ex
2984 1068 3238 1127 incendio
3264 1077 3622 1133 sectariorum
3654 1096 3849 1151 super-

2246 1149 2392 1204 stite.
2423 1150 2619 1209 Codice
2648 1171 2749 1211 ms.
2779 1158 2868 1212 Ja.
2907 1158 3133 1217 Harrisii
3157 1162 3339 1236 Angli,
3367 1183 3433 1223 ex
3483 1186 3588 1241 quo
3619 1149 3846 1247 castiga-

2246 1241 2422 1296 tiones
2453 1244 2595 1299 haud
2620 1249 2962 1316 ptenitendas
2987 1265 3293 1325 acceperat.
3321 1258 3521 1317 Codice
3560 1279 3661 1319 ms.
3692 1241 3847 1321 abba-

2246 1334 2331 1389 tia:
2357 1335 2737 1395 Marc/tinensis
2768 1343 2908 1399 haud
2940 1349 3125 1416 procul
3154 1366 3197 1417 _a
3244 1351 3511 1409 Duaeensi
3548 1356 3843 1415 academia.

2243 1423 2446 1482 Codice
2472 1445 2573 1485 ms.
2604 1431 2664 1484 D.
2699 1432 2906 1489 Nicolai
2933 1447 3084 1493 extra
3110 1455 3294 1497 muros
3320 1442 3692 1503 Tornacenses.

2315 1520 2371 1575 4.
2414 1520 2679 1591 Rigaltius
2725 1524 2908 1581 laudat
2931 1530 3223 1588 varietates
3253 1535 3456 1590 codicis
3482 1537 3653 1609 Regii,
3682 1539 3847 1596 Bene-

2242 1616 2465 1682 ventani,
2518 1616 2855 1685 Corbeiensis,
2907 1620 3265 1691 Neapolitani,
3317 1627 3651 1699 Rhemcnsis,
3696 1633 3850 1689 Vero-

2243 1707 2430 1773 nensis,
2453 1716 2497 1760 et
2521 1705 2749 1777 Thuani,
2765 1711 2955 1766 librum
2986 1712 3108 1769 Nic.
3126 1715 3312 1787 Fabri,
3333 1728 3378 1774 et
3401 1724 3663 1794 exemplar
3687 1725 3849 1781 Pont-

2244 1800 2543 1870 posianum.

2315 1894 2367 1949 5.
2411 1895 2747 1954 Oxonienses
2776 1898 3015 1972 denique
3060 1915 3389 1976 usurparunt
3416 1924 3548 1965 mss.
3587 1911 3843 1969 codices:

2242 1996 2474 2058 quatuor
2520 1988 2853 2060 Bodleianos,
2907 2004 3139 2065 quatuor
3181 1996 3260 2054 Is.
3323 1998 3511 2057 Vossii.
3566 2003 3682 2061 Duo
3731 2005 3849 2061 novi

2242 2076 2457 2150 Collegii
2481 2077 2716 2135 Oxoniaz.
2752 2081 2925 2137 Unum
2952 2081 3167 2158 Collegii
3214 2086 3591 2147 Lincolniensis
3619 2093 3844 2151 ibidem.

2242 2170 2418 2227 Unum
2450 2171 2663 2246 Collegii
2701 2174 3097 2233 Pembrocliiani
3143 2178 3504 2255 Cantabrigite.
3542 2185 3714 2243 Unum
3767 2191 3844 2243 ὁὶ-

2242 2263 2507 2321 bliotbeca:
2560 2266 2976 2325 Lambertltanw.
3053 2271 3228 2328 Unum
3280 2274 3401 2330 bibl.
3457 2276 3841 2337 Arundeliana’.

2240 2358 2417 2415 Unum
2466 2360 2590 2415 bibl.
2638 2362 2996 2421 Eboracensis.
3054 2366 3230 2423 Unum
3259 2368 3382 2425 bibl.
3433 2370 3842 2430 Westmonastc-

2239 2455 2440 2509 riensis.
2476 2454 2652 2511 Unum
2704 2458 2828 2513 bibl.
2862 2458 3276 2517 Salisburiensis.
3316 2462 3491 2519 Unum
3537 2465 3627 2520 ibl.
3663 2463 3839 2523 Cotto-

2240 2550 2427 2605 nianaa.
2495 2550 2627 2607 Item
2702 2554 3022 2611 collationes
3091 2557 3281 2614 codicis
3341 2559 3544 2630 collegii
3600 2558 3839 2632 Corporis

2240 2641 2430 2698 Christi
2459 2642 2824 2719 Cantabrigiaz,
2878 2658 2932 2704 et
2972 2649 3197 2705 alterius
3227 2650 3572 2709 Londinensis
3600 2670 3695 2726 per
3733 2655 3834 2711 Th.

2241 2736 2368 2792 Gate
2413 2736 2641 2804 factam,
2690 2740 2817 2796 item
2848 2742 3070 2798 alterius
3118 2744 3398 2814 cujusdam
3446 2746 3836 2805 Salisburiettsis

2238 2844 2336 2900 per
2418 2831 2731 2901 episcopum
2812 2832 3180 2905 Asapliensem.
3272 2838 3599 2894 Collationes
3673 2840 3831 2899 codd.

2239 2921 2447 2977 Thuani
2489 2925 2835 2979 coenobiorum
2868 2928 2930 2981 S.
2963 2927 3233 2984 Michaelis
3282 2930 3333 2985 in
3367 2931 3606 3001 periculo
3634 2936 3797 2990 maris
3818 2974 3833 3001 ,

2239 3013 2301 3070 S.
2339 3015 2556 3071 Victoris
2608 3017 2940 3087 Parisiensis,
2995 3021 3058 3077 S.
3106 3021 3341 3077 Mauritii
3383 3022 3735 3094 Tossatensis,
3781 3037 3837 3083 et

2236 3108 2292 3167 S.
2344 3111 2491 3167 Petri
2520 3111 2865 3169 Corbeiensis
2906 3130 3002 3186 per
3049 3115 3153 3171 PP.
3202 3117 3580 3176 Benedictinos
3606 3120 3835 3177 Lutetia:

2237 3213 2472 3260 curatas.
2527 3205 2862 3263 Collationes
2900 3207 3108 3279 aliquot
3146 3210 3305 3266 codd.
3350 3209 3406 3266 in
3448 3211 3694 3268 Vaticana
3743 3213 3836 3297 Ve-V

2236 3314 2377 3353 rana:
2397 3309 2451 3355 et
2476 3298 2749 3355 Beneventi
2775 3302 3145 3368 existentium,
3182 3318 3282 3359 nec
3313 3318 3421 3359 non
3442 3305 3587 3376 regis
3610 3305 3830 3373 Callite;

2235 3390 2417 3446 studio
2450 3391 2511 3445 D.
2545 3392 2684 3448 Rob.
2718 3392 2907 3465 Rigby.
2938 3394 3208 3450 Praeterea
3260 3398 3397 3450 ratio
3442 3396 3624 3451 habita
3671 3397 3831 3453 codd.

2235 3499 2265 3539 a
2294 3484 2410 3540 Jac.
2449 3485 2709 3554 Pamelio,
2761 3486 3062 3555 Goulartio,
3113 3487 3229 3543 Nic.
3273 3487 3468 3557 Fabro,
3519 3489 3639 3546 Lat.
3690 3490 3836 3546 Lati-

2235 3578 2348 3645 nio,
2380 3588 2508 3643 etc.,
2540 3578 2925 3634 adhibitorum.

2309 3670 2361 3725 6.
2405 3670 2654 3727 Baluzius
2682 3686 2789 3726 non
2822 3671 2997 3727 solum
3044 3672 3224 3727 omnia
3263 3672 3505 3744 priorum
3536 3674 3832 3731 editionum

2235 3777 2301 3817 ex
2326 3762 2601 3818 codicibus
2632 3777 2764 3820 mss.
2796 3762 3032 3819 subsidia
3061 3764 3243 3821 denuo
3272 3766 3530 3835 excussit,
3562 3767 3658 3823 sed
3689 3782 3838 3824 com-

2235 3856 2416 3925 plures
2442 3855 2511 3911 de
2555 3871 2695 3911 novo
2737 3856 2898 3912 etiam
2945 3856 3238 3923 consuluit,
3281 3872 3419 3928 quos
3449 3859 3676 3915 strictim
3706 3877 3837 3917 enu-

2236 3958 2411 4005 merat
2435 3948 2687 4005 Maranus
2726 3950 3028 4022 prolegom.
3057 3966 3112 4021 p.
3146 3966 3348 4007 can.
3380 3950 3666 4008 Multorum
3707 3969 3834 4009 vero

2236 4041 2414 4097 varias
2438 4042 2699 4099 lectiones
2722 4042 2874 4099 libris
2898 4043 3010 4100 suis
3035 4042 3417 4115 adscripserat,
3438 4044 3553 4112 sed,
3583 4045 3833 4116 quoniam

2235 4137 2396 4191 citius
2424 4136 2502 4191 illi
2529 4135 2987 4206 distraherentur,
3011 4138 3223 4209 plenam
3249 4154 3432 4197 eorum
3460 4140 3703 4198 notitiam
3726 4141 3836 4197 col-

2234 4230 2403 4303 ligere
2433 4246 2542 4288 non
2571 4232 2791 4289 licebat.

2705 4326 2981 4368 EDITIONES
3017 4326 3346 4370 CYPRIANICE
3359 4350 3373 4374 ι

2307 4401 2615 4457 Editionum
2656 4401 2911 4474 Cypriani
2951 4413 3161 4476 septem
3185 4406 3389 4463 classes
3417 4407 3699 4465 commode
3727 4408 3835 4465 dis-

2234 4496 2381 4553 cerni
2408 4505 2672 4567 possunt,
2700 4512 2929 4567 quarum
2945 4499 3116 4569 prima
3138 4500 3208 4554 ab
3232 4515 3375 4555 anno
3401 4502 3607 4569 M71,a
3637 4502 3837 4558 teneris

2234 4590 2400 4645 initiis
2423 4589 2681 4644 Romamn
2704 4589 2964 4661 principis
2992 4590 3060 4647 ad
3087 4590 3383 4648 editionem
3407 4592 3835 4650 Remboltianam

2233 4681 2583 4752 producenda
2620 4691 2739 4746 est;
2773 4684 3009 4739 secunda
3040 4699 3069 4738 a
3102 4683 3475 4739 Bomboltiana
3497 4685 3565 4741 ad
3591 4684 3834 4742 Erasmi-

2233 4790 2351 4832 eam
2373 4794 2387 4843 ;
2412 4776 2570 4831 tertia
2601 4776 2934 4833 Erasmicam
2960 4778 3116 4833 toties
3144 4779 3430 4849 repetitam
3465 4778 3658 4844 habet;
3682 4796 3835 4851 quar-

2232 4881 2341 4929 tam
2394 4872 2697 4939 Pamelius;
2727 4873 2971 4944 quintam
3027 4873 3321 4945 Bigaltius;
3367 4883 3577 4930 sextam
3610 4874 3829 4943 Fellus;

2231 4964 2518 5037 septimam
2545 4964 2800 5021 Baluzius
2826 4965 3102 5023 instruxit.
3134 4965 3264 5021 Inde
3290 4965 3357 5021 ad
3390 4976 3630 5022 nostram
3662 4983 3833 5039 usque

2232 5059 2579 5115 Baluzianam
2620 5060 2781 5115 simul
2810 5068 2867 5116 et
2886 5059 3273 5128 Oxoniensem,
3320 5060 3523 5131 duplex
3550 5060 3831 5116 deducitur

2231 5154 2527 5211 editionum
2578 5154 2745 5220 ordo,
2792 5169 3017 5221 quarum
3064 5152 3133 5209 ad
3172 5153 3451 5211 Baluzium
3502 5155 3654 5223 alite,
3712 5152 3832 5209 alia:

2227 5247 2296 5303 ad
2323 5247 2533 5303 Fellum
2560 5246 2862 5304 referendae
2895 5256 3041 5303 sunt.

2268 5359 2471 5403 PRIMA
2515 5358 2880 5403 EDITIONUM
2926 5358 3153 5403 SANCTI
3198 5359 3499 5407 CYPRIANI
3544 5358 3784 5405 SERIES.

2729 5440 2993 5497 Editiones
3022 5444 3334 5516 primigenia.

2850 5549 3069 5593 δεουιο
3108 5552 3199 5591 XV.

2864 5628 3013 5684 Anno
3053 5628 3207 5684 M71.
3237 5640 3240 5644 λ

2222 5717 2411 5780 Ευιτιο
2458 5735 2709 5779 parsisses
2752 5721 2979 5782 Bonna
3005 5722 3046 5779 Ι.
3077 5722 3263 5780 Romae
3294 5721 3347 5778 in
3378 5720 3541 5782 domo
3582 5720 3726 5783 Petri
3775 5728 3831 5781 et
