4190 6246
330 225 437 264 ων

336 327 608 383 Francisci
639 326 707 383 de
737 327 984 384 Maximis
1016 342 1113 399 per
1144 329 1305 385 Conr.
1332 328 1693 403 Sweynheym
1722 341 1775 389 et
1800 337 1931 389 Arn.

330 421 630 487 Pannartz,
680 421 895 476 in-lolio
923 421 982 477 S.
1035 422 1292 495 Cypriani
1340 426 1782 497 Cartltaginensis
1824 432 1936 500 epi-

330 515 483 583 sc0pi
519 514 762 584 epistolae
785 529 854 569 ex
880 516 1252 584 recognitione
1281 516 1404 573 Joh.
1444 518 1697 588 Andreae,
1731 530 1785 578 et
1812 538 1934 577 cum

328 604 573 675 ejusdem
602 607 832 675 epistola
860 608 926 661 ad
943 607 1168 663 Paulum
1193 610 1239 664 ll
1272 611 1324 665 in
1354 612 1461 668 ﬁne
1494 631 1506 666 :

457 699 671 765 Aspicis,
696 698 1082 765 il_lustri_s_lector
1116 701 1438 765 quicumque,
1465 705 1683 755 libellos.

548 760 602 810 Si
629 763 768 827 cupis
789 761 1032 827 artiﬁcum
1052 760 1247 813 nomina
1265 760 1428 827 nosse,
1454 766 1592 827 lege.

453 820 658 892 Αδρειςᾏ⁸
675 823 869 872 ridebis
886 828 1209 892 congnomina
1236 826 1348 892 (sic)
1366 820 1618 892 'l‘entona;
1646 830 1807 880 forsan

552 885 757 946 Mitiget
780 898 861 934 ars
882 889 1036 936 musis
1058 888 1211 937 inscia
1235 885 1388 940 verba
1407 892 1586 940 virum.

450 947 702 1019 (ionpdus
718 947 1066 1019 S_weynbeym,
1083 950 1325 1019 Arnoldtis
1348 953 1649 1019 Panarlzque
1668 957 1885 1019 magistri

544 1008 715 1058 Romae
739 1008 1101 1072 impressérunt
1122 1013 1237 1061 talia
1260 1014 1410 1064 multa
1435 1019 1555 1065 simu

452 1072 642 1134 Petrus
657 1085 765 1121 cum
786 1072 938 1123 fratre
963 1073 1243 1134 Franciseo,
1270 1078 1515 1127 maximus
1538 1081 1682 1129 ambo

550 1133 675 1185 Huic
698 1136 843 1197 operi
865 1139 1417 1251 Oﬁtatagicqlontlrixl)£fre
1436 1142 1652 1192 domum.

398 1281 474 1337 Ex
526 1282 766 1352 Epistola
820 1281 1118 1338 Aleriensis
1170 1283 1335 1355 liquet
1384 1285 1525 1343 hanc
1567 1288 1623 1344 S.
1674 1289 1931 1361 Cypriani

334 1374 619 1429 editionem
670 1374 1021 1444 praecessisse
1069 1375 1361 1432 editionem
1416 1394 1558 1435 sacr.
1614 1382 1931 1451 Bibliorum,

341 1483 557 1538 quorum
580 1469 1030 1538 impressionem,
1062 1479 1285 1540 propter
1332 1472 1533 1528 chartae
1576 1474 1795 1545 majoris
1840 1477 1935 1533 de.

345 1562 567 1629 fectum,
612 1563 1010 1634 interrumpere
1052 1567 1228 1621 coacti
1272 1566 1488 1624 fuerant
1540 1570 1780 1641 opiﬁces.
1825 1573 1933 1629 Has

342 1666 510 1712 autem
539 1657 789 1726 epistolas
819 1674 879 1714 se
920 1659 1277 1730 descripsisse
1310 1664 1475 1718 refert
1499 1679 1565 1719 ex
1597 1675 1811 1722 vetusto
1840 1681 1933 1722 co-

340 1749 454 1804 dice
500 1750 821 1815 Parisiensi,
870 1768 1032 1821 quum
1078 1753 1380 1809 studiorum
1428 1771 1587 1811 causa
1636 1758 1689 1813 in
1742 1759 1930 1816 eadem

331 1839 461 1895 urbe
489 1850 818 1896 versaretur.
848 1841 976 1897 Haec
1016 1843 1134 1914 ejus
1162 1845 1411 1915 epistola,
1446 1847 1533 1903 cui
1580 1849 1809 1906 inseruit
1837 1868 1933 1907 ex-

336 1931 697 2002 planationem
736 1934 1020 1990 multorum
1066 1938 1456 1994 vocabulorum
1486 1955 1515 1993 a
1557 1940 1615 1996 S.
1659 1942 1933 2014 Cypriano

338 2024 715 2090 adbibitorum,
746 2044 861 2098 qua:
912 2047 930 2080 ‹
980 2045 1211 2102 propere
1249 2032 1597 2104 perlegendo,
1652 2054 1671 2089 ι
1723 2045 1780 2090 ιιι
1818 2036 1933 2107 ipse

333 2116 422 2184 ait,
470 2136 490 2168 ι
541 2117 768 2189 alicujus
810 2119 1297 2192 interpretamenti.
1349 2136 1571 2195 propter
1617 2129 1931 2199 tyrunculos

324 2212 584 2281 quosdam
627 2213 909 2270 litteraria:
954 2216 1253 2283 facultatis,
1302 2218 1546 2290 indigere
1585 2222 1865 2289 crederet,
1906 2241 1925 2276 ι

324 2320 446 2360 cum
472 2307 669 2373 indice,
706 2310 795 2379 qui
838 2311 1149 2367 immediate
1179 2311 1482 2382 subjicitur,
1517 2328 1741 2386 occupat
1774 2317 1933 2387 paulo

330 2399 500 2453 minus
531 2415 695 2469 quam
730 2401 830 2455 tria
862 2400 1011 2457 folia.
1046 2404 1301 2474 Exempla
1330 2416 1577 2477 quatuor
1624 2409 1678 2463 in
1730 2409 1929 2464 biblio-

325 2488 493 2545 thecis
526 2490 791 2547 Romanis
820 2508 879 2549 se
911 2502 1173 2551 tractasse
1212 2497 1505 2565 Audi/i'redi
1534 2500 1730 2556 acerbe
1775 2501 1934 2559 docet

319 2583 580 2651 Lairium,
609 2588 700 2656 qui
728 2597 924 2656 praeter
948 2588 1251 2645 Crevennae
1283 2595 1565 2663 exemplar
1592 2594 1737 2650 aliud
1778 2595 1919 2651 baud

317 2677 543 2744 vidisse,
578 2693 679 2733 nec
723 2678 877 2735 facile
901 2696 1184 2739 occurrere
1217 2684 1450 2741 dixerat.
1485 2685 1848 2744 Enumeratur
1877 2689 1928 2745 in

318 2771 433 2825 Cat.
466 2771 612 2828 Bibl.
644 2771 801 2845 Chig.

1052 2848 1211 2904 1471.

400 2934 501 2989 Eu.
534 2934 761 2992 VENETA
814 2936 868 3004 ι,
924 2939 1085 3011 vulgo
1130 2940 1425 2998 SPIRENSIS.
1463 2942 1740 3012 Venetiis,
1787 2947 1930 3017 apud

324 3030 684 3156 IVegdeliuum
709 3031 778 3087 de
800 3031 956 3104 Spira
982 3034 1026 3105 (t
1042 3036 1084 3104 ),
1104 3035 1277 3094 iii-fol.
1301 3037 1358 3092 S.
1378 3036 1632 3109 Cypriani
1652 3039 1929 3111 Epistolae.

346 3119 377 3155 Π
446 3118 512 3156 ne
542 3122 555 3155 Σ

346 3119 377 3155 Π
406 3118 512 3157 une
542 3122 555 3155 Σ

382 3192 630 3268 Loquitur
656 3195 814 3268 lector
845 3196 906 3268 ad
929 3197 1557 3268 VindelinumSpirensem
1580 3204 1819 3254 artiﬁcem
1844 3207 1930 3268 qui

380 3257 637 3319 Epistolas
671 3258 816 3309 Beati
854 3259 1075 3319 Cypriani
1116 3263 1281 3312 reddit
1309 3257 1361 3311 in
1399 3264 1575 3314 lucem.

887 3309 952 3371 ii.
990 3309 1163 3375 cccc."
1193 3309 1364 3375 LXXII

325 3400 664 3473 Quamquam
690 3418 798 3457 non
824 3418 888 3459 ex
922 3404 1104 3460 verbis
1126 3447 1141 3472 ,
1166 3408 1333 3461 reddit
1355 3408 1407 3462 in
1433 3409 1595 3463 lucem
1619 3426 1741 3466 cum
1770 3412 1931 3469 docto

324 3491 535 3548 editore
589 3492 833 3565 Catalogi
891 3495 1138 3551 bibliotlt.
1194 3497 1499 3556 Crevennae
1550 3502 1711 3569 1776,
1767 3505 1927 3573 in—l°,

324 3594 454 3639 tom.
486 3602 524 3653 t,
555 3602 612 3657 p.
644 3587 732 3653 59,
767 3588 904 3644 hanc
947 3589 1242 3647 editionem
1288 3592 1527 3649 Romana
1574 3598 1930 3654 recentiorem

328 3690 451 3731 esse
494 3677 750 3747 probem;
782 3680 1001 3735 certiori
1047 3690 1224 3737 tamen
1274 3697 1598 3755 argumento
1639 3688 1769 3743 illud
1811 3705 1931 3746 esse

337 3766 442 3821 bac
480 3769 757 3825 occasione
783 3772 973 3841 possit,
1003 3773 1147 3843 quod
1177 3789 1296 3830 cum
1334 3775 1575 3832 Romana
1602 3779 1769 3835 editio
1802 3783 1925 3839 cod.

338 3874 445 3912 ms.
480 3860 624 3914 unde
644 3876 885 3931 expressa
920 3865 1012 3932 sit,
1056 3864 1276 3933 indicet,
1309 3866 1515 3924 Veneta
1549 3881 1741 3927 contra
1762 3873 1830 3930 de
1860 3875 1933 3929 si-

327 3951 448 4006 mili
472 3952 729 4023 praesidio
770 3956 948 4021 sileat,
980 3967 1033 4012 et
1080 3957 1185 4013 hoc
1228 3959 1343 4029 ipso
1376 3961 1591 4018 silentio
1638 3965 1927 4023 editionem

318 4046 606 4117 antiquam
650 4056 777 4103 ante
821 4064 1074 4106 excusant
1131 4064 1523 4122 repracsentare
1571 4071 1629 4112 se
1680 4066 1920 4117 testetur.

393 4181 475 4252 (l)
506 4180 793 4264 Errorem,
821 4184 910 4252 qui
939 4185 1140 4240 saeculo
1169 4186 1446 4264 praeterito
1478 4188 1738 4257 plurimos
1768 4191 1928 4264 hujus

318 4256 629 4327 argumenti
670 4253 845 4327 libros
886 4253 1244 4324 occupaverat
1284 4253 1587 4327 smpiusipne
1631 4253 1931 4319 exinde'et

316 4322 513 4402 iterum
556 4323 821 4402 explosus
854 4337 937 4402 est
975 4322 1159 4402 Spira:
1188 4332 1318 4383 hanc
1348 4322 1619 4385 editionem
1649 4336 1924 4402 prodiisse,

313 4396 417 4475 viri
452 4397 681 4450 nomine
722 4393 968 4475 fraudein
1004 4393 1235 4475 faciente
1256 4443 1284 4475 ,_
1308 4402 1473 4475 verbo
1500 4393 1717 4475 notasse
1753 4393 1925 4475 juvet;

313 4464 587 4547 Nec-vero
616 4467 911 4547 erroriste
937 4469 1014 4547 iis
1036 4471 1207 4547 magis
1235 4472 1394 4547 objici
1426 4473 1607 4540 debet,
1640 4476 1730 4546 qui
1753 4464 1923 4547 snpe-

315 4537 458 4616 riori
505 4554 628 4593 aevo
686 4539 934 4616 notitiam
965 4537 1545 4616 litterariam'horum
1595 4537 1921 4616 scriptorum

320 4610 839 4688 cenderenthuatn
866 4611 1008 4688 ipsis
1042 4628 1231 4667 eorum
1262 4615 1559 4688 editoribus
1585 4610 1922 4688 exprobran-

332 4677 456 4743 dns,
479 4680 548 4733 iis
569 4682 771 4734 scilicet
790 4677 983 4749 quibus
1009 4700 1169 4739 manu
1196 4687 1392 4740 versari
1422 4686 1539 4742 illas
1562 4677 1770 4744 veteres
1796 4691 1921 4748 edd.

334 4750 588 4819 contigit,
613 4751 749 4819 quod
775 4753 862 4805 vix
898 4753 1024 4809 illis.
1054 4754 1113 4809 lu
1149 4757 1369 4813 istorum
1398 4774 1624 4814 numero
1650 4770 1733 4815 est
1762 4761 1924 4817 Rein-

332 4818 531 4903 liartus
579 4818 862 4903 Al’torﬁuns
906 4825 1247 4903 Epp,__Cypr.
1281 4844 1343 4903 _a_.
1388 4829 1548 4893 1689,
1597 4832 1791 4903 editor,
1834 4833 1925 4903 qui

333 4898 618 4960 utramque
642 4891 933 4948 Romanam
954 4891 1182 4952 scilicet
1200 4907 1254 4952 et
1281 4891 1544 4955 Venetam,
1571 4902 1660 4956 ed.
1693 4919 1757 4958 ex
1777 4891 1925 4959 'Bibl.

334 4959 765 5041 ﬁerimbergeusi
794 4967 894 5041 ipsi
918 4968 1315 5024 commodatum
1343 4972 1595 5041 inspexit,
1623 4990 1721 5030 nec
1748 4984 1925 5031 tamen

328 5032 494 5108 aliter
519 5032 719 5108 de_illis
748 5032 1005 5105 loquitur,
1029 5056 1091 5094 ac
1117 5041 1161 5094 si
1196 5056 1290 5108 per
1314 5032 1560 5097 somnum
1584 5032 1651 5099 de
1682 5046 1744 5100 iis
1772 5061 1927 5101 acce-

320 5104 521 5180 pisset,
575 5104 863 5180 Spirensem
910 5124 1095 5164 vocans
1126 5151 1141 5177 ,
1175 5104 1330 5180 cujus
1375 5114 1569 5168 artifex
1616 5116 1928 5172 \‘indelinus

321 5177 548 5255 quidam
585 5176 843 5255 laudetur.
872 5180 1086 5255 Pariter
1110 5176 1345 5255 editores
1369 5186 1523 5255 Angli
1554 5195 1606 5241 et
1634 5202 1699 5241 ex
1734 5188 1796 5241 iis
1824 5189 1928 5241 Ba-

325 5245 512 5299 luzius
542 5261 754 5318 semper
782 5249 1082 5325 Spirensem
1113 5254 1254 5325 hanc
1280 5245 1577 5325 appellant.
1610 5258 1809 5312 Balnzii
1844 5276 1929 5313 er-

318 5333 420 5398 ror
448 5329 635 5370 autem
677 5334 746 5398 eo
780 5320 1126 5398 infensiorem
1169 5320 1332 5380 facile
1358 5320 1624 5381 lectorem
1676 5330 1927 5398 habebit,

316 5388 413 5465 ubi
454 5403 653 5465 recens
677 5405 704 5442 a
726 5392 967 5465 lectione
1010 5410 1197 5451 eorum
1238 5412 1357 5465 qua:
1388 5408 1638 5454 accurate
1668 5400 1719 5453 in
1749 5388 1932 5456 limine

318 5459 487 5540 istius
517 5460 769 5540 editionis
813 5478 974 5540 super
1002 5466 1082 5520 bis
1107 5459 1361 5540 illurn-nus
1404 5472 1677 5540 praecepit,
1723 5471 1773 5525 in
1807 5488 1928 5525 eum

324 5530 787 5607 inciderit.Scire
824 5530 987 5589 etiam
1035 5538 1197 5592 velim
1246 5530 1492 5607 quaenam
1539 5530 1612 5595 si't
1659 5530 1744 5595 illa
1795 5553 1933 5597 vetus

342 5598 717 5680 [Quemquam
759 5620 885 5680 cum
926 5607 1155 5680 Spirensi
1186 5598 1287 5662 una
1333 5612 1530 5680 saepius
1563 5612 1743 5668 laudat
1772 5614 1931 5668 Balu-

323 5668 784 5754 lill§:m€.f;‘n0las
820 5677 890 5730 ad
932 5668 1021 5733 lib.
1054 5668 1436 5737 Testimonior'.
1472 5682 1735 5741 adversus
1778 5685 1932 5754 Jud.,

316 5758 383 5817 p.
414 5742 553 5798 596.
593 5739 982 5803 Sarmatarum.

781 5841 1059 5904 Puncta
1093 5844 1176 5908 lll
1224 5899 1231 5907 .

1796 216 2189 276 PREFATIO.

3511 253 3641 299 LXVI

2040 335 2269 394 Gravius
2322 348 2656 396 momentum
2712 350 2890 400 textus
2932 345 3072 403 inter
3115 357 3402 424 utramque
3443 372 3642 416 conve-

2040 431 2263 499 nientia,
2286 450 2427 502 quae,
2444 444 2678 492 testante
2700 437 2889 493 eodem
2915 440 3030 495 viro
3054 441 3237 510 docto,
3264 454 3408 501 tanta
3439 460 3543 517 est,
3564 460 3643 518 ut,

2040 535 2241 594 przeter
2262 526 2451 582 menda
2476 528 2718 599 quaedam
2745 534 3149 604 typographica,
3182 556 3302 609 qua:
3330 542 3647 604 Vindelinns

2041 631 2068 670 e
2089 616 2329 672 Romana
2348 620 2633 676 sustulisse
2659 621 2829 678 videri
2859 624 3073 694 debeat,
3110 644 3329 697 prorsus
3353 634 3495 689 illam
3531 637 3649 694 haec

2040 710 2237 763 referat
2269 709 2641 781 (l).—Nitore
2668 723 2722 770 et
2747 716 3013 787 elegantia
3041 721 3174 775 artis
3203 723 3498 781 Romanam
3528 730 3648 786 vin-

2038 813 2165 855 cere
2196 809 2431 869 putatur.
2465 801 2643 872 Caret,
2678 815 2737 859 ut
2764 822 2953 863 omnes
2994 809 3107 865 fere
3136 812 3298 882 hujus
3329 820 3502 874 aetatis
3532 821 3649 876 edi-

2041 890 2246 956 tiones,
2292 893 2605 963 paginarum
2660 895 2985 955 foliornmve
3028 908 3290 971 numeris,
3333 911 3648 970 custodibus

2038 999 2101 1039 ac
2144 985 2455 1055 signaturis.
2506 988 2719 1056 Textui,
2763 1008 2921 1063 quem
2968 998 3283 1065 praecedunt
3324 1001 3451 1058 folia
3498 1005 3645 1075 duo,

2040 1078 2269 1133 indicem
2302 1080 2648 1151 praeferentia
2682 1082 2761 1155 (ἓ)
2796 1086 2982 1141 titulus
3008 1094 3445 1163 superseriptns:

2040 1192 2289 1256 Incipiunt
2311 1194 2545 1270 lipistolge
2570 1197 2748 1249 Caecilii
2779 1200 3007 1312 Cg’priani
3049 1205 3105 1253 ad
3133 1206 3412 1259 Cornelium
3438 1212 3640 1277 Papam,

2371 1265 2423 1307 et
2449 1272 2597 1312 prima
2617 1262 2681 1312 de
2707 1264 2806 1312 Con
2838 1278 3055 1312 essionu-
3082 1268 3297 1312 feliciter

2371 1265 2423 1307 et
2447 1263 2597 1320 prima
2617 1262 2681 1312 de
2707 1262 3055 1328 Confessione,
3082 1268 3315 1322 feliciter.

2109 1360 2167 1414 ln
2188 1361 2287 1418 hac
2302 1364 2542 1421 editione
2568 1366 2774 1423 Veneta
2805 1370 3071 1426 habentur
3096 1375 3258 1429 etiam
3284 1377 3646 1439 Tesﬁmonio—

2037 1470 2156 1509 rum
2186 1456 2308 1511 adv.
2338 1456 2557 1515 Iudaeos
2588 1462 2652 1515 ad
2683 1462 2965 1529 Quirinum
2996 1466 3136 1533 libri,
3158 1470 3253 1525 sed
3279 1471 3385 1527 duo
3417 1483 3642 1541 tantum,

2038 1555 2092 1600 et
2118 1548 2302 1603 multis
2324 1549 2532 1605 lacunis
2561 1551 2901 1621 laborantes;
2938 1558 3078 1613 haud
3106 1560 3266 1618 dubie
3293 1565 3509 1621 eosdem
3534 1569 3646 1638 jam

2037 1636 2281 1693 Romana
2314 1641 2415 1697 sub
2436 1644 2684 1713 epistolis
2708 1648 3106 1718 complectitur.

2766 1740 2925 1795 1485.

2110 1823 2341 1881 Vanam
2370 1826 2712 1898 ll.,,Venetiis
2744 1835 2884 1903 apud
2914 1834 3114 1892 Lucam
3144 1839 3437 1911 Venelum.
3465 1848 3645 1909 inofol.

2036 1917 2295 1989 Epistulae
2326 1931 2382 1977 et
2409 1926 2666 1992 opuscula
2700 1945 2710 1978 :
2745 1927 2799 1980 in
2834 1929 2937 1983 ﬁne
2965 1949 2976 1982 :
3008 1932 3122 1988 Divi
3155 1935 3358 1993 Caecilii
3390 1941 3647 2015 Cypriani

2036 2014 2132 2068 viri
2161 2017 2485 2071 sanctissimi
2504 2026 2559 2073 et
2576 2018 3004 2090 eloquentissimi
3028 2027 3281 2097 epistolas
3302 2014 3647 2097 exactissime

2036 2108 2339 2178 recognitas
2367 2109 2539 2165 Lucas
2561 2110 2819 2177 Venetus,
2857 2115 3117 2174 Dominici
3152 2121 3311 2191 ﬁlius,
3345 2127 3500 2183 solita
3525 2130 3647 2186 dili-

2034 2201 2211 2272 gentia
2254 2203 2533 2273 impressit
2561 2204 2801 2262 Venetiis
2842 2223 2987 2264 anno
3017 2211 3207 2289 salutis
3246 2232 3644 2289 uccccuxxnt,

2032 2298 2206 2367 pridie
2228 2314 2397 2353 nonas
2421 2299 2740 2356 decembres
2763 2302 2975 2372 (Goetze
2997 2287 3310 2363 Merkwtird.
3340 2311 3430 2365 der
3450 2287 3640 2370 Dresd.

2036 2387 2223 2458 Bibl.).
2256 2389 2516 2446 Exstabat
2544 2392 2707 2447 etiam
2760 2394 2811 2448 in
2842 2395 2982 2451 Bibl.
3033 2398 3353 2457 Pinelliana.
3395 2404 3476 2459 Cf.
3526 2406 3641 2463 Cat.

2037 2480 2267 2547 Morelh’,
2297 2491 2427 2536 tom.
2461 2499 2497 2550 ι,
2525 2499 2578 2553 p.
2609 2485 2700 2553 95,
2733 2503 2787 2539 n.
2821 2486 2944 2541 578.
2977 2488 3255 2547 Tractatus
3278 2505 3333 2549 et
3360 2512 3644 2555 sermones

2035 2573 2326 2627 nonnullos
2353 2576 2653 2631 accessisse
2687 2578 2919 2647 propriis
2950 2579 3205 2638 adhibitis
3234 2586 3415 2641 verbis
3450 2590 3645 2645 Audif-

2034 2664 2170 2720 fredi
2203 2666 2254 2719 in
2301 2664 2417 2719 Cat.
2466 2666 2604 2722 Bibl.
2638 2666 2915 2734 Casanat.,
2950 2680 3083 2727 tom.
3115 2689 3176 2740 tt,
3206 2692 3258 2744 p.
3289 2676 3412 2744 524,
3446 2682 3644 2749 prodit.

2034 2756 2104 2813 At
2151 2759 2324 2829 major
2368 2770 2515 2815 certe
2571 2776 2695 2831 pars
2736 2778 2923 2818 eorum
2967 2780 3086 2835 quae
3131 2767 3503 2827 Remboltiana
3550 2776 3639 2832 ed.

2034 2852 2259 2923 praebet,
2288 2853 2397 2923 jam
2432 2854 2516 2908 hic
2560 2856 2771 2926 vulgata
2810 2868 2913 2924 est,
2953 2870 3011 2913 ut
3045 2876 3109 2915 ex
3141 2864 3459 2932 prtefatione
3485 2868 3546 2922 C.
3574 2871 3645 2925 de

2034 2943 2096 2999 P.
2141 2944 2206 2999 ad
2255 2945 2366 3001 Jac.
2415 2946 2782 3004 Grasolarium
2831 2951 3003 3007 civem
3054 2954 3340 3021 Venetam,
3370 2961 3459 3030 qui
3504 2962 3644 3020 hanc

2035 3035 2328 3093 editionem
2361 3040 2595 3096 maxime
2624 3041 2897 3112 flagitasse
2920 3045 3139 3111 dicitur,
3167 3049 3218 3102 in
3244 3050 3516 3108 Rembolt.
3549 3057 3637 3111 ed.

2036 3130 2287 3199 repetita,
2334 3131 2721 3187 intelleximus.
2756 3135 3092 3207 Praecipuum
3137 3139 3299 3196 habet
3346 3144 3445 3200 hoc
3488 3163 3640 3202 com-

2035 3223 2203 3291 modi,
2232 3224 2373 3295 quod
2402 3227 2647 3297 epistolis
2669 3230 2896 3300 singulis
2926 3241 2980 3287 et
3012 3236 3327 3291 tractatibus
3352 3244 3641 3297 sunnnaria

2034 3316 2251 3387 przeﬁxa
2282 3317 2393 3373 sint
2420 3318 2635 3386 brevia,
2682 3337 2911 3391 qumque
2943 3326 2994 3378 in
3038 3326 3272 3382 tabulam
3314 3334 3639 3403 compendio

2032 3411 2249 3467 redacta
2276 3422 2397 3484 post
2422 3415 2790 3484 prmfationem
2820 3420 3246 3489 conspiciuntur.

2105 3504 2200 3559 His
2228 3505 2475 3575 proxime
2515 3507 2885 3579 adjungendas
2925 3522 3052 3581 puto
3080 3513 3346 3573 editiones
3376 3521 3637 3589 quasdam

2036 3598 2136 3655 hoc
2160 3601 2362 3656 saeculo
2384 3601 2587 3673 absque
2608 3605 2755 3670 anni,
2784 3605 2868 3662 vel
2899 3606 3002 3662 loci
3033 3609 3197 3666 etiam
3226 3623 3352 3668 nota
3381 3614 3570 3673 factas.

2623 3698 2830 3757 Incerto
2875 3720 3031 3758 mmo.

2108 3791 2239 3847 Sine
2259 3805 2424 3857 anno,
2441 3790 2660 3855 Brixiae,
2682 3793 2849 3848 iit—4°.
2871 3795 3341 3870 CzcciliiCypriani
3366 3818 3545 3858 sermo
3566 3804 3636 3862 de

2033 3884 2288 3940 Oratione
2310 3886 2605 3950 Domiuiea,
2628 3887 2855 3953 scilicet,
2883 3888 3041 3944 Pater
3057 3903 3245 3959 noster,
3272 3896 3323 3949 in
3349 3913 3455 3967 quo
3477 3898 3637 3956 docet

2033 3990 2135 4044 qua
2161 3977 2494 4042 potissimum
2517 3978 2872 4045 oratioueuti,
2902 3991 2954 4035 et
2976 3984 3208 4052 qualiter
3233 3986 3300 4042 ad
3330 4005 3447 4044 eam
3473 4008 3631 4048 acce-

2033 4070 2163 4125 dere
2191 4079 2241 4124 et
2267 4084 2373 4139 quo
2398 4078 2552 4138 gestu
2591 4072 2833 4139 corporis
2860 4081 2915 4125 et
2963 4075 3124 4128 modo
3153 4080 3300 4132 vocis
3326 4085 3633 4152 conveniat,

2033 4161 2207 4230 quise
2234 4161 2582 4215 christianum
2630 4176 2753 4217 esse
2791 4163 3004 4217 asserit.
3036 4196 3106 4203 —
3131 4165 3268 4238 (Cat.
3310 4172 3373 4225 de
3400 4176 3450 4227 la
3475 4174 3540 4230 Β.
3574 4178 3630 4230 d.

2040 4252 2126 4319 R.,
2162 4268 2212 4323 p.
2241 4252 2369 4317 366,
2403 4269 2455 4306 n.
2510 4252 2649 4319 502,
2683 4254 2772 4309 ubi
2805 4253 3021 4311 additur
3065 4268 3247 4315 :vetus
3276 4263 3465 4334 editio,
3496 4267 3634 4323 circa

2029 4362 2221 4399 annum
2241 4344 2425 4412 1490).
2459 4344 2600 4402 Alibi
2630 4344 2813 4417 legere
2846 4347 2994 4403 illam
3024 4365 3129 4405 non
3156 4355 3399 4410 memini.

2628 4443 2833 4498 Incerto
2872 4462 3032 4502 anno.

2101 4533 2287 4589 Entrto
2316 4548 2642 4589 INNOMINATA
2668 4535 2708 4590 Ι.
2735 4536 2864 4592 Sine
2890 4536 3012 4594 loco
3040 4551 3094 4594 et
3123 4555 3267 4598 anno
3297 4553 3352 4600 et
3380 4557 3630 4620 typogra-

2028 4627 2156 4697 plto.
2188 4626 2365 4682 Prima
2406 4627 2564 4698 hujus
2593 4628 2830 4699 generis.
2864 4629 3050 4687 Sancti
3079 4631 3336 4705 Cypriani
3366 4640 3631 4709 epistolae,

2028 4717 2259 4771 in~folio.
2307 4719 2386 4772 Ab
2429 4719 2581 4773 initio
2627 4721 2863 4776 occurrit
2901 4741 2913 4775 :
2965 4743 2982 4775 t
3032 4724 3236 4781 Tabula
3282 4732 3632 4789 materiarum

2030 4810 2535 4879 epistolarumbcati
2566 4813 2819 4885 Cypriani
2859 4820 3113 4889 martyris
3148 4823 3448 4878 secundum
3488 4828 3635 4882 ordi—

2032 4919 2154 4958 nem
2182 4904 2452 4974 alphabeti
2488 4924 2508 4958 ι
2545 4906 2613 4977 (i.
2644 4922 2695 4962 e.
2727 4908 2886 4962 index
2924 4926 3104 4964 rerum
3139 4913 3460 4967 mirabilium
3502 4918 3633 4971 satis

2107 5040 2186 5113 (l)
2217 5040 2343 5114 Mira
2398 5051 2525 5097 sunt
2567 5056 2686 5114 quoe
2736 5042 3082 5114 Deburinsin
3117 5043 3502 5114 Bibliograp/eie
3544 5051 3628 5103 iu-

2031 5112 2270 5167 struclive
2300 5112 2632 5181 (instruenda
2663 5113 2867 5177 verius)
2905 5113 2971 5166 de
3012 5113 3110 5168 hac
3139 5112 3626 5175 editiunenarrat;

2040 5201 2058 5234 ‹
2098 5183 2213 5238 [ille
2263 5199 2290 5235 a
2338 5182 2527 5237 mérité
2574 5181 2894 5254 d’avo_ir_été
2936 5184 3073 5239 colle
3122 5202 3226 5254 qtte
3257 5186 3324 5241 Μ.
3364 5188 3560 5245 Baluze
3599 5210 3628 5246 a

2034 5254 2238 5309 choisie
2270 5268 2405 5325 pour
2429 5253 2697 5325 travajller
2724 5251 2752 5305 Ξ]
2781 5252 3022 5309 l‘édition
3053 5251 3180 5325 qn’il
3211 5273 3346 5310 nuus
3367 5274 3394 5311 a
3418 5260 3631 5318 deinec

2035 5324 2102 5379 de
2142 5341 2203 5379 ce
2237 5324 2371 5379 Pére
2412 5326 2480 5378 de
2516 5324 2749 5388 I‘Eglise,
2783 5334 2836 5377 et
2874 5325 2911 5378 il
2951 5341 3019 5380 en
3069 5324 3243 5380 faisait
3288 5344 3354 5381 un
3388 5346 3478 5386 cas
3521 5345 3635 5389 lout

2036 5394 2370 5467 particulier.
2408 5394 2533 5475 Elle
2552 5412 2579 5446 a
2609 5394 2906 5465 l’avantage
2932 5395 2999 5449 de
3028 5403 3337 5475 renlertner
3356 5401 3635 5475 beauctiup

2036 5466 2104 5521 de
2128 5480 2379 5543 passages
2405 5466 2704 5543 or_igin_aux,
2734 5481 2838 5543 que
2860 5477 2955 5543 cet
2977 5479 3166 5543 auteur
3191 5485 3221 5523 a
3256 5470 3341 5526 e’te
3366 5474 3544 5543 nhligé
3568 5466 3635 5532 de

2037 5535 2331 5592 soustraire
2348 5551 2416 5590 ou
2446 5535 2513 5591 de
2533 5540 2771 5605 chauger
2787 5538 2924 5594 dans
2945 5539 2989 5591 la
3015 5542 3219 5595 sienne.
3238 5561 3254 5592 ι
3337 5535 3637 5601 Sentium.

2110 5606 2334 5681 (2)_l_]ue
2388 5607 2520 5662 (able
2572 5609 2917 5681 particuliére.
2969 5610 3257 5677 Deburins,
3302 5614 3502 5681 juniur,
3555 5619 3638 5670 in-

2038 5683 2171 5749 quit.
2204 5678 2533 5751 Utramque,
2567 5678 2611 5733 Si
2649 5680 2756 5735 diis
2797 5682 3017 5751 placet,
3056 5678 3355 5741 editionem
3401 5687 3646 5745 manibus

2040 5755 2131 5811 ille
2157 5753 2377 5810 triverat
2401 5752 2415 5806 ε
2449 5750 2856 5810 ὃσιιωκειιλκμ.

2989 5862 3085 5907 ιιι.
