4190 6246
554 281 699 323 ικγιι

548 378 813 452 locuples)
861 379 1089 449 tincipit
1139 379 1437 435 feliciter.»
1498 376 1846 435 Subnectitur
1890 375 2156 431 indiculus

552 485 929 533 contentorum
976 490 1098 530 cum
1148 472 1405 529 brevibus
1451 471 1799 543 argumentis.
1848 471 1983 527 Sunt
2028 485 2157 526 vero

554 570 694 641 Epp.
724 566 1067 628 unm—Ad
1091 564 1375 634 Quirinum
1407 565 1528 621 libri
1553 564 2026 621 trea.—SermoB.
2047 563 2159 619 Au-

550 665 751 735 gustini
789 663 857 719 de
886 662 947 718 Β.
980 659 1274 733 Cypriano.
1306 658 1583 716 --0ratio
1610 660 1747 731 Cyp.
1783 658 2059 730 martyris.
2087 686 2157 698 -

550 761 681 817 Item
732 759 907 813 oratio
951 756 1191 826 ejusdem
1238 771 1400 828 quam
1451 756 1554 811 sub
1593 756 1682 811 die
1734 754 2003 825 passionis
2044 767 2158 809 suae

550 852 704 910 dixit.
725 881 794 893 —-
817 849 1005 905 Passio
1030 849 1090 905 Β.
1114 849 1598 922 Cypriani.—-—Sex
1629 848 1751 904 libri
1782 848 1847 903 ad
1873 847 2155 917 Quirinum

547 959 743 1017 agmen
765 942 1043 1000 claudunt.
1074 944 1352 1015 Occupant
1379 942 1495 999 haec
1524 943 1649 999 folia
1671 958 1799 998 xvnt
1826 958 1947 998 cum
1977 942 2156 1012 signa-

549 1039 684 1095 turis
713 1038 759 1093 Α
784 1046 838 1093 et
866 1036 909 1092 Β
939 1052 1009 1091 vr.
1038 1035 1248 1091 Folium
1290 1051 1384 1092 xu
1430 1035 1611 1091 album
1664 1035 1776 1090 fere
1816 1042 1987 1089 totum
2019 1048 2154 1087 cou-

545 1130 771 1201 spicitur
792 1138 987 1198 praeter
1012 1142 1200 1198 pauca,
1228 1143 1349 1198 quae
1377 1129 1431 1183 in
1459 1128 1669 1199 paginas
1689 1125 1945 1182 secundas
1971 1134 2151 1181 extre-

545 1222 651 1279 mis
677 1236 742 1277 ex
770 1220 1101 1292 Hieronymo
1133 1220 1397 1290 impressa
1427 1220 1682 1290 leguntur
1713 1218 1816 1275 hoc
1847 1218 2037 1273 titulo:
2074 1214 2158 1270 Ex

548 1316 678 1370 libro
710 1314 839 1370 beati
874 1307 1183 1385 Hieronymi
1206 1314 1271 1368 de
1291 1314 1417 1370 viris
1442 1313 1755 1379 illustribus,
1784 1314 1849 1368 de
1884 1313 2028 1366 beato
2059 1310 2159 1383 Cy-

548 1410 752 1482 priane.
788 1409 1056 1477 Incipiunt
1084 1408 1327 1478 epistolae
1355 1424 1385 1463 a
1413 1407 1509 1463 fol.
1543 1423 1609 1463 xx
1656 1417 1711 1463 et
1756 1406 2100 1478 proferuntur
2126 1420 2156 1459 a

549 1500 842 1573 signaturis
874 1516 905 1556 a
939 1500 961 1555 Ι
987 1515 1158 1571 usque
1182 1500 1249 1556 ad
1279 1500 1325 1556 Ii
1351 1499 1617 1556 inclusive
1641 1499 1821 1569 quinis
1849 1498 2017 1555 ferme
2044 1498 2158 1567 pla-

546 1594 689 1664 gulis
713 1592 981 1649 consertis
1001 1592 1372 1664 subscriptum
1398 1608 1412 1647 :
1450 1611 1469 1645 ι
1509 1592 1743 1663 Explicit
1762 1592 2006 1663 epistola
2034 1590 2153 1662 glo-

545 1685 675 1740 riosi
709 1685 961 1755 martyris
1004 1682 1257 1756 Cypriani
1281 1684 1427 1739 Cart.
1462 1684 1656 1752 episc.,
1679 1693 1873 1754 quanta
1899 1684 2154 1753 eloquen-

545 1771 617 1825 tia
633 1780 937 1841 quantaque
950 1768 1193 1823 doctrina
1212 1770 1354 1825 inter
1369 1768 1572 1825 cathol.
1590 1769 1844 1823 doctores
1859 1768 2152 1833 refulserit,

546 1863 786 1934 epistola:
815 1862 933 1932 ejus
950 1860 1389 1932 splendidissime
1407 1861 1698 1917 verborum
1719 1869 1913 1917 ornatu
1936 1868 2155 1916 senten-

544 1956 848 2025 tiarumque
879 1954 1127 2011 ubertate
1155 1954 1359 2025 optime
1388 1952 1766 2010 testificantur.
1801 1972 1821 2007 ι
1850 1952 1987 2009 Hinc
2013 1967 2154 2009 novo

542 2047 942 2119 signaturarum
1000 2047 1192 2103 ordine
1243 2047 1364 2103 A-D
1422 2048 1812 2119 quaterniones
1855 2056 2157 2119 sequuntur

546 2140 647 2195 hac
673 2140 1023 2210 inscriptione
1049 2158 1063 2196 :

544 2272 1399 2342 IncipitprologusinAlibrosbeati
1439 2277 1669 2342 Cypriani
1710 2279 1956 2342 martyris
1984 2284 2154 2329 contra

606 2337 805 2413 Iudaeos
831 2338 1019 2413 editos.
1046 2338 1137 2398 Qui
1173 2339 1375 2413 quidem
1402 2337 1637 2404 prologue
1674 2347 1753 2392 est
1783 2337 1991 2406 epistola
2015 2353 2153 2405 qum-

606 2399 718 2450 dam
740 2399 801 2449 ad
827 2400 1087 2460 Quirinum
1112 2399 1312 2467 scripta.

546 2504 604 2561 In
629 2506 735 2562 line
768 2506 890 2562 libri
926 2526 939 2561 :

541 2617 899 2729 Explicitliber
923 2620 1106 2670 tertius
1119 2619 1297 2694 Caecilii
1314 2618 1549 2695 Cypriani
1562 2621 1778 2696 gloriosi
1802 2626 2048 2695 martyris,
2077 2633 2152 2669 ar-

603 2695 631 2729 c
667 2693 903 2729 tentscont
928 2681 1373 2729 Carthammensxs.
1395 2690 1602 2729 oratoris
1627 2684 2060 2729 excellentissrmi.
2088 2684 2149 2729 ad

603 2680 1376 2743 chiepiscopigCarthaginiensis;
1392 2680 1602 2733 oratoris
1627 2680 2060 2737 excellentissimi.
2088 2684 2149 2731 ad

606 2696 903 2743 cmeptscopt
928 2696 1104 2732 uartna
1146 2696 1373 2742 intenms,
1395 2696 1602 2733 oratoris
1627 2696 2060 2737 excellentissimi.
2088 2696 2149 2731 aa

606 2744 883 2808 Quirinum.
902 2741 956 2792 In
971 2696 1235 2808 quodam,
1256 2745 1387 2795 sicut
1400 2752 1453 2795 et
1472 2746 1521 2808 in
1539 2746 1736 2796 duobus
1756 2747 2015 2808 prioribus,
2031 2745 2155 2794 fides

602 2805 843 2855 catholica
865 2812 1035 2871 contra
1058 2806 1340 2856 Judaeorum
1366 2807 1623 2871 perﬁdiam
1651 2805 1990 2871 etg‘entilium
2016 2820 2155 2857 erro-

602 2881 687 2917 res
710 2878 954 2917 sacrarum
980 2868 1343 2931 Scripturarum
1367 2868 1678 2921 testimoniis
1702 2868 1966 2922 fortissime
1992 2871 2154 2921 muni-

605 2938 685 2981 tur
711 2936 764 2980 et
781 2928 1141 2980 corroboratur.
1157 2928 1269 2981 Deo
1286 2932 1491 2995 gratias.

613 3041 971 3096 Characteres
1003 3048 1252 3110 typorum
1283 3039 1485 3095 similes
1511 3054 1635 3095 esse
1676 3039 1743 3094 iis
1788 3055 1908 3109 quae
1941 3041 1995 3096 in
2034 3039 2153 3094 edi-

542 3133 688 3190 tione
714 3132 1029 3187 Ofﬁciorum
1061 3129 1339 3187 Ciceronis
1379 3130 1709 3203 Moguntina,
1741 3132 1903 3201 1165,
1936 3132 2155 3203 (ξοπιερί-

544 3226 754 3282 ciantnr
784 3229 981 3295 prteter
1022 3222 1231 3279 litteras
1276 3238 1479 3293 paucas
1523 3223 1849 3293 majusculas
1888 3224 2153 3279 Deburius

545 3334 660 3374 sen.
692 3318 781 3390 qui
822 3314 1229 3372 accuratissime
1273 3314 1412 3372 hanc
1441 3315 1736 3373 editionem
1783 3317 2069 3388 descripsit
2100 3317 2152 3372 in

549 3409 661 3465 Cal.
705 3408 767 3463 de
795 3408 845 3462 la
870 3407 1006 3463 Bibl.
1032 3407 1101 3463 du
1122 3408 1219 3463 duc
1247 3406 1310 3463 de
1348 3410 1399 3463 la
1436 3406 1579 3476 ναι,
1605 3418 1736 3465 tom.
1768 3426 1820 3479 ι,
1848 3426 1901 3481 p.
1940 3409 2035 3465 151
2067 3423 2151 3480 sq.

544 3503 794 3559 affirmat.
851 3502 1039 3558 Media:
1092 3509 1218 3557 sunt
1266 3501 1408 3558 inter
1455 3502 1729 3574 gothicum
1776 3512 1830 3558 et
1870 3516 2152 3558 romanum

545 3595 934 3651 characterem.
966 3594 1190 3665 Propter
1226 3593 1424 3650 librum
1456 3593 1670 3651 tertium
1698 3593 2152 3651 Testimoniorum

548 3689 811 3745 adversus
852 3687 1066 3744 Iudaeos
1103 3687 1171 3744 ad
1212 3687 1351 3744 hanc
1390 3688 1683 3745 editionem
1720 3687 1927 3744 adverti
1968 3687 2152 3753 velim,

549 3798 674 3839 cum
702 3784 863 3854 vulgo
893 3784 1098 3855 primus
1124 3799 1189 3840 ex
1229 3783 1352 3840 cod.
1400 3800 1500 3838 ms.
1537 3794 1767 3839 monast.
1800 3783 2155 3839 Gemblacen-

549 3874 624 3931 sis
663 3876 909 3931 emisisse
952 3876 1291 3932 existimetur
1335 3876 1611 3932 Erasmus.
1664 3876 1840 3933 Editio
1869 3876 1987 3931 haec
2017 3876 2155 3932 adeo

550 3981 653 4024 nec
700 3969 925 4023 Erasmo
969 3968 1201 4024 innotuit
1245 3985 1346 4025 nec
1387 3968 1656 4025 editorum
1687 3970 1997 4041 sequiorum
2038 3968 2152 4037 ulli,

552 4066 748 4130 praeter
764 4058 1084 4126 Pamelium,
1105 4058 1196 4131 qui
1212 4059 1356 4132 quod
1374 4076 1440 4117 ex
1458 4060 1863 4132 comparatione
1886 4069 2147 4117 annotatt.

553 4151 673 4224 ejus
710 4151 777 4206 ad
805 4151 1021 4207 tertium
1053 4151 1197 4209 hunc
1218 4153 1413 4209 librum
1447 4154 1647 4218 discas,
1681 4162 1740 4208 ut
1765 4153 1919 4208 multi
1952 4153 2150 4223 potius,

553 4248 642 4318 qui
659 4260 817 4302 manu
832 4247 1134 4303 versavisse
1150 4245 1267 4318 ejus
1285 4246 1563 4319 exemplar
1595 4244 1825 4317 professi
1846 4255 1995 4310 sunt,
2017 4260 2152 4301 con-

548 4347 755 4397 stanter
783 4339 1010 4395 duorum
1065 4347 1271 4395 tantum
1319 4339 1587 4394 adversus
1630 4336 1846 4394 Judteos
1894 4338 2153 4394 librorum

554 4436 881 4491 mentionem
935 4433 1179 4498 faciant,
1230 4432 1471 4503 aliosque
1527 4433 1689 4487 etiam
1748 4432 2155 4503 circumspectze

554 4526 749 4582 mentis
794 4526 940 4579 viros
993 4526 1047 4579 in
1098 4534 1280 4593 partes
1326 4522 1611 4580 traxerint.
1662 4524 1924 4579 Nimirum
1971 4535 2153 4581 autem

553 4617 695 4674 aliud
727 4618 812 4672 hic
839 4616 1001 4683 latet;
1026 4616 1223 4687 duplex
1244 4625 1421 4674 exstat
1446 4618 1614 4673 editio
1642 4618 1998 4683 innominata,
2025 4635 2155 4691 qua-

555 4724 673 4765 rum
707 4711 950 4777 alteram,
980 4724 1139 4779 quam
1162 4709 1274 4780 jam
1315 4708 1708 4780 descripsimus
1737 4710 2031 4767 adhibitam
2060 4727 2155 4767 seu

553 4802 819 4873 cognitam
858 4800 1099 4856 dicemus
1142 4799 1409 4856 editorum
1460 4799 1721 4857 hactenus
1764 4803 1933 4870 nulli;
1963 4803 2153 4870 altera,

558 4892 631 4951 de
657 4909 760 4965 qua
789 4894 969 4949 statim
1010 4908 1341 4963 exponamus
1366 4934 1381 4958 ,
1415 4894 1655 4949 omnium
1687 4909 1783 4949 ore
1812 4895 2031 4965 jactata,
2060 4894 2156 4950 sed

553 4989 677 5060 quia
704 5002 771 5043 ne
802 4987 969 5043 verbo
1010 4986 1227 5057 quidem
1271 4984 1603 5042 describeret
1649 4986 1861 5058 aliquis,
1904 5002 2156 5058 magnum

553 5095 794 5137 errorem
823 5079 1049 5150 peperit.
1083 5077 1374 5144 Pamelius,
1405 5078 1495 5149 qui
1523 5077 1655 5132 nihil
1686 5078 1916 5148 amplius
1939 5079 2155 5149 quidem

552 5174 735 5230 retulit
759 5171 829 5228 de
855 5187 941 5239 ea,
977 5187 1137 5241 quam
1166 5173 1350 5228 statim
1386 5180 1509 5243 post
1539 5174 1811 5228 iuventam
1852 5181 2024 5228 artem
2070 5180 2155 5244 ty-

554 5266 934 5340 pographicam
986 5282 1239 5323 excusam
1287 5267 1480 5333 videri,
1529 5276 1719 5324 censet
1765 5274 1943 5322 tamen
1990 5266 2157 5322 multo

554 5363 766 5419 Erasmi
792 5362 1219 5434 'castigatiorem.

626 5455 819 5511 Enmo
850 5469 1168 5511 muommrx
1204 5452 1267 5508 Il.
1297 5482 1369 5495 —-
1388 5452 1517 5510 Sine
1547 5454 1666 5509 loco
1693 5461 1749 5509 et
1776 5468 1939 5519 anno,
1973 5451 2152 5507 in—fol.

551 5548 748 5619 Incipit
778 5547 845 5604 ab
871 5546 1047 5604 indice
1068 5556 1451 5604 contentornm
1482 5547 1740 5618 inscripto
1768 5565 1780 5601 :

545 5722 724 5773 Caecilii
746 5721 975 5787 Cypriani
995 5735 1024 5772 e
1060 5722 1217 5786 iscOpi
1242 5719 1643 5783 Carthaginensis
1659 5725 1712 5771 et
1733 5726 1855 5771 mart
1918 5719 2153 5782 isdignis-

603 5784 710 5831 siml
734 5781 842 5834 libri
876 5792 929 5832 et
954 5737 1265 5834 engtolaa.-
1278 5784 1525 5834 Incipiunt
1543 5782 1777 5834 feliciter.
1804 5733 1915 5834 mir
1902 5782 2149 5833 Donatum

603 5784 710 5831 siml
734 5781 842 5835 libri
876 5792 929 5832 et
954 5781 1265 5849 epistolaé.-
1278 5781 1525 5847 Incipiunt
1543 5782 1777 5837 feliciter.
1804 5781 1877 5835 Ad
1902 5781 2149 5833 Donatum

2001 260 2389 319 ΡΒᾸΕΕΛΤΙΟ.

3693 274 3859 318 LXVIII

2318 377 2383 425 de
2398 373 2710 437 Yanitatibus
2732 378 2785 437 et
2801 374 3111 437 Spectaculis
3134 373 3227 437 (l).
3257 398 3320 412 --
3339 372 3425 437 Ad,
3440 371 3856 437 Demetrignum.

2322 465 2383 472 —
2403 436 2479 484 De
2504 437 2701 501 pietatis
2725 434 2891 500 Opere
2918 444 2971 487 et
2992 434 3310 501 Eleemosyua
3322 436 3472 501 _XIII_.
3502 464 3563 501 1-—
3582 434 3659 484 Λᾶ
3676 434 3859 501 Γυναι-

2322 508 2487 562 natum
2504 496 2573 562 :de
2599 496 2953 549 Exhoriatione
2978 496 3299 562 martyrii.'-—-
3322 498 3399 550 De
3438 499 3558 550 Zelo
3574 503 3636 562 et
3675 496 3854 562 livore.

2326 588 2386 595 —
2404 561 2481 609 De
2503 561 2639 613 Bono
2665 562 2930 624 patientiae.
2956 588 3018 598 —-
3040 559 3119 611 De
3142 561 3459 613 Mortalitate.
3483 588 3547 624 έ-
3570 560 3647 610 De
3674 559 3860 610 Habitu

2326 625 2586 686 virginum.
2610 623 2675 661 -έ
2696 624 2771 673 Ad
2794 623 3037 686 Caecilium
3058 624 3121 673 de
3135 624 3457 676 Sacramenta
3476 623 3863 686 Dominicicall-

2325 687 2395 734 cis
2406 682 2481 747 ζεῖ)
2492 686 2818 736 .—-Adversus
2834 684 3151 736 Novatianutn
3169 688 3525 737 schismaticnm
3547 687 3612 735 de
3627 682 3863 736 Ecclesiae

2329 747 2696 811 Unitate.—De
2722 749 3054 811 Lapsis.——De
3079 748 3317 811 Oratione
3344 750 3615 799 Dominlca.
3632 773 3695 783 —
3716 748 3863 811 Quod

2326 810 2453 873 idola
2474 812 2541 861 dii
2564 825 2661 861 non
2685 810 2805 861 sint.
2827 838 2888 847 —
2910 811 2987 861 De
3008 810 3366 872 Singularitate
3387 812 3685 862 clericorum
3707 810 3865 873 (5).—

2323 872 2400 923 De
2427 876 2675 924 montibus
2695 874 2812 923 Sina
2854 880 2907 924 et
2930 875 3052 924 Sion
3086 874 3327 924 adversus
3364 874 3565 923 Iudaeos
3589 874 3682 934 (1).
3708 872 3773 909 -4
3790 873 3865 921 Ad

2326 936 2707 999 Anthonianum,
2734 937 2801 986 de
2824 936 3052 987 Cornelio
3078 944 3129 986 et
3152 936 3425 999 Novatiano
3452 935 3548 999 (5).
3573 961 3635 999 σέ
3658 936 3733 984 Ad
3752 936 3866 985 'l'hi-

2324 998 2569 1064 baritanos
2591 999 2932 1064 Exhortatoria
2956 999 3121 1064 (6).—-_
3136 998 3212 1064 Ad
3238 998 3485 1064 Magnum,
3510 999 3576 1064 de
3599 998 3680 1047 bis
3702 1000 3787 1061 qui
3815 1000 3865 1047 in

2323 1060 2454 1125 lecto
2477 1060 3277 1125 gratiam‘consequunturjll.—7
3299 1060 3372 1125 id
3393 1060 3669 1125 Quirinum,
3695 1060 3865 1111 contra

2321 1122 2517 1171 Iudaeos
2539 1122 2653 1174 libri
2677 1123 2793 1174 duo.
2814 1122 3304 1188 IncipiuntEpIStolm
3328 1123 3455 1175 Caec.
3482 1122 3646 1188 Cypr.,
3668 1127 3767 1174 etc.

2260 1205 2317 1259 In
2346 1205 2453 1262 fine
2480 1225 2489 1258 :

2260 1297 2545 1366 Expliciunt
2557 1299 2788 1366 Epistolas
2813 1300 2937 1353 Caec.
2954 1299 3078 1366 Cypr
3089 1337 3119 1364 .,
3134 1300 3339 1366 ctc.,nil
3357 1300 3581 1364 amplius.

2379 1362 2626 1417 haracter
2671 1364 2967 1419 litterarum
2993 1362 3085 1420 δἐι
3107 1362 3393 1434 ἐοιιιὶοιιε,
3427 1362 3601 1418 textus
3633 1362 3865 1432 impres-

2259 1448 2353 1489 sus
2380 1443 2463 1489 est
2499 1434 2977 1507 columnissectis,
3003 1436 3308 1506 signaturas
3338 1435 3499 1492 habet
3527 1435 3862 1507 plagularum

2259 1516 2640 1576 quaternarum
2668 1505 2736 1563 ab
2760 1506 2824 1562 A.
2860 1506 2971 1561 llll.
3002 1505 3073 1547 -ὲ
3095 1507 3161 1563 [ὶ.
3187 1507 3279 1564 III.

2878 1612 3103 1655 8801]ιο
3141 1614 3248 1655 XVI.

2993 1690 3155 1747 1500.

2331 1782 2428 1838 En.
2456 1782 2785 1839 PARISIENSIS
2824 1781 2865 1838 I.
2908 1781 3237 1850 Parrhisiis,
3281 1784 3421 1853 apud
3470 1783 3733 1840 Jodocum
3766 1786 3865 1841 Ba-

2260 1877 2428 1932 dium.
2459 1876 2717 1949 Cypriaui
2739 1877 2984 1949 epistolas
3003 1886 3059 1933 et
3078 1876 3339 1947 opuscula
3358 1885 3615 1933 tractatus
3633 1878 3700 1934 de
3727 1876 3861 1934 Car-

2256 1967 2527 2026 dinalibus
2556 1969 2758 2026 Christi
2800 1970 3076 2041 operibus.
3112 1970 3193 2027 De
3221 1969 3320 2025 hac
3346 1968 3587 2025 editione
3613 1984 3719 2026 non
3760 1970 3863 2026 nisi

2259 2076 2355 2132 per
2378 2062 2721 2133 conjecturas
2771 2071 3011 2119 statuere
3048 2062 3198 2119 licet.
3245 2060 3651 2120 Commemorat
3676 2063 3865 2121 Fabri-

2255 2155 2369 2212 cius
2389 2154 2443 2210 in
2474 2155 2587 2211 Del.
2621 2155 2721 2212 SS.
2756 2170 2853 2226 pro
2878 2155 3006 2212 Ver.
3036 2156 3102 2213 Β.
3126 2155 3255 2211 Chr.
3283 2172 3334 2228 p.
3361 2156 3499 2225 222,
3530 2157 3723 2213 librum
3750 2157 3861 2230 Cy-

2256 2249 2447 2318 priano
2499 2250 2826 2320 adscriptum
2876 2251 2946 2307 de
2994 2251 3378 2308 Cardinalibus
3428 2252 3630 2309 Christi
3680 2252 3861 2325 operi-

2256 2341 2377 2409 bus,
2412 2352 2541 2410 ctc.,
2573 2343 2745 2399 Paris.
2804 2345 2942 2401 1500
2986 2344 3213 2412 editum,
3248 2346 3394 2401 nulla
3426 2354 3687 2416 praeterea
3710 2386 3725 2413 ,
3758 2361 3859 2401 nec

2256 2434 2573 2507 bibliopolae
2600 2452 2702 2493 nec
2728 2438 3050 2509 typograpbi
3082 2454 3182 2494 nec
3208 2440 3274 2494 de
3315 2438 3553 2495 editione
3575 2439 3688 2511 ipsa
3712 2454 3861 2495 men-

2256 2529 2402 2584 tione
2431 2530 2631 2586 addita.
2683 2531 2941 2588 Erasmus
2968 2547 3097 2588 vero
3127 2535 3181 2587 in
3210 2534 3563 2589 annotatione
3610 2533 3679 2588 ad
3707 2548 3859 2589 eum-

2254 2622 2377 2678 dem
2420 2623 2614 2679 librum
2659 2624 2880 2681 editioni
2931 2640 3045 2681 suae
3090 2625 3350 2681 insertum
3397 2627 3647 2682 meminit
3695 2644 3715 2679 ί
3744 2626 3862 2683 edi-

2256 2715 2417 2771 tionis
2458 2715 2707 2772 Badianaa
2733 2758 2748 2784 ,
2797 2718 2851 2772 in
2895 2734 3003 2789 qua
3051 2728 3360 2790 separatum
3413 2719 3716 2776 habebatur
3754 2720 3858 2778 hoc

2253 2822 2391 2878 opus
2446 2823 2474 2861 a
2531 2808 2740 2879 reliquo
2796 2810 3091 2867 volumine.
3126 2832 3145 2864 ι
3203 2802 3320 2867 lam
3377 2812 3576 2869 Badius
3630 2815 3858 2885 primum

2254 2916 2398 2956 anno
2450 2901 2627 2973 1500;,
2688 2903 2908 2960 Parisiis
2958 2905 3234 2961 librariam
3282 2924 3538 2965 exercere
3583 2908 3859 2978 librosque

2256 2996 2512 3053 emittere
2558 2996 2725 3067 cmpit
2753 2997 2958 3071 f(Maitt.
2988 3007 3027 3054 t.
3058 3016 3127 3067 ιι,
3153 2999 3280 3073 75).
3316 2999 3525 3073 Colligo
3572 3016 3703 3071 ergo
3752 2999 3858 3055 Pa-

2255 3088 2539 3144 risiensem
2571 3090 2738 3156 illam,
2788 3106 2949 3161 quam
2978 3091 3260 3149 Fabricius
3291 3094 3499 3149 notavit
3520 3138 3532 3157 ,
3562 3094 3857 3150 editionem

2255 3196 2377 3237 esse
2394 3181 2716 3248 Badianam;
2745 3198 2843 3238 nec
2870 3200 2998 3239 vero
3031 3185 3173 3241 istud
3200 3186 3375 3241 solum
3400 3186 3739 3257 opuscuium,
3761 3185 3853 3239 sed

2255 3274 2430 3345 plura,
2467 3272 2647 3331 forsan
2679 3276 2843 3331 etiam
2899 3276 3161 3347 epistolas
3193 3278 3447 3350 Cypriani
3472 3293 3593 3335 esse
3618 3278 3857 3349 complc—

2256 3385 2379 3424 xam
2404 3387 2417 3434 ;
2441 3370 2647 3425 tamdiu
2666 3382 2847 3425 autem
2863 3384 2891 3425 a
2908 3370 3442 3426 recensueditionum
3466 3372 3719 3441 Cypriani
3736 3386 3855 3425 eam

2255 3460 2464 3532 sejungi
2497 3462 2680 3529 velim,
2701 3461 2877 3518 donec
2907 3462 3112 3518 certius
3142 3462 3345 3533 aliquid
3366 3464 3467 3518 erit
3495 3474 3853 3531 compertum.

2972 3557 3129 3613 1501.

2332 3647 2426 3703 En.
2454 3647 2678 3705 Vnus“
2702 3650 2741 3704 I.
2769 3650 2985 3715 Venet.,
3010 3663 3094 3720 ap.
3130 3648 3374 3713 Aldum.,
3405 3647 3572 3706 ἰπὶ-«1⁸⁵.
3604 3646 3856 3720 Cypriani

2255 3742 2486 3798 Carmen
2531 3744 2599 3799 de
2630 3743 2799 3815 Ligno
2850 3743 3038 3799 Crucis
3066 3761 3077 3797 :
3104 3741 3246 3799 inter
3294 3751 3480 3813 poetas
3524 3741 3859 3799 Christianos

2257 3833 2392 3907 (Cat.
2428 3835 2565 3892 Bibl.
2602 3836 2873 3905 Casanat.,
2907 3848 3037 3894 tom.
3064 3853 3122 3903 ll,
3149 3853 3266 3909 pag.
3300 3836 3450 3905 525).

2894 3958 3137 4003 CLASSIS
3183 3958 3253 4001 II.

2490 4040 2564 4095 Ab
2590 4040 2815 4096 editione
2836 4040 3193 4097 Remboltiana
3228 4040 3297 4093 ad
3332 4037 3642 4095 lt’rasmicas.

2984 4132 3141 4189 1512.

2330 4229 2428 4284 En.
2464 4228 2874 4285 REIBOLTIANA.
2926 4225 3027 4282 En.
3076 4226 3429 4291 PARISIBNSIS,
3488 4222 3554 4279 ll.
3613 4221 3857 4290 Parisiis,

2259 4320 2431 4376 in-lo.
2461 4320 2767 4376 Beatissimi
2814 4317 3011 4374 Caecilii
3070 4315 3858 4390 CypriauiCarthaginensium

2258 4413 2529 4484 prsesulis,
2549 4412 2801 4479 oratoris,
2831 4411 3089 4483 verbique
3115 4410 3285 4468 divini
3308 4410 3576 4479 praeconis
3600 4410 3859 4481 eloquen-

2261 4503 2453 4558 tissimi
2486 4520 2499 4557 :
2531 4518 2595 4558 ac
2625 4503 2748 4558 trini
2779 4501 3046 4573 uniusque
3109 4501 3203 4558 Dei
3238 4502 3655 4572 proclamatoris
3697 4498 3863 4555 vehe-

2260 4598 2583 4653 mentissimi
2640 4612 2803 4667 opera
2844 4597 2971 4653 hinc
3018 4596 3145 4652 inde
3198 4605 3461 4667 recepta,
3516 4602 3570 4650 et
3614 4594 3665 4648 in
3694 4607 3858 4649 unum

2259 4691 2453 4763 vigiliis
2481 4700 2535 4747 et
2560 4690 2866 4761 sumptibus
2895 4690 3141 4763 magistri

2257 4805 2512 4857 Bertholdi
2533 4805 2760 4856 Βιιωοιτ
2785 4812 2838 4856 et
2851 4804 3057 4855 Joannis
3080 4804 3402 4861 WA‘I'IRLOIS,
3426 4797 3859 4863 calcograpborum

2330 4912 2637 4996 (ILPostea
2681 4911 3116 4996 interlepist.olas.
3144 4910 3347 4996 relatus
3376 4924 3410 4996 ar
3440 4907 3776 4996 Pamelion.

2260 4993 2313 5039 et
2334 4978 2641 5049 in'Beued.,
2668 5002 2721 5039 ιι.
2752 4986 2796 5040 1.
2826 4978 3149 5039 Οὲοιιὶθηδίε
3170 4982 3345 5037 editor
3375 4992 3557 5049 tamen,
3585 4978 3861 5049 inscripsit

2261 5055 2457 5110 librum
2483 5056 2546 5110 de
2576 5055 2754 5109 Gratia
2793 5054 2920 5122 Dei,
2969 5072 3023 5125 p.
3051 5054 3076 5108 1
3106 5096 3122 5121 ,
3171 5052 3261 5109 ubi
3290 5051 3493 5107 videsis
3529 5048 3690 5106 docta
3740 5048 3859 5121 ejus

2260 5136 2532 5182 annotata.
2561 5126 2971 5185 ScnmNeumu.

2334 5197 2413 5268 (2)
2471 5198 2661 5254 Postea
2712 5200 2853 5253 inter
2890 5214 3015 5269 epp.
3066 5195 3265 5251 relatus
3315 5194 3370 5251 in
3400 5192 3491 5250 ed.
3543 5189 3749 5249 Pamel.
3802 5200 3859 5248 et

2260 5267 2436 5324 Oxon.
2472 5286 2623 5325 anr.
2666 5270 2891 5325 Senam.

2332 5341 2412 5413 (5)
2442 5339 2633 5413 Postea
2660 5339 2824 5413 Cypr.
2851 5338 3205 5413 abjudicatus.
3240 5332 3467 5413 Scngmv.

2360 5410 2414 5483 4)
2452 5410 2719 5483 Cypriane
2742 5410 3075 5483 abjudicatus
3104 5419 3313 5483 postea:
3345 5410 3564 5483 Sanam.

2362 5473 2414 5556 ὅ)
2456 5473 2600 5537 Inter
2636 5498 2763 5556 epp.
2807 5473 3010 5540 relatus
3060 5473 3118 5537 in
3159 5481 3247 5538 ed.
3282 5480 3488 5537 Pamel.
3516 5492 3608 5541 LV,
3636 5473 3813 5532 Oxon.
3842 5515 3858 5541 ,

2262 5572 2353 5612 LII.
2392 5569 2614 5611 sonam.

2334 5624 2412 5700 (ϐ)
2452 5627 2673 5684 Relatus
2717 5624 2857 5684 inter
2908 5642 3033 5699 epp.
3080 5623 3322 5691 Pamel.,
3352 5617 3719 5747 ινιιὲῦὲὲῇη.
3746 5634 3857 5676 va.

3512 5706 3693 5749 ςιιωκ.

2342 5769 2421 5841 (7)
2467 5769 2603 5841 Epp.
2636 5770 2785 5826 Pam.
2817 5767 3089 5840 uix,0x.
3126 5782 3312 5825 Lxxvr.
3357 5765 3581 5825 Scauri.
