4242 6270
569 282 696 331 Lxxt

564 376 743 423 natus.
764 365 915 425 Hanc
929 368 1134 425 notavit
1164 368 1416 437 Sandius,
1452 384 1504 443 p.
1538 371 1641 441 42;
1673 371 1835 445 pleno
1870 373 2023 430 titulo
2053 376 2169 431 lau-

564 458 710 515 davit
738 458 1091 531 Hamberger,
1121 476 1175 531 p.
1206 462 1333 530 599,
1366 472 1405 517 t.
1436 478 1503 531 u,
1538 476 1735 534 praeter
1762 466 1859 523 hos
1887 477 2065 523 autem
2101 468 2170 523 ab

564 553 820 610 omnibus
843 555 1089 625 ignorata
1119 565 1213 610 aut
1242 556 1485 627 neglecta
1517 556 1640 613 fuit.

1298 648 1459 703 1522.

560 746 576 771 ι
635 737 734 792 ΕΙ).
767 735 1042 794 ERASMICA
1084 738 1175 795 1V.
1225 739 1385 811 Apud
1432 742 1686 815 inclytam
1733 742 2033 799 Coloniam.
2085 745 2170 800 Jo.

563 829 723 886 Soter
749 829 1050 885 excutiebat
1092 846 1281 888 mense
1310 834 1538 900 martio,
1580 835 1615 888 2
1655 835 1764 891 vol.
1796 834 1963 890 in-80.
1997 835 2174 907 Opera

560 923 624 978 D.
656 923 798 979 Czec.
840 922 903 979 C.
936 925 999 979 E.
1033 923 1094 980 C.
1132 926 1391 982 Volumeu
1438 928 1674 999 primum
1705 944 1773 985 ex
1804 929 2175 999 recognitione

560 1015 774 1071 Erasmi
805 1016 928 1071 Rot.
959 1016 1066 1073 vol.
1101 1033 1160 1085 ΙΙ,
1210 1020 1388 1075 varios
1418 1020 1789 1091 complectens
1819 1030 1873 1076 et
1913 1030 2174 1079 tractatus

560 1116 616 1163 et
642 1122 922 1163 sermones
946 1150 962 1177 ,
1006 1124 1234 1180 quorum
1268 1111 1364 1167 tibi
1406 1112 1711 1185 catalogum
1750 1128 1987 1186 sequens
2016 1114 2175 1171 exhi-

562 1201 710 1258 bebit
736 1203 966 1274 pagella,
984 1212 1119 1273 etc.,
1140 1213 1244 1262 etc.

1277 1277 1438 1334 1525.

630 1365 728 1420 ΕΙ).
762 1364 1035 1422 ΕΙιΑειΙιαΑ
1069 1365 1133 1421 γ.
1177 1367 1337 1435 lbid.,
1367 1384 1465 1440 per
1493 1368 1676 1426 eumd.
1712 1371 1926 1442 (mense
1952 1369 2175 1426 februa-

555 1456 661 1529 rio)
692 1458 870 1514 in—l‘ol.
903 1460 1079 1529 Opera
1112 1462 1443 1517 sanctissimi
1460 1461 1614 1518 Mart.
1633 1460 1775 1518 Czec.
1797 1462 1961 1534 Cypr.
1991 1463 2175 1533 Episc.

558 1549 770 1619 Carth.,
799 1551 909 1621 jam
940 1553 1157 1608 tertium
1184 1553 1373 1621 habes,
1402 1556 1591 1621 lector,
1611 1572 1641 1610 a
1672 1557 1883 1612 mendis
1910 1572 2177 1626 repurga-

558 1644 716 1713 tiora,
748 1661 814 1700 ex
843 1647 1111 1702 variarum
1135 1648 1431 1703 editionum
1462 1664 1524 1704 ac
1568 1651 2058 1705 vetustissimorum
2082 1664 2177 1706 co-

557 1737 738 1793 dicum
770 1740 1081 1805 collatione,
1115 1741 1342 1810 adjectis
1374 1741 1640 1812 pluribus,
1671 1758 1791 1813 quae
1817 1744 2034 1814 vulgata
2064 1758 2176 1799 non

553 1828 790 1899 fuerant,
821 1833 1129 1899 annotat'ts,
1174 1848 1293 1902 quae
1341 1835 1429 1888 vel
1480 1834 1645 1889 n0tba
1696 1835 2041 1905 ferebantur,
2087 1838 2174 1894 vel

558 1923 830 1993 ambigua,
859 1921 1039 1979 studio
1064 1937 1299 1994 curaque
1332 1923 1394 1977 D.
1431 1924 1644 1980 Erasmi
1672 1924 2045 1983 Roterodami.

1289 2016 1446 2073 1527.

561 2170 569 2182 λ
635 2109 921 2183 Haganoae,
938 2110 997 2167 S.
1015 2108 1318 2183 Cyprianus
1346 2112 1414 2168 de
1435 2112 1963 2188 Eucharistia.(Bibl.
1988 2114 2173 2187 Barb.)

1289 2203 1452 2259 1528.

628 2298 730 2354 ΕΙ).
764 2298 1139 2356 Luconusnsrs
1175 2297 1217 2353 Ι.
1251 2297 1541 2371 Lugduni,
1594 2300 1734 2373 apud
1785 2300 1913 2360 Seb.
1964 2303 2171 2375 Gryph.

563 2391 601 2447 2
630 2392 737 2450 vol.
769 2392 938 2449 in-8°.
970 2392 1183 2450 Fabric.
1218 2391 1426 2522 22ἑ)ἷξ28

635 2557 764 2614 Sine
785 2557 905 2614 loco
933 2557 1107 2614 ἱη-12.
1139 2558 1442 2629 Cyprianus
1469 2560 1537 2618 de
1564 2560 1821 2621 Oratione
1837 2563 2171 2633 dominicali.

573 2652 741 2714 (Mus.
770 2652 944 2725 Brit.)
1272 2726 1414 2782 1550

635 2818 737 2874 ΕΙ).
768 2817 1040 2873 ΕΙΙΑδΙΙιοΑ
1072 2816 1159 2873 Vl.
1193 2817 1315 2873 Bas.
1346 2833 1414 2874 ex
1465 2818 1557 2874 oll‘.
1592 2819 1827 2877 Froben.
1871 2822 2054 2879 in-l'ol.
2099 2852 2171 2865 ~—

567 2912 742 2983 Opera
765 2912 875 2982 jam
898 2921 1145 2983 quartum
1169 2912 1491 2968 accuratiori
1510 2913 1780 2984 vigilantia
1798 2929 1827 2969 a
1843 2915 2054 2971 mendis
2077 2932 2169 2973 re-

563 3016 788 3076 purgata
824 3020 920 3076 per
944 3005 1069 3060 Des.
1103 3004 1386 3061 Erasmum
1420 3005 1546 3061 Rot.
1572 3007 1818 3063 Accessit
1840 3009 2167 3079 liberejusd.

566 3101 811 3171 apprime
832 3101 949 3169 pius
963 3099 1028 3154 ad
1042 3100 1395 3155 Fortunatum
1421 3100 1488 3156 de
1514 3100 1711 3171 duplici
1736 3101 1990 3175 Martyrio
2018 3112 2173 3161 ante-

566 3193 669 3248 hac
700 3207 992 3263 numquam
1018 3206 1268 3249 excusus.
1302 3193 1440 3264 (Cat.
1471 3193 1608 3248 Bibl.
1631 3193 1703 3248 du
1731 3194 1797 3248 Β.
1827 3210 1882 3265 p.
1907 3195 2059 3269 565.)

639 3286 780 3341 Dicit
817 3284 1080 3341 Erasmus
1116 3300 1176 3341 se
1216 3285 1361 3341 hunc
1401 3294 1688 3342 tractatum
1716 3288 1769 3342 in
1806 3289 2171 3346 vetustissima

566 3380 901 3437 bibliotheca
953 3380 1249 3435 invenisse.
1304 3381 1411 3436 Sed
1464 3381 1728 3438 artilicem
1778 3382 1942 3454 hujus
1998 3386 2170 3443 libelli

567 3473 901 3545 ipsissimum
940 3488 1062 3529 esse
1093 3474 1396 3541 Erasmum,
1422 3488 1485 3529 ac
1516 3475 1716 3546 ingenii
1738 3477 1821 3531 sui
1858 3491 1995 3547 opus
2043 3478 2171 3535 sub-

572 3566 777 3622 didisse
822 3565 1140 3635 pronuntiat
1196 3564 1462 3621 Henricus
1524 3565 1797 3635 Gravius,
1842 3569 1927 3623 cui
1980 3583 2170 3627 assen-

568 3659 675 3714 tire
728 3658 983 3713 videntur
1028 3657 1304 3711 Pamelius
1357 3666 1411 3712 et
1441 3657 1769 3714 Ceillierius.
1823 3659 1983 3717 Certe
2035 3662 2169 3719 bac-

561 3761 723 3807 tenus
773 3764 875 3805 nec
929 3749 1278 3817 bibliotheca,
1332 3763 1397 3803 ex
1428 3764 1533 3820 qua
1582 3750 1724 3805 hunc
1763 3751 2003 3808 libellum
2031 3756 2172 3811 eruit

566 3844 827 3901 Erasmus
872 3844 1086 3913 cognita
1127 3842 1376 3912 cuiquam
1423 3842 1567 3911 fuit;
1612 3860 1712 3900 nec
1758 3845 1952 3913 codex,
1979 3864 2086 3918 quo
2110 3866 2172 3908 se

566 3953 728 3992 usum
755 3951 877 3992 esse
904 3935 1130 4000 indicat,
1153 3935 1470 4004 cujusquam
1502 3934 1555 3989 in
1585 3951 1776 3991 manus
1803 3940 2073 4008 pervenit.
2103 3941 2173 3996 Et

568 4041 681 4093 res,
717 4037 772 4082 et
800 4025 969 4081 verba
1024 4024 1225 4097 stylum
1256 4023 1465 4080 Erasmi
1499 4025 1765 4095 redolent,
1798 4036 1851 4083 et
1872 4030 2015 4099 quod
2047 4046 2171 4087 sus-

566 4124 835 4194 picionem
858 4120 1029 4191 magis
1085 4128 1264 4191 auget,
1296 4120 1553 4175 nonnulla
1608 4121 1900 4191 Scriptum
1930 4125 2174 4182 testimo—

565 4216 676 4282 nia,
707 4225 764 4270 ut
792 4215 1047 4271 observat
1071 4212 1361 4279 Pamelius,
1416 4214 1487 4268 ita
1520 4229 1742 4285 prorsus
1795 4217 1847 4270 in
1882 4216 1983 4272 hoc
2008 4218 2170 4286 libro,

564 4309 727 4363 utin
796 4306 916 4360 aliis
986 4305 1195 4359 Erasmi
1270 4305 1776 4362 elucubrationibus
1844 4310 2170 4368 redduntur.

566 4399 823 4468 Lumper,
860 4396 1000 4451 Hist.
1032 4394 1269 4466 theolog.
1301 4396 1425 4449 crit.
1458 4396 1590 4464 PP.,
1617 4406 1656 4451 t.
1679 4412 1777 4464 xu,
1809 4412 1859 4468 p.
1885 4401 2012 4457 587.

1289 4488 1451 4543 1555.

640 4584 739 4639 ΕΙ).
767 4595 1147 4639 LUGDUNENSIS.
1176 4580 1239 4636 II.
1276 4578 1475 4651 Lugd.,
1496 4582 1637 4652 apud
1668 4582 1972 4656 Gryphum,
2002 4586 2169 4657 in—8°,

568 4675 801 4734 teStibus
825 4674 1078 4746 Dupinio,
1107 4672 1381 4730 Ceillierio
1402 4682 1457 4729 et
1474 4673 1732 4747 Lumper.

1288 4766 1450 4829 1557.

640 4862 738 4918 ΕΙ).
770 4876 997 4918 manus.
1034 4858 1121 4915 Ill.
1150 4859 1307 4927 lbid.,
1339 4858 1478 4931 apud
1504 4860 1778 4929 eumdem,
1812 4863 1981 4931 in-8°,
2013 4867 2170 4923 testi-

566 4958 669 5015 bus
696 4955 809 5012 DD.
842 4952 1098 5021 Nourrio,
1128 4951 1370 5019 Marano,
1401 4950 1677 5009 Ceillierio
1704 4964 1759 5011 et
1789 4954 2047 5027 Lumper.

1175 5068 1373 5123 Eodem
1403 5085 1557 5123 anno.

636 5166 737 5224 Eo.
757 5179 1044 5222 nnxsutcx;
1078 5162 1186 5219 Vll.
1212 5161 1459 5229 Basileaa,
1488 5176 1554 5218 ex
1582 5160 1674 5218 oﬂ‘.
1704 5162 1966 5236 Froben,
1991 5166 2027 5221 2
2053 5166 2164 5224 vol.

566 5260 781 5318 Fabric.
820 5257 949 5313 220.

958 5338 959 5345 ‘
1287 5327 1449 5384 1558.

644 5426 823 5480 Versio
884 5422 1190 5478 Germanica
1241 5420 1280 5475 Ι.
1313 5420 1599 5477 Tractatus
1653 5422 1723 5478 de
1775 5424 2168 5495 Singularitate

559 5519 900 5581 clericorum,
941 5515 1029 5585 qui
1080 5513 1242 5585 vulgo
1271 5512 1414 5568 inter
1438 5515 1697 5587 Cypriani
1720 5532 1886 5588 opera
1914 5518 2161 5589 habetur,

560 5628 592 5669 a
621 5609 982 5668 celeberrimo
1009 5606 1269 5662 Cochloeo
1297 5604 1603 5663 Theodisce
1647 5613 1891 5682 evulgata
1935 5612 2051 5682 fuit,
2090 5625 2168 5673 le-

559 5714 644 5762 ste
665 5702 967 5766 Ceillierio,
1009 5700 1099 5773 qui
1127 5709 1308 5758 autem
1336 5713 1439 5756 nec
1468 5701 1645 5758 locum
1668 5719 1769 5761 nec
1792 5704 2019 5764 formam
2051 5708 2166 5766 edi-

566 5798 732 5856 tionis
762 5793 1058 5854 adnotavit.

2040 278 2339 342 [’RfEFAT
2347 285 2434 342 l0.

3730 316 3874 357 LXXII

2986 380 3161 440 1540.

2346 470 2443 525 ΕΙ).
2478 469 2750 529 ΕΙιΑεΙΙΙοΑ
2786 472 2917 529 Vlll.
2942 473 3091 541 Bas.,
3122 481 3173 532 in
3206 478 3297 534 oll'.
3331 478 3701 553 Herwagiana,
3742 485 3880 540 in-f°

2276 559 2295 633 (
2316 560 2476 617 Fabr.
2503 562 2628 635 ib.).
2663 564 2832 635 Hujus
2862 579 3093 636 quatuor
3120 572 3451 643 exemplaria
3491 588 3539 630 c.
3584 591 3716 631 mss.
3751 578 3879 633 coll.

2275 653 2329 709 in
2357 655 2487 712 bibl.
2521 657 2809 716 Baluziana
2839 671 3016 717 erant.

3012 755 3174 812 15M.
3840 820 3846 827 _

2350 841 2449 897 ΕΙ).
2477 842 2814 901 PARISIENSIS
2845 844 2932 901 ΙΙΙ.
2966 847 3138 904 Paris.
3179 866 3267 921 ap.
3308 852 3575 925 Arnulph.
3614 855 3884 930 Lnngele-

2278 938 2440 995 rium.
2475 939 2914 997 in-fol.—Editio
2931 941 3074 999 fmde
3097 944 3417 1016 interpolata
3444 958 3497 1004 et
3517 954 3885 1010 contaminata

2278 1031 2404 1088 licet
2432 1036 2867 1105 repurgationem
2906 1036 3076 1106 jactet
3122 1039 3173 1092 in
3207 1040 3369 1095 titulo
3396 1056 3569 1112 eoque
3599 1044 3887 1115 impuden-

2280 1124 2368 1179 tiae
2396 1128 2669 1196 progressi
2712 1128 2820 1182 sint
2857 1138 3171 1197 curatores,
3218 1142 3277 1185 ut
3320 1132 3528 1187 Erasmi
3582 1137 3883 1204 prmlalioni

2279 1217 2417 1272 datae
2445 1219 2688 1287 Lovanii,
2724 1222 2885 1289 1519,
2919 1224 3342 1295 subscripserint
3371 1226 3543 1283 Paris.
3588 1231 3747 1286 1541.
3785 1233 3887 1288 Pa-

2281 1312 2472 1367 melius
2514 1312 2617 1369 hac
2652 1314 2720 1371 de
2752 1331 2813 1372 re
2851 1319 3094 1388 queritur
3136 1319 3188 1373 in
3235 1330 3442 1377 annott.
3485 1322 3550 1376 ad
3583 1323 3777 1380 librum
3818 1326 3890 1384 dc

2280 1403 2539 1462 Oratione
2554 1406 2849 1477 Dominiea,
2868 1410 2933 1465 ad
2949 1411 3110 1467 verba
3131 1430 3143 1467 :
3164 1412 3452 1470 Excusatio
3467 1415 3557 1470 tibi
3579 1417 3742 1485 nulla,
3757 1426 3887 1490 etc,

2280 1512 2403 1567 quae
2460 1498 2711 1569 leguntur
2766 1502 2931 1557 etiam
2989 1503 3129 1574 apud
3176 1503 3411 1561 Caveum
3452 1522 3508 1578 p.
3557 1508 3677 1563 129.
3723 1509 3891 1579 Hujus

2282 1594 2611 1663 exemplaria
2632 1593 2755 1649 coll.
2782 1609 2831 1649 c.
2854 1611 2985 1652 mss.
3020 1597 3178 1653 codd.
3200 1600 3483 1656 exstabant
3508 1602 3559 1656 in
3579 1602 3886 1663 Baluziana.

2999 1709 3160 1766 1541.

2999 1711 3066 1763 15
3108 1711 3160 1766 1.

2352 1796 2451 1852 ΕΙ).
2481 1797 2815 1855 PARlSlENSIS
2842 1800 2934 1857 IV.
2954 1711 3154 1871 Parii,
3180 1819 3267 1875 ap.
3298 1805 3496 1862 Oudin.
3524 1809 3888 1885 (Audoenum)

2278 1886 2547 1959 Parvum,
2577 1890 2721 1948 haud
2750 1891 2915 1951 dubie
2956 1894 3085 1951 in-fo
3110 1896 3271 1969 (Bibl.
3318 1900 3476 1958 Barb.
3514 1900 3631 1958 Cat.
3673 1904 3759 1961 ed.
3804 1922 3892 1963 sc-

2278 1980 2498 2052 cunda).
2997 2060 3129 2117 is“

2349 2146 2449 2202 ΕΙ).
2480 2147 2810 2210 PARISIENSIS
2842 2154 2906 2223 ν,
2937 2154 3211 2215 ΕΙιΑεΙΙΙοΑ
3256 2159 3348 2215 ΙΧ.
3379 2161 3539 2229 lbid.,
3569 2180 3655 2235 ap.
3688 2166 3882 2224 Franc.

2278 2238 2562 2312 Reyuault.
2595 2244 2748 2300 in-lO.
2780 2277 2851 2287 —
2876 2245 2958 2303 Ex
2983 2248 3070 2306 ed.
3102 2260 3300 2308 etcum
3329 2268 3456 2309 ann.
3487 2254 3716 2311 Erasmi.
3747 2257 3884 2329 (Cat.

2276 2330 2416 2388 Bibl.
2448 2334 2579 2406 Reg.
2607 2355 2662 2408 ρ.
2692 2338 2845 2411 565.)

2992 2413 3152 2470 1541.

2348 2500 2446 2556 ΕΙ).
2474 2517 2766 2562 PABISIENS.
2803 2504 2892 2562 VI.
2940 2507 3101 2579 Apud
3140 2508 3420 2567 Nicolaum
3468 2512 3721 2586 Guigant.
3758 2514 3885 2569 in—l‘

2278 2592 2552 2668 (Ceillier.,
2583 2614 2662 2668 III,
2682 2614 2737 2671 p.
2767 2600 2921 2673 218).
2997 2675 3131 2731 is“

2348 2762 2447 2818 ΕΙ).
2477 2763 2752 2821 Eussnex
2781 2764 2850 2820 X.
2884 2766 3151 2838 Antverp.
3186 2768 3360 2825 ἰπὶ-80.
3392 2769 3714 2843 Cyprianus.
3744 2773 3879 2845 (Cat.

2276 2851 2409 2909 Bibl.
2458 2854 2599 2911 Mus.
2645 2856 2881 2914 Britanu.
2926 2859 3101 2916 Lond.
3138 2860 3278 2916 1787
3306 2862 3494 2935 in-fO.)

2986 2951 3150 3008 1541.

2352 3060 2452 3116 ΕΙ).
2502 3077 2787 3120 suasum.
2821 3063 2912 3120 XI.
2956 3064 3219 3137 Basilem,
3267 3082 3335 3124 ex
3403 3068 3545 3126 ofﬁc.
3585 3071 3875 3145 llerwagii,

2275 3155 2535 3213 laudante
2558 3156 2812 3214 Nourrio.

3002 3232 3163 3289 1542.

2349 3322 2449 3378 ΕΙ).
2484 3323 2759 3381 Eussnex
2796 3323 2911 3380 ΧΠ.
2945 3324 3277 3396 Antverplai,
3322 3343 3444 3385 exc.
3489 3329 3573 3385 Jo.
3617 3331 3873 3385 Criuitus.

2277 3416 2344 3471 D.
2372 3415 2434 3472 C.
2465 3417 2628 3490 Cypr.
2671 3419 2772 3489 Ep.
2818 3417 3002 3474 Carth.
3052 3429 3108 3475 et
3156 3420 3404 3493 Martyris
3430 3423 3627 3495 Opera,
3678 3427 3729 3480 iu
3771 3425 3877 3479 duo

2277 3516 2453 3565 tomos
2483 3511 2676 3567 divisa.
2704 3512 2803 3567 Est
2830 3510 3169 3569 Coloniensis
3188 3529 3278 3569 an.
3306 3515 3467 3584 1522,
3496 3516 3763 3572 indicibus
3797 3528 3877 3571 ta-

2275 3616 2401 3657 men
2428 3601 2764 3658 exilioribus.

2990 3676 3151 3731 1544.

2348 3762 2446 3818 ΕΙ).
2478 3764 2753 3821 ΕΙΙΑεΙΙΙαΑ
2785 3765 2928 3833 Xlll,
2959 3767 3119 3839 vulgo
3170 3768 3469 3826 Cumana.
3504 3770 3763 3840 Coloniae,
3809 3787 3878 3829 ex

2277 3853 2491 3910 ofﬁcina
2526 3866 2636 3928 typ.
2667 3857 2813 3912 Petri
2843 3858 3097 3927 Quentel,
3130 3874 3320 3917 mense
3349 3874 3594 3933 augusto.
3636 3864 3697 3918 D.
3730 3863 3875 3921 Caec.

2276 3946 2442 4017 Cypr.
2468 3978 2538 3988 -—
2563 3948 2826 4006 Universa
2850 3992 2865 4016 ,
2917 3966 3037 4022 quae
3077 3952 3295 4023 quidem
3342 3964 3558 4011 exstare
3602 3955 3874 4024 sciuntur,

2278 4043 2619 4113 operazjam
2666 4044 2960 4100 novissime
3001 4061 3069 4101 ex
3099 4047 3448 4117 castigatione
3497 4049 3621 4104 Des.
3668 4048 3879 4104 Erasmi

2277 4134 2534 4193 Roterod.
2565 4137 2876 4210 diligentius
2904 4140 3075 4196 multo
3104 4155 3262 4211 quam
3305 4141 3565 4197 hactenus
3594 4157 3870 4212 umquam,

2275 4234 2668 4305 exemplarium
2694 4236 3179 4306 manuscriptorum
3208 4235 3450 4291 subsidio
3471 4252 3498 4289 a
3527 4237 3738 4292 mendis
3761 4237 3876 4294 viu-

2277 4323 2473 4380 dicata.
2496 4326 2630 4381 Cum
2651 4328 2963 4383 accessione
2983 4327 3147 4383 libelli
3170 4327 3436 4399 Cypriano
3458 4328 3726 4399 inscripti,
3753 4345 3877 4385 eru-

2276 4414 2373 4471 diti
2407 4417 2696 4473 admodum
2724 4433 2787 4475 ac
2818 4420 2909 4490 pii,
2942 4419 3011 4476 de
3041 4420 3295 4491 Martyrio
3324 4420 3547 4491 duplici,
3571 4421 3639 4476 ad
3683 4421 3879 4477 Fortu-

2275 4518 2484 4565 natum.
2535 4510 2897 4570 Accesserunt
2938 4522 2994 4569 et
3039 4515 3414 4571 annotationcs
3460 4514 3670 4570 Erasmi
3697 4557 3711 4581 ,
3767 4529 3874 4571 non

2275 4601 2493 4671 quidem
2524 4620 2692 4659 unum
2716 4605 2771 4659 in
2800 4604 2997 4673 locum,
3031 4607 3401 4679 praecipitata,
3424 4608 3579 4664 sicuti
3600 4607 3876 4680 hucusque

2273 4692 2473 4749 factum
2505 4705 2589 4751 est
2615 4713 2630 4749 :
2661 4695 2759 4752 sed
2786 4697 2900 4752 suis
2940 4713 3167 4769 qumque
3196 4698 3330 4755 locis
3358 4699 3570 4756 diversa
3599 4700 3876 4756 characte-

2273 4800 2394 4840 rum
2424 4788 2604 4857 specie
2645 4804 2789 4845 nunc
2818 4789 3050 4860 primum
3087 4791 3304 4847 insertae
3335 4810 3348 4845 :
3381 4793 3575 4863 partim
3620 4802 3679 4848 ut
3706 4793 3877 4850 lecwr

2272 4879 2551 4950 quaerendi
2584 4881 2743 4936 taedio
2772 4880 3061 4949 levaretur,
3100 4883 3318 4952 partim,
3364 4892 3422 4939 ut
3448 4886 3784 4940 commodius
3820 4893 3876 4941 et

2272 4972 2500 5036 acutius,
2529 4972 2657 5043 quid
2688 4972 2792 5028 sibi
2820 4975 2987 5029 velint
3014 4974 3313 5045 Cyprianus
3336 4985 3392 5030 et
3414 4975 3694 5041 Erasmus,
3720 4975 3873 5047 quasi

2272 5080 2337 5120 ex
2368 5065 2619 5134 opposito
2645 5064 3026 5135 inspiceretur.
3055 5066 3122 5120 Et
3148 5068 3605 5124 annotatiunculre
3634 5084 3729 5124 seu
3755 5083 3877 5124 cas-

2271 5155 2556 5227 tigationes
2604 5156 2810 5227 aliquot
2856 5158 3148 5214 doctissimi
3205 5157 3482 5231 utriusque
3535 5160 3730 5231 lingua:
3774 5159 3875 5215 viri

2272 5246 2489 5302 Henrici
2514 5245 2715 5316 Gravii,
2750 5249 2941 5303 breves
2969 5249 3075 5303 illae
3096 5249 3313 5318 quidem
3342 5259 3398 5306 et
3430 5266 3633 5321 paucae,
3663 5251 3754 5306 sed
3778 5266 3875 5321 op-

2271 5349 2517 5411 portunce
2543 5348 2721 5395 tamen
2750 5348 2805 5396 et
2833 5341 3077 5396 eruditae.
3103 5340 3172 5396 Et
3194 5342 3353 5399 index
3381 5358 3574 5411 novus,
3602 5343 3875 5413 copiosior

2271 5433 2430 5505 longe
2450 5444 2663 5490 vetusto
2693 5435 2785 5490 illo
2810 5444 2864 5491 et
2885 5436 3057 5509 magis
3079 5436 3339 5508 digestus,
3358 5438 3470 5510 jam
3496 5452 3684 5493 recens
3707 5451 3872 5504 opera

2270 5526 2651 5582 Bartholomari
2680 5526 2961 5583 Laurentis
3001 5529 3267 5600 adjectus.
3315 5529 3452 5597 Quid
3494 5528 3617 5582 huic
3645 5526 3871 5583 editioni

2272 5619 2618 5676 tribuendum
2645 5619 2735 5685 sit,
2768 5618 2926 5676 facile
2976 5622 3219 5679 sentient
3264 5622 3300 5676 ii
3329 5619 3419 5690 qui
3447 5618 3532 5673 vel
3565 5619 3872 5676 anteriores

2269 5710 2523 5783 Cypriani
2561 5712 2686 5769 edd.
2736 5714 2904 5785 probe
2936 5716 3135 5783 norint,
3185 5713 3271 5771 vel
3322 5711 3461 5769 hanc
3506 5726 3626 5769 cum
3679 5714 3871 5784 quavis

2268 5805 2516 5863 conferre
2543 5822 2650 5863 non
2677 5806 2875 5864 fuerint
2894 5808 3116 5877 gravati.
3854 5810 3855 5813 ‘
