4242 6270
354 392 523 434 LXXIII

425 490 870 548 Erasmianarum
909 500 1153 548 annotat.
1185 493 1392 566 aliquot
1418 504 1599 551 tamen
1627 495 1755 567 quia
1781 496 1954 567 priva-

348 587 453 642 tim
483 587 593 642 suis
622 586 757 641 locis
781 585 958 656 aptari
988 601 1095 641 non
1120 587 1396 653 volebant,
1425 588 1493 643 ab
1525 589 1677 645 initio
1712 604 1954 645 seorsum

350 697 481 739 cum
531 680 977 752 castigationibus
1023 680 1205 736 Gravii
1251 682 1476 738 relictae.
1524 682 1605 738 Ad
1653 684 1845 739 librum
1891 684 1959 739 de

353 774 509 845 dupl.
551 774 811 846 Martyrio
857 773 1087 829 Gravius
1135 775 1473 845 suspicatur:
1517 776 1754 846 phrasim
1795 777 1958 831 Eras-

353 880 504 921 mum
549 864 729 936 ipsum
761 872 852 919 aut
892 866 1201 935 quempiam
1236 867 1463 923 Erasmo
1492 870 1725 925 similem
1758 868 1960 925 referre

345 958 531 1031 potius
590 968 905 1025 auctorem,
964 975 1125 1028 quam
1189 959 1538 1031 Cyprianum.
1602 964 1658 1018 In
1713 964 1959 1019 eamdem

347 1052 677 1108 sententiam
710 1052 805 1107 ivit
830 1060 1016 1121 postea
1055 1052 1332 1108 Pamelius
1359 1055 1497 1110 alios
1525 1057 1685 1111 etiam
1714 1068 1959 1112 assenta.

348 1156 501 1201 tores
551 1156 765 1202 nactus.
810 1144 975 1199 Errat
1000 1160 1131 1200 vero
1170 1144 1463 1216 Pamelius,
1507 1148 1634 1203 dum
1681 1158 1963 1219 utramque

348 1238 750 1295 Frobenianam
774 1236 920 1293 hunc
938 1237 1136 1293 librum
1160 1238 1405 1309 proferre
1449 1240 1646 1309 inquit,
1672 1241 1956 1311 siquidem,

351 1341 409 1387 ut
426 1346 526 1386 suo
548 1331 669 1386 Ioco
688 1329 966 1400 professus
987 1339 1092 1397 est,
1108 1331 1407 1386 versaverit
1424 1330 1693 1387 editiones
1712 1346 1800 1387 an.
1823 1333 1963 1389 1520

353 1433 410 1479 et
444 1423 581 1478 1525
623 1423 821 1494 (1).....
856 1422 1078 1477 Baluzio
1120 1431 1341 1479 auctore
1369 1466 1387 1491 ,
1434 1438 1542 1479 non
1573 1425 1689 1494 ipse
1735 1424 1965 1482 Gravius

354 1515 500 1570 hanc
551 1514 638 1571 ed.
689 1513 919 1583 curavit,
978 1515 1074 1571 sed
1122 1516 1276 1581 alius,
1311 1517 1403 1586 qui
1449 1519 1746 1587 exemplari
1796 1519 1960 1587 edito,

358 1608 684 1677 conjecturis
731 1616 787 1664 et
837 1608 1003 1663 variis
1060 1608 1381 1665 lectionibus
1436 1625 1502 1664 ex
1555 1610 1711 1665 codd.
1765 1627 1899 1667 mss.
1934 1629 1963 1668 a

359 1700 543 1756 Grarii
570 1716 727 1755 manu
755 1709 944 1756 nctato
963 1709 1225 1757 uteretur.
1242 1700 1398 1769 Quod
1421 1716 1486 1757 ex
1517 1703 1680 1758 totius
1711 1702 1965 1759 editionis

357 1794 708 1849 adornatione
734 1793 1061 1850 concludere
1099 1794 1232 1849 mihi
1279 1794 1363 1849 vir
1393 1795 1773 1867 sagacissimus
1815 1796 1961 1853 visus

355 1894 437 1941 est
462 1901 583 1957 quae
610 1900 746 1942 sane
772 1886 898 1943 huic
928 1886 1225 1956 suspicioni
1250 1885 1423 1943 favet.

1094 1978 1253 2035 1544.

433 2069 535 2125 En.
566 2084 827 2125 ειιιιειιιειι
847 2069 985 2136 XIV,
1016 2070 1297 2127 GRAVIANA
1312 2070 1376 2125 II.
1415 2071 1673 2140 Basileze,
1699 2071 1752 2127 in
1782 2073 1967 2141 Quen-

359 2163 559 2220 teliana
608 2161 820 2218 ofﬁcina
873 2163 1089 2220 Henrici
1143 2164 1290 2220 edita
1345 2164 1561 2220 fuerunt
1620 2165 1811 2221 eadem
1863 2167 1966 2239 Cy-

356 2255 529 2327 priani
573 2268 763 2326 opera,
819 2255 1094 2313 referente
1117 2256 1181 2311 D.
1233 2254 1484 2327 Nourryo
1525 2266 1713 2313 nostro
1743 2267 1798 2313 et
1843 2270 1967 2329 post

357 2364 480 2405 cum
507 2348 767 2419 Lumper.

1090 2422 1252 2478 1544.

436 2512 530 2568 En.
565 2512 939 2569 Luconnexsrs
960 2513 1050 2570 IV.
1082 2512 1360 2585 Lugduni,
1392 2514 1533 2586 apud
1562 2514 1767 2587 Gryph.
1798 2516 1962 2586 in-8“,

358 2607 393 2663 2
412 2607 537 2664 voll.
564 2606 701 2663 Vide
724 2608 1055 2679 superiores.

1086 2682 1247 2735 1546.

1086 2682 1110 2734 1
1142 2681 1189 2736 ’4
1232 2722 1247 2735 .

432 2774 531 2829 En.
570 2772 879 2830 νεῖαι-ΑΗ.
911 2680 1321 2841 νεηθιῗὶιῗ-ᾼο.
1350 2774 1603 2847 Cypriani
1640 2775 1963 2833 Exorcismi.

362 2866 594 2939 (Bm)

1083 2939 1239 2994 1547.

440 3032 542 3086 En.
572 3031 790 3086 VENETA
844 3032 933 3087 III.
996 3031 1213 3099 Venet.,
1247 3031 1311 3086 ad
1361 3032 1572 3102 signum
1604 3032 1769 3103 Spei,
1818 3032 1967 3089 iit-8°

364 3128 555 3197 (Fabr.
584 3127 783 3196 teste).
808 3125 983 3195 Opera
1011 3127 1236 3195 adjectis
1266 3126 1508 3197 ejusdem
1532 3126 1875 3183 Carminibus
1901 3127 1971 3184 de

360 3219 540 3274 Cruce
568 3217 968 3289 Redemptoris.
1006 3217 1159 3289 (Cat.
1195 3217 1330 3274 Bibl.
1357 3219 1504 3291 Cliig.
1530 3221 1550 3289 )

1098 3313 1253 3368 1549.

441 3406 537 3461 En.
572 3405 847 3461 Euasmca
878 3404 994 3470 XV,
1026 3405 1306 3461 Cumana
1349 3405 1435 3460 III.
1465 3405 1737 3472 Coloniae,
1770 3406 1966 3480 (in-fol.

368 3498 546 3572 puto),
569 3514 635 3554 ex
664 3498 841 3569 ejusd.
876 3497 1056 3555 Gravii
1087 3498 1429 3555 recensione.
1462 3498 1709 3554 Fabricio
1742 3508 1897 3556 teste.

1089 3592 1255 3648 1549.

442 3687 543 3743 En.
573 3686 775 3742 Ειυιειι.
808 3684 945 3742 XVI.
979 3686 1205 3741 Basileae
1225 3728 1238 3751 ,
1268 3684 1410 3757 apud
1441 3685 1675 3742 Froben.
1703 3728 1717 3753 ,
1749 3687 1975 3744 testibus

374 3779 627 3850 Dupinio,
659 3778 923 3852 Nourryo,
962 3777 1237 3837 Ceillierio
1268 3786 1322 3834 et
1347 3778 1601 3851 Lumper.

1103 3872 1266 3926 1519.

1103 3872 1266 3928 1519.

416 3964 883 4021 En.Lucnu.veusts
898 3962 959 4020 V.
982 3964 1142 4029 Ιιι-8⁰,
1158 3963 1510 4019 referentibus
1525 3963 1714 4019 iisdem
1730 3964 1971 4020 testibus.

1090 4061 1252 4117 1550.

445 4154 543 4208 En.
596 4154 870 4209 Enasurca
921 4153 1083 4210 XVII.
1129 4153 1375 4220 Basileac,
1426 4152 1567 4223 apud
1610 4151 1973 4222 Herwagium,

373 4256 507 4302 teste
530 4244 796 4317 Nourryo.

1091 4317 1249 4375 1550.

444 4410 541 4465 Eo.
571 4410 945 4466 Lccnuxaxsrs
985 4408 1073 4477 VI,
1105 4409 1269 4479 in-8°,
1322 4408 1463 4480 apud
1511 4407 1812 4481 Gryphum,
1844 4416 1980 4465 teste

375 4504 604 4576 Dupinio
636 4513 691 4560 et
717 4503 1007 4559 Ceillierio.
1103 4577 1240 4632 is“

1174 4592 1240 4632 no

1174 4592 1261 4633 »ῦ-

455 4672 633 4728 Versio
662 4672 973 4727 Germanica
1012 4673 1074 4737 Il,
1109 4688 1139 4728 a
1160 4672 1351 4728 Melch.
1402 4670 1701 4729 Ambachio
1728 4670 1779 4725 in
1808 4670 1983 4724 lucem

385 4767 613 4834 prolata,
636 4767 736 4819 sub
756 4767 857 4819 hoc
880 4765 1033 4820 titulo
1066 4784 1077 4819 :
1111 4765 1166 4821 S.
1195 4764 1398 4821 Caecilii
1419 4764 1697 4837 Cypriani.
1722 4762 1817 4818 des
1842 4761 1981 4816 alten

386 4856 611 4911 Christl.
666 4857 893 4913 Lchrers
932 4874 985 4911 u.
1039 4856 1283 4912 Bischofs
1318 4856 1601 4927 Predigten
1631 4871 1687 4909 ιι.
1715 4851 1983 4909 Schriften

387 4953 487 5007 mit
539 4952 876 5007 Summarien
930 4968 981 5005 ιι.
1037 4950 1412 5021 Erklarungcn
1481 4948 1706 5005 etlicher
1758 4944 1989 5001 dunkler

387 5042 630 5113 Spritche
668 5060 719 5097 ιι.
744 5042 985 5108 Worter,
1018 5043 1184 5098 deren
1235 5043 1291 5098 S.
1339 5043 1637 5114 Cyprianus
1666 5038 1985 5110 gcbraucht,

385 5152 484 5192 aus
522 5136 579 5192 S.
609 5134 860 5207 Cypriani
918 5135 1087 5191 selbst
1140 5152 1193 5190 u.
1227 5134 1477 5191 Anderer
1518 5132 1739 5189 Christl.
1784 5133 1990 5187 Lehrer

382 5230 617 5288 Scril'ten
650 5230 963 5285 erlaeutert.
989 5228 1271 5299 Zeugniss,
1303 5227 1501 5282 urtheil
1533 5244 1584 5281 ιι.
1616 5226 1732 5282 Lob
1758 5227 1854 5281 der
1881 5225 1992 5279 fiir-

390 5336 635 5381 nemsten
667 5325 874 5381 Lehrcr
898 5340 1020 5380 vom
1048 5324 1252 5389 Leben,
1284 5322 1459 5379 Lehre
1491 5340 1542 5377 ιι.
1575 5322 1753 5377 Ieiden
1786 5321 1840 5377 S.
1876 5322 1992 5377 Ca:-

390 5421 480 5475 cili
510 5418 787 5489 Cypriani,
814 5418 1063 5474 Norimb.
1090 5447 1159 5457 ——
1189 5415 1305 5472 Non
1338 5416 1517 5472 omnia
1551 5415 1749 5486 scripta
1776 5428 1991 5486 germa-

385 5515 506 5570 nice
531 5513 882 5571 exhibentur.

470 5696 549 5765 (l‘,
580 5695 691 5750 Nec
746 5694 796 5748 in
845 5694 1086 5749 editione
1131 5688 1675 5765 Frobenianacull‘iﬁl,
1710 5701 1811 5742 nec
1852 5686 1903 5741 in
1932 5700 1996 5740 ea

430 5759 541 5824 5‘25
594 5782 751 5836 quam
802 5776 1088 5835 utramque
1120 5772 1306 5836 utpote
1346 5764 1397 5836 in
1445 5759 1770 5836 bibliotheca
1816 5769 1996 5836 nostra

389 5856 489 5897 exs
517 5829 737 5898 autem.
779 5829 1067 5907 diligenter
1114 5829 1310 5894 evolvi.
1354 5832 1599 5889 laudatus
1649 5838 1906 5888 tractatus
1930 5829 1998 5884 de

387 5913 587 5983 duplici
632 5911 881 5983 Martyrio
902 5909 1145 5965 habetur.
1176 5907 1412 5961 LUMPER.

1814 378 2202 438 PREFATIO.

3503 398 3663 444 LXXIV

2836 504 2992 559 1554.

2130 597 2229 654 En.
2282 612 2639 654 LUGDUNENSIS
2678 597 2788 655 VII.
2848 598 3114 669 Lugduni,
3170 597 3313 669 apud
3363 596 3664 671 Gryphum,

2055 688 2220 756 in-8°,
2250 698 2387 746 teste
2410 690 2643 745 Marano.

2827 763 2982 819 1556.

2135 855 2231 909 Ει).
2297 870 2655 911 LUGDUNENSIS
2713 856 2845 912 VIII.
2918 855 3162 923 Ibidem,
3215 855 3380 923 in—8°,
3446 856 3670 913 testibus

2069 946 2317 1018 Nourryo
2345 957 2402 1003 et
2428 947 2724 1004 Ceillierio.

2818 1022 2981 1077 1557.

2136 1110 2194 1165 S.
2223 1110 2498 1181 Cypriani,
2530 1112 2667 1168 liber
2692 1111 2759 1167 de
2798 1112 3014 1168 Unitate
3045 1113 3323 1179 Ecclesiae,
3347 1128 3471 1169 cum
3499 1127 3669 1168 anno-

2068 1201 2388 1269 tationibus,
2426 1201 2610 1256 itidem
2642 1217 2765 1257 cum
2814 1204 3094 1274 Augustini
3146 1204 3283 1259 libro
3312 1204 3551 1273 ejusdem
3579 1220 3667 1259 ar-

2065 1296 2327 1367 gumenti,
2350 1297 2625 1368 praemissa
2658 1296 2723 1354 G.
2757 1296 2952 1354 Calixti
2980 1297 3397 1365 introductione,
3415 1299 3671 1368 Helmst.,

2068 1388 2231 1443 in-8°.

2797 1462 2957 1518 1558.

2144 1552 2241 1610 En.
2292 1553 2568 1609 ERASMICA
2616 1552 2804 1609 XVIII.
2838 1555 3086 1622 Basileac,
3136 1556 3274 1626 apud
3304 1554 3669 1625 IIerwagium,

2068 1644 2351 1709 in-fol.,ex
2380 1645 2467 1700 ed.
2488 1654 2543 1700 et
2569 1647 3007 1701 annotationibus
3038 1648 3100 1700 D.
3128 1647 3357 1703 Erasmi.
3385 1648 3533 1702 Hanc
3559 1647 3674 1702 lau-

2070 1736 2199 1793 dant
2230 1738 2492 1809 Dupinius
2510 1780 2525 1807 ,
2549 1737 2850 1794 Ceillierius
2878 1748 2931 1794 et
2957 1740 3225 1796 Maranus.

2796 1833 2954 1889 1560.

2144 1925 2342 1993 Paris.,
2394 1925 2568 1981 forma
2626 1942 2733 1981 non
2784 1926 3102 1999 signiﬁcata.
3152 1927 3411 1984 Carmina
3456 1928 3525 1986 de
3569 1926 3674 1985 Ge~

2073 2018 2190 2074 nesi
2213 2025 2270 2073 et
2295 2016 2528 2073 Sodoma
2561 2018 2580 2091 (
2604 2017 2761 2074 Barb.
2783 2020 2822 2090 ).

2798 2113 2958 2168 156⁸5.

2145 2190 2245 2258 En.
2300 2203 2899 2271 MANUTIANA,ROMANA
2950 2206 3013 2261 II.
3074 2207 3284 2274 Romae,
3334 2209 3475 2279 apud
3519 2209 3669 2265 Paul.

2072 2294 2372 2350 Manutium
2402 2296 2526 2351 Aldi
2564 2297 2624 2352 F.
2661 2297 2820 2352 in-l'O.
2846 2299 2910 2353 D.
2936 2298 2999 2353 C.
3023 2296 3084 2353 C.
3110 2299 3208 2370 Ep.
3234 2300 3293 2355 C.
3316 2309 3364 2355 et
3384 2301 3669 2370 gloriosis-

2073 2388 2195 2443 simi
2225 2390 2480 2462 martyris
2509 2391 2686 2461 Opera
2708 2434 2720 2456 ,
2752 2392 2821 2445 ad
2850 2392 3132 2447 veritatem
3172 2394 3665 2450 vetustissimorum

2074 2482 2467 2552 exemplarium
2518 2498 2725 2540 summa
2774 2484 2880 2539 ﬁde
2924 2488 3206 2542 emendata
3238 2531 3250 2554 ,
3299 2489 3482 2544 addito
3510 2492 3672 2544 etiam

2074 2576 2266 2647 quinto
2294 2577 2644 2647 epistolarum
2678 2579 2839 2641 libro,
2871 2588 3031 2635 antea
3060 2597 3348 2649 numquam
3365 2583 3528 2637 edito.
3554 2582 3674 2638 Alia

2076 2668 2252 2724 eidem
2300 2668 2569 2742 Cypriano
2620 2670 2909 2740 adscripta.
2959 2672 3091 2727 Cum
3148 2673 3322 2728 indice
3379 2691 3558 2731 rerum
3614 2692 3678 2732 ac

2077 2762 2369 2819 verborum
2399 2763 2833 2817 memorabilium
2865 2764 3092 2818 maxima
3121 2764 3390 2836 diligentia
3426 2768 3675 2824 collecto.

2149 2854 2686 2909 RecensuitLatinus
2712 2855 2973 2921 Latinius,
3020 2856 3261 2913 adhibito
3310 2862 3679 2917 vetustissimo

2076 2946 2264 3003 codice
2294 2963 2360 3002 ex
2397 2947 2698 3034 Veronensi
2736 2948 3062 3005 bibliotheca
3096 2951 3344 3016 advecto,
3391 2969 3453 3008 ac
3485 2955 3677 3009 litteris

2076 3041 2423 3110 capitalibus,
2468 3052 2594 3098 ante
2621 3058 2793 3098 annos
2826 3045 2973 3099 mille
3000 3054 3239 3113 exarato,
3283 3046 3508 3118 aliisque
3544 3064 3679 3105 mss.

2077 3136 2503 3205 exemplaribus,
2557 3136 2625 3191 de
2672 3137 2869 3206 quibus
2914 3138 3142 3206 singulis
3189 3151 3365 3195 tamen
3408 3140 3680 3197 afﬁrmare

2077 3241 2185 3280 non
2210 3228 2380 3281 ausim
2402 3270 2417 3294 ,
2449 3227 2517 3282 ad
2551 3244 2766 3283 manum
2800 3227 3016 3298 fuerint,
3044 3232 3094 3285 in
3124 3215 3296 3302 prima
3342 3233 3442 3287 hac
3485 3249 3680 3288 recen-

2077 3318 2251 3381 sione,
2285 3334 2387 3373 nec
2416 3335 2500 3373 ne.
2538 3320 2804 3378 Dominic.
2833 3320 3045 3376 Macrus
3072 3322 3125 3376 in
3156 3322 3274 3377 Vita
3304 3324 3454 3395 ejus:
3491 3343 3509 3375 ι
3542 3324 3678 3378 Mul-

2081 3410 2171 3477 tis,
2198 3411 2388 3480 inquit,
2420 3411 2614 3482 vigiliis
2636 3427 2698 3465 ac
2721 3412 2998 3468 laboribus
3018 3428 3177 3483 quam
3204 3415 3432 3484 plurima
3455 3415 3682 3487 college-

2077 3513 2164 3558 rat
2188 3504 2255 3558 ad
2288 3504 2606 3558 illustranda
2646 3505 2762 3558 loca
2810 3505 2985 3575 aliqua
3027 3506 3362 3561 obscuriora.
3392 3507 3683 3563 Paraverat

2079 3599 2241 3653 etiam
2282 3597 2542 3667 quasdam
2569 3598 3061 3665 annotatiunculas,
3098 3599 3151 3653 in
3182 3599 3398 3670 quibus,
3432 3611 3555 3671 post
3584 3616 3685 3656 va-

2079 3690 2189 3745 rias
2217 3690 2463 3745 codicum
2508 3691 2768 3747 lectiones
2810 3692 3095 3757 iudicatas,
3120 3707 3278 3762 quam
3311 3694 3425 3762 ipse
3446 3694 3682 3750 maxime

2080 3791 2225 3838 esset
2257 3792 2491 3844 secutus.
2540 3783 2913 3854 signiﬁcabat;
2964 3784 3179 3839 additus
3206 3785 3370 3839 etiam
3397 3784 3464 3840 ab
3488 3800 3555 3840 eo
3587 3785 3687 3839 fuit

2080 3875 2326 3929 sincerus
2364 3874 2713 3944 epistolarum
2762 3876 2932 3939 liber,
2981 3876 3146 3930 multa
3197 3876 3428 3946 denique
3470 3892 3680 3931 summa

2081 3966 2187 4020 ﬁde
2224 3967 2467 4020 rcSIituta
2509 3966 2738 4023 fuerant.
2794 3967 2926 4032 Sed,
2970 3967 3093 4035 quia
3121 3978 3306 4022 contra
3349 3968 3675 4038 scriptorum

2084 4056 2327 4111 codicum
2353 4058 2536 4123 ﬁdem,
2560 4059 2816 4111 nonnulla
2841 4066 3069 4120 retenta,
3092 4058 3267 4127 aliqua
3292 4059 3494 4126 addita,
3516 4075 3677 4128 quam

2082 4149 2311 4218 plurima
2340 4149 2616 4202 immutata
2649 4148 2667 4217 (
2694 4162 2979 4215 operarum
3011 4148 3171 4201 etiam
3214 4148 3462 4217 incuria)
3496 4149 3679 4202 consi-

2083 4240 2328 4306 derabat,
2361 4253 2466 4293 non
2494 4248 2575 4294 est
2607 4254 2795 4308 passus
2824 4253 3020 4291 nomen
3059 4252 3213 4291 suum
3241 4253 3270 4291 a
3302 4238 3540 4293 Manutio
3568 4240 3679 4294 ullo

2084 4334 2247 4390 modo
2272 4335 2323 4388 in
2351 4333 2439 4389 ed.
2470 4334 2728 4399 adscribi,
2766 4347 2834 4387 ne
2881 4331 3040 4385 ﬁdem
3086 4346 3237 4386 suam
3284 4332 3367 4387 vel
3410 4332 3682 4387 levissime

2085 4426 2812 4483 inﬁrmarem—Recensum
2832 4425 3028 4481 deinde
3046 4425 3280 4481 secunda
3311 4426 3427 4482 vice
3456 4426 3521 4481 ad
3548 4425 3679 4481 edit.

2086 4522 2473 4588 Pamelianam,
2506 4537 2626 4591 quae
2654 4521 2771 4591 ejus
2797 4536 2942 4575 cura:
2984 4521 3035 4574 in
3071 4520 3205 4575 Bibl.
3242 4521 3403 4578 Sacra
3437 4532 3492 4577 et
3534 4520 3682 4575 Prof.

2087 4628 2179 4684 pp.
2224 4614 2321 4667 174
2349 4629 2469 4682 sqq.
2500 4613 2847 4676 exhibentur,
2882 4614 2934 4666 in
2972 4611 3170 4682 quibus
3198 4613 3327 4667 satis
3363 4612 3430 4668 de
3452 4614 3688 4668 Manutio

2090 4705 2352 4773 queritur,
2382 4703 2651 4774 simulque
2683 4719 2826 4774 :egre
2853 4702 2955 4758 fert
2981 4704 3219 4759 Manutio
3253 4704 3411 4774 hujus
3434 4705 3688 4759 editionis

2089 4799 2275 4854 laudes
2298 4815 2326 4854 a
2350 4798 2589 4854 Pamelio
2615 4798 2860 4853 tributas.
2912 4798 3085 4852 Habet
3108 4797 3223 4851 hate
3251 4797 3338 4851 ed.
3364 4798 3544 4853 omnia
3568 4814 3687 4866 quae

2092 4891 2303 4961 vulgata
2334 4900 2489 4946 erant
2517 4891 2568 4944 in
2601 4888 2935 4944 Erasmianis
2981 4896 3036 4943 et
3081 4887 3264 4942 Gravii
3313 4888 3438 4943 edd.
3495 4896 3690 4957 prieter

2092 4982 2393 5038 Firmiliani
2421 4980 2486 5035 ad
2507 4980 2834 5051 Cyprianum
2865 4979 3149 5048 epistolam
3182 4987 3368 5031 contra
3405 4976 3686 5045 epistolam

2096 5074 2351 5142 Stephani
2382 5088 2532 5143 papa:
2560 5072 2611 5124 in
2655 5071 2860 5125 Pamel.
2905 5078 2959 5122 et
2987 5067 3087 5121 Ox.
3118 5085 3174 5120 ιι.
3206 5068 3293 5133 75,
3328 5066 3395 5120 de
3421 5082 3526 5135 quo
3550 5065 3693 5119 Lati-

2094 5185 2195 5225 nus
2218 5168 2457 5221 Latinius
2481 5167 2531 5219 iu
2558 5165 2692 5219 Bibl.
2717 5179 2767 5231 p.
2797 5163 2919 5227 I77,
2944 5171 3129 5215 contra
3152 5168 3403 5213 annotata
3431 5158 3696 5213 Pameliu-

2096 5276 2163 5315 na
2213 5277 2278 5312 ει
2312 5259 2422 5328 Ego
2473 5256 2697 5310 Latinus
2746 5253 2925 5313 omisi,
2977 5252 3169 5323 inquit,
3223 5268 3331 5306 non
3392 5252 3690 5321 Manutius,

2096 5369 2217 5408 cum
2245 5351 2509 5420 majorum
2550 5346 2799 5415 exempla
2840 5353 3079 5410 secutus,
3120 5354 3230 5399 tum
3278 5344 3512 5398 hominis
3537 5353 3696 5415 petu-

2098 5444 2321 5499 lantiam
2348 5442 2673 5496 detestatus.
2698 5457 2716 5487 ι
2752 5436 3001 5492 Accessit
3028 5446 3207 5492 autem
3235 5436 3303 5493 de
3331 5450 3471 5492 novo
3500 5446 3697 5505 prmter

2100 5541 2296 5596 librum
2346 5555 2378 5592 v
2432 5535 2808 5601 epistolarum,
2857 5534 2944 5602 qui
3004 5549 3073 5587 xv
3131 5541 3364 5596 constat,
3414 5533 3555 5587 inter
3608 5531 3698 5585 illa

2102 5648 2221 5704 quae
2246 5630 2476 5686 adscribi
2498 5628 2767 5701 Cypriano
2795 5627 2994 5691 solent,
3023 5626 3200 5680 dubiae
3229 5636 3405 5679 tamen
3441 5625 3564 5678 ﬁdei
3590 5624 3701 5677 visa

2101 5734 2242 5788 sunt,
2278 5725 2414 5779 liber
2437 5722 2502 5778 dc
2531 5723 2887 5794 Spectaculis,
2920 5720 2998 5793 (1)
3026 5730 3133 5775 ιιιιιι
3164 5718 3285 5775 Vita
3314 5717 3569 5789 Cypriani
3601 5731 3698 5788 per

2182 5896 2260 5972 (1)
2303 5896 2472 5969 Ilnjus
2512 5895 2781 5954 rarissima
2813 5909 2934 5952 esse
2980 5891 3245 5969 exempla-
3277 5905 3410 5950 mss.
3455 5888 3709 5947 Buluzius
