4190 6246
517 347 655 388 LXXV

517 449 1118 519 Pontium‘conscripta,
1145 463 1247 502 una
1294 461 1416 502 cum
1446 447 1581 502 Actu
1630 450 1922 520 passionis,
1955 451 2109 520 cujus

518 543 633 611 ipse
657 541 879 600 Pontius
901 539 1145 594 meminit
1174 547 1228 593 et
1250 539 1506 596 Passione
1525 540 1714 612 Cypr.,
1731 558 1851 612 qum
1872 543 1927 600 in
1955 558 2114 613 supe-

518 635 750 689 rioribus
775 632 895 688 edd.
929 633 1174 688 exstabat
1201 641 1254 687 et
1281 632 1370 688 hic
1389 632 1554 687 Paulo
1575 633 1801 690 diacono
1839 635 2116 691 tribuitur.

519 729 672 795 Quod
699 728 764 781 ad
793 728 1032 784 habitum
1057 728 1216 796 hujus
1246 728 1334 782 ed.
1359 739 1640 784 externum
1674 739 1902 799 spectat,
1936 731 2119 786 nescio

519 838 585 878 an
634 821 968 891 splendidam
1005 823 1182 891 potius
1212 837 1372 892 quam
1407 822 1628 878 nitidam
1669 822 1852 880 dicere
1882 824 2117 890 debeas;

519 917 564 969 is
595 925 742 969 certe
789 922 1038 984 typorum
1084 916 1133 968 in
1185 916 1409 983 epistola
1437 915 1764 972 dedicatoria
1803 919 1869 972 ad
1912 917 2120 972 cardiu.

521 1011 874 1066 Borromeum
918 1041 991 1051 —
1038 1010 1399 1064 adhibitorum
1451 1021 1532 1065 est
1582 1011 1755 1066 honos
1783 1023 1837 1067 et
1889 1013 2123 1089 ἀκρίϐεια

521 1113 580 1159 ut
601 1104 682 1158 vel
715 1105 961 1169 summis,
992 1104 1186 1172 quibus
1220 1104 1379 1158 hodie
1405 1104 1549 1160 Italia
1597 1107 1874 1175 gloriatur,
1897 1117 2125 1161 conten-

521 1196 651 1252 dere
701 1196 878 1265 possis
930 1195 1090 1265 hujus
1144 1197 1276 1250 artis
1321 1197 1723 1260 monumentis;
1780 1211 1881 1250 nec
1931 1197 2124 1266 reliqui

524 1296 725 1352 textus,
771 1289 947 1342 minor
977 1288 1122 1353 licet,
1167 1287 1337 1341 multo
1366 1287 1591 1342 inferior
1621 1299 1703 1342 est
1733 1288 2035 1343 character.
2067 1287 2127 1343 In

523 1380 654 1436 bibl.
710 1379 876 1434 Acad.
941 1379 1221 1447 exemplar
1272 1394 1393 1433 cum
1443 1378 1734 1432 collatione
1782 1378 1944 1432 codd.
1996 1377 2125 1433 Ver.

525 1470 646 1526 Vat.
703 1470 1022 1535 Bcnevent.,
1077 1480 1184 1523 etc.
1236 1478 1419 1522 exstat
1467 1469 1620 1544 cujus
1669 1469 1798 1523 olim
1847 1485 2129 1540 possessor

525 1562 625 1616 fuit
672 1560 870 1632 Joseplt
905 1560 1100 1626 Smitb,
1135 1561 1325 1615 consul
1368 1559 1659 1614 Britannus
1691 1557 1832 1630 apud
1867 1559 2123 1616 Venetos.

527 1655 587 1711 in
623 1655 753 1710 bibl.
794 1653 976 1708 Baluz.
1011 1652 1171 1722 hujus
1200 1652 1452 1720 exempla
1480 1652 1587 1706 duo
1616 1667 1738 1706 cum
1771 1668 1903 1708 mss.
1934 1652 2128 1708 collata

528 1748 830 1805 exstabant.

1321 1814 1477 1870 1564.

548 1961 554 1966 .
604 1913 702 1967 Ει).
736 1911 1107 1974 ΜοηειιιΑΜ,
1129 1909 1456 1962 ΡΑιιιειεκςιε
1471 1905 1535 1960 V.
1556 1906 1799 1971 Parisiis,
1819 1907 1959 1978 apud
1985 1907 2130 1966 Guil.

533 2006 778 2068 Desbois,
799 2004 1210 2072 in-P.-—-Upera
1242 2003 1442 2067 omnia,
1472 2011 1718 2056 veterum
1742 2002 2131 2070 exemplarium

534 2099 820 2154 collatione
850 2105 1155 2166 repurgata,
1201 2094 1364 2148 editio
1389 2103 1545 2147 aucta
1587 2102 1640 2146 et
1661 2094 2134 2149 observationibus

536 2191 841 2253 illustrata,
898 2186 1172 2255 diligentia
1234 2193 1287 2238 et
1342 2183 1532 2238 labore
1592 2183 1810 2238 Guiliel.
1879 2183 2129 2238 Morellii.

535 2280 799 2336 Prmfatus
835 2289 921 2335 est
960 2279 1124 2333 Hadr.
1156 2277 1461 2342 Turnebus,
1506 2277 1748 2332 restituta
1793 2292 1879 2346 ep.
1933 2277 2135 2332 Firmi-

535 2375 684 2438 liani,
739 2372 863 2429 add.
895 2387 981 2440 ep.
1030 2386 1080 2426 tv
1130 2371 1228 2424 int.
1281 2369 1487 2424 Pamel.
1539 2370 1809 2424 Przcterea
1854 2384 2138 2424 accessere

537 2465 805 2534 adscripta
837 2463 1110 2535 Cypriane
1135 2481 1150 2516 :
1174 2463 1310 2518 liber
1344 2462 1412 2517 de
1442 2463 1798 2525 Aleatoribus,
1829 2477 1988 2532 quem
2030 2463 2137 2530 Cy-

539 2559 710 2626 priani
740 2573 861 2612 esse
885 2557 968 2612 vix
992 2557 1200 2612 dubitat
1229 2556 1498 2611 Pamelius
1525 2573 1538 2618 ;
1569 2557 1821 2610 Carmina
1847 2571 1860 2610 :
1887 2555 2135 2625 Genesis,

539 2651 794 2716 Sodoma,
843 2650 908 2703 ad
943 2649 1282 2713 Senatorem,
1332 2649 1400 2703 de
1454 2648 1658 2703 Pascha
1708 2649 2138 2705 Domini.—Ad

537 2741 789 2813 Vigilium
829 2739 969 2796 Celsi
1021 2744 1070 2795 in
1119 2741 1525 2796 altercationem
1573 2740 1785 2796 .Iasonis
1824 2753 1877 2797 et
1930 2742 2141 2812 Papisci

541 2834 804 2904 prmfatio.
848 2864 924 2878 -ο
976 2834 1250 2890 Adversus
1304 2833 1543 2899 Judaeos,
1595 2835 1686 2905 qui
1734 2835 1963 2891 insecuti
2014 2845 2143 2891 sunt

541 2923 930 2980 Cbristum.—-
961 2927 1035 2980 De
1083 2926 1367 2981 duodecim
1418 2926 1787 2981 Abusionibus
1834 2927 2040 2982 saeculi.
2070 2957 2144 2968 -—

545 3018 834 3085 ῡὶεροεὶιίο
880 3034 1071 3074 rosum.
1099 3048 1171 3058 —
1199 3018 1366 3088 llujus
1413 3019 1503 3074 ed.
1554 3029 1761 3089 septem
1812 3021 2139 3091 exemplaria

543 3125 591 3164 c.
623 3126 753 3165 mss.
788 3112 948 3168 codd.
973 3113 1098 3166 coll.
1132 3112 1182 3166 in
1215 3111 1344 3165 bibl.
1377 3112 1660 3167 Balu1.iana
1697 3113 2051 3169 habebantur.

1333 3204 1487 3260 Ιδίίιίι.

615 3297 725 3354 Soli
760 3305 1014 3352 tractatus
1042 3293 1369 3367 Cyprianici,
1396 3306 1512 3366 post
1531 3295 1726 3352 Leonis
1751 3297 1924 3367 Magni
1955 3312 2140 3366 Opera,

547 3392 786 3456 Parisiis,
817 3391 956 3460 apud
998 3389 1282 3448 Claudium
1310 3391 1437 3445 editi
1491 3390 1726 3454 fuerunt,
1758 3391 2026 3446 referente
2051 3391 2143 3445 Ni-

545 3485 699 3540 colao
727 3483 997 3553 Nourryo.

1308 3553 1465 3610 1565.

633 3646 804 3701 Vmio
854 3643 1057 3699 Gallica
1100 3644 1140 3700 l.
1186 3643 1476 3700 Sermones
1528 3644 1585 3700 S.
1647 3645 1896 3716 Cypriani
1956 3645 2148 3714 galliee

547 3740 780 3795 reddidit
808 3736 1126 3794 Franciscus
1151 3738 1219 3792 de
1247 3737 1583 3804 Belleforest,
1608 3747 1743 3794 teste
1788 3738 1977 3794 eodem
2005 3738 2149 3794 Ceil-

548 3832 721 3888 lierio.
757 3830 924 3894 Paris,
953 3827 1112 3884 iit-8°.

1297 3899 1456 3958 1566.

623 3995 891 4067 Anonymi
931 3992 1042 4046 Vita
1083 3993 1350 4064 Cypriani,
1384 3993 1580 4062 Paris.,
1636 3994 1797 4061 ino8°,
1822 3997 2152 4052 mentionem

551 4085 670 4156 ejus
702 4085 904 4139 faciunt
947 4083 1226 4139 Fabricius
1251 4127 1265 4151 ,
1301 4085 1436 4140 Bibl.
1499 4087 1616 4154 lat.,
1648 4087 1754 4141 vol.
1802 4103 1878 4154 ttt,
1936 4104 1987 4158 p.
2023 4089 2149 4155 584;

551 4177 814 4246 Walchis,
845 4177 983 4232 Bibl.
1006 4177 1247 4245 Patrist.,
1279 4194 1326 4233 c.
1362 4180 1414 4248 i,
1446 4177 1472 4251 §
1505 4179 1558 4248 6,
1592 4197 1644 4252 p.
1677 4181 1770 4242 4i;
1797 4179 1958 4248 lenae,
1987 4182 2147 4236 1854.

1308 4272 1468 4328 1567.

636 4362 781 4416 Vera.
810 4361 1001 4415 Italica
1029 4361 1070 4415 Ι.
1105 4361 1414 4418 Tractatum
1448 4362 1515 4415 de
1544 4361 1740 4433 duplici
1772 4363 2042 4435 Martyrio,
2078 4364 2157 4418 itt-

557 4466 638 4510 ter
701 4456 759 4510 S.
805 4453 1060 4524 Cypriani
1136 4470 1300 4523 opera
1361 4455 1710 4527 apocrypha,
1769 4457 1943 4509 italice
1999 4456 2160 4510 vertit

558 4549 620 4600 D.
677 4546 940 4612 [iaphael,
993 4544 1290 4598 monachus
1339 4545 1708 4613 Florentinus,
1735 4546 1930 4600 additis
1962 4547 2076 4600 Vita
2105 4556 2160 4600 et

559 4635 816 4690 Passione
857 4635 1099 4706 ejusdetn
1137 4639 1305 4692 sancti
1357 4639 1594 4710 episcopi
1652 4648 1707 4694 et
1757 4644 2031 4712 martyris.
2081 4641 2160 4696 Ex

557 4725 811 4798 Argelato
843 4737 898 4782 et
929 4727 1174 4795 Paitono,
1209 4727 1514 4785 Florentiae.

1173 4861 1415 4906 CLASSIS
1459 4862 1546 4910 IV.

1055 4945 1320 5004 Editiones
1347 4946 1684 5003 Pamelianaz.

1277 5041 1438 5096 1568.

635 5139 733 5194 En.
770 5138 1084 5194 PAIELIANA
1113 5133 1154 5190 ι.
1188 5133 1520 5203 Antverpiae,
1567 5148 1655 5204 ap.
1701 5132 1918 5190 viduam
1961 5144 2016 5190 et
2053 5133 2162 5190 ba:-

560 5229 680 5285 red.
708 5229 866 5286 Joan.
891 5227 1085 5284 Stelfii.
1122 5225 1279 5280 in-l“.
1318 5228 1633 5295 Opera......
1658 5225 1768 5295 jam
1797 5225 1974 5282 denuo
2001 5242 2162 5295 quam

560 5323 968 5378 accuratissime
1025 5319 1298 5389 recognita
1329 5316 1622 5374 collatione
1671 5316 1810 5372 facta
1863 5318 2161 5374 editionum

561 5413 713 5468 Pauli
739 5413 958 5468 Manutii
982 5421 1039 5468 et
1065 5410 1209 5466 Guil.
1237 5409 1464 5464 Morellii
1487 5409 1554 5464 ad
1598 5409 1927 5480 exemplaria
1959 5411 2165 5482 aliquot

566 5518 812 5559 manusc.
845 5502 1237 5569 vetustiSsima,
1263 5511 1522 5570 certoque
1552 5502 1761 5569 ordine,
1809 5503 1989 5557 habita
2029 5515 2165 5560 tem-

562 5612 754 5666 porum
798 5596 1006 5649 ratione
1033 5595 1086 5648 in
1119 5603 1226 5648 tres
1259 5601 1435 5648 tomos
1463 5607 1606 5647 nunc
1631 5595 1860 5661 pritnum
1885 5595 2160 5650 distincta.

561 5760 776 5816 monet,
833 5764 937 5806 nec
997 5766 1188 5820 parum
1244 5749 1503 5819 gloriatur
1545 5749 1652 5804 duo
1698 5751 1798 5805 sibi
1835 5750 2162 5820 exemplaria

548 5823 849 5888 contigisse,
871 5821 1015 5884 quod
1044 5823 1252 5882 nemini
1278 5824 1544 5877 editorum
1582 5823 1839 5893 priorum.
1858 5821 2157 5878 SCEGNEM.

1948 335 2333 394 PREFATIO.

3664 347 3820 390 LXXVI

2221 451 2613 508 Annotationes
2639 450 2734 506 Jac
2785 450 3145 506 Pameiii......
3179 450 3278 504 toti
3310 447 3459 520 operi
3491 447 3719 518 sparsim
3748 444 3824 500 in—

2221 546 2491 617 terjectae;
2534 545 2726 616 quibus
2753 553 2864 600 tum
2912 543 3328 615 castigationum
3366 542 3506 598 ratio
3544 550 3599 596 et
3631 540 3822 594 lectio-

2222 653 2348 694 num
2402 636 2634 694 varietas
2687 636 2865 692 obiter
2917 634 3222 697 indieatur,
3279 643 3390 688 tum
3446 631 3703 704 quidquid
3754 631 3842 684 ad-

2221 730 2594 798 antiquitatem
2639 728 3064 783 ecclesiasticam
3106 727 3360 796 pertinet,
3419 724 3604 795 paucis
3649 723 3825 794 expli-

2223 831 2394 876 catur.
2428 819 2511 874 Ab
2557 819 2748 875 eodem
2798 833 2991 874 recens
3040 817 3249 888 adjecta
3310 818 3372 872 D.
3426 817 3592 887 Cypr.
3636 814 3755 870 Vita
3795 829 3826 869 e

2224 914 2440 984 scriptis
2483 913 2652 982 ipsius
2696 912 2948 977 collecta,
2993 920 3048 965 et
3094 910 3494 981 Scripturarum
3541 910 3825 963 citatarum

2227 1006 2386 1060 index
2418 1005 2906 1077 locupletisssimus
2949 1003 3288 1059 desideratus
3329 1001 3827 1058 bactenus.—Re-

2227 1097 2442 1156 frictum
2464 1115 2567 1168 quo
2595 1114 2661 1154 ex
2691 1100 2853 1168 longo
2881 1097 3012 1152 satis
3043 1111 3313 1152 annorum
3345 1096 3524 1167 spatio
3554 1095 3828 1151 Pamelius

2227 1193 2500 1264 Cypriane
2526 1208 2744 1262 operam
2775 1191 3019 1257 dederat,
3054 1190 3312 1257 studium,
3353 1190 3480 1246 dum
3512 1191 3824 1260 primumin

2232 1283 2552 1353 tltcologicis
2616 1285 2806 1340 studiis
2853 1294 3000 1339 esset
3048 1284 3389 1353 occupatior,
3447 1299 3570 1338 mox
3623 1282 3826 1340 Gallica

2233 1376 2570 1446 profectione
2595 1376 2903 1447 impeditus,
2934 1376 3174 1432 incendit
3215 1390 3342 1431 ecce
3390 1377 3582 1431 iterum
3631 1375 3826 1444 dule

2232 1469 2394 1540 hujus
2420 1471 2720 1540 scriptoris,
2753 1487 2872 1541 qua:
2892 1470 3084 1526 eodem
3113 1485 3250 1540 pene
3272 1479 3516 1540 tempore
3541 1469 3832 1540 prodiisset

2233 1561 2292 1616 P.
2326 1562 2544 1617 Manutii
2573 1571 2629 1618 et
2653 1562 2720 1617 G.
2749 1562 2974 1618 Morellii
3000 1562 3185 1618 editio.
3216 1561 3294 1616 Ac
3317 1563 3587 1632 superavit
3614 1562 3829 1633 quidem

2237 1657 2518 1724 utriusque
2580 1655 2806 1711 virtutes
2876 1655 3130 1726 (egregia
3201 1656 3365 1711 etiam
3433 1655 3602 1726 ipsius
3675 1655 3833 1710 laude

2237 1758 2515 1814 mactatas,
2567 1749 2637 1802 ita
2682 1758 2861 1806 tamen
2892 1755 2968 1815 ,ut
3015 1747 3333 1802 Manutianae
3387 1748 3589 1817 primas
3614 1748 3830 1818 daret),

2235 1855 2356 1894 cum
2405 1840 2592 1894 iterata
2623 1847 2680 1894 et
2727 1840 2879 1894 novis
2929 1839 3192 1909 prasidiis
3233 1839 3414 1910 adjuta
3465 1850 3640 1895 textus
3665 1855 3826 1908 cura;

2237 1941 2350 1986 tum
2383 1933 2594 1987 caneris
2643 1933 2835 2002 copiis,
2893 1947 3025 2002 quas
3047 1933 3230 1987 titulus
3279 1933 3576 2002 pollicetur,
3627 1934 3833 2004 primus

2237 2024 2566 2095 Cyprianum
2615 2024 2872 2080 instruxit
2923 2039 2986 2080 ac
3033 2024 3334 2088 decoravit,
3364 2025 3416 2079 in
3448 2025 3635 2094 primis
3673 2041 3837 2095 argu-

2240 2120 2440 2174 mentis
2471 2119 2744 2188 praeclaris
2769 2127 2824 2173 et
2850 2117 3043 2173 lucidis
3070 2119 3294 2187 singulis
3321 2117 3473 2172 libris
3503 2133 3567 2173 ac
3595 2119 3837 2189 epistolis

2241 2211 2495 2281 prtefixis,
2528 2220 2580 2265 et
2629 2209 2891 2264 industria
2924 2225 3023 2277 qua
3057 2209 3389 2278 singulorum
3445 2209 3744 2266 libellorum
3773 2226 3837 2266 ac

2239 2303 2584 2374 epistolarum
2616 2301 2814 2358 seriem
2845 2301 3281 2373 chronologicam
3331 2302 3583 2374 indagare
3613 2305 3833 2359 studuit.

2239 2398 2410 2452 Codd.
2454 2413 2581 2451 usus
2613 2408 2695 2451 est
2733 2413 2867 2452 mss.
2914 2395 3161 2466 plurimis
3210 2411 3273 2450 ex
3303 2399 3447 2450 omni
3499 2398 3608 2452 fere
3655 2399 3839 2468 Belgio

2240 2491 2578 2561 conquisitis.
2614 2491 2688 2544 Ex
2720 2489 2845 2544 edd.
2888 2489 3283 2558 antiquioribus
3310 2490 3577 2558 prmeipue
3611 2490 3841 2544 innomi-

2244 2592 2420 2636 natam
2462 2583 2504 2646 1,
2537 2582 2603 2636 de
2638 2597 2743 2652 qua
2788 2596 2946 2650 supra
2989 2581 3248 2646 diximus,
3301 2590 3354 2635 et
3408 2581 3839 2636 Betnboltianam

2243 2675 2459 2729 evolvit.
2501 2673 2722 2728 Latinus
2776 2673 3038 2738 Latinius,
3091 2672 3246 2742 cujus
3297 2687 3457 2742 snpra
3510 2672 3841 2729 laudavimus

2244 2781 2402 2820 curas
2430 2764 2716 2827 secundas,
2752 2763 2974 2816 nimium
3007 2775 3152 2831 smpe
3178 2761 3395 2816 Manutii
3424 2762 3689 2818 confisum
3722 2779 3843 2820 esse

2244 2855 2670 2911 correctionibus
2702 2853 2994 2907 Pamelinm
3037 2862 3241 2906 censet.
3292 2854 3408 2922 ipse
3440 2864 3634 2922 praeter
3662 2854 3763 2908 700
3791 2863 3844 2908 et

2245 2961 2312 3001 co
2361 2945 2593 3013 amplius
2646 2945 2794 2998 locos
2847 2941 3127 2996 restitutos
3177 2943 3228 2996 in
3281 2943 3396 2998 sola
3442 2945 3840 3013 Scripturarum

2245 3039 2504 3092 citatione
2561 3034 2865 3106 marginali,
2917 3033 2985 3087 ab
3017 3033 3314 3087 innumeris
3365 3034 3582 3103 insuper
3638 3038 3843 3088 smmis

2247 3138 2630 3200 perpurgatnm
2662 3125 2990 3199 Cyprianum
3021 3139 3115 3178 sua
3149 3140 3310 3195 opera
3342 3126 3556 3196 prodire
3592 3133 3842 3191 altu-mat,

2249 3221 2341 3288 ita,
2379 3220 2547 3284 addit,
2575 3229 2631 3273 ut
2659 3233 2869 3288 Speretn
2902 3219 2980 3290 (si
3007 3216 3136 3272 citra
3170 3216 3426 3270 invidiam
3449 3216 3628 3271 (ἥρω-ο
3657 3218 3844 3280 liceat}

2251 3312 2394 3366 nulla
2427 3311 2654 3381 posthac
2681 3311 2799 3381 ejus
2825 3309 3196 3381 recognitione
3221 3322 3358 3377 Opus
3385 3307 3518 3363 fore.
3571 3311 3848 3363 l’rtevertit

2249 3420 2377 3459 vero
2410 3404 2510 3457 hac
2547 3418 2709 3473 opera
2739 3403 2824 3460 Jo.
2865 3402 3160 3460 Harrisium
3201 3400 3454 3471 Anglutn,
3489 3400 3585 3452 'l‘b.
3632 3401 3776 3455 Sioro
3819 3419 3846 3454 a

2249 3497 2475 3552 secretis
2505 3495 2796 3565 quondam,
2833 3512 2859 3548 a
2892 3511 3000 3566 quo
3046 3493 3272 3548 invicem
3329 3495 3591 3546 antererti
3621 3493 3769 3560 CUIlil
3795 3492 3845 3546 in

2251 3587 2584 3642 Tertulliauo
2640 3587 2960 3658 evulgando.
3027 3585 3159 3638 Vita:
3214 3583 3467 3654 Cypriani
3525 3599 3553 3636 a
3612 3583 3848 3637 Pamelio

2251 3680 2568 3747 conscripta:
2593 3679 2867 3747 prtemissa
2905 3687 3051 3741 sunt,
3085 3693 3204 3747 qua:
3231 3675 3404 3729 Pontii
3440 3685 3494 3729 et
3540 3674 3688 3729 Pauli
3731 3675 3849 3729 dia-

2254 3772 2372 3826 coni
2404 3771 2622 3824 nomine
2649 3769 2716 3824 de
2747 3771 2854 3824 vita
2883 3769 3000 3838 ejus
3029 3781 3079 3823 et
3111 3768 3363 3839 passione
3391 3767 3658 3829 feruntur,
3717 3766 3845 3820 item

2254 3861 2536 3932 Augustini
2565 3861 2739 3915 oratio
2769 3871 2823 3916 et
2849 3859 3121 3930 Agobardi
3143 3858 3386 3930 quaedam
3411 3859 3478 3912 de
3503 3859 3854 3914 translatione

2255 3955 2499 4024 corporis
2551 3953 2612 4007 Ι).
2642 3953 2803 4024 Cypr.
2859 3953 2912 4006 in
2941 3951 3189 4008 Galliam.
3210 3950 3372 4005 —Ac
3399 3966 3519 4002 eum
3553 3960 3661 4003 tota
3688 3951 3855 4004 editio

2256 4046 2427 4101 divisa
2459 4047 2526 4100 sit
2577 4047 2629 4099 in
2663 4057 2774 4101 tres
2809 4056 3004 4111 tomos,
3051 4046 3254 4113 primus
3282 4058 3403 4112 epp.
3455 4042 3715 4108 Contittel,
3751 4057 3852 4095 nu-

2257 4154 2408 4194 mero
2450 4154 2682 4203 Lxxxttt,
2716 4138 2814 4192 hac
2856 4139 2996 4192 serie
3025 4155 3038 4190 :
3065 4137 3119 4190 1⁸³
3147 4137 3282 4206 Epp.
3317 4135 3494 4189 statim
3519 4149 3549 4187 a
3581 4133 3855 4203 Baptismo

2261 4233 2324 4286 Ι).
2355 4230 2541 4302 Cypr.;
2572 4230 2630 4283 2°
2663 4231 2714 4283 in
2746 4244 2964 4284 secessu
2989 4230 3162 4299 ejusd.
3208 4238 3318 4283 toto
3361 4229 3614 4291 biennio;
3671 4226 3726 4280 3°
3757 4228 3857 4282 sub

2260 4326 2575 4392 pontiticatu
2603 4322 2836 4376 Cornelii
2870 4331 2924 4375 et
2953 4322 3134 4390 Lucii;
3166 4322 3222 4375 4⁸
3251 4321 3627 4376 miscellaneas
3657 4321 3708 4374 in
3730 4335 3859 4390 pace

2263 4416 2517 4469 licelesim
2534 4413 2692 4467 variis
2708 4415 3072 4483 temporibus;
3089 4415 3252 4468 5°snb
3271 4415 3585 4486 pontificatu
3600 4413 3860 4484 Stephani

2263 4508 2330 4562 de
2345 4505 2678 4576 baptizandis
2698 4505 2999 4567 haereticis;
3022 4507 3077 4560 ϐυ
3093 4507 3146 4560 in
3163 4508 3356 4560 exsilio
3374 4515 3427 4560 et
3443 4508 3542 4560 sub
3557 4508 3714 4560 finem
3735 4507 3858 4558 vitae

2265 4601 2619 4669 conscriptas.
2651 4596 2956 4664 Secundus,
2989 4599 3151 4654 libros
3176 4610 3231 4654 et
3256 4607 3523 4656 tractatus
3553 4599 3730 4652 varios
3759 4613 3861 4652 nu—

2265 4707 2416 4748 mero
2443 4708 2530 4748 xv.
2560 4692 2796 4756 ’l‘ertius,
2815 4692 2988 4760 Opera
3013 4692 3281 4762 Cypriane
3299 4691 3587 4762 adscripta.
3607 4719 3678 4729 —-
3697 4689 3776 4744 Ac
3804 4691 3860 4746 in

2263 4793 2517 4840 contextu
2558 4783 2813 4840 nonnulla
2843 4784 3060 4854 quidem
3112 4786 3330 4856 proprio
3359 4786 3581 4839 arbitrio
3609 4793 3702 4838 aut
3730 4800 3760 4838 a
3803 4799 3863 4840 se

2263 4878 2464 4933 omissa
2491 4889 2583 4931 aut
2613 4877 2784 4948 posita
2837 4891 2960 4931 esse
3009 4877 3277 4932 Pamelius
3324 4877 3544 4943 fatetur,
3595 4892 3863 4931 nonnum-

2263 4987 2422 5042 quam
2453 4972 2615 5026 etiam
2647 4980 2838 5026 contra
2877 4985 3007 5025 mss.
3055 4969 3213 5024 codd.
3253 4969 3651 5035 auctoritatem,
3679 4977 3733 5023 et
3765 4968 3865 5022 hac

2263 5067 2494 5136 ingenua
2542 5063 2878 5136 professione
2909 5064 3186 5133 liberoque
3215 5062 3284 5116 de
3321 5063 3540 5117 Manutii
3566 5078 3629 5117 ac
3657 5062 3864 5117 Morclii

2263 5160 2653 5216 mutationibus
2682 5158 2886 5230 judicio
2931 5156 3087 5212 make
3114 5155 3320 5210 fraudis
3353 5156 3716 5226 suspicionem
3747 5170 3776 5209 a
3803 5169 3863 5210 se

2263 5252 2488 5308 amovit.

2973 5341 3132 5398 1569.

2345 5436 2523 5491 Versio
2573 5434 3188 5491 llalicall.—Annibal
3236 5435 3378 5492 Caro
3427 5436 3557 5492 italo
3613 5447 3866 5488 sermone

2263 5530 2484 5584 donavit
2537 5536 2822 5581 tractatum
2869 5527 2926 5581 S.
2961 5525 3218 5599 Cypriani
3265 5531 3332 5584 de
3361 5528 3731 5597 eleetnosyna,
3767 5526 3868 5578 im-

2264 5636 2513 5694 pressum
2568 5621 2708 5691 apud
2760 5619 2958 5677 Aldum
3007 5638 3129 5678 eum
3191 5623 3398 5678 duabus
3440 5619 3777 5675 orationibus
3803 5618 3862 5674 S.

2263 5717 2512 5788 Gregorii
2534 5715 2855 5772 Nazianzeni
2890 5719 3094 5786 pariter
3126 5718 3310 5774 italice
3338 5717 3549 5785 versis,
3585 5725 3721 5770 teste
3749 5714 3863 5769 Eu-

2265 5807 2425 5862 doxio
2453 5806 2721 5866 Philemo.
2750 5807 2945 5875 Venet,
2978 5807 3140 5863 ἱππ-4ο.
