4242 6270
566 342 734 404 Lxxrx

1286 461 1442 520 1645.

640 553 960 627 Cyprianus,
992 552 1062 611 de
1105 553 1376 612 Idolorum
1418 558 1673 625 vanitate,
1715 572 1835 614 cum
1867 558 2164 615 observatt.

569 645 804 719 Rigaltii.
830 646 989 720 (Bibl.
1016 648 1172 704 Bodl.
1197 660 1243 706 et
1270 650 1458 723 Barb.)

1291 744 1450 801 1641.

637 836 735 893 En.
764 835 1077 894 PAHELIANA
1119 839 1420 896 Goounrn
1466 840 1555 898 ιγ.
1590 842 1723 900 Eam
1752 841 1977 901 laudant
2003 842 2169 915 Dupi-

566 930 707 1000 nius,
731 929 1008 1004 Nourryus
1038 940 1093 989 et
1119 932 1447 991 Ceillierius.

1279 1027 1437 1083 1645.

566 1130 569 1133 ⁷
652 1117 823 1175 Versio
874 1117 1077 1176 Gallica
1125 1120 1213 1176 IV.
1259 1119 1545 1177 Tractatus
1598 1120 1666 1177 de
1720 1121 1910 1192 Lapsis
1976 1122 2171 1193 gallice

566 1209 813 1268 redditus
846 1211 914 1268 ab
960 1212 1229 1280 Arnoldo,
1280 1227 1377 1269 seu
1402 1214 1629 1284 gallice:
1660 1212 1838 1268 Traité
1876 1215 1965 1269 des
2006 1213 2165 1270 Chre-

570 1305 699 1361 tiens
724 1306 809 1375 qui
838 1306 1027 1361 étaient
1073 1308 1265 1362 tombés
1324 1310 1513 1362 durant
1556 1308 1610 1361 Ia
1648 1308 1967 1377 ρετ-δέεαιὶοη
1990 1349 2004 1374 ,
2063 1318 2170 1365 tra-

570 1398 679 1455 duit
710 1414 806 1470 par
831 1398 909 1454 Μ.
935 1399 1174 1455 Arnault.
1206 1398 1399 1472 (Catal.
1431 1400 1572 1456 Bibl.
1602 1400 1831 1470 Bunav.,
1862 1415 1917 1472 p.
1954 1401 2073 1474 50.)

1211 1511 1456 1556 CLASSIS
1499 1512 1563 1557 ν.

1056 1592 1322 1650 Editiones
1362 1594 1691 1667 Rigaltianw.

642 1757 740 1813 Eo.
773 1758 1109 1814 RIGALTIANA
1152 1758 1194 1823 1,
1227 1686 1558 1814 “iisiis...
1587 1758 1700 1813 xu.
1735 1758 1937 1827 Lutet.,
1968 1760 2168 1825 Paris.,

569 1864 656 1921 ap.
684 1850 793 1906 vid.
825 1849 1108 1904 Mathurini
1154 1848 1379 1919 Dupuis,
1414 1849 1502 1904 via
1551 1849 1834 1917 Jacobzea,
1875 1851 1975 1906 sub
2018 1851 2173 1922 signo

569 1945 815 1999 Coronae.
849 1941 1024 1997 in-lol.
1052 1971 1125 1983 -——
1151 1942 1207 1998 1ο
1234 1941 1291 1997 S.
1324 1941 1386 1997 C.
1419 1942 1480 1998 C.
1513 1957 1677 2014 opera
1706 1943 1914 1999 Nicolai
1954 1944 2173 2015 Rigaltii

570 2035 1035 2092 observationibus
1064 2034 1131 2090 ad
1167 2043 1410 2091 veterum
1446 2036 1835 2106 exemplarium
1889 2037 2047 2092 (idem
2087 2053 2173 2093 re-

570 2129 779 2201 cognita
796 2138 851 2184 et
866 2128 1149 2185 illustrata.
1180 2128 1244 2182 2“
1267 2128 1384 2185 Nic.
1418 2129 1636 2200 Rigaltii
1662 2129 2079 2187 Observationes
2104 2133 2172 2187 ad

570 2220 636 2277 C.
664 2220 725 2277 C.
746 2220 846 2291 Ep.
876 2230 931 2276 et
957 2219 1164 2277 Tractt.
1196 2222 1336 2277 Diss.
1368 2223 1623 2287 anonymi
1659 2223 1939 2295 scriptoris
1966 2225 2172 2295 antiqui

570 2315 639 2373 de
654 2315 929 2387 Baptismo
946 2315 1321 2373 haereticorum
1352 2331 1494 2373 nunc
1523 2317 1756 2391 primum
1785 2318 1925 2375 edita
1948 2334 2011 2375 ex
2028 2319 2169 2376 Bibl.

570 2410 903 2483 Remigiana.
939 2416 950 2470 i

569 2505 642 2557 Ad
666 2519 907 2588 Epistolas
932 2521 1275 2588 etTractatus.
1300 2522 1545 2585 Rigaltius
1567 2515 1741 2588 ἰρφιίῐρ
1786 2514 2177 2588 οδῐθηόίΡΓεέσξίί

635 2576 729 2642 ι)υὰ
752 2586 938 2649 veteris
953 2587 1207 2647 scriptura:
1228 2576 1548 2645 lineamenta,
1561 2581 1622 2649 ab
1636 2576 1797 2649 Vip_sius
1814 2578 2027 2649 auctoris
2050 2576 2175 2649 stylo

635 2641 829 2711 servata
850 2641 1063 2697 ﬁdeliter
1094 2651 1144 2698 in
1179 2651 1375 2711 Optimis
1418 2641 1789 2711 exemplarjpus
1824 2641 2177 2711 Veronensi'et

635 2709 993 2775 Beneventano
1017 2704 1630 2775 collatis'olim_aMarcello
1647 2704 1876 2775 (Ilpapa)
1896 2716 1949 2775 et
1965 2708 2178 2775 Antonio

636 2772 912 2836 Augustino
933 2776 1164 2839 episcopo
1185 2782 1302 2839 tunc
1326 2773 1556 2839 Δξιιῇἶιηοε
1576 2771 1687 2839 quae
1708 2773 1762 2839 in
1786 2771 2009 2839 Cypriani
2037 2774 2167 2823 volu~

631 2839 762 2886 mine
778 2849 923 2885 manu
937 2836 1044 2886 Car.
1060 2836 1317 2886 Monehalli
1334 2836 1612 2887 'l‘olosaturn
1626 2836 1975 2897 archiepiscopi
1988 2850 2179 2887 summa

632 2898 886 2972 diligentia
925 2912 983 2972 ac
1025 2899 1141 2972 ﬁde
1164 2900 1435 2972 descripta,
1457 2908 1705 2972 perpetuo
1728 2900 1871 2950 nobis
1896 2914 1988 2951 usu
2009 2898 2171 2972 fuere.

633 2962 800 3024 Atque
819 2962 900 3011 hic
923 2962 1007 3010 illa
1024 2960 1226 3025 quidem
1252 2965 1301 3012 in
1326 2966 1430 3021 ipso
1454 2960 1678 3025 Cypriani
1703 2974 1909 3021 Operum
1936 2969 2176 3013 contextu

632 3025 978 3084 repraesentari
1016 3024 1176 3073 omnia
1215 3026 1449 3074 debuisse
1469 3024 1567 3073 non
1592 3024 1804 3085 inficior;
1831 3038 1928 3074 nec
1967 3038 2045 3073 me
2086 3025 2176 3075 htt-

633 3086 771 3148 jusee
794 3086 983 3135 consilii
1005 3088 1287 3147 ambiguum
1326 3087 1477 3137 fuisse
1502 3100 1730 3148 umquam
1774 3089 2045 3138 existimari
2084 3103 2175 3139 ve-

636 3144 1184 3215 limatristissime‘tuli,
1219 3149 1349 3215 quod
1373 3144 1722 3215 festinantibus
1753 3153 1921 3213 operis
1945 3157 2175 3215 typogra-

637 3210 796 3271 phicis
817 3210 992 3261 adesse
1009 3211 1127 3260 mihi
1148 3210 1249 3261 non
1269 3210 1486 3262 licuerit.

573 3291 994 3350 Observationes
1050 3310 1197 3365 ergo,
1239 3295 1410 3365 inquit
1433 3294 1856 3362 Schmnemann,
1896 3296 2093 3366 partim
2122 3297 2175 3352 in

574 3383 825 3441 lectionis
846 3388 1105 3443 varietate
1131 3387 1286 3444 codd.
1320 3388 1657 3444 laudatorum
1689 3387 2033 3458 dijudicanda
2057 3404 2179 3445 ver-

576 3486 783 3546 santur,
816 3480 1012 3549 partim
1060 3479 1389 3537 scholiorum
1429 3482 1600 3537 vicem
1654 3480 1943 3550 sustinent,
1972 3497 2091 3553 quae
2122 3490 2181 3537 ut

576 3570 761 3627 brevia
783 3579 908 3627 sunt
934 3572 1191 3643 pleraque
1216 3613 1231 3636 ,
1266 3573 1337 3627 ita
1379 3572 1519 3644 frugi
1556 3573 1871 3643 plenissima
1894 3583 1949 3630 et
1969 3589 1998 3629 a
2030 3582 2181 3631 recto

576 3673 632 3720 et
648 3664 875 3737 eleganti
896 3664 1100 3737 judicio
1127 3674 1182 3722 et
1210 3666 1421 3737 egregia
1445 3666 1713 3742 παρρησίᾳ
1733 3666 2044 3737 conspicua.
2077 3667 2180 3721 Ac—

578 3757 721 3814 cedit
746 3765 1008 3829 praeterea
1050 3758 1104 3813 in
1159 3757 1551 3814 Tertullianum
1601 3766 1760 3813 antea
1812 3756 2182 3829 superioribus

578 3850 734 3906 annis
754 3850 955 3906 editum
977 3851 1123 3908 obss.
1143 3851 1501 3922 spicilegium,
1521 3858 1575 3905 et
1598 3849 1837 3906 famosus
1856 3850 1946 3906 ille
1967 3851 2029 3906 de
2054 3850 2179 3906 Cor—

580 3943 723 4012 poris
760 3941 948 3997 Christi
989 3943 1368 4015 pulchritudine
1394 3951 1672 3999 tractatus.
1702 3943 1848 3999 Ordo
1871 3944 2013 3999 idem
2038 3959 2101 4000 ac
2126 3942 2180 3999 in

578 4036 907 4103 Pameliana,
929 4054 1251 4111 quamquam
1275 4053 1381 4094 non
1396 4039 1449 4094 in
1475 4046 1586 4095 tres
1601 4047 1777 4094 tomos
1799 4036 2039 4094 distincti
2057 4047 2183 4094 sunt

579 4128 724 4185 libri.
766 4129 1065 4202 Epistolam
1109 4130 1269 4186 etiam
1314 4130 1539 4202 primam
1572 4144 1668 4186 seu
1705 4128 1897 4199 fragm.
1936 4127 2179 4198 epistolae

578 4220 780 4291 potius,
810 4221 951 4292 quod
970 4222 1174 4293 primus
1202 4222 1513 4293 vulgaverat
1542 4221 1832 4287 Pamelius,
1878 4220 2062 4275 omisit
2091 4219 2183 4273 Ri-

577 4317 790 4386 galtius.
839 4317 1009 4386 Hujus
1056 4316 1145 4372 ed.
1200 4326 1428 4385 quatuor
1463 4315 1709 4385 exempla
1765 4328 1815 4367 c.
1849 4328 1981 4369 mss.
2016 4312 2179 4369 codd.

579 4408 705 4464 coll.
735 4408 787 4462 in
809 4408 948 4463 Bibl.
977 4408 1264 4462 Baluziana
1284 4408 1584 4463 exstabant.

655 4498 731 4552 De
761 4497 975 4567 Rigaltii
1002 4496 1242 4553 editione
1270 4498 1340 4553 ita
1362 4506 1549 4554 censet
1571 4496 1833 4568 Dupinius
1866 4515 1879 4551 :
1907 4517 1925 4550 ‹
1962 4498 2044 4553 Ad
2066 4498 2183 4569 ejus

582 4589 889 4658 exemplum
917 4590 983 4645 D.
1004 4590 1292 4661 Rigaltius,
1311 4590 1646 4648 Tertulliano
1674 4592 1727 4647 in
1747 4592 1923 4648 lucem
1945 4592 2145 4648 emisso
2165 4636 2179 4661 ,

581 4680 910 4753 Cyprianum
942 4681 1131 4749 edidit,
1149 4682 1393 4755 nihilque
1414 4685 1468 4739 in
1486 4684 1677 4739 ordine
1690 4700 1719 4739 a
1737 4684 1977 4740 Pamelio
1990 4684 2182 4742 obser-

582 4780 708 4828 vato
728 4781 965 4841 mutans,
986 4772 1147 4843 hujus
1175 4776 1414 4831 auctoris
1435 4790 1599 4846 opera
1624 4784 1833 4831 tantum
1856 4778 2098 4832 correxit
2118 4792 2185 4833 ex

585 4865 795 4921 duobus
812 4865 978 4921 ltalirc
998 4868 1533 4939 manuscriptis,quae
1549 4868 1617 4924 de
1634 4868 1905 4935 Monchal,
1926 4868 2187 4940 archiepi-

583 4972 780 5028 scopus
805 4956 1127 5025 Tolosanus,
1161 4958 1229 5013 ad
1253 4960 1548 5027 marginem
1570 4958 1824 5031 Cypriani
1855 4961 1939 5016 sui
1979 4960 2187 5016 adscri-

586 5059 787 5119 pserat,
823 5058 1085 5120 notasque
1111 5051 1440 5123 conscripsit
1468 5052 1533 5107 ad
1574 5051 1691 5107 loca
1738 5051 1983 5108 difﬁcilia
2014 5052 2189 5124 expli-

584 5143 779 5210 cauda,
804 5151 861 5200 et
899 5143 1312 5202 observationes
1356 5144 1423 5201 ad
1452 5145 1793 5217 disciplinam
1824 5147 2015 5202 horum
2046 5155 2184 5203 tem-

586 5250 777 5306 porum
802 5236 1173 5293 illustrandam
1195 5256 1209 5305 ;
1230 5239 1421 5295 harum
1438 5240 1879 5297 Observationum
1912 5239 2188 5296 nonnulla:

586 5327 817 5384 audaces
882 5328 1098 5400 quidem
1165 5332 1417 5387 videntur
1454 5376 1468 5398 ,
1537 5342 1593 5387 at
1631 5348 1724 5389 eas
1775 5334 1826 5387 in
1870 5331 2189 5404 prmiatione

587 5436 844 5477 excusare
882 5432 1129 5479 conatur.
1185 5424 1349 5481 Addit
1388 5426 1663 5499 Remigius
1713 5425 1973 5493 Ceillier,
2043 5425 2188 5497 quod

587 5510 825 5566 liberalis
880 5512 1098 5583 Rigaltii
1137 5516 1396 5585 audacia,
1451 5534 1555 5589 qua
1617 5519 1729 5574 suis
1768 5518 2189 5573 Commentariis

592 5607 707 5662 loca
754 5608 996 5677 quaedam
1024 5609 1088 5664 D.
1112 5608 1371 5683 Cypriani
1403 5614 1789 5683 prmrogativas
1816 5612 2187 5667 Romanorum

592 5699 981 5771 Episc0porum
1028 5704 1351 5759 stabilientia
1418 5720 1679 5761 enervare
1736 5704 2038 5771 studuerit,
2084 5719 2190 5759 non

590 5807 790 5861 paucos
826 5792 1003 5849 eidem
1034 5796 1375 5852 adversarios
1404 5797 1678 5860 conﬂarit,
1710 5797 1851 5853 inter
1880 5810 2016 5867 quos
2045 5811 2187 5866 pra:-

595 5885 748 5953 cipue
779 5884 1169 5958 Albaspinacus,
1198 5890 1311 5959 qui,
1346 5898 1479 5948 teste
1507 5890 1730 5961 Hugone
1756 5889 1944 5948 Crotio
1973 5890 2184 5962 (Epist.

2052 345 2442 408 ΡΒίΕΡΛΤΙΟ.

3723 365 3867 406 LXXX

2277 460 2343 517 ad
2369 460 2637 527 Salmas.,
2668 474 2721 533 p.
2750 459 2856 518 525
2877 460 2921 535 ),
2954 460 3205 519 eumdem
3258 468 3531 534 tamquam
3561 460 3873 520 luereticum

2275 554 2666 622 denuntiasset,
2696 555 2800 610 nisi
2845 570 2991 610 mors
3034 554 3280 626 ejusdem
3307 556 3595 612 conatibus
3636 558 3876 614 interve-

2272 647 2460 702 nisset.
2507 646 2647 702 Male
2687 663 2901 718 quoque
2947 647 3096 703 audit
3158 648 3301 718 apud
3354 649 3673 721 theologos,
3733 651 3878 720 quod

2272 740 2607 812 Baptismum
2653 742 2937 798 infantium
2964 742 3270 799 traditionis
3296 757 3419 800 esse
3448 744 3764 815 apostolicae
3790 745 3876 801 in-

2274 835 2483 891 ﬁciatus
2510 834 2688 891 fuerit.

3000 929 3160 984 1649.

3000 929 3027 983 1
3145 968 3160 983 .

2347 1023 2448 1079 En.
2479 1022 2816 1080 Brennum
2846 1020 2913 1078 ll.
2942 1051 3013 1064 —
3033 928 3197 1091 11131,
3242 1022 3385 1094 apud
3413 1022 3686 1094 eumdem,
3719 1023 3876 1089 in-i",

2273 1118 2524 1188 repetita.
2552 1116 2614 1172 C.
2643 1131 2749 1172 ms.
2775 1114 2973 1172 collata
3003 1117 3057 1170 in
3087 1112 3207 1170 Cat.
3240 1116 3378 1172 Bibl.
3408 1116 3566 1173 Bodl.

2346 1302 2593 1369 Londini,
2627 1208 3352 1373 in-8°,Cypritit?i5:puscula
3370 1304 3520 1357 varia
3546 1318 3558 1355 :
3590 1300 3875 1373 Epistolte,

2275 1394 2343 1451 de
2374 1394 2569 1451 Habitu
2596 1404 2649 1451 et
2677 1394 2962 1466 disciplina
2990 1393 3293 1465 Virginum,
3315 1394 3383 1451 de
3408 1395 3619 1465 Lapsis,
3650 1396 3717 1451 de
3749 1394 3882 1451 Uni-

2276 1497 2387 1544 tate
2442 1488 2725 1554 Ecclesite,
2776 1488 2847 1543 de
2900 1487 3159 1544 Oratione
3219 1488 3519 1554 Dominica,
3553 1500 3686 1557 etc.,
3740 1489 3877 1544 inter

2278 1580 2474 1635 Franc.
2508 1580 2654 1636 Rous
2696 1579 2855 1636 Mella
2887 1580 3131 1650 Patrum,
3163 1597 3219 1653 p.
3248 1580 3512 1637 845-944.
3554 1580 3693 1653 (Cat.
3740 1579 3876 1637 Bibl.

2278 1671 2474 1728 Bunav.
2494 1672 2511 1742 )
2991 1741 3132 1798 1664

2364 1836 2536 1890 γενδὲο
2582 1834 2784 1890 Gallica
2812 1834 2875 1890 V.
2918 1835 2976 1890 D.
3021 1833 3275 1905 Cypriani
3327 1843 3585 1891 tractatus
3638 1836 3705 1892 de
3750 1838 3883 1892 Ora-

2277 1928 2423 1985 tione
2467 1929 2743 1984 Dominica
2776 1937 2832 1983 et
2882 1930 2951 1984 de
2975 1926 3319 1995 Mortalitatc,
3344 1928 3537 1999 gallice
3564 1928 3760 1985 redditi
3788 1945 3885 2000 per

2278 2021 2567 2076 Dominum
2613 2020 2798 2082 Laval.
2835 2020 2869 2076 i.
2902 2035 2933 2077 e
2955 2062 2970 2090 ,
3016 2036 3112 2091 per
3151 2019 3342 2078 ducem
3375 2019 3443 2077 de
3468 2020 3719 2095 Luynes,
3746 2031 3883 2079 teste

2276 2114 2569 2173 Ceillierio.

2992 2184 3152 2241 1664.

2360 2278 2536 2335 Versio
2585 2278 2790 2333 Gallica
2846 2278 2936 2334 Vl.
2996 2276 3286 2334 Referente
3342 2278 3533 2334 eodem
3578 2278 3877 2343 Ceillierio,

2279 2383 2539 2431 tractatus
2592 2374 2651 2428 Ι).
2696 2373 2949 2445 Cypriani
3007 2372 3074 2427 de
3127 2373 3485 2444 Eleemosyna
3536 2373 3764 2427 habetur
3817 2371 3886 2427 ad

2280 2468 2446 2523 linem
2495 2466 2786 2523 voluminis
2840 2466 3065 2522 secundi
3119 2466 3329 2523 abbatis
3375 2466 3504 2522 San.
3565 2464 3766 2538 Cyrani
3818 2466 3884 2523 de

2279 2562 2632 2632 Eleemosyna
2652 2560 2966 2628 christiana,
2991 2560 3132 2615 inter
3151 2561 3357 2631 praelati
3379 2559 3587 2616 abbatis
3606 2562 3881 2631 opuscula.

2994 2653 3154 2710 1666.

2351 2751 2449 2807 En.
2481 2751 2797 2815 PRIORIANA,
2853 2750 3184 2806 Pmrsmusrs
3214 2748 3333 2805 XV.
3363 2781 3433 2790 —
3463 2750 3635 2805 Paris.
3661 2766 3749 2821 ap.
3796 2750 3878 2807 Jo.

2282 2844 2506 2915 Dupuis,
2529 2844 2677 2899 ἰπὶ-[(³.
2709 2843 2787 2898 Ex
2807 2842 3296 2913 editioneRigaltii,
3316 2858 3438 2899 cum
3457 2843 3700 2914 ejusdem
3723 2858 3884 2899 anno-

2281 2939 2573 2995 tationibus
2594 2940 2820 3010 integris
2846 2939 2961 2995 Jac.
2989 2938 3214 2994 Pamelii
3246 2948 3301 2995 et
3343 2939 3573 2994 aliorum
3604 2954 3883 2994 commen-

2284 3033 2432 3089 tariis
2455 3048 2698 3088 seorsum
2729 3043 2885 3090 antea
2913 3034 3090 3091 editis.
3128 3034 3408 3090 Accedunt
3436 3034 3504 3089 M.
3535 3034 3749 3089 Minucii
3778 3033 3882 3089 Fc-

2282 3127 2399 3182 licis
2447 3126 2740 3191 Octavius;
2794 3128 3013 3185 Arnobii
3053 3127 3167 3184 Afri
3218 3127 3311 3184 lib.
3344 3144 3415 3182 vn
3476 3128 3577 3182 adv
3650 3127 3879 3193 Gentes;

2283 3218 2407 3275 Julii
2440 3220 2656 3275 Firmici
2686 3220 2809 3275 Mat.
2838 3222 2934 3276 lib.
2958 3221 3027 3277 de
3060 3221 3258 3277 Errore
3285 3220 3629 3291 profanarum
3652 3220 3884 3289 Religio—

2284 3328 2433 3379 num;
2467 3312 2840 3368 Commodiani
2873 3313 3255 3369 instructiones
3298 3311 3421 3366 adv.
3463 3311 3714 3367 Gentium
3752 3311 3885 3367 deos

2284 3422 2404 3462 cum
2437 3408 2609 3479 ejusd.
2638 3407 2753 3463 Nic.
2784 3408 2999 3479 Rigaltii
3028 3409 3190 3473 notis,
3226 3416 3280 3460 et
3309 3406 3579 3461 variorum
3598 3405 3886 3462 Commen-

2286 3499 2437 3554 tariis
2485 3498 2572 3555 ed.
2637 3507 2792 3555 aucta
2834 3506 2889 3554 et
2927 3497 3069 3553 uotis
3113 3497 3377 3552 illustrata
3420 3496 3600 3552 studio
3654 3494 3884 3566 Philippi

2286 3588 2499 3646 Priorii.

3002 3659 3159 3714 1667.

2356 3755 2564 3811 Ludov.
2601 3754 2945 3810 Thomassini
2978 3753 3161 3824 presb.
3196 3767 3454 3824 congreg.
3488 3752 3639 3808 Orat.
3674 3751 3885 3807 Disser.

2286 3847 2411 3901 talio
2441 3847 2497 3901 in
2526 3846 2752 3917 synodos
2782 3845 2873 3899 sub
2915 3845 3182 3917 Stephano
3212 3861 3347 3916 papa
3370 3846 3423 3899 in
3454 3861 3610 3899 causa
3635 3842 3887 3915 Baptismi

2287 3940 2670 4006 haereticorum,
2720 3939 3033 4005 Romanam,
3089 3937 3563 4008 Carthaginensent,
3594 3946 3725 4002 etc.,
3756 3952 3881 3990 ann.

2284 4031 2483 4088 Christi
2513 4030 2652 4100 256,
2687 4032 2818 4098 257,
2852 4041 2984 4095 etc.;
3021 4030 3160 4086 inter
3183 4030 3409 4086 Dissert.
3443 4030 3493 4083 in
3522 4028 3748 4084 concilia
3773 4038 3884 4083 tum

2285 4125 2557 4199 generalia
2580 4169 2594 4194 ,
2628 4133 2740 4181 tum
2762 4123 3130 4198 particularia.
3160 4123 3338 4178 Lutct.
3371 4122 3567 4190 Paris.,
3601 4122 3761 4178 in-.i°.

3006 4216 3166 4273 1669.

2360 4314 2572 4371 Sebast.
2596 4312 2879 4370 Niemanni
2898 4310 3203 4367 Dissertatio
3229 4310 3291 4365 de
3318 4307 3655 4377 Libellaticis,
3687 4308 3849 4365 lenae.

3005 4403 3167 4459 1681.

2360 4496 2592 4562 Altorﬁi,
2624 4496 2765 4568 typis
2817 4506 2871 4552 et
2925 4496 3057 4567 imp.
3097 4495 3235 4552 Hen.
3288 4493 3510 4566 Meyeri,
3553 4491 3725 4557 in—4°,
3776 4490 3886 4562 Cy-

2288 4589 2464 4660 priani
2491 4599 2545 4645 et
2573 4589 2802 4644 aliorum
2832 4588 3191 4660 quorumdam
3217 4587 3283 4643 ad
3314 4588 3491 4659 ipsum
3529 4586 3614 4643 vel
3640 4586 3692 4641 in
3719 4586 3886 4641 simili

2286 4696 2449 4737 causa
2480 4682 2697 4751 scriptae
2725 4675 2983 4752 Epistolas
3010 4696 3207 4747 xxcm,
3240 4680 3432 4736 ordine
3464 4678 3778 4735 Pameliano
3805 4678 3889 4733 lo-

2287 4785 2456 4841 catre,
2485 4791 2554 4831 ex
2579 4774 2711 4831 edit.
2739 4774 3094 4831 Goulartiana
3144 4776 3197 4830 in
3238 4775 3508 4830 sectiones
3556 4773 3742 4828 divisae
3767 4814 3782 4839 ,
3836 4781 3891 4828 et

2288 4882 2413 4924 cum
2444 4867 2503 4924 S.
2547 4866 2837 4938 Augustini
2869 4866 2936 4922 ad
2979 4865 3237 4938 Cypriani
3278 4875 3595 4937 argumenta
3642 4865 3710 4920 de
3753 4864 3889 4934 Bap-

2288 4960 2448 5016 tismo
2487 4959 2865 5015 haereticorum
2902 4959 3348 5028 responsionibus
3377 4974 3476 5013 suo
3508 4959 3627 5013 loco
3658 4958 3886 5028 subjun-

2288 5051 2425 5118 ctis,
2454 5051 2619 5107 variis
2650 5052 2813 5107 etiam
2845 5049 3095 5117 Pamelii,
3146 5048 3385 5118 Rigaltii,
3430 5049 3768 5117 aliorumque
3816 5049 3892 5104 le-

2288 5145 2557 5201 ctionibus
2583 5155 2637 5201 et
2675 5145 3027 5215 conjecturis,
3064 5152 3119 5197 ut
3154 5151 3207 5197 et
3242 5140 3483 5197 Gratiani
3514 5144 3566 5197 in
3616 5143 3844 5198 Decreto
3867 5180 3885 5209 ,

2289 5240 2577 5296 Lombardi
2610 5240 2661 5294 in
2694 5238 2844 5293 libris
2869 5235 3304 5303 Sententiarum,
3340 5251 3403 5291 ac
3452 5236 3677 5291 'l‘homa:
3723 5236 3893 5307 Aqui-

2289 5334 2431 5389 natis
2458 5334 2511 5387 in
2542 5332 2762 5389 Summa
2793 5330 3083 5400 theologim
3114 5330 3533 5401 allegationibus
3568 5330 3619 5384 in
3650 5331 3894 5399 margine

2290 5428 2513 5493 notatis,
2534 5435 2589 5482 et
2614 5426 2819 5496 aliquot
2849 5425 3081 5494 denique
3109 5426 3331 5480 utilibus
3362 5424 3635 5495 judicibus
3662 5424 3890 5479 seorsim

2291 5522 2448 5578 editae
2496 5519 2674 5575 studio
2721 5518 2880 5574 Luca:
2938 5518 3086 5574 Frid.
3156 5518 3490 5582 Reinhardi,
3547 5515 3780 5585 theologi
3838 5518 3891 5573 in

2292 5613 2652 5671 Universitate
2670 5611 2867 5667 Altorl’.
2891 5612 2950 5667 P.
2974 5612 3059 5680 P.,
3086 5622 3194 5666 etc.
3226 5611 3425 5665 Textus
3445 5608 3519 5661 uti
3538 5606 3670 5663 ordo
3694 5608 3895 5679 episto-

2292 5706 2464 5761 larum
2494 5714 2576 5761 est
2607 5705 2969 5770 Pamelianus,
3028 5704 3224 5759 additis
3273 5703 3325 5757 in
3377 5702 3617 5773 margine
3664 5702 3895 5757 varieta-

2294 5798 2433 5853 tibus
2458 5800 2697 5855 omninm
2742 5798 2856 5855 fere
2884 5797 3046 5854 codd.
3074 5796 3216 5867 apud
3248 5795 3567 5864 Pamelium,
3601 5794 3891 5865 Bigaltium

2291 5898 2346 5947 et
2394 5888 2729 5947 Goulartium
2806 5890 3001 5947 obviis.
3064 5888 3312 5946 Plurium
3363 5902 3554 5947 mss.e
3608 5885 3894 5943 Germania
