4190 6246
281 211 450 252 LXIX!

275 307 705 365 obtinendorum
777 309 1051 369 desiderio
1104 329 1164 372 se
1211 318 1502 390 ﬂagrasse,
1561 327 1637 382 ait
1683 330 1892 400 editor;

276 416 483 459 omnes
512 413 684 458 autem
719 406 976 475 fautores,
1010 424 1148 480 quos
1168 427 1234 468 eo
1252 417 1471 472 nomine
1499 418 1892 495 interpellaret,

274 498 601 553 eorumdem
625 511 850 570 questos
877 518 999 559 esse
1030 505 1302 576 inopiam;
1333 515 1610 582 accepisse
1636 525 1816 573 tamen
1864 535 1894 574 e

273 585 424 641 bibl.
455 589 897 663 Norimbergensi
942 597 1173 654 utendas
1216 600 1482 659 editiones
1513 605 1810 664 Romanam
1838 619 1893 666 et

271 678 548 739 Venetam
581 686 741 753 1471,
786 697 842 743 et
871 689 1295 762 innominatam;
1337 712 1471 767 quas
1500 700 1689 756 saltem
1729 718 1891 759 excu-

271 780 394 830 tere
446 775 728 834 debuisset
757 780 1026 849 curiosis,
1078 801 1373 859 earumque
1402 791 1581 847 varias
1627 794 1890 853 lectiones

265 867 533 924 disertius
578 871 844 928 indicare.
879 873 1008 930 Hmc
1036 877 1223 945 editio,
1264 880 1447 950 judice
1475 884 1723 955 Dupinio,
1755 888 1888 945 nihil

268 959 465 1027 habet,
514 965 658 1034 qnod
690 966 748 1020 in
798 967 921 1022 aliis
965 985 1072 1025 non
1104 972 1428 1044 inveniatur,
1483 978 1586 1033 nisi
1635 981 1779 1051 quod
1819 998 1885 1039 cx

268 1056 416 1114 bene
437 1061 625 1116 multis
649 1065 1037 1136 manuscriptis
1069 1071 1338 1128 recensita
1363 1073 1455 1128 sit.

771 1256 784 1261 Γ
894 1195 1138 1242 οιΑεειε
1178 1201 1265 1243 vr.

768 1278 1033 1338 Ediliones
1061 1284 1393 1343 Oxonienses.

991 1378 1153 1433 1682.

360 1462 583 1533 Uxonii,
621 1482 646 1520 ε
687 1467 886 1523 theatro
917 1469 1324 1542 Scheldoniano,
1362 1475 1512 1546 in-l",
1542 1478 1601 1535 S.
1623 1478 1879 1553 Cypriani

285 1558 463 1628 Opera
515 1559 785 1630 recognila
817 1571 873 1616 et
901 1562 1168 1620 illustrata
1215 1581 1314 1636 per
1359 1568 1623 1627 Joannem
1669 1572 1880 1631 Fellum

285 1651 642 1708 Oxoniensem
687 1656 1023 1727 episcopum.
1056 1659 1339 1716 Accedunt
1365 1664 1602 1721 Annales
1649 1666 1877 1739 Cypria-

284 1744 408 1809 nici,
444 1745 557 1800 sire
606 1747 863 1804 tredecim
912 1765 1178 1807 annorum
1226 1754 1422 1824 quibus
1467 1757 1522 1812 S.
1573 1757 1876 1830 Cyprianus

278 1836 417 1892 inter
453 1839 796 1897 Christianos
819 1854 1070 1900 versatus
1101 1855 1204 1914 est,
1253 1848 1434 1905 brevis
1464 1849 1687 1907 historia
1715 1853 1877 1911 chro-

278 1931 534 2002 nologice
555 1933 815 1991 delineata
853 1953 952 2008 per
980 1938 1242 1996 Joannem
1270 1941 1660 2001 Cestriensem.
1692 1946 1875 2005 Prima

278 2023 450 2094 hujus
491 2026 739 2082 editionis
781 2031 879 2086 dos
925 2041 1059 2099 est,
1109 2035 1251 2105 quod
1295 2044 1556 2095 tractatus
1603 2039 1875 2112 Cypriano

277 2118 547 2186 suppositi
575 2132 628 2173 et
658 2135 688 2174 a
713 2123 979 2190 prioribus
999 2126 1161 2181 etiam
1184 2127 1483 2186 editoribus
1519 2133 1673 2202 quasi
1703 2135 1873 2205 gradu

271 2209 513 2266 submoti
543 2222 600 2268 et
637 2216 871 2270 seorsim
902 2218 1153 2288 repositi,
1184 2221 1255 2276 ita
1286 2231 1464 2280 tamen
1485 2267 1501 2292 ,
1533 2235 1699 2282 utaut
1725 2243 1875 2298 quae-

271 2303 507 2359 stionem
549 2304 620 2359 de
671 2315 818 2362 statu
853 2324 1040 2365 eorum
1091 2313 1346 2369 intactam
1395 2319 1752 2386 praeterirent,
1783 2331 1877 2377 aut

275 2412 381 2468 pro
405 2399 667 2469 aliquibus
699 2401 802 2472 ipsi
831 2401 1208 2477 ﬁdejuberent,
1250 2419 1307 2465 ut
1329 2409 1624 2481 Pamelius,
1652 2431 1874 2484 prorsus

271 2499 401 2545 sunt
443 2507 508 2547 ex
560 2494 776 2564 reliquo
827 2499 1152 2568 scriptorum
1203 2517 1431 2559 numero
1481 2505 1775 2576 eliminati;
1808 2525 1877 2567 ne

267 2597 401 2639 vero
455 2600 484 2638 a
531 2586 856 2656 quibusdam
913 2590 1699 2660 lectoribus:desiderarentur
1757 2602 1876 2656 nni-

264 2680 435 2746 versi,
469 2695 592 2736 cum
649 2681 872 2738 ineditis
896 2685 1073 2740 adhuc
1119 2687 1436 2758 quibusdam
1484 2692 1604 2748 aliis
1646 2696 1875 2752 seorsim

266 2772 462 2828 excudi
486 2774 700 2829 curavit
728 2775 926 2843 editor,
957 2778 1052 2833 tali
1076 2781 1238 2835 etiam
1260 2780 1454 2850 forma,
1479 2792 1537 2840 ut
1556 2799 1676 2840 cum
1705 2787 1878 2858 gemi-

264 2866 355 2921 nis
379 2867 667 2924 commode
705 2868 859 2940 jungi
904 2881 1146 2940 possent.
1194 2874 1348 2941 Quod
1394 2875 1462 2932 ad
1491 2879 1722 2948 genuina
1770 2880 1870 2936 ista

267 2969 512 3030 spectat,
541 2961 810 3032 Epistolas
840 2979 983 3020 novo
1010 2982 1072 3022 ac
1094 2967 1252 3039 longe
1276 2983 1307 3024 a
1329 2968 1552 3027 Pamelii
1573 2971 1874 3030 dissidente

269 3055 450 3106 τπιὶἑηξ
521 3056 762 3123 in;
817 3061 1289 3128 annotationibus,
1344 3079 1466 3135 quae
1527 3066 1871 3122 commodea

269 3151 636 3214 supremum.
685 3152 772 3204 aii:
808 3151 988 3217 nribus,
1031 3154 1084 3209 in
1129 3155 1318 3224 primis
1347 3170 1378 3211 a
1405 3157 1661 3228 Rigaltio,
1693 3158 1876 3216 consi-

266 3253 438 3308 gnant;
491 3269 500 3292 ς
527 3251 660 3297 τ-ςμιπε
699 3243 833 3310 ipsis
863 3259 1053 3300 eorum
1084 3246 1262 3302 verbis
1285 3289 1300 3313 ,
1344 3248 1660 3307 charactere
1690 3261 1869 3309 tamen

269 3333 523 3398 permar-
559 3335 850 3404 αμα-ἱρῆς
897 3349 1020 3390 suas
1067 3337 1293 3407 addidit,
1320 3339 1388 3396 de
1411 3341 1607 3411 quibus
1636 3343 1753 3401 fere
1781 3346 1867 3400 ni-

275 3425 372 3475 nuis
392 3427 632 3479 modeste
652 3427 838 3492 Sentit,
859 3427 1156 3486 admonens
1168 3432 1328 3487 etiam
1352 3433 1610 3501 lectores,
1629 3445 1706 3503 ut,
1725 3438 1767 3492 si
1783 3441 1870 3495 cui

268 3515 405 3570 forte
433 3521 686 3587 Cypriani
721 3521 935 3589 placitis
972 3522 1219 3579 videatur
1260 3541 1416 3596 aequo
1447 3527 1735 3599 addictior,
1773 3547 1868 3588 re-

267 3617 458 3679 putent
477 3625 536 3666 se
561 3622 719 3667 notas
749 3612 818 3668 ad
845 3612 1175 3686 Cyprianum
1196 3632 1302 3672 non
1329 3620 1380 3675 in
1401 3637 1524 3676 eum
1555 3624 1862 3693 scripsisse.

267 3697 484 3754 Tutelae
518 3701 784 3770 quoddam
813 3719 986 3773 genus
1013 3708 1290 3779 suscipere
1313 3711 1600 3780 editorem,
1628 3729 1728 3770 nec
1754 3729 1871 3784 pro-

275 3795 458 3862 priam
500 3792 726 3851 liberare
754 3797 936 3865 ﬁdem,
962 3799 1067 3856 nisi
1110 3804 1458 3872 auctorisisui
1504 3816 1735 3863 tueatur.
1782 3808 1865 3864 Ad

274 3889 652 3960 dispositionis
682 3894 852 3951 laudes
897 3900 1151 3968 pertinet,
1189 3901 1332 3971 quod
1365 3901 1558 3974 insigni
1606 3905 1864 3960 lectorum

267 3984 566 4040 commodo
615 3990 781 4043 textui
833 3993 996 4047 varice
1049 3993 1312 4050 lectiones
1367 3996 1623 4065 primum,
1665 3997 1866 4055 deinde

261 4086 519 4132 annotata
548 4079 936 4150 subjiciantur;
968 4093 1230 4154 prmterca
1253 4093 1433 4141 textus
1453 4089 1570 4157 ipse
1594 4089 1645 4142 in
1673 4089 1868 4146 breves

262 4171 632 4241 paragraphos
669 4171 955 4230 distinctus
997 4176 1332 4248 singulisque
1368 4195 1556 4234 eorum
1595 4191 1723 4236 sunt
1767 4182 1865 4237 ad-

256 4261 430 4330 juncti
489 4264 714 4319 indiculi
770 4267 1111 4338 marginales.
1146 4268 1352 4325 Praeter
1395 4288 1454 4326 ea
1508 4288 1627 4343 quae
1679 4275 1862 4331 titulus

260 4356 568 4425 pollicetur,
603 4361 874 4428 praemissi
917 4371 1041 4416 sunt
1065 4361 1201 4419 Vita:
1222 4363 1479 4435 Cypriani
1518 4367 1726 4424 indices
1755 4369 1861 4423 Pa-

260 4450 476 4506 meliani
525 4467 650 4506 cum
695 4453 965 4509 indicibus
1014 4464 1396 4512 contentorum
1429 4499 1444 4524 ,
1490 4459 1687 4528 quibus
1741 4459 1860 4516 edi-

260 4543 436 4598 tiones
464 4543 701 4610 Erasmi,
735 4545 978 4614 Manutii,
1005 4548 1226 4604 Pamelii
1255 4558 1310 4606 et
1349 4551 1674 4607 Oxoniensis
1719 4553 1861 4608 inter

264 4649 328 4688 se
373 4648 773 4706 comparantur.
815 4639 892 4696 De
929 4640 1104 4697 nitore
1149 4651 1204 4698 et
1245 4655 1438 4700 ornatu
1471 4647 1860 4718 typographico

270 4724 437 4793 huius
458 4727 695 4784 editionis
723 4746 949 4788 monere
974 4735 1324 4804 supersedeo.

989 4828 1148 4884 1084.

272 5003 455 5059 luxum
482 5021 762 5080 excerptus
789 5028 856 5068 ex
883 5015 1021 5070 libro
1054 5017 1120 5070 de
1148 5017 1436 5089 Disciplina
1458 5030 1510 5076 et
1533 5021 1713 5077 habitu
1732 5023 1852 5078 Vir-

264 5097 447 5166 ginum
486 5098 664 5157 italico
702 5103 968 5174 redditus,
1010 5115 1148 5164 teste
1176 5108 1420 5166 Eudoxio
1447 5112 1715 5184 l’hilenio,
1744 5115 1854 5172 Ro-

267 5203 386 5254 mae,
417 5207 483 5247 ex
512 5195 865 5266 typographia
889 5197 953 5253 Β.
985 5200 1045 5255 C.
1071 5204 1140 5256 A.

962 5292 1124 5351 1681.

326 5376 726 5437 Dissertationes
751 5380 1072 5454 Cyprianica:
1099 5387 1166 5442 ab
1196 5387 1430 5447 Henrico
1464 5393 1735 5450 Dodwell.
1787 5397 1853 5452 Α.

254 5465 329 5524 Μ.
349 5469 708 5540 Dubliniensi,
727 5474 972 5545 Oxoniaz,
997 5496 1028 5535 e
1047 5481 1259 5540 theatro
1276 5483 1661 5558 Sheldoniano,
1675 5490 1731 5544 in
1745 5522 1753 5528 -
1769 5491 1851 5546 1‘2.

974 5571 1135 5628 1688.

405 5652 577 5709 Vmio
597 5657 786 5714 Gallica
825 5661 914 5716 VI.
949 5661 1172 5722 Selectze
1228 5669 1290 5742 Ιι
1322 5669 1570 5742 Cypriani
1614 5674 1867 5746 Epistolze

250 5741 322 5804 ad
355 5746 703 5810 confessores
722 5768 788 5810 ac
810 5764 1080 5828 martyres
1107 5759 1159 5816 in
1182 5741 1379 5819 nam
1402 5741 1856 5837 gallicum—trans-

1731 211 2118 277 PRAEFATIO.

3411 258 3596 303 LXX!"

2003 338 2122 392 lata:
2151 351 2272 393 cum
2312 339 2783 404 observationibus
2814 346 3088 408 historicis
3114 363 3274 426 atque
3297 361 3597 416 moralibus

1998 445 2025 482 a
2059 431 2416 489 celeberrimo
2439 435 2688 504 Lenfant,
2718 450 2940 498 auctore
2968 443 3220 501 Historiae
3241 451 3597 506 conciliorum

1996 521 2204 588 Pisani,
2237 525 2640 586 Contantiensis
2669 548 2734 588 ac
2763 533 3111 592 Basileensis.
3151 538 3423 613 (Catalog.
3471 546 3594 604 bibl.

2004 616 2207 674 Bunav.
2241 621 2486 696 Ceiller.)
2727 701 2864 758 1689

2064 781 2187 836 Joh.
2207 784 2401 842 Clerici
2423 786 2776 846 Summarium
2791 795 2908 848 vita:
2925 795 2988 852 S.
3019 795 3286 868 Cypriani,
3306 800 3445 871 quod
3471 817 3593 860 cum

1994 871 2045 926 in
2081 875 2224 931 illius
2268 877 2651 938 bibliothecam
2700 887 3006 943 universam
3038 889 3151 959 ΧΠ,
3194 894 3320 961 212,
3362 899 3593 952 transla-

1993 972 2104 1020 tum
2155 978 2322 1038 esset,
2351 978 2643 1042 separatim
2699 979 2928 1048 prodiit,
2961 997 3067 1038 non
3126 993 3334 1042 tantum
3379 990 3588 1058 gallice,

1991 1058 2296 1128 Amstelod,
2347 1065 2537 1134 ili-12.,
2598 1070 2693 1125 sed
2745 1074 2906 1128 etiam
2948 1079 3259 1146 germanice
3297 1081 3349 1136 in
3394 1083 3592 1141 Clerici

1991 1147 2584 1216 deutschﬂbersetzten
2634 1161 3045 1223 lebensbeschr.
3097 1169 3306 1241 einiger
3342 1171 3593 1232 kircheu-

1989 1252 2178 1311 vaeter,
2208 1261 2331 1316 pag.
2360 1250 2484 1304 158.

2704 1327 2866 1384 1690.

2059 1409 2157 1465 Ει).
2189 1409 2508 1474 Oxomensrs
2529 1417 2593 1472 Il.
2618 1419 2825 1477 Brema:
2847 1465 2860 1489 ,
2888 1435 3109 1496 sumptt.
3144 1427 3330 1486 Herm.
3360 1433 3584 1506 Brauer,

1987 1515 2172 1573 gymn.
2242 1513 2566 1582 typograph.
2612 1515 2934 1574 Oxoniensis
2979 1520 3047 1576 ad
3090 1539 3321 1597 unguem
3369 1545 3584 1586 recusa.

1985 1593 2297 1668 Subjunctis
2326 1602 2588 1662 Dodwelli
2619 1608 2755 1665 Diss.
2791 1609 3150 1682 Cyprianicis.

2705 1700 2861 1756 1694.

2050 1781 2201 1837 Com.
2230 1783 2464 1843 Daniclis
2491 1788 2691 1847 Frichii
2715 1793 2779 1847 de
2815 1793 3128 1855 Libellaticis
3148 1800 3200 1856 in
3226 1801 3462 1861 Ecclesia
3497 1822 3586 1863 ven

1979 1878 2080 1928 tere
2098 1889 2119 1939 ;
2137 1874 2348 1946 Lipsite.

2701 1957 2860 2014 1697.

2051 2039 2262 2110 Romae,
2296 2043 2478 2100 in-l‘ol.
2527 2046 2583 2103 S.
2617 2048 2872 2122 Cypriani
2901 2057 3216 2125 opusculum
3259 2059 3328 2118 de
3364 2062 3582 2123 Unitate

1980 2129 2240 2188 Ecclesiae
2281 2137 2561 2195 catholicae
2612 2142 2665 2196 in
2719 2143 2803 2200 Jo.
2859 2146 3084 2205 Thomas
3134 2152 3204 2208 de
3257 2154 3583 2217 lioccaberti

1980 2223 2117 2280 Bibl.
2151 2227 2288 2283 Max.
2317 2229 2519 2286 Pontif.
2553 2233 2739 2302 Rom.,
2770 2247 2808 2293 ι.
2839 2257 2909 2306 vr,
2943 2257 2998 2312 p.
3030 2243 3290 2304 905—9“.

2700 2330 2863 2388 1699.

2052 2409 2151 2465 En.
2180 2412 2500 2472 OxONtENs‘ts
2531 2417 2619 2476 lli.
2652 2421 3066 2496 Amstelodami,
3094 2445 3182 2502 ap.
3222 2431 3303 2490 Jo.
3341 2434 3471 2492 Lud.
3514 2437 3582 2496 de

1982 2501 2198 2569 Lorme,
2231 2506 2412 2563 in-l‘ol.
2459 2511 2558 2565 Ed.
2594 2515 2773 2581 tertia,
2804 2519 2890 2573 cui
2917 2520 3116 2578 addita:
3133 2501 3574 2586 rsuntDissertat.

1979 2592 2313 2667 Cyprianica:
2361 2601 2427 2656 11.
2484 2604 2769 2663 Dodwelli.
2828 2610 3102 2684 Repetitio
3157 2617 3437 2676 Bremensi
3483 2637 3580 2693 per

1981 2689 2159 2743 omnia
2189 2689 2402 2748 similis.

2566 2784 2790 2829 εωαυιο
2830 2788 2978 2829 XVIII.

2050 2926 2150 2983 En.
2177 2928 2499 2992 Oxomensrs
2524 2935 2614 3003 iV,
2644 2868 2971 3009 Αὲηέῗὲιόἀη
3000 2944 3148 3015 in-l'O,
3173 2949 3362 3006 eadem
3394 2968 3457 3010 ac
3485 2969 3578 3012 su-

1976 3033 2092 3090 pra.
2127 3022 2386 3100 (Catalog.
2417 3029 2536 3086 bibl.
2572 3030 2814 3090 Casanal.
2839 3045 2878 3092 ι.
2908 3039 2991 3109 ιι.)

2695 3128 2854 3186 1709.

2048 3206 2229 3264 Caecil.
2264 3211 2565 3285 Cyprianus
2593 3220 2661 3278 de
2690 3223 2958 3282 idolorum
2985 3229 3257 3302 Vanitate,
3280 3251 3402 3292 cum
3432 3242 3577 3298 notis

1973 3297 2090 3370 Nic.
2141 3302 2358 3375 Rigaltii
2402 3319 2456 3364 et
2481 3311 2596 3369 Jac.
2634 3316 2916 3387 Gronovii,
2949 3323 3196 3396 Lugduni
3225 3297 3574 3404 Batavorum,

1972 3405 2097 3488 cum
2141 3395 2348 3454 Minutii
2382 3401 2580 3463 Felicis
2608 3407 2864 3483 Octavio,
2895 3431 2950 3486 p.
2977 3395 3242 3480 592-401.
3279 3426 3397 3483 Cat.
3430 3395 3573 3488 Bibl:

1976 3483 2185 3549 Bunav.
2217 3500 2273 3547 et
2297 3492 2540 3565 Tigurin.

2695 3578 2833 3634 1710

2041 3648 2252 3722 Romae,
2284 3655 2442 3716 in-8°.
2477 3663 2534 3718 S.
2571 3663 2780 3725 Cmcilii
2809 3671 3069 3746 Cypriani
3111 3680 3569 3746 Testimoniorum

1970 3744 2035 3800 ad
2052 3747 2332 3814 Quirinum
2363 3755 2504 3814 liber
2519 3744 3038 3827 tertinsinln‘stitut.
3074 3775 3392 3850 Theologic.
3425 3784 3571 3838 anti-

1969 3853 2125 3910 quor.
2152 3844 2420 3942 Patrum,
2453 3863 2492 3907 t.
2525 3871 2584 3921 η,
2612 3872 2665 3927 p.
2693 3859 2846 3928 4-90,
2875 3880 2940 3920 ex
2968 3844 3321 3942 typographia
3349 3875 3406 3932 S.
3433 3875 3570 3935 Con-

1967 3945 2174 4035 Eregat.
2213 3937 2564 4035 -dehPr_opag.
2615 3949 2739 4018 ﬁde,
2787 3937 3356 4035 edenteB.Josepho
3403 3968 3571 4030 Maria

1968 4020 2261 4082 Thomasio
2291 4029 2350 4084 S.
2388 4031 2452 4086 Β.
2483 4033 2548 4088 Ε.
2583 4039 2863 4097 cardinali.

2051 4209 2223 4268 Vcrsio
2275 4217 2469 4287 gallica
2506 4220 2616 4276 VII.
2674 4223 2794 4281 Prin
2838 4231 3088 4290 omnibus
3134 4240 3395 4306 praeclara
3439 4258 3564 4304 cum

1970 4301 2071 4358 hoc
2100 4307 2254 4364 titulo
2289 4331 2300 4364 :
2331 4311 2428 4368 Las
2449 4314 2678 4373 (Euvres
2703 4321 2766 4375 de
2792 4323 2853 4379 S.
2878 4301 3334 4403 Cyprien,-éve‘que
3354 4337 3418 4392 de
3436 4301 3568 4394 Car:-

1969 4397 2118 4468 thage
2147 4413 2192 4454 et
2219 4414 2435 4477 martyr,
2463 4409 2712 4466 traduites
2744 4431 2805 4470 en
2824 4422 3049 4488 francais
3079 4441 3170 4492 par
3193 4397 3372 4484 Pierre
3392 4430 3554 4487 Lom-

1966 4490 2115 4558 bard,
2142 4511 2260 4552 avec
2297 4500 2383 4554 des
2411 4519 2741 4576 remarques;
2771 4527 2867 4565 une
2893 4490 3123 4572 nouvelle
3157 4516 3247 4574 Vie
3274 4521 3338 4577 de
3367 4523 3428 4579 S.
3459 4524 3564 4597 Cy-

1965 4587 2134 4655 prien,
2162 4590 2285 4645 lirée
2324 4593 2386 4647 de
2428 4611 2507 4652 ses
2533 4598 2706 4666 écrits,
2763 4613 2808 4658 et
2859 4623 2956 4662 une
2992 4609 3126 4666 table
3171 4615 3258 4669 des
3304 4587 3560 4676 mulieres.

1965 4676 2249 4748 Rothom.,
2277 4683 2443 4742 ili-4°.

2680 4767 2837 4824 1717.

1962 5127 2129 5194 riques
2161 5139 2206 5183 et
2236 5131 2324 5185 des
2349 5133 2698 5194 dissertations
2721 5141 3065 5216 lltéologiques
3097 5127 3185 5206 sar
3212 5153 3284 5209 les
3312 5156 3557 5225 di/I'érenu

1963 5227 2033 5272 (es
2062 5225 2421 5280 contestations
2451 5229 2514 5282 de
2538 5246 2630 5285 son
2658 5241 2841 5305 temps.
2867 5237 3063 5308 Paris.,
3099 5243 3254 5304 in-4°.
3279 5249 3424 5318 Opus
3453 5253 3557 5312 hoc

1960 5312 2077 5368 sine
2115 5317 2354 5372 auctoris
2400 5322 2618 5378 nomine
2643 5323 2710 5379 ad
2749 5329 3021 5395 publicum
3051 5350 3208 5394 usum
3237 5343 3554 5405 translatum

1963 5412 2083 5458 est:
2106 5403 2254 5460 illum
2279 5417 2455 5464 autem
2486 5412 2548 5467 D.
2577 5414 2762 5474 Jacobi
2785 5420 3029 5482 Gervasii
3059 5443 3182 5488 esse
3210 5449 3400 5492 omnes
3417 5437 3564 5509 jam-

1964 5495 2180 5564 pridem
2211 5499 2733 5565 animadverterunt.

2698 5605 2855 5664 1717.

2055 5679 2230 5739 Verrio
2257 5685 2471 5760 Anglica
2493 5689 2532 5746 1.
2564 5691 2885 5768 Cyprianus,
2925 5704 3107 5763 editus
3140 5717 3286 5766 textu
3331 5712 3505 5773 latino
3529 5729 3586 5778 et

1976 5776 2224 5837 versione
2239 5781 2442 5853 anglica
2461 5796 2513 5843 et
2530 5791 2672 5848 notis
2693 5806 2723 5847 a
2744 5790 2864 5852 Nat.
2880 5793 3194 5875 Marshallo,
3208 5802 3417 5884 Lond.,
3431 5776 3596 5888 ind“,
