4190 6246
572 251 675 294 LXX
689 244 778 293 XIII

657 418 832 475 Versio
878 415 1078 471 Gallica
1123 404 1258 468 Vlll.
1302 340 1596 465 1'l7rizgziatus
1662 405 1730 464 de
1796 404 2182 479 Singularitate

572 513 931 576 Clericorum,
984 508 1123 562 inter
1165 519 1330 575 opera
1376 502 1541 558 dubia
1570 500 1628 556 S.
1660 499 1933 573 Cypriani,
1988 497 2180 569 gallice

575 604 774 676 prodiit
802 601 1000 665 Paris.,
1031 614 1118 669 ap.
1153 596 1378 659 Lottin.,
1405 604 1541 650 teste
1567 592 1867 649 Ceillierio.

648 764 912 830 Parisiis.,
944 761 1127 817 in-fol.
1163 687 1714 833 Cypria‘tiiEpistola:
1762 755 1828 809 ad
1867 752 2183 809 Cornelium

578 869 633 917 et
674 857 1004 929 Stephanum
1027 900 1041 922 ,
1099 870 1340 911 summos
1394 850 1698 925 pontiﬁces,
1728 862 1781 905 et
1801 847 1901 903 alia
1934 843 2182 917 qumdam

578 954 631 1011 in
680 952 817 1024 Epp.
850 952 1009 1006 Rom.
1046 949 1243 1003 Pontif.
1287 964 1382 1018 per
1418 946 1633 1002 Petrum
1683 943 1947 999 Constant
1985 958 2015 995 e
2052 954 2185 995 con—

578 1050 887 1121 gregatione
914 1044 971 1101 S.
1008 1040 1195 1099 Mauri.
1232 1058 1260 1096 a
1294 1057 1345 1113 p.
1381 1040 1504 1095 1'26.

1298 1134 1459 1190 1724.

653 1212 733 1268 De
780 1209 1008 1266 Dissidio
1054 1210 1184 1263 inter
1226 1216 1459 1262 sanctum
1500 1202 1821 1275 Stephanum
1866 1207 1912 1255 et
1952 1206 2185 1254 sanctum

583 1310 893 1381 Cyprianum
917 1321 1071 1375 super
1084 1303 1403 1371 Baptismate
1421 1299 1779 1354 hwreticorum
1797 1301 1975 1350 exorta
1996 1292 2185 1346 disser-

586 1402 710 1456 tatio
737 1399 1050 1470 dogmatica,
1074 1396 1141 1450 ab
1165 1403 1311 1450 auct.
1351 1406 1611 1463 anonym.
1641 1389 1844 1453 Paris.,
1884 1385 2025 1456 apud
2071 1383 2185 1439 vid.

582 1490 907 1566 Raymondi.
923 1488 1181 1545 Mazieres
1204 1496 1258 1541 et
1277 1483 1403 1541 Joh.
1422 1484 1577 1553 Bapt.
1597 1480 1853 1544 Garnier,
1869 1478 1953 1532 via
1969 1476 2185 1541 Jacob.,

585 1588 686 1644 sub
715 1588 869 1657 signo
899 1581 1285 1646 Providentiae,
1319 1578 1513 1649 partim
1541 1572 1759 1643 quidem
1785 1588 1812 1625 a
1838 1571 1900 1626 D.
1926 1571 2182 1640 Lumper,

588 1691 627 1737 t.
658 1697 731 1736 xu
754 1676 1138 1744 Hist.theo|og.
1159 1672 1333 1728 critic.
1355 1670 1485 1734 PP.,
1505 1685 1571 1724 ex
1600 1667 1812 1736 integro
1841 1680 1970 1719 vero
2000 1672 2109 1717 tum
2135 1660 2187 1715 in

589 1789 753 1847 opere
783 1770 975 1830 Soardi
1005 1770 1071 1823 de
1090 1780 1341 1837 suprema
1376 1760 1604 1817 Romani
1638 1758 1913 1814 Pontiﬁcis
1945 1755 2186 1811 auctori-

590 1876 698 1921 tate
722 1862 985 1920 hodierna
1013 1860 1258 1916 ecclesia:
1278 1856 1559 1927 gallicanze
1589 1852 1865 1917 doctrina;
1887 1848 2187 1913 Avenione,

594 1962 752 2026 1747ς
772 1958 946 2014 tumin
971 1956 1073 2011 hoc
1104 1952 1377 2009 volumine
1399 1964 1553 2003 novae
1572 1944 1923 2001 Bibliotheca:
1944 1941 2190 1996 Patrum.

1186 2060 1429 2107 CLASSIS
1472 2057 1587 2102 VII.

1092 2147 1357 2203 Editianes
1386 2142 1704 2198 Balusianaz.

670 2328 765 2382 En.
798 2324 1106 2380 BALUZIANA
1136 2318 1178 2372 ι.
1212 2241 1482 2378 Ρθΐέδῖἓῗ.
1501 2326 1569 2366 ex
1623 2303 1978 2380 typographia
2030 2299 2195 2369 Regia

598 2421 693 2477 fol.
741 2434 887 2473 max.
923 2416 982 2471 S.
1011 2411 1071 2468 C.
1100 2406 1353 2481 Cypriani
1385 2401 1638 2474 Episc0pi
1668 2394 2116 2466 Carthaginiensis
2140 2399 2196 2446 et

596 2509 845 2582 Martyris
873 2508 1051 2576 Opera
1071 2500 1252 2556 omnia
1282 2496 1348 2552 ad
1371 2509 1499 2549 mss.
1525 2492 1743 2547 codices
1757 2487 2033 2558 recognita
2053 2493 2108 2537 et
2137 2481 2197 2536 il-

597 2578 825 2663 lustrata
855 2600 1034 2657 studio
1072 2607 1126 2653 et
1157 2595 1345 2650 labore
1377 2586 1639 2659 Stephani
1672 2583 1910 2644 Baluzii,
1937 2578 2198 2636 Tutelen-

598 2701 695 2755 sis.
727 2694 979 2752 Absolvit
1010 2699 1130 2760 post
1158 2684 1436 2742 Baluziunt
1460 2696 1523 2735 ac
1547 2676 1920 2749 praefationem
1940 2682 1996 2729 et
2020 2670 2199 2726 Vitam

601 2792 854 2865 Cypriani
886 2784 1171 2843 adornavit
1200 2795 1337 2837 uitus
1362 2793 1427 2832 ex
1458 2773 1739 2831 monachis
1764 2766 2203 2840 congregationis

604 2887 663 2943 S.
698 2884 865 2939 Mauri
897 2881 983 2953 (ι).
1019 2874 1351 2933 Prudentius
1378 2865 1672 2937 Maranus).

675 2952 937 3036 Cenuinis
961 2971 1217 3045 Cypriani
1244 2966 1462 3035 scriptis
1489 2959 1672 3034 spuria
1701 2956 1882 3013 omnia
1905 2955 1985 3009 sic
2011 2952 2204 3023 adjun-

605 3090 735 3146 gere
782 3071 1091 3125 instituerat
1134 3059 1414 3125 Baluzius,
1462 3065 1523 3112 ut
1562 3054 1831 3109 habentur
1872 3051 1926 3105 in
1967 3046 2205 3104 editione

606 3145 924 3231 Oxoniensi,
950 3162 1152 3215 omisso
1171 3156 1345 3212 solum
1371 3160 1627 3222 computo
1645 3145 1917 3213 Paschali,
1943 3153 2000 3199 ut
2027 3154 2205 3197 tamen

609 3265 750 3319 inter
778 3258 1011 3331 genuina
1042 3253 1270 3309 referret
1302 3248 1369 3303 de
1393 3242 1750 3317 Spectaculis,
1779 3239 1848 3295 de
1880 3237 2039 3293 laude
2068 3234 2208 3290 Mar-

612 3354 737 3426 tyrii
769 3330 992 3421 etquod
1026 3340 1340 3400 inscribitur
1368 3335 1640 3408 Anonymi
1672 3333 1740 3387 de
1773 3330 2204 3400 Bebaptismale.

596 3419 796 3517 .llaqne
838 3419 1046 3499 textum
1090 3436 1366 3491 variarum
1412 3430 1710 3486 lectionum
1757 3439 1784 3478 ε
1837 3419 2212 3492 superioribus

612 3514 941 3595 editionibus
987 3536 1369 3599 congestarum
1423 3530 1478 3577 et
1529 3519 1745 3587 triginta
1789 3514 1904 3570 fere
1947 3525 2210 3567 novorum

615 3629 774 3688 codd.
801 3642 931 3682 mss.
957 3638 1059 3693 cpe
1092 3618 1376 3688 insigniter
1406 3621 1462 3669 et
1492 3610 1676 3666 multis
1708 3607 1762 3662 in
1798 3607 1931 3661 locis
1960 3600 2215 3658 emenda-

614 3729 805 3786 verat,
859 3717 1111 3785 notisque
1158 3713 1490 3765 instruxerat
1528 3703 1723 3774 partim
1773 3696 2213 3753 emendatiooum

598 3784 809 3871 causas
836 3784 1207 3869 reddentibus,
1246 3800 1438 3872 partim
1469 3791 1789 3866 explicando
1825 3787 2095 3852 sermoni,
2130 3784 2217 3840 vel

614 3903 950 3965 illustraudis
979 3900 1143 3955 rebus
1174 3889 1618 3951 inservicutibus.
1656 3882 1919 3939 Absoluta
1954 3880 2065 3950 jam
2104 3885 2222 3933 erat

618 4003 850 4077 plurima
881 3998 1064 4070 operis
1087 4007 1230 4065 pars,
1257 3988 1467 4044 duobus
1495 3995 1588 4039 aut
1615 3981 1789 4037 tribus
1820 3976 1963 4033 foliis
2012 3983 2218 4029 tracta-

621 4070 707 4154 tus
736 4096 804 4151 de
838 4088 1214 4149 Cardinalibus
1248 4081 1452 4139 Christi
1491 4076 1749 4149 operibus
1787 4070 2053 4139 exceptis,
2098 4083 2221 4123 cum

622 4191 800 4247 subito
832 4200 979 4243 mors
1024 4181 1077 4237 in
1127 4178 1305 4235 medio
1352 4174 1539 4229 labore
1579 4174 1824 4239 occupat.
1873 4161 2009 4218 Cum
2063 4160 2225 4230 igitur

620 4285 840 4341 Marano
899 4279 951 4333 in
1012 4273 1236 4344 reliquis
1289 4277 1498 4324 tantum
1567 4269 1716 4317 esset
1786 4254 2219 4320 elaborandum,

627 4387 683 4433 ct
710 4374 964 4431 vicariam
998 4362 1374 4424 tantummodo
1404 4372 1622 4429 operam
1654 4370 1715 4410 se
1743 4365 1934 4423 gerere
1964 4347 2224 4403 sensisset

629 4468 855 4540 (quippe
877 4466 991 4533 qui,
1016 4461 1062 4515 si
1095 4470 1231 4512 nova
1259 4451 1513 4524 Cypriani
1538 4446 1701 4503 editio
1729 4444 1830 4499 sibi
1859 4441 2049 4495 luisset
2070 4436 2228 4492 ador-

626 4532 826 4626 nanda,
858 4532 1053 4611 fatetur
1096 4564 1204 4605 non
1246 4560 1415 4617 pauca
1455 4558 1524 4598 ex
1571 4550 1675 4593 tam
1720 4534 1868 4608 gravi
1912 4532 2121 4587 sarcina
2166 4546 2225 4585 sc

627 4622 1276 4710 fuisse-deoneraturum)
1306 4635 1549 4699 retinuit,
1596 4630 1717 4701 quia
1760 4627 1840 4683 sic
1877 4623 2099 4680 Baluzio
2142 4622 2225 4678 vi-

630 4761 772 4811 sum,
798 4737 1059 4813 quidquid
1092 4732 1275 4789 habuit
1296 4729 1463 4785 editio
1493 4722 1740 4791 Pamelii,
1773 4719 1867 4776 sed
1899 4734 1964 4774 ex
2007 4717 2072 4771 iis
2115 4712 2232 4786 qui-

630 4840 731 4895 bus
760 4808 920 4906 Attin
948 4808 1277 4901 Cyprianum
1307 4828 1636 4882 onerarunt,
1666 4812 1890 4870 Arnoldi
1919 4812 1982 4865 Β.
2021 4808 2083 4865 V.
2112 4808 2230 4865 elu-

632 4903 981 4987 cubrationes
1017 4922 1109 4996 (de
1152 4934 1277 4989 Opp.
1314 4932 1364 4971 vt
1402 4914 1633 4976 dierum,
1679 4908 1747 4964 de
1789 4904 1972 4961 laudat
2012 4905 2122 4957 dat.
2165 4903 2226 4955 B.

632 5021 873 5096 Virginis
906 5029 961 5075 et
990 4993 1390 5081 liledttationes)
1418 5003 1698 5078 eXpunxit.
1731 4995 2105 5057 Confessionis
2129 4993 2233 5066 Cy-

634 5089 836 5192 priani,
874 5128 1034 5187 quam
1078 5109 1234 5180 Angli
1273 5105 1439 5161 latina
1484 5096 1954 5170 interpretatione,
1991 5089 2231 5163 pluribus

634 5185 769 5273 locis
802 5185 1059 5274 hiulcam,
1094 5200 1396 5261 innumeris
1435 5195 1561 5252 aliis
1593 5200 1906 5262 corruptam
1940 5185 2224 5251 dederant,

640 5321 878 5381 graecum
909 5310 1111 5359 lentum
1162 5313 1228 5354 ex
1254 5291 1396 5351 bibl.
1425 5288 1641 5346 comitis
1677 5284 1746 5340 de
1793 5280 2077 5353 Seignelay
2103 5292 2235 5348 sup-

635 5369 933 5473 peditatum
977 5408 1117 5449 nova
1161 5382 1615 5458 interpretatione
1643 5376 1938 5434 substituta
1966 5369 2233 5429 exhibuit.

630 5461 825 5565 Spuria
853 5504 1019 5563 porro
1053 5481 1309 5558 Cypriani
1336 5493 1525 5549 opera,
1562 5488 1683 5545 qua:
1724 5467 1975 5525 Baluzins
2006 5465 2076 5565 ita
2106 5461 2238 5517 dare

632 5555 1022 5645 constituerat,
1082 5555 1140 5633 ut
1187 5573 1453 5628 habentur
1510 5568 1562 5620 in
1614 5558 1915 5618 Onoxiensi
1971 5555 2234 5617 editione,

635 5679 779 5753 quod
822 5677 1008 5749 plures
1041 5682 1226 5728 nzevos
1270 5680 1365 5735 per
1398 5662 1545 5732 ipsas
1577 5655 1801 5712 crebras
1824 5647 2081 5753 Cypriani
2122 5645 2239 5702 edi-

631 5741 1083 5836 tiones'traxisse
1113 5774 1186 5820 ea
1214 5756 1452 5822 viderat,
1482 5749 1551 5807 ad
1602 5755 1846 5807 vetustas
1888 5741 2155 5800 editiones
2188 5746 2245 5794 et

2048 208 2436 275 PBJFATIO.

3676 206 3875 255 ιικιιιν

2282 328 2438 384 codd.
2476 339 2603 381 mss.
2640 323 2969 389 emendavit,
3000 318 3337 376 variantibus
3362 316 3431 372 ad
3463 314 3762 386 marginem
3788 330 3881 383 ap-

2284 422 2496 493 positis.
2533 420 2735 475 Baluzii
2767 426 2956 474 contra
2984 415 3420 477 emendationes,
3446 426 3513 468 eo
3540 411 3684 482 quod
3710 410 3883 480 expli-

2283 512 2588 569 cationibus
2620 521 2675 568 et
2700 509 3159 566 illustrationibus
3177 521 3325 576 saepe
3346 504 3775 573 distinguuntur,
3796 512 3882 556 sc-

2284 609 2510 680 paratim
2537 616 2655 678 post
2675 615 2878 662 textum
2908 603 3286 673 subjiciuntur.
3310 598 3649 655 Praefationis
3671 611 3884 667 quoque

2286 704 2407 759 loco
2444 704 2696 757 Maranus
2731 701 2802 756 de
2835 699 3115 771 operibus,
3159 695 3513 758 editionibus,
3550 693 3800 748 doctrina
3831 701 3887 746 et

2285 801 2448 856 rebus
2479 800 2647 870 gestis
2683 798 2939 869 Cypriani
2985 796 3198 867 prolixe
3241 792 3542 858 disseruit,
3590 791 3660 844 ita
3706 799 3884 844 tamen

2287 904 2346 951 ut
2386 909 2532 964 sa’pe
2571 892 2639 947 ab
2679 887 3079 946 Oxoniensibus
3118 885 3431 941 discederet
3468 893 3523 939 et
3556 882 3790 953 receptis
3821 880 3889 935 ab

2287 988 2533 1044 Ecclesia
2551 983 2820 1043 catholica
2853 980 3067 1054 placitis
3087 978 3419 1050 Cyprianum
3444 974 3833 1030 conlormaret.

2361 1149 2699 1203 Dissertation
2744 1070 3183 1217 théologiqde7
3214 1141 3264 1196 la
3296 1138 3494 1195 celebre
3525 1138 3726 1208 dispute
3751 1144 3892 1190 entre

2290 1240 2338 1295 le
2365 1257 2496 1311 pape
2529 1239 2590 1294 S.
2621 1238 2866 1292 Estienne
2890 1244 2937 1291 et
2968 1234 3030 1290 S.
3072 1232 3316 1304 Cyprien,
3354 1232 3472 1287 sine
3508 1229 3743 1285 auctoris
3788 1243 3889 1283 no-

2289 1331 2438 1388 mine
2467 1330 2617 1398 data,
2649 1330 2711 1383 ι).
2738 1327 2952 1398 Corgne
2980 1324 3273 1396 adscripta.

2364 1496 2464 1553 En.
2500 1492 2808 1550 BALUZIANA
2834 1491 2897 1548 ll.
2918 1419 3185 1555 Verieztgiiss,
3205 1503 3401 1545 recusa
3426 1486 3523 1544 fuit
3552 1484 3755 1542 Baluzii
3782 1484 3893 1540 edi-

2293 1590 2368 1644 tio
2400 1586 2607 1651 in-fol.,
2632 1595 2771 1643 teste
2798 1583 3045 1641 Eudoxio
3081 1581 3326 1637 Philenio
3359 1581 3412 1636 in
3443 1578 3720 1636 Tricaletii
3748 1575 3889 1633 Bibl.

2293 1678 2557 1735 Ecclesia:
2579 1678 2685 1733 PP.
2714 1676 2867 1732 Latio
2893 1673 3111 1730 donata.

2367 1842 2564 1906 Paris.,
2588 1840 2765 1896 in-l'ol.
2801 1766 3399 1907 Carmenigz’Cypriani
3424 1834 3489 1890 ad
3516 1834 3778 1901 Felicem,
3825 1833 3895 1887 de

2294 1935 2717 1991 Rcsurrectione
2746 1932 3080 1987 Morinorum
3120 1929 3173 1983 in
3206 1927 3346 1983 Bibl.
3392 1927 3604 1996 Tigur.,
3639 1934 3678 1980 t.
3721 1940 3801 1991 ιιι,
3838 1924 3890 1977 in

2296 2037 2335 2083 t.
2388 2044 2438 2082 ιχ
2487 2025 2642 2082 Edm.
2693 2023 3015 2089 Martemfet
3044 2019 3227 2078 Ursini
3270 2016 3671 2084 Durandi,VV.
3696 2014 3792 2073 SS.
3840 2022 3897 2070 et

2296 2118 2626 2175 Monnment.
2658 2116 2871 2171 collect.
2896 2114 3113 2238 ampileu

3085 2204 3113 2238 ὓ

2368 2259 2457 2314 Fr.
2492 2256 2789 2331 Baymondi
2814 2184 3447 2327 blissorii7ggputatianes
3471 2252 3658 2307 criticce
3680 2250 3732 2305 in
3762 2249 3901 2305 duas

2296 2353 2679 2410 celeberrimas
2707 2368 2831 2423 epp.
2865 2350 3161 2405 Firmiliani
3187 2358 3241 2405 et
3267 2348 3519 2420 Cypriani
3550 2347 3671 2401 adv.
3707 2345 3901 2400 decre—

2296 2454 2410 2503 tum
2452 2445 2510 2501 S.
2561 2443 2843 2515 Stephani.
2875 2472 2945 2483 -—
2971 2439 3226 2512 Ejusdem
3258 2438 3551 2509 disputatio
3582 2439 3635 2493 in
3682 2435 3899 2507 epistol.

2298 2542 2365 2597 ad
2384 2540 2721 2609 Pompeium,
2750 2538 2891 2592 inter
2917 2534 3265 2609 Cyprianicas
3292 2549 3479 2599 anv,
3498 2549 3601 2603 qua
3630 2528 3775 2585 illam
3796 2544 3901 2584 una

2301 2642 2424 2689 eum
2478 2631 2598 2686 aliis
2662 2629 2900 2701 quinque
2958 2636 3011 2681 et
3062 2625 3293 2682 concilio
3360 2621 3773 2692 Carthaginensi
3844 2636 3903 2675 ιιι

2308 2724 2574 2782 hactenus
2602 2739 2701 2795 pro
2726 2721 3061 2795 Cyprianicis
3105 2718 3303 2774 habitis
3325 2733 3467 2772 nunc
3493 2715 3726 2785 primum
3746 2713 3905 2784 abju-

2303 2818 2449 2876 dicat
2480 2831 2542 2872 ac
2570 2814 2867 2871 Donatistis
2898 2813 3104 2869 tribuit.
3139 2810 3365 2877 Venet.,
3393 2808 3564 2865 ιιι-4⁸.

2380 2982 2443 3037 P.
2502 2976 2875 3035 Tourneminii
2934 2904 3241 3050 Congestitra
3285 2976 3337 3029 in
3395 2972 3586 3029 iisdem
3642 2971 3904 3043 epistolis.

2311 3074 2498 3146 (Mem.
2527 3074 2589 3127 de
2608 3072 2868 3135 Trévouat,
2891 3086 3018 3125 ann.
3042 3070 3202 3136 1754,
3237 3083 3356 3139 pag.
3386 3064 3578 3138 2246.)
3605 3066 3754 3121 Hanc
3775 3063 3909 3120 doc-

2310 3168 2505 3223 tissimi
2548 3165 2720 3220 Patris
2750 3163 3122 3233 conjecturam
3156 3161 3351 3215 critico
3395 3159 3634 3213 examini
3684 3156 3917 3226 subjecit

2314 3258 2602 3315 Malleville
2631 3259 2684 3313 in
2716 3271 2881 3327 opere
2914 3256 2999 3311 cui
3033 3255 3257 3309 titulus:
3282 3252 3361 3307 La
3387 3250 3627 3323 Religion
3664 3248 3918 3304 naturalle

2314 3363 2360 3407 et
2406 3353 2456 3406 ta
2482 3351 2677 3405 révétée
2722 3344 2907 3404 etabtie
2930 3388 2944 3413 ,
2975 3356 3082 3401 etc.
3113 3346 3253 3401 Diss.
3292 3359 3406 3409 vui,
3440 3352 3543 3397 art.
3573 3343 3625 3407 8,
3660 3357 3714 3412 p.
3748 3339 3875 3396 5‘28.

2388 3517 2588 3586 Georg.
2646 3513 2815 3570 Cotti.
2874 3512 3015 3568 Preu
3044 3440 3278 3565 Ἒίῗξννι.
3329 3505 3921 3575 critico-theolog.,qua2

2320 3607 2568 3681 Cypriani
2618 3616 2664 3661 et
2706 3605 3004 3660 Firmitiani
3053 3603 3385 3673 epistularum
3425 3600 3544 3654 adv.
3604 3596 3857 3664 Stephani
3900 3594 3920 3649 l

2321 3715 2469 3771 papa:
2490 3699 2746 3752 decretum
2774 3695 2838 3749 de
2865 3693 3151 3747 Itwreticor.
3174 3690 3441 3761 Baptismo
3462 3688 3735 3754 vindicias,
3760 3696 3922 3758 oppa-

2320 3792 2445 3848 sitas
2466 3788 2775 3861 Raymondo
2804 3786 3048 3842 Missorio
3077 3786 3302 3850 exhibet;
3326 3784 3491 3851 lenas,
3526 3781 3688 3838 in-4°.

2397 3955 2491 4011 Fr.
2512 3954 2559 4011 J.
2586 3953 2803 4010 Henric.
2831 3880 3379 4007 Sboralgglibello
3406 3956 3596 4003 contra
3620 3947 3928 4002 Missorium

2326 4046 2570 4121 ejusdem
2594 4044 2822 4109 ordinis,
2854 4056 3169 4114 germanam
3195 4040 3251 4096 S.
3279 4038 3532 4111 Cypriani
3564 4048 3619 4093 et
3648 4036 3923 4103 Afrorum,

2327 4156 2429 4197 nec
2456 4156 2560 4196 non
2593 4137 2895 4193 Firmiliani
2918 4144 2972 4190 et
2995 4132 3351 4189 Orientalium
3381 4131 3690 4201 opinionem
3718 4128 3787 4184 de
3812 4127 3927 4183 ba:-

2329 4236 2620 4291 reticorum
2653 4232 2979 4301 baptismate
3007 4227 3277 4298 exposuit.
3302 4226 3540 4291 Bonon.,
3582 4223 3743 4279 1741.

2405 4394 2454 4450 J.
2480 4392 2541 4448 F.
2569 4393 2725 4447 Cotta
2754 4321 3080 4447 li.‘:rercitatioi
3102 4318 3550 4443 iggorico-critica
3588 4403 3689 4458 qua
3724 4386 3930 4455 conjec-

2332 4496 2450 4540 tura
2481 4484 2668 4539 Renat.
2700 4482 2816 4537 Jos.
2870 4480 3252 4548 Tourneminii,
3286 4490 3416 4546 elc.,
3458 4476 3683 4532 examini
3722 4474 3933 4541 subjici.

2333 4586 2451 4643 tur;
2479 4574 2737 4645 Tubing.,
2765 4574 2928 4628 ind”.

2407 4718 2685 4783 Bononiae,
2718 4718 2779 4771 D.
2818 4643 3419 4785 Cyprianﬁﬂsghortatio
3457 4710 3523 4765 ad
3555 4706 3931 4780 ptenitentiam

2334 4828 2456 4869 cum
2497 4811 2639 4866 notis
2677 4809 2728 4864 J.
2766 4806 2829 4863 C.
2875 4806 3212 4871 Trombellii,
3258 4808 3399 4861 inter
3438 4802 3615 4875 ejusd.
3665 4799 3933 4872 Opuscula

2335 4916 2509 4963 veter.
2539 4904 2756 4959 Patrum
2786 4901 2984 4967 Latin.,
3016 4916 3067 4968 p.
3090 4898 3243 4963 5-32,
3270 4895 3432 4952 ιιι-4ο.

2410 5058 2472 5123 F.
2500 5066 2550 5123 J.
2578 5064 2838 5123 Reuchlin
2864 4988 3439 5128 υἱδδέἷῗέιῖὲῖιξέἶτθε,
3472 5058 3536 5113 de
3565 5056 3815 5113 Doctrina
3837 5054 3938 5128 Cy-

2339 5162 2548 5235 priani,-
2580 5161 2890 5231 Argentor.,
2921 5154 3085 5210 iri—4°.

3058 5245 3223 5302 1755.

2416 5350 2491 5404 De
2520 5346 2618 5403 SS.
2649 5342 2901 5399 Cornelio
2938 5354 3071 5411 papa
3114 5347 3169 5393 et
3210 5345 3450 5410 martyre
3482 5344 3535 5390 et
3563 5334 3620 5391 S.
3673 5330 3943 5405 Cypriano

2344 5460 2433 5517 ep.
2454 5452 2509 5499 ct
2536 5450 2719 5505 mart.,
2746 5439 2884 5492 inter
2905 5442 3022 5489 acta
3055 5432 3155 5490 SS.
3183 5429 3553 5492 Bollandiana,
3585 5426 3651 5481 ad
3683 5426 3827 5480 diem
3854 5439 3945 5479 xw

2346 5550 2514 5614 sept.,
2535 5549 2575 5593 t.
2600 5554 2672 5606 iv,
2689 5551 2743 5607 p.
2764 5531 3015 5599 143-350,
3034 5538 3251 5585 auctore
3268 5522 3625 5582 Constantino
3638 5518 3942 5592 Suyskeno.

3066 5626 3228 5683 i758.

2421 5730 2522 5789 En.
2557 5729 2863 5785 BALUZIAbA
2893 5718 2976 5781 Ill.
3012 5716 3275 5787 Venetiis,
3320 5729 3386 5770 ex
3427 5708 3783 5788 typographia
3824 5706 3950 5764 llic-
