4242 6270
673 284 743 328 LX
753 283 907 329 XXVII

671 383 994 442 Mortalitate
1022 382 1138 441 sive
1178 380 1445 457 de'peste,
1480 384 1547 441 de
1589 383 1768 455 Opere
1797 388 1851 441 et
1877 382 2270 456 eleemosynis,

676 478 744 535 de
770 478 901 534 Zelo
931 488 986 533 et
1015 478 1208 545 livore,
1244 494 1343 535 nec
1366 495 1474 535 non
1500 488 1555 535 et
1582 480 2271 552 Firmilianiepistola......

676 587 889 637 recens,
920 581 1186 642 notasque
1212 588 1339 628 suas
1365 582 1420 629 et
1466 573 1694 629 aliorum
1724 574 1928 629 addidit
1971 575 2125 630 Mart.
2157 575 2273 631 Jos.

676 664 877 729 Routh,
918 664 974 719 S.
1006 663 1068 718 T.
1105 664 1166 719 P.
1198 665 1327 720 coll.
1358 665 1412 721 S.
1432 664 1605 737 Magd.
1626 681 1847 736 prteses.
1874 666 2075 732 Oxon.,
2107 666 2275 735 ἰπὶ-80,

678 758 767 815 ed.
797 757 969 814 altera
996 766 1052 813 et
1078 766 1221 813 auct.
1257 758 1389 814 ibid.
1420 774 1546 813 ann.
1574 758 1734 815 1840.

748 922 791 977 F
797 921 911 978 red.
944 921 1142 980 Schem
1170 851 1551 978 Eazcurtttjs8
1574 930 1849 978 tractatum
1870 923 1933 978 de
1958 922 2143 995 Lapsis
2173 937 2279 977 una

677 1031 800 1071 cum
828 1016 1077 1073 versione
1102 1032 1274 1087 germ.
1300 1016 1543 1088 ejusdem
1575 1016 1698 1071 libri
1737 1025 1793 1072 et
1822 1016 2050 1073 aliorum
2093 1014 2277 1071 trium.

680 1110 934 1177 Monast.,
962 1110 1133 1167 in-8°.

753 1252 810 1311 S.
854 1253 1109 1327 Cypriani
1150 1269 1313 1327 opera
1348 1182 1769 1310 iuigzolslectione
1800 1252 2000 1310 selecta
2046 1253 2145 1311 SS.
2176 1254 2280 1310 Pa-

684 1358 826 1405 trum
853 1390 868 1417 ,
920 1357 1195 1404 accurant.
1232 1348 1345 1402 DD.
1378 1346 1584 1403 Caillan
1608 1358 1662 1402 et
1688 1347 1879 1419 Guyon
1908 1390 1923 1415 ,
1978 1346 2165 1417 Paris,
2197 1349 2281 1403 in-

682 1450 857 1515 coepta
886 1450 941 1498 et
960 1441 1176 1498 Mediol.
1213 1440 1490 1507 translata,
1520 1440 1557 1493 2
1576 1441 1683 1497 vol.
1704 1440 1886 1496 in-l2.

1403 1536 1563 1591 1856.

752 1631 807 1688 S.
829 1628 1085 1704 Cypriani
1122 1645 1285 1701 opera
1308 1629 1374 1685 ad
1406 1645 1652 1685 normam
1680 1629 1933 1684 editionis
1952 1628 2277 1695 Baluziante,

683 1725 906 1781 semotis
935 1725 1097 1791 notis,
1139 1724 1227 1780 ed.
1258 1723 1475 1793 duplex,
1499 1723 1670 1778 altera
1696 1722 1865 1788 iit-8°,
1890 1722 2057 1777 altera
2085 1720 2242 1776 in-l2
2263 1759 2278 1789 ,

683 1819 975 1890 separatim
1026 1818 1183 1874 Paris
1229 1826 1284 1873 et
1309 1816 1559 1885 Vesont.,
1590 1815 1732 1887 apud
1777 1814 2039 1871 Gauthier
2088 1814 2283 1869 fratres

684 1920 739 1966 et
765 1926 879 1967 SOC.

1399 1981 1559 2037 18⁸58.

756 2076 854 2133 En.
880 2074 1307 2133 Ltrsmtvsrs.'l‘lt.
1327 2074 1390 2131 C.
1408 2073 1663 2147 Cypriani
1679 2088 1844 2145 opera
1866 2072 2098 2145 genuina
2116 2071 2183 2128 ad
2198 2087 2286 2142 op-

685 2169 939 2226 timorum
981 2168 1245 2223 librorum
1270 2167 1430 2223 fidem
1459 2182 1738 2237 expressa,
1767 2166 2026 2237 brevique
2056 2174 2285 2221 annota-

686 2263 833 2319 tione
860 2264 1384 2329 instructa,curante
1403 2261 1467 2316 D.
1491 2260 1539 2317 J.
1561 2261 1625 2315 H.
1657 2259 1958 2326 Goldhorn,
1995 2269 2034 2314 t.
2058 2258 2287 2324 2;in-12

686 2357 914 2429 Lipsiae,
953 2357 1253 2427 sumptibus
1292 2365 1347 2413 et
1386 2355 1547 2427 typis.
1574 2354 1774 2409 Bernh.
1820 2353 2116 2409 Taucbnitz
2164 2352 2282 2423 jun.

1405 2448 1567 2505 1840.

757 2546 920 2603 Conr.
951 2547 1141 2618 Steph.
1171 2546 1421 2602 Matthies
1449 2544 1721 2615 Expositio
1762 2543 1970 2612 biblica,
2018 2541 2284 2609 historica,

687 2640 977 2711 dogmatica
1000 2639 1358 2712 Baptismatis,
1386 2638 1560 2703 in-80,
1583 2637 1824 2697 Berolin.

1406 2731 1566 2787 1841.

764 2826 940 2885 Versio
991 2827 1218 2900 anglicd,
1265 2826 1333 2882 Il.
1369 2822 1426 2882 S.
1452 2823 1734 2896 Cyprian’s
1766 2822 2074 2891 Treatises,
2107 2821 2144 2877 2
2173 2820 2286 2888 ed.,

691 2918 865 2977 Oxon.
880 2962 894 2989 ,
926 2920 1098 2977 in-80.

1417 3013 1579 3070 1841.

762 3111 839 3167 De
890 3108 1312 3181 Anabaptisticis
1337 3106 1597 3181 Cypriani
1637 3105 1883 3177 epistolis
1923 3114 1979 3162 et
2027 3103 2288 3177 synodis,

692 3204 877 3261 saacul.
909 3203 1069 3260 tertio
1098 3202 1150 3258 in
1175 3202 1398 3274 gratiam
1424 3199 1866 3272 rebaptizantium
1899 3198 2116 3253 habitis.

1405 3294 1567 3350 1842.

770 3388 888 3444 Vita
914 3390 975 3446 S.
1009 3389 1259 3461 Cypriani
1284 3387 1494 3460 anglico
1523 3400 1777 3443 sermone
1798 3385 2103 3455 conscripta
2123 3426 2137 3450 ,
2167 3398 2294 3439 auc-

691 3493 808 3540 tore
828 3483 1017 3551 Poole,
1040 3493 1095 3540 et
1110 3485 1163 3539 in
1194 3481 1445 3554 gallicum
1467 3495 1647 3549 versa,
1668 3494 1786 3536 cur.
1810 3477 1902 3534 Fr.
1929 3478 1988 3533 Ζ.
2009 3477 2294 3534 Columbet

694 3577 944 3649 Lugdun.

1411 3644 1571 3701 18M.

763 3741 912 3796 Nova
942 3741 1073 3797 edit.
1104 3739 1393 3796 Balttziana
1434 3746 1489 3793 et
1517 3736 1938 3794 Oxoniensis.——
1966 3734 2163 3802 Paris,
2194 3748 2290 3789 cu-

693 3843 847 3891 rante
875 3834 1018 3889 .l.-P.
1052 3835 1247 3904 Migne,
1269 3832 1426 3903 hujus
1451 3831 1790 3888 bibliotheca:
1815 3831 2043 3887 editore.
2078 3826 2159 3883 Ex
2187 3843 2293 3884 uno

695 3927 920 3997 hujusce
949 3926 1199 3983 editionis
1225 3935 1522 3996 conspectu
1552 3926 1607 3981 in
1639 3926 1871 3997 prima}.
1915 3942 1969 3980 tv
2001 3940 2121 3995 pag.
2150 3937 2293 3994 prm—

694 4017 805 4074 ﬁxo
845 4019 1073 4089 quisque
1122 4018 1493 4090 deprehendet
1544 4018 1672 4090 quid
1725 4018 1949 4073 editioni
1991 4016 2295 4071 Balnzianm

695 4111 1100 4180 addiderimus,
1134 4112 1262 4183 quid
1317 4110 1701 4179 amoverimus,
1743 4112 1831 4166 vel
1885 4109 2291 4165 mutaverimus.

696 4204 892 4261 Addita
939 4220 1103 4276 porro
1151 4203 1341 4260 fuere:
1389 4205 1449 4258 1ο
1492 4204 1550 4259 In
1610 4212 1722 4259 toto
1762 4210 1939 4257 textus
1991 4198 2296 4272 Cyprianiei

694 4298 927 4355 decursu
966 4308 1077 4353 tum
1115 4298 1441 4353 selectarum
1486 4296 1779 4351 lectionum
1817 4293 2085 4348 variarum
2128 4290 2295 4361 spici-

697 4389 834 4460 legia
882 4392 1152 4459 pracipue
1197 4404 1262 4444 ex
1307 4388 1396 4443 ed.
1440 4383 2134 4453 Oxoniensiexcerptaﬂ0
2169 4382 2297 4437 hinc

697 4494 753 4538 et
800 4481 924 4537 inde
971 4481 1347 4537 annotationes
1392 4479 1668 4536 nonnullae
1697 4494 1764 4533 ex
1810 4476 2080 4540 Pamelio,
2112 4474 2290 4542 Fello,

696 4574 897 4641 Routh,
929 4572 1186 4629 Codhorn
1227 4581 1516 4639 mutuatae;
1550 4574 1612 4627 ὅθ
1641 4571 1699 4625 In
1732 4568 1872 4624 libro
1916 4568 1979 4621 de
2026 4566 2300 4621 [dolorum

706 4667 944 4723 Vanitate
979 4669 1196 4724 uberior
1224 4677 1473 4723 notarum
1504 4681 1658 4737 seges
1684 4680 1752 4720 ex
1778 4662 2018 4718 editione
2042 4658 2299 4717 Lindneri

697 4761 765 4816 ad
793 4768 1009 4815 nostros
1037 4774 1170 4814 usus
1196 4757 1462 4824 adducta;
1486 4758 1549 4811 4ο
1582 4756 1640 4811 In
1658 4754 1935 4826 opusculis
1956 4754 2133 4809 dubiis
2155 4761 2299 4806 notae

698 4853 1026 4910 Pameliana:
1055 4852 1123 4906 ab
1152 4850 1447 4907 Oxoniensi
1475 4849 1685 4904 editore
1720 4857 1991 4913 servatae;
2027 4846 2091 4902 5°
2118 4845 2297 4915 Opus-

697 4946 818 5003 eula
848 4945 969 5012 tria,
1000 4958 1226 5015 quorum
1255 4958 1287 4997 a
1317 4941 1539 4997 Baluzio
1580 4957 1742 4995 unum
1776 4940 2033 4995 omissum
2056 4978 2071 5005 ,
2104 4952 2300 5007 nempe

698 5038 762 5095 de
805 5037 1014 5093 Pascha
1050 5036 1348 5107 Computus,
1387 5034 1442 5090 in
1472 5033 1769 5105 appendice
1811 5033 1951 5104 apud
1994 5030 2293 5087 Oxoniens.

699 5131 898 5198 editus;
925 5132 1152 5186 alterum
1181 5145 1209 5184 a
1230 5129 1371 5185 .l.-C.
1408 5128 1738 5183 Trombellio
1768 5127 2000 5198 primum
2032 5126 2083 5180 in
2122 5125 2298 5180 lucem

699 5223 907 5279 scilicet
933 5224 989 5279 S.
1021 5222 1277 5295 Cypriani
1305 5221 1617 5277 Exhortatio
1650 5219 1718 5275 ad
1770 5218 2136 5274 Pwnitentiam
2173 5233 2298 5272 eru-

699 5328 845 5385 tttm;
873 5318 1123 5374 ultimum
1138 5317 1355 5385 deinde,
1388 5316 1627 5383 Carmen,
1652 5315 1720 5368 ad
1747 5313 1995 5382 Felicem,
2011 5311 2080 5368 de
2097 5311 2299 5367 Resur-

699 5411 937 5466 rectione
988 5417 1325 5467 mortuorum
1373 5410 1427 5465 in
1470 5409 1704 5463 Veterum
1754 5407 1950 5478 Script.
1988 5416 2035 5461 et
2068 5420 2297 5459 manum.

699 5503 1020 5571 amplissima
1066 5502 1391 5568 Collectione,
1433 5512 1473 5556 t.
1513 5518 1602 5567 tv,
1639 5501 1708 5557 ab
1734 5501 2019 5556 Edmundo
2058 5500 2300 5555 Martene

699 5595 1034 5665 evulgatum;
1057 5595 1119 5651 6°
1138 5594 1457 5651 Dissertatio
1484 5595 1549 5649 D.
1569 5593 1743 5649 Nicol.
1758 5594 1833 5649 Le
1850 5593 2084 5666 Nourry,
2104 5606 2298 5662 magna

700 5703 883 5745 rerum
907 5689 1152 5747 ubertate
1178 5697 1464 5761 praestans,
1488 5688 1542 5742 in
1562 5687 1818 5759 Cypriani
1842 5687 2010 5744 libros
2030 5689 2100 5741 ad
2118 5686 2304 5742 Deme-

701 5782 905 5837 rianum
930 5782 1050 5839 etde
1064 5782 1338 5840 [dolorum
1371 5780 1637 5848 Vanitate;
1670 5782 1732 5836 7°
1758 5781 1986 5838 Demum
2014 5780 2069 5838 in
2099 5780 2291 5837 ultima

2100 262 2487 324 PREFATIO.

3670 320 3694 340 ,
3738 275 3977 320 Lxxxvnt

2382 379 2636 438 editionis
2663 378 2920 436 coronide
2949 380 3298 452 apposuimus
3346 378 3479 436 satis
3515 378 3741 437 multam
3773 384 3979 452 copiam

2383 474 2706 529 selectarum
2735 472 3123 528 Oxoniensium
3158 482 3211 528 et
3227 471 3448 526 Routhii
3479 481 3754 539 notarum,
3782 473 3981 543 quibus

2381 566 2575 621 exinde
2605 581 2711 621 non
2741 574 2943 620 tantum
2977 564 3284 631 Balnziana,
3314 564 3409 620 sed
3441 563 3566 619 etin
3597 565 3797 633 optima
3828 574 3976 635 parte

2381 664 2674 735 Anglicana
2704 663 2869 719 editio
2896 664 2947 717 in
2981 662 3083 718 hac
3110 672 3291 717 nostra
3330 662 3569 718 rediviva
3602 663 3969 719 exhiberetur.

2458 759 2582 813 llz'ec
2636 768 2814 813 autem
2845 758 2929 815 vel
2970 758 3102 812 alias
3133 757 3403 828 ponenda,
3432 757 3517 813 vel
3559 757 3773 828 penitus
3821 757 3977 812 omit-

2384 851 2541 907 tenda
2568 852 2818 906 duximus
2845 869 2860 906 :
2891 853 2952 906 10
2975 851 3029 907 S.
3051 849 3305 921 Cypriani
3331 850 3449 905 Vita
3476 866 3505 904 a
3534 850 3728 905 Pontio
3756 850 3980 905 diacono

2382 950 2661 1021 scriptam,
2710 950 2953 1019 Actaque
2998 949 3401 1019 proconsularia
3449 949 3676 1004 seorsim
3721 957 3776 1004 et
3819 949 3977 1016 infra,

2384 1058 2483 1099 suo
2528 1058 2723 1112 nempe
2770 1058 2911 1097 anno
2954 1041 3187 1107 dantur;
3240 1041 3303 1095 2ο
3358 1040 3633 1111 Epistolas
3681 1040 3979 1104 Pontiﬁcis,

2382 1137 2497 1192 sive
2524 1136 2760 1192 Cornelii
2787 1137 2853 1190 ad
2882 1135 3210 1208 Cyprianum
3242 1136 3357 1191 sive
3386 1134 3641 1207 Cypriani
3671 1145 3725 1191 et
3751 1135 3982 1189 aliorum

2384 1227 2450 1281 ad
2483 1228 2759 1283 Romanos
2798 1227 3123 1296 Pontiﬁces,
3155 1228 3208 1283 in
3247 1227 3351 1283 hoc
3403 1227 3560 1283 tertio
3600 1237 3763 1296 tomo,
3796 1227 3886 1282 ubi
3914 1226 3984 1283 de

2385 1321 2483 1377 SS.
2518 1321 2803 1387 Cornelio,
2830 1319 3020 1388 Lucio,
3054 1320 3366 1391 Stephano,
3402 1322 3642 1377 inserere
3670 1321 3979 1389 debuimus,

2385 1430 2486 1471 nec
2517 1422 2695 1470 tamen
2732 1431 2954 1471 monere
2982 1416 3145 1470 toties
3191 1416 3466 1482 lectorem,
3503 1415 3668 1471 immo
3699 1426 3750 1471 et
3780 1417 3985 1471 omissa

2384 1508 2663 1564 breviatim
2683 1510 3045 1580 perstringere
3075 1510 3429 1580 negleximus,
3456 1512 3670 1580 quoties
3696 1511 3982 1581 quicquam

2385 1602 2518 1657 alias
2546 1601 2753 1657 referre
2775 1603 3045 1672 oportuit;
3074 1604 3136 1657 ὄσ
3168 1602 3438 1673 Epistolas
3471 1602 3768 1675 Synodicas
3798 1604 3851 1658 in
3895 1617 3986 1659 eo-

2385 1692 2505 1748 dem
2534 1702 2700 1758 torno,
2732 1708 2794 1747 ac
2811 1694 3106 1763 praesertim
3140 1694 3279 1748 inter
3302 1707 3418 1749 aeta
3438 1694 3504 1749 de
3517 1695 3851 1765 Baptismate
3876 1696 3986 1749 ha:-

2386 1783 2675 1839 reticorum
2732 1792 2787 1840 et
2834 1785 3060 1839 concilia
3114 1783 3557 1851 Carthaginensia
3606 1787 3985 1858 seposuimus;

2385 1878 2447 1931 4°
2474 1876 2616 1933 Duos
2648 1891 3049 1948 anonymorum
3092 1884 3367 1932 auctorum
3400 1877 3450 1932 in
3476 1880 3668 1935 eadem
3713 1878 3989 1949 discepta-

2387 1969 2535 2026 tione
2565 1970 2798 2039 seriptos
2833 1969 3000 2024 libros
3028 1985 3095 2025 ex
3122 1985 3287 2039 opere
3314 1968 3633 2042 Cyprianico
3661 1973 3986 2038 amovimus,

2386 2068 2442 2116 et
2466 2061 2565 2115 alia
2597 2061 2882 2127 dedimus;
2926 2062 2988 2118 5υ
3019 2060 3161 2117 Celsi
3183 2063 3461 2133 cujusdam
3492 2064 3546 2118 in
3576 2064 3986 2120 altercationem

2388 2153 2604 2208 .lasonis
2642 2164 2697 2209 et
2726 2154 2937 2225 Papisci
2965 2156 3033 2211 de
3070 2154 3292 2210 Judaica
3326 2157 3704 2214 incredulitate
3736 2159 3801 2213 ad
3835 2158 3989 2227 Vigi-

2388 2244 2519 2299 lium
2558 2246 2869 2317 episcopum
2900 2247 3287 2317 praefationem,
3330 2264 3449 2320 qua:
3496 2250 3638 2305 inter
3684 2266 3847 2320 opera
3876 2250 3988 2322 Cy-

2389 2338 2560 2407 priani
2588 2339 2710 2394 ideo
2746 2340 2925 2395 forsan
2957 2341 3215 2411 praecipiti
3244 2343 3468 2397 nimium
3496 2342 3699 2413 judicio
3731 2344 3989 2417 adoptata

2390 2431 2508 2500 fuit,
2561 2432 2703 2502 quod
2735 2434 2786 2488 in
2817 2434 3002 2490 codice
3054 2434 3364 2492 Colbertino
3416 2437 3555 2493 1405
3601 2438 3831 2509 signato,
3887 2439 3991 2495 hoc

2390 2524 2507 2595 ejus
2529 2526 2734 2580 initium
2750 2526 2849 2580 sit:
2877 2545 2895 2579 ‹
2919 2525 3220 2598 Cyprianus
3235 2527 3432 2599 Vigilio
3450 2528 3602 2583 fratri
3618 2531 3849 2587 salutem
3868 2548 3881 2597 ;
3899 2550 3917 2583 ι
3936 2530 3989 2585 in

2390 2619 2553 2673 tomis
2573 2622 2944 2689 sequentibus,
2963 2621 3051 2676 ubi
3071 2622 3278 2693 integra
3298 2622 3522 2693 hujusce
3537 2624 3856 2695 diSputionis
3873 2634 3992 2682 acta

2391 2709 2584 2765 dandae
2605 2719 2750 2778 sunt,
2798 2712 3236 2779 emandavimus;
3287 2712 3348 2768 ϐο
3392 2714 3680 2785 Expositio
3726 2715 3778 2770 in
3829 2717 3992 2787 Sym-

2391 2804 2600 2871 bolum,
2632 2819 2753 2874 qua:
2794 2806 2986 2860 merito
3014 2804 3231 2860 Rufﬁno
3277 2806 3613 2878 Aquileiensi
3643 2807 3990 2875 adscribitur,

2392 2905 2446 2953 et
2466 2905 2727 2953 tractatus
2762 2899 2832 2955 de
2861 2898 3126 2970 Operibus
3152 2899 3354 2955 Christi
3380 2901 3765 2969 eardinalibus,
3794 2903 3865 2958 ab
3892 2903 3992 2958 Ar-

2394 2990 2557 3046 naldo
2584 2991 3000 3047 Bonnevallensi
3030 2992 3206 3048 abbati
3248 3003 3434 3065 aperte
3475 2995 3831 3065 compositus,
3870 3010 3997 3066 pro-

2394 3082 2525 3152 priis
2552 3084 2663 3138 suis
2708 3086 3020 3141 auctoribus
3060 3086 3296 3142 restituti
3332 3087 3385 3141 in
3418 3102 3515 3142 sua
3552 3087 3667 3143 loca
3695 3088 3993 3155 recedunt;

2394 3175 2457 3228 7°
2484 3175 2737 3231 Carmina
2778 3176 3005 3233 Genesis
3035 3186 3091 3233 et
3124 3178 3359 3235 Sodoma
3385 3195 3547 3251 supra
3587 3180 3753 3237 habes
3780 3182 3836 3237 in
3862 3181 3999 3238 Ter-

2396 3267 2670 3323 tullianeis
2696 3268 3107 3339 appendicibus.
3962 3284 3965 3285 '

2468 3360 2638 3417 lmmo
2662 3404 2676 3427 ,
2716 3363 2782 3417 ad
2812 3363 3036 3433 hujusce
3064 3363 3320 3420 editionis
3350 3367 3643 3435 cumulum,
3671 3374 3729 3422 ut
3755 3366 3992 3433 videtur,

2395 3454 2625 3510 accessit
2655 3456 2769 3510 sive
2811 3456 2864 3510 in
2906 3455 3009 3511 hoc
3038 3457 3231 3523 tertio,
3259 3458 3375 3514 sive
3417 3459 3469 3513 in
3497 3460 3685 3529 quinto
3722 3459 3997 3515 volumine

2396 3548 2552 3618 longa
2592 3563 2796 3613 rerum,
2826 3559 3295 3605 monumentorum
3333 3566 3399 3607 ac
3436 3551 3875 3607 dissertationum
3923 3565 4001 3607 se—

2396 3642 2525 3704 ries,
2547 3649 2657 3696 tum
2677 3656 2890 3709 nempe,
2924 3658 3045 3711 quae
3070 3642 3231 3697 modo
3260 3650 3578 3714 sequuntur,
3608 3643 3661 3697 in
3689 3654 4000 3700 coaetaneos

2396 3734 2648 3806 Cypriani
2686 3735 2976 3790 Pontiﬁces
3019 3736 3326 3801 Romanos,
3356 3737 3410 3791 in
3453 3736 3865 3792 celeberrimam
3913 3753 3999 3794 re-

2396 3827 2775 3897 baptizationis
2803 3843 3023 3883 causam
3043 3829 3401 3884 instrumenta
3428 3830 3602 3884 omnis
3623 3828 3854 3900 generis,
3883 3830 4000 3885 sive

2397 3935 2599 3992 vetera,
2631 3925 2743 3979 sive
2771 3924 3030 3990 recentia,
3059 3933 3171 3979 tum
3204 3940 3264 3980 ea
3289 3940 3407 3996 qua:
3433 3924 3685 3995 Operibus
3711 3922 3997 3996 Cypriani-

2398 4020 2477 4074 cis
2522 4019 2766 4088 proxime
2818 4019 3133 4087 succedent,
3167 4020 3382 4076 selectae
3402 4019 3609 4074 scilicet
3640 4027 3749 4074 tres
3778 4016 3997 4073 chrici

2402 4110 2663 4166 Dodwelli
2692 4111 3134 4175 dissertationes;
3158 4112 3373 4181 quibus,
3395 4111 3447 4165 ni
3469 4110 3642 4178 fallor,
3664 4112 3778 4167 haec
3814 4119 3997 4166 nostra

2401 4203 2566 4259 editio
2592 4205 2807 4259 caeteris
2842 4218 2963 4272 qute
2993 4203 3293 4273 usquedum
3343 4202 3617 4273 prodiere,
3658 4204 3917 4275 integrior
3945 4210 3999 4259 et

2400 4295 2723 4365 locupletior
2751 4294 3003 4351 facillime
3025 4294 3225 4350 evadit.

2475 4388 2569 4442 Sat
2594 4402 2723 4457 ergo
2765 4386 3055 4458 Cypriane,
3085 4386 3204 4441 aliis
3231 4402 3351 4456 quae
3394 4386 3637 4457 ejusdem
3685 4387 3862 4441 relatis
3891 4387 3996 4443 Pa-

2403 4480 2574 4535 tribus
2612 4480 2817 4534 datum.
2852 4480 2945 4535 His
2991 4481 3216 4551 proinde
3260 4479 3410 4551 quasi
3456 4480 3790 4547 valcdicturi,
3834 4482 4000 4537 lecto-

2402 4587 2600 4643 resque
2626 4582 2843 4629 nostros
2887 4582 3187 4629 extremum
3232 4573 3341 4644 jam
3390 4573 3747 4643 alloquentes,
3797 4572 3874 4627 nil
3898 4589 4001 4644 po-

2402 4668 2525 4733 tius,
2557 4666 2631 4722 nil
2656 4667 2893 4722 sanctius
2921 4667 3205 4732 habemus,
3234 4682 3413 4736 quam,
3440 4674 3497 4721 ut
3523 4677 3677 4721 antea
3699 4709 3714 4734 ,
3766 4680 3889 4722 cum
3933 4666 4000 4722 de

2401 4758 2736 4815 Tertulliano
2760 4759 2923 4815 ﬁnem
2950 4759 3254 4827 fecerimus,
3274 4760 3383 4814 Deo
3408 4758 3608 4829 Deique
3630 4758 3847 4815 Parenti
3874 4774 3998 4829 gra-

2403 4862 2481 4909 tes
2512 4868 2751 4924 agamus,
2774 4853 3138 4924 Ecclesiaaque
3164 4854 3215 4907 in
3236 4852 3396 4908 terris
3422 4852 3581 4907 matri
3599 4850 3996 4914 amantissima,

2403 4944 2544 4999 hanc
2593 4946 3040 5016 qualemcumque
3086 4944 3321 5014 opellam
3352 4943 3546 4998 iterum
3590 4942 3742 5007 dare,
3787 4940 4000 4997 dedica—

2402 5053 2570 5107 reque
2590 5037 2889 5091 audeamus
2918 5054 2932 5103 ;
2963 5052 3028 5093 eo
3053 5036 3328 5107 prmcipue
3367 5034 3569 5090 auxilio
3600 5050 3663 5089 ac
3694 5034 3869 5087 fausto
3900 5047 4001 5088 nu-

2404 5129 2549 5185 mine
2578 5130 2831 5196 ﬁdentes,
2873 5130 3015 5202 quod
3043 5139 3193 5200 grata
3228 5129 3325 5185 SS.
3354 5129 3739 5199 Apostolorum
3770 5126 3911 5182 Petri
3939 5137 4003 5178 ac

2404 5220 2559 5276 Pauli
2592 5220 2883 5277 feStivitate
2906 5222 3064 5276 modo
3084 5220 3389 5275 inchoanda
3416 5263 3431 5288 ,
3481 5220 3597 5275 haec
3627 5218 3998 5282 absolvimus;

2404 5332 2541 5387 quos
2562 5316 2763 5372 idcirco
2786 5317 2967 5383 nobis,
2992 5316 3306 5386 nostrisque
3332 5316 3497 5371 rebus
3528 5326 3588 5370 ut
3634 5316 3761 5370 boni
3803 5313 4001 5377 adsint,

2404 5424 2615 5481 nosque
2643 5426 2705 5465 ac
2736 5410 2974 5466 lectores
2988 5418 3209 5465 nostros
3236 5409 3429 5465 eodem
3455 5407 3758 5479 patrocinio
3783 5415 3927 5460 tutos
3948 5412 4003 5461 et

2405 5501 2457 5557 in
2490 5504 2729 5558 columes
2751 5512 2991 5571 servent,
3032 5502 3339 5575 placidique
3393 5516 3457 5556 ac
3504 5499 3686 5553 felices
3714 5499 3766 5552 in
3810 5513 4005 5570 perpe-

2408 5602 2556 5649 tuum
2580 5594 2790 5665 juvent,
2821 5596 2981 5652 enixe
3015 5594 3385 5651 obsecramus.

2479 5686 2831 5745 Scribebatur
2844 5689 3088 5759 Parisiis,
3105 5706 3158 5747 tv
3177 5687 3432 5747 kalendas
3447 5685 3567 5759 julii
3583 5728 3596 5751 ,
3625 5699 3767 5741 anno
3786 5681 3996 5740 Domini

2410 5800 2467 5838 ιι.
2509 5799 2563 5841 n.
2605 5797 2721 5841 ccc.
2767 5799 2913 5840 κων.
3504 5779 3792 5839 Emroncs.
