4242 6270
1408 375 1712 388 ,——-,—

2116 334 2419 343 h—w

560 332 2419 343 mm“

342 332 3658 396 HW

872 533 1315 609 SECULO
1354 534 1522 626 111,
1568 533 1893 610 ClRCA

2029 534 2320 611 NNUM
2357 537 2813 617 CHRISTI
2856 542 3153 620 CCIII.

711 1073 947 1183 SS.
1042 1076 1905 1187 PERPETUIE
1988 1083 2191 1188 ΕΤ
2276 1079 3278 1193 FELICITATIS

1625 1364 2349 1451 MARTYRUM.

1293 1583 2721 1721 PROLEGOMENA

656 1834 751 1889 ex
788 1834 989 1892 ACTIS
1028 1834 1418 1893 manuum
1460 1835 1772 1894 smosms
1814 1836 1874 1893 v.
1919 1837 1979 1894 c.
2020 1838 2438 1896 THEODORICI
2476 1839 2803 1908 numer,
2848 1840 3138 1913 [Ἄρη-77,
3182 1845 3333 1916 see.

1411 2004 2575 2082 Wm—

1793 2190 2188 2255 SYNOPSIS.

406 2380 450 2434 I.
492 2378 570 2433 De
595 2378 777 2433 horum
808 2379 1049 2433 Actorum
1078 2379 1223 2434 editis
1253 2388 1297 2434 et
1324 2396 1444 2434 mss.

410 2472 476 2527 II.
519 2473 771 2543 Perpetua
801 2484 849 2529 et
880 2473 1121 2528 Felicitas
1148 2490 1211 2527 an
1242 2472 1602 2527 Tuburbitana:
1627 2474 1651 2526 ξ)

405 2562 493 2618 III.
535 2563 656 2619 Non
685 2564 962 2633 Tuburbii,
994 2565 1083 2620 sed
1112 2564 1419 2636 Carthagine
1444 2564 1743 2636 martyrium
1772 2580 1937 2635 passa:

329 2667 625 2712 noscuntur.

402 2751 493 2806 IV.
538 2749 761 2820 Tempus
790 2751 1043 2822 passionis
1068 2751 1367 2820 inquiritur.

401 2840 467 2895 ν.
508 2840 589 2895 De
613 2843 795 2895 horum
822 2844 1061 2897 Actorum
1089 2851 1313 2909 auctore,
1343 2859 1429 2898 seu
1452 2844 1618 2914 potius
1643 2843 1925 2900 collectore.

329 2924 415 2991 An
447 2934 789 2991 Tertullianus
812 2936 837 2989 ?

407 3075 447 3129 I.
482 3075 708 3130 Monuit
725 3075 1045 3139 desiderata,
1065 3084 1115 3130 et
1132 3075 1328 3130 frustra
1347 3075 1398 3129 in
1424 3075 1583 3130 variis
1600 3075 1933 3136 bibliothecis

329 3168 422 3223 ditt
455 3168 775 3237 conquisita,
804 3169 933 3223 Acta
967 3183 1219 3238 germana
1233 3178 1535 3222 sanctarum
1568 3167 1846 3237 Perpetua:
1876 3178 1931 3223 et

327 3260 638 3325 Felicitatis,
670 3263 868 3316 invenit
895 3260 1107 3316 tandem
1140 3261 1568 3316 studiosissimus
1594 3277 1761 3316 sacra:
1784 3262 1924 3316 anti~

1960 2385 2015 2445 Α
2114 2380 2200 2435 Vl.
2242 2380 2366 2436 Non
2398 2385 2491 2453 fuit
2526 2383 2838 2442 Montanista
2865 2398 3081 2445 :contra
3117 2391 3394 2452 Valesiani.

2110 2472 2222 2527 VII.
2290 2475 2603 2546 Exploditur
2651 2480 2832 2534 iterum
2886 2495 3225 2541 commentum
3296 2490 3358 2545 de
3420 2498 3641 2553 auctoris

2047 2567 2409 2622 montanismo.

2108 2658 2247 2746 VIII.
2295 2659 2371 2714 De
2401 2661 2582 2716 ltarum
2613 2662 2904 2735 Martyrum
2932 2670 3071 2723 cultu
3102 2680 3148 2723 et
3178 2676 3437 2729 memoria.

2109 2752 2200 2806 IX.
2247 2753 2516 2823 Ejusmodi
2540 2756 2668 2811 Acta
2694 2758 2935 2813 adversus
2958 2760 3249 2819 Satnuelem
3270 2766 3584 2840 Basnagium
3609 2790 3642 2827 α

2037 2847 2143 2900 viro
2165 2846 2457 2903 doctissimo
2483 2850 2676 2903 dudum
2711 2851 2989 2905 vindicata.
3026 2853 3218 2919 Quanti
3249 2859 3489 2929 facienda
3517 2865 3641 2920 sint.

2038 2937 2167 2991 Acta
2198 2939 2583 3008 proconsularia
2612 2941 2849 3012 deinceps
2882 2944 3187 3002 omittenda.

2042 3092 2200 3147 quam
2226 3079 2434 3134 sincera
2458 3078 2645 3135 harum
2674 3091 2969 3152 martyrum
3000 3088 3124 3141 Acta
3151 3100 3361 3158 reperta
3390 3090 3636 3162 fuissent,

2037 3185 2196 3226 nemo
2227 3170 2338 3227 fere
2383 3173 2433 3227 in
2472 3173 2690 3227 dubium
2739 3177 3027 3232 revocabat
3074 3180 3198 3249 quin
3260 3183 3461 3238 ccedem
3509 3187 3639 3255 ipsae

2034 3261 2231 3316 fuerint
2278 3278 2412 3332 quas
2458 3264 2558 3319 sub
2590 3265 2898 3320 Sanctarum
2928 3267 3389 3327 Tuburbitannrmn
3418 3278 3636 3335 nomine

327 3354 543 3424 quitatis
586 3353 895 3423 indagator,
924 3353 1096 3408 Lucns
1125 3352 1456 3417 Holstenius,
1488 3354 1539 3407 in
1579 3352 1766 3408 codice
1820 3368 1920 3407 ms.
1954 3389 2001 3449 Β
2031 3355 2160 3407 varii
2208 3364 2459 3410 auctores
2500 3356 2861 3412 celebrabant.
2901 3357 2958 3413 Id
3000 3363 3351 3430 persuadebat
3379 3409 3391 3429 ,
3440 3378 3635 3437 prmter

328 3448 464 3501 sacri
512 3446 820 3501 monasterii
862 3445 1168 3502 Casinensis
1202 3464 1215 3498 :
1246 3446 1386 3502 unde
1431 3455 1580 3501 eruta
1630 3454 1684 3501 et
1739 3446 1925 3500 Romae

329 3537 559 3608 vulgata,
588 3538 774 3593 eadem
807 3547 990 3607 postea
1017 3554 1136 3594 cum
1179 3538 1420 3609 ejusdem
1463 3537 1721 3593 Holstenii
1745 3540 1883 3593 notis
1907 3579 1923 3605 ,

326 3630 544 3687 Parisiis
570 3632 736 3687 edidit
766 3632 1029 3687 Henricus
1058 3631 1321 3687 Valesius.
1354 3631 1461 3686 Nos
1489 3646 1617 3687 vero
1655 3646 1715 3686 ea
1742 3630 1921 3701 profe-

326 3725 494 3779 rimus
518 3740 583 3779 cx
607 3724 812 3779 duobus
836 3724 1110 3781 codicibus
1145 3738 1276 3779 mss.
1302 3739 1423 3778 cum
1468 3724 1656 3779 eadem
1690 3724 1923 3779 editione

328 3816 542 3870 collatis
570 3833 583 3868 :
611 3832 830 3887 quorum
869 3833 1005 3872 unus
1049 3827 1130 3872 est
1174 3816 1428 3872 Ecclesiae
1456 3815 1920 3886 Salisburgensis;

330 3906 487 3975 cujus
515 3906 713 3961 codicis
740 3910 907 3964 varias
933 3909 1192 3964 lectiones
1221 3908 1598 3978 sapientissimi
1624 3908 1721 3962 viri
1757 3911 1921 3960 Anto-

324 3999 405 4054 nii
436 3998 631 4065 Faure,
670 3999 890 4068 theologi
920 4001 1237 4057 Parisiensis
1279 4010 1331 4056 et
1369 3991 1927 4056 Remensis'ecclesite

322 4092 621 4162 praepositi,
656 4093 915 4149 beneﬁcio
931 4095 1235 4164 accepimus
1259 4112 1270 4148 :
1296 4094 1436 4149 alter
1464 4109 1593 4150 vero
1618 4095 1708 4164 qui
1734 4094 1800 4147 ad
1827 4108 1925 4147 an-

322 4198 424 4237 nos
469 4183 578 4239 800
608 4185 851 4253 accedit,
895 4194 977 4239 est
1022 4185 1360 4241 bibliothecae
1398 4185 1567 4240 nostri
1613 4183 1923 4238 monasterii

320 4274 492 4330 sancti
520 4274 757 4331 Cornelii
779 4277 1243 4347 Compendiensis.
1293 4278 1597 4333 Invenimus
1652 4276 1813 4331 etiam
1866 4275 1919 4328 in

320 4368 535 4424 schedis
557 4368 853 4424 Mabillonii
877 4371 1040 4425 nostri
1064 4380 1311 4440 excerpta
1336 4385 1399 4424 ex
1428 4369 1615 4425 iisdem
1641 4367 1787 4423 Actis
1813 4382 1919 4423 non

318 4460 746 4526 contemnenda;
780 4460 874 4515 sed
900 4477 930 4516 e
951 4477 1054 4532 quo
1076 4461 1259 4518 codice
1280 4477 1340 4516 ea
1364 4461 1629 4531 descripta
1655 4460 1782 4526 sint,
1816 4473 1921 4515 non

316 4552 605 4608 indicatur.
642 4554 810 4608 Porro
841 4555 895 4608 in
935 4554 999 4609 iis
1042 4555 1172 4609 locis
1201 4554 1251 4608 in
1298 4554 1489 4625 quibus
1528 4553 1738 4609 codices
1788 4568 1918 4608 mss.

318 4646 461 4701 inter
485 4660 609 4702 sese
635 4647 720 4701 vel
746 4645 814 4699 ab
841 4645 997 4700 editis
1022 4647 1301 4712 dissident,
1322 4656 1375 4702 et
1404 4656 1581 4701 tamen
1609 4654 1831 4715 utraque
1848 4645 1923 4700 le-

2030 3444 2401 3511 quorumdam,
2433 3446 2592 3500 etiam
2614 3455 2880 3515 veterum,
2912 3453 3417 3523 martyrologiornm
3447 3471 3631 3515 aucto-

2028 3534 2261 3601 ritatem,
2285 3538 2413 3592 Acta
2439 3555 2557 3607 quae
2579 3540 2677 3594 sub
2703 3540 2985 3610 Perpetua:
3011 3558 3065 3598 et
3086 3544 3376 3602 Felicitatis
3408 3553 3627 3610 nomine

2028 3628 2566 3697 circumferebantur,
2587 3632 2637 3686 in
2660 3633 2852 3702 quibus
2869 3651 2962 3690 eas
2985 3636 3236 3693 Tuburbii
3262 3656 3445 3709 passas
3462 3642 3633 3702 fuisse

2028 3723 2243 3779 disertis
2287 3725 2464 3781 verbis
2512 3742 2826 3797 expressum
2873 3740 2987 3785 erat
3017 3749 3030 3784 :
3059 3741 3112 3786 et
3141 3736 3383 3803 quamvis
3433 3738 3485 3791 in
3543 3738 3627 3793 his

2028 3818 2174 3872 Actis
2202 3819 2457 3873 nonnulla
2484 3820 2611 3874 viris
2641 3820 2861 3877 eruditis
2900 3822 3086 3878 vitiosa
3120 3840 3183 3880 ac
3231 3826 3517 3896 depravata
3546 3829 3631 3882 vi-

2034 3910 2308 3978 derentur,
2338 3912 2517 3967 nullus
2570 3921 2744 3969 tamen
2793 3914 2860 3969 de
2904 3916 3024 3971 loco
3073 3920 3314 3989 martyrii
3368 3920 3629 3977 hactenus

2032 4004 2380 4073 qumstionem
2413 4014 2671 4059 moverat.
2697 4007 2910 4069 Verum,
2935 4024 3097 4077 quum
3131 4009 3487 4066 Holstenianre
3518 4013 3632 4067 edi-

2033 4094 2192 4147 tionis
2222 4095 2504 4148 occasione
2528 4110 2613 4149 res
2635 4100 2880 4151 exactius
2901 4098 3281 4165 discuteretur,
3316 4102 3472 4156 aliter
3499 4104 3628 4159 viris

2028 4183 2357 4240 doctioribus
2388 4184 2557 4239 visum
2589 4196 2690 4251 est,
2722 4202 2783 4242 ac
2811 4202 2922 4256 prae
2952 4190 3164 4242 caeteris
3194 4189 3428 4245 Henrico
3461 4192 3622 4245 Valc-

2030 4276 2142 4341 sio;
2168 4275 2279 4344 qui,
2299 4274 2502 4329 libratis
2525 4291 2641 4346 ane
2663 4291 2734 4331 ex
2759 4285 2981 4348 utraque
3005 4287 3154 4346 parte
3174 4278 3353 4334 afferri
3388 4291 3632 4349 poterant

2029 4367 2333 4433 momentis,
2370 4367 2464 4421 has
2493 4376 2779 4439 martyres,
2816 4384 2920 4423 non
2951 4369 3211 4424 Tuburbii
3233 4413 3247 4436 ,
3278 4372 3370 4426 scd
3398 4372 3626 4427 Cartha-

2026 4459 2149 4528 ginc
2179 4460 2489 4529 martyrium
2521 4474 2925 4516 consummasse
2968 4472 3345 4518 asseverantcr
3386 4481 3620 4535 pronun-

2030 4551 2198 4605 tiavit.
2238 4550 2387 4605 Hanc
2430 4552 2752 4607 sententiam
2794 4552 2985 4622 probat
3016 4551 3082 4607 V.
3116 4552 3174 4608 C.
3220 4565 3327 4609 tum
3375 4572 3441 4612 ex
3491 4559 3623 4628 ipsis

2029 4644 2196 4710 Actis,
2230 4652 2339 4698 tum
2365 4643 2527 4698 etiam
2555 4660 2618 4700 ex
2661 4645 2998 4714 antiquorum
3038 4645 3356 4713 scriptorum
3384 4650 3625 4704 auctori-

320 4738 431 4791 ctio
453 4738 578 4792 ferri
604 4748 799 4808 potest,
827 4741 1132 4794 varietatem
1158 4739 1211 4793 in
1237 4739 1431 4795 notnlis
1457 4740 1822 4809 apposuimus,
1855 4752 1921 4793 ne
1948 4727 1992 4790 C
2026 4743 2154 4790 tate.
2189 4736 2268 4789 Ex
2316 4737 2457 4791 Actis
2497 4738 2765 4791 evincitur
2793 4737 2890 4792 has
2935 4747 3199 4811 martyres
3247 4744 3623 4811 proconsulari

324 4835 533 4883 temere
564 4833 616 4883 In
644 4840 749 4883 tam
793 4832 1027 4900 pretioso
1055 4831 1312 4886 Ecclesitc
1342 4841 1689 4887 monumento
1716 4828 1919 4900 aliquid

324 4924 645 4978 immutasse
675 4924 999 4980 videremur.
1033 4924 1230 4981 Eadem
1274 4926 1433 4979 etiam
1472 4924 1679 4978 cautela
1718 4923 1801 4977 usi
1829 4938 1917 4976 sua

322 5031 467 5081 mus,
502 5018 545 5071 si
574 5017 785 5087 quando
813 5018 865 5072 in
894 5032 1024 5072 mss.
1052 5016 1324 5072 codicibus
1353 5016 1441 5070 ubi
1467 5014 1653 5070 eadem
1685 5015 1814 5068 Acta
1840 5013 1919 5066 vi-

324 5109 452 5163 tiata
488 5108 771 5175 habentur,
801 5108 1001 5179 aliquid
1029 5118 1215 5164 notatu
1239 5108 1458 5178 dignum
1484 5106 1738 5161 occurrit.

394 5200 457 5255 ll.
503 5200 625 5255 Tria
657 5202 875 5271 inquirit
894 5202 1136 5258 eruditus
1162 5201 1405 5257 Valesius
1432 5201 1484 5255 in
1515 5198 1825 5269 praefatione
1852 5196 1919 5253 ad

318 5293 435 5349 haec
458 5295 586 5348 Acta
623 5312 635 5347 :
664 5295 857 5364 primo,
888 5295 1102 5351 ubinam
1134 5295 1218 5350 ha:
1248 5295 1498 5350 mulieres
1524 5301 1723 5348 sanctae
1752 5305 1920 5361 passze

311 5385 458 5451 sint;
492 5385 729 5440 secundo
752 5428 766 5451 ,
795 5401 903 5458 quo
948 5396 1190 5457 tempore
1231 5385 1542 5457 martyrium
1573 5397 1916 5439 consumma-

309 5479 417 5534 rint
443 5495 459 5545 ;
485 5496 547 5533 ac
578 5478 792 5534 tandem
820 5480 1065 5547 quisnam
1090 5480 1279 5533 horum
1309 5479 1564 5533 Actorum
1587 5482 1792 5540 auctor,
1822 5488 1918 5528 seu

312 5571 495 5640 potius
521 5569 778 5625 collector
804 5568 965 5624 fuerit
991 5588 1003 5624 :
1034 5570 1103 5624 de
1125 5569 1314 5641 quibus
1339 5570 1582 5624 omnibus
1604 5567 1766 5623 etiam
1797 5564 1916 5620 heic

312 5665 504 5737 paucis
535 5664 796 5733 agendum
838 5672 940 5719 est.
970 5664 1121 5732 Quod
1149 5663 1214 5718 ad
1241 5664 1469 5733 primum
1498 5662 1706 5731 attinet,
1737 5659 1915 5732 prius-

610 5758 879 5821 PATBOL.
925 5758 1039 5835 III.
1087 5758 1518 5820 Tea'rULLuN.

2027 4837 2291 4899 potestate
2330 4828 2608 4884 damnatas
2651 4829 2818 4885 fuisse
2848 4848 2862 4897 ;
2893 4846 2955 4885 ac
2994 4832 3217 4900 proinde
3239 4875 3253 4901 ,
3294 4844 3350 4888 ut
3378 4835 3483 4901 ait,
3514 4852 3624 4889 non

2026 4925 2283 4980 Tuburbii
2324 4924 2378 4979 in
2400 4924 2713 4979 Mauritania
2735 4965 2748 4988 ,
2772 4941 2933 4995 quum
2964 4926 3017 4979 in
3036 4941 3099 4981 ea
3124 4926 3393 4995 provincia
3421 4928 3628 4981 nullum

2017 5017 2107 5087 jus
2139 5016 2485 5087 proconsules
2515 5015 2795 5071 haberent.
2824 5016 3045 5079 Verum,
3075 5024 3131 5068 ut
3158 5017 3207 5068 in
3235 5031 3369 5068 nova
3391 5017 3627 5070 editione

2024 5108 2407 5178 Augustiniana
2457 5106 2804 5161 observatum
2838 5115 2956 5168 est,
3005 5120 3168 5173 quum
3216 5103 3419 5172 duplex
3469 5104 3628 5159 fuerit:

2028 5198 2354 5255 Tuburbium
2386 5198 2439 5251 in
2469 5196 2835 5266 procOnsulari
2865 5193 3138 5265 provincia
3168 5194 3349 5259 situm,
3384 5202 3543 5265 atque
3570 5197 3624 5252 in

2027 5291 2281 5345 alterutra
2329 5302 2511 5345 earum
2564 5289 2835 5343 civitatum
2885 5284 3126 5339 fortassis
3168 5284 3626 5353 amphitheatrum

2025 5389 2199 5447 esset,
2232 5393 2502 5449 quumque
2531 5394 2598 5433 ex
2625 5378 2693 5432 iis
2720 5390 2843 5441 una,
2876 5374 3190 5430 Tuburbium
3220 5377 3388 5446 majus
3418 5376 3629 5434 dicere-

2026 5482 2143 5538 tur,
2182 5487 2369 5541 parum
2414 5470 2554 5526 valet
2590 5485 2651 5525 ea
2690 5469 2886 5524 Valesii
2916 5469 3209 5524 ratioznisi
3246 5468 3453 5525 dicatur
3485 5488 3628 5528 marn

2024 5563 2284 5635 tyrologia
2303 5561 2414 5619 fere
2438 5561 2616 5619 omnia
2641 5559 2958 5616 Tuburbium
2978 5559 3032 5614 in
3054 5557 3372 5615 Mauritania
3406 5575 3629 5632 expres-

2030 5657 2185 5714 sisse.
2980 5726 2981 5729 η
