  <div class='ocr_page' id='page_1' title='image "/cluster/home/n/w/nwhite01/storage/ocr_20150623/3/hvd.32044054086798/055.png"; bbox 0 0 4190 6246; ppageno 0'>
   <div class='ocr_carea' id='block_1_1' title="bbox 544 266 2569 352">
    <p class='ocr_par' dir='ltr' id='par_1_1' title="bbox 544 266 2569 352">
     <span class='ocr_line' id='line_1_1' title="bbox 544 266 2569 352; baseline -0.012 -1"><span class='ocrx_word' id='word_1_1' title='bbox 544 289 610 352; x_wconf 78' lang='lat' dir='ltr'><strong>ﬂ</strong></span> <span class='ocrx_word' id='word_1_2' title='bbox 1596 332 1605 337; x_wconf 42' lang='grc' dir='ltr'>ρ</span> <span class='ocrx_word' id='word_1_3' title='bbox 1656 267 2167 341; x_wconf 75' lang='lat' dir='ltr'><strong>PROLEGOMENA</strong></span> <span class='ocrx_word' id='word_1_4' title='bbox 2220 266 2309 328; x_wconf 83' lang='lat' dir='ltr'><strong>DE</strong></span> <span class='ocrx_word' id='word_1_5' title='bbox 2351 266 2569 332; x_wconf 81' lang='lat' dir='ltr'><strong>ACTIS.</strong></span> 
     </span>
    </p>
   </div>
   <div class='ocr_carea' id='block_1_2' title="bbox 3778 260 3853 322">
    <p class='ocr_par' dir='ltr' id='par_1_2' title="bbox 3778 260 3853 322">
     <span class='ocr_line' id='line_1_2' title="bbox 3778 260 3853 322; baseline 0 0"><span class='ocrx_word' id='word_1_6' title='bbox 3778 260 3853 322; x_wconf 71' lang='lat'><strong>{2</strong></span> 
     </span>
    </p>
   </div>
   <div class='ocr_carea' id='block_1_3' title="bbox 619 385 3852 473">
    <p class='ocr_par' dir='ltr' id='par_1_3' title="bbox 619 385 3852 473">
     <span class='ocr_line' id='line_1_3' title="bbox 619 385 3852 473; baseline -0.007 -9"><span class='ocrx_word' id='word_1_7' title='bbox 619 406 709 463; x_wconf 90' lang='lat' dir='ltr'><strong>Ill.</strong></span> <span class='ocrx_word' id='word_1_8' title='bbox 749 405 956 463; x_wconf 88' lang='lat' dir='ltr'><strong>Certius</strong></span> <span class='ocrx_word' id='word_1_9' title='bbox 1002 408 1086 460; x_wconf 90' lang='lat' dir='ltr'><strong>est</strong></span> <span class='ocrx_word' id='word_1_10' title='bbox 1128 405 1500 473; x_wconf 75' lang='lat' dir='ltr'><strong>argumentum</strong></span> <span class='ocrx_word' id='word_1_11' title='bbox 1529 397 1673 469; x_wconf 89' lang='lat' dir='ltr'><strong>quod</strong></span> <span class='ocrx_word' id='word_1_12' title='bbox 1711 413 1782 455; x_wconf 86' lang='lat' dir='ltr'><strong>ex</strong></span> <span class='ocrx_word' id='word_1_13' title='bbox 1823 394 2135 451; x_wconf 89' lang='lat' dir='ltr'><strong>auctoritate</strong></span> <span class='ocrx_word' id='word_1_14' title='bbox 2160 389 2216 449; x_wconf 79' lang='grc' dir='ltr'>Α</span> <span class='ocrx_word' id='word_1_15' title='bbox 2241 391 2459 447; x_wconf 86' lang='lat' dir='ltr'><strong>omnino</strong></span> <span class='ocrx_word' id='word_1_16' title='bbox 2489 390 2711 464; x_wconf 86' lang='lat' dir='ltr'><strong>stylum,</strong></span> <span class='ocrx_word' id='word_1_17' title='bbox 2734 390 2953 449; x_wconf 87' lang='lat' dir='ltr'><strong>easdem</strong></span> <span class='ocrx_word' id='word_1_18' title='bbox 2982 389 3235 463; x_wconf 87' lang='lat' dir='ltr'><strong>loquendi</strong></span> <span class='ocrx_word' id='word_1_19' title='bbox 3274 387 3533 446; x_wconf 77' lang='lat' dir='ltr'><strong>formulas</strong></span> <span class='ocrx_word' id='word_1_20' title='bbox 3555 427 3568 453; x_wconf 94' lang='lat'><strong>,</strong></span> <span class='ocrx_word' id='word_1_21' title='bbox 3598 400 3662 442; x_wconf 92' lang='lat' dir='ltr'><strong>ac</strong></span> <span class='ocrx_word' id='word_1_22' title='bbox 3686 385 3852 441; x_wconf 87' lang='lat' dir='ltr'><strong>etiam</strong></span> 
     </span>
    </p>
   </div>
   <div class='ocr_carea' id='block_1_4' title="bbox 549 485 2148 569">
    <p class='ocr_par' dir='ltr' id='par_1_4' title="bbox 549 485 2148 569">
     <span class='ocr_line' id='line_1_4' title="bbox 549 485 2148 569; baseline -0.011 -12"><span class='ocrx_word' id='word_1_23' title='bbox 549 510 789 558; x_wconf 77' lang='lat' dir='ltr'><strong>veterum</strong></span> <span class='ocrx_word' id='word_1_24' title='bbox 820 498 910 569; x_wconf 89' lang='lat' dir='ltr'><strong>qui</strong></span> <span class='ocrx_word' id='word_1_25' title='bbox 964 496 1031 552; x_wconf 90' lang='lat' dir='ltr'><strong>de</strong></span> <span class='ocrx_word' id='word_1_26' title='bbox 1084 490 1288 551; x_wconf 71' lang='lat' dir='ltr'><strong>sanatis</strong></span> <span class='ocrx_word' id='word_1_27' title='bbox 1316 488 1579 562; x_wconf 70' lang='lat' dir='ltr'><strong>Perpetua</strong></span> <span class='ocrx_word' id='word_1_28' title='bbox 1619 495 1676 545; x_wconf 72' lang='lat' dir='ltr'><strong>et</strong></span> <span class='ocrx_word' id='word_1_29' title='bbox 1694 486 1984 548; x_wconf 67' lang='lat' dir='ltr'><strong>Felicitate</strong></span> <span class='ocrx_word' id='word_1_30' title='bbox 2010 485 2148 543; x_wconf 79' lang='lat' dir='ltr'><strong>scri-</strong></span> 
     </span>
    </p>
   </div>
   <div class='ocr_carea' id='block_1_5' title="bbox 549 577 2151 667">
    <p class='ocr_par' dir='ltr' id='par_1_5' title="bbox 549 577 2151 667">
     <span class='ocr_line' id='line_1_5' title="bbox 549 577 2151 667; baseline -0.011 -18"><span class='ocrx_word' id='word_1_31' title='bbox 549 599 793 667; x_wconf 88' lang='lat' dir='ltr'><strong>pserunt.</strong></span> <span class='ocrx_word' id='word_1_32' title='bbox 836 587 1136 644; x_wconf 86' lang='lat' dir='ltr'><strong>deducitur.</strong></span> <span class='ocrx_word' id='word_1_33' title='bbox 1166 586 1321 650; x_wconf 86' lang='lat' dir='ltr'><strong>Nam,</strong></span> <span class='ocrx_word' id='word_1_34' title='bbox 1366 592 1728 654; x_wconf 79' lang='lat' dir='ltr'><strong>praeterquam</strong></span> <span class='ocrx_word' id='word_1_35' title='bbox 1775 578 1917 648; x_wconf 91' lang='lat' dir='ltr'><strong>quod</strong></span> <span class='ocrx_word' id='word_1_36' title='bbox 1969 577 2151 633; x_wconf 83' lang='lat' dir='ltr'><strong>Victor</strong></span> 
     </span>
    </p>
   </div>
   <div class='ocr_carea' id='block_1_6' title="bbox 559 671 2157 749">
    <p class='ocr_par' dir='ltr' id='par_1_6' title="bbox 559 671 2157 749">
     <span class='ocr_line' id='line_1_6' title="bbox 559 671 2157 749; baseline -0.011 -7"><span class='ocrx_word' id='word_1_37' title='bbox 559 684 796 742; x_wconf 89' lang='lat' dir='ltr'><strong>Vitensis</strong></span> <span class='ocrx_word' id='word_1_38' title='bbox 820 696 912 738; x_wconf 90' lang='lat' dir='ltr'><strong>eas</strong></span> <span class='ocrx_word' id='word_1_39' title='bbox 946 700 965 732; x_wconf 75' lang='grc' dir='ltr'><strong>ι</strong></span> <span class='ocrx_word' id='word_1_40' title='bbox 1003 679 1328 749; x_wconf 79' lang='lat' dir='ltr'><strong>Carthagine</strong></span> <span class='ocrx_word' id='word_1_41' title='bbox 1356 678 1409 733; x_wconf 93' lang='lat' dir='ltr'><strong>in</strong></span> <span class='ocrx_word' id='word_1_42' title='bbox 1436 675 1655 732; x_wconf 89' lang='lat' dir='ltr'><strong>basilica</strong></span> <span class='ocrx_word' id='word_1_43' title='bbox 1694 672 1885 742; x_wconf 83' lang='lat' dir='ltr'><strong>majori</strong></span> <span class='ocrx_word' id='word_1_44' title='bbox 1913 671 2157 742; x_wconf 77' lang='lat' dir='ltr'><strong>sepultas</strong></span> 
     </span>
    </p>
   </div>
   <div class='ocr_carea' id='block_1_7' title="bbox 548 764 2151 845">
    <p class='ocr_par' dir='ltr' id='par_1_7' title="bbox 548 764 2151 845">
     <span class='ocr_line' id='line_1_7' title="bbox 548 764 2151 845; baseline -0.009 -12"><span class='ocrx_word' id='word_1_45' title='bbox 548 777 716 833; x_wconf 87' lang='lat' dir='ltr'><strong>fuisse</strong></span> <span class='ocrx_word' id='word_1_46' title='bbox 749 793 768 827; x_wconf 73' lang='grc' dir='ltr'><strong>ι</strong></span> <span class='ocrx_word' id='word_1_47' title='bbox 802 773 1036 829; x_wconf 90' lang='lat' dir='ltr'><strong>afﬁrmat</strong></span> <span class='ocrx_word' id='word_1_48' title='bbox 1060 770 1136 845; x_wconf 86' lang='grc'>(1)</span> <span class='ocrx_word' id='word_1_49' title='bbox 1160 813 1175 838; x_wconf 90' lang='grc'><em>,</em></span> <span class='ocrx_word' id='word_1_50' title='bbox 1206 771 1438 841; x_wconf 86' lang='lat' dir='ltr'><strong>Prosper</strong></span> <span class='ocrx_word' id='word_1_51' title='bbox 1466 770 1518 823; x_wconf 91' lang='lat' dir='ltr'><strong>in</strong></span> <span class='ocrx_word' id='word_1_52' title='bbox 1551 767 1801 824; x_wconf 82' lang='lat' dir='ltr'><strong>Chronico</strong></span> <span class='ocrx_word' id='word_1_53' title='bbox 1824 764 2151 832; x_wconf 63' lang='lat' dir='ltr'><strong>Labhteano,</strong></span> 
     </span>
    </p>
   </div>
   <div class='ocr_carea' id='block_1_8' title="bbox 550 858 2153 927">
    <p class='ocr_par' dir='ltr' id='par_1_8' title="bbox 550 858 2153 927">
     <span class='ocr_line' id='line_1_8' title="bbox 550 858 2153 927; baseline -0.011 0"><span class='ocrx_word' id='word_1_54' title='bbox 550 870 692 927; x_wconf 93' lang='lat' dir='ltr'><strong>Beda</strong></span> <span class='ocrx_word' id='word_1_55' title='bbox 721 869 774 923; x_wconf 87' lang='lat' dir='ltr'><strong>in</strong></span> <span class='ocrx_word' id='word_1_56' title='bbox 804 867 943 922; x_wconf 88' lang='lat' dir='ltr'><strong>libro</strong></span> <span class='ocrx_word' id='word_1_57' title='bbox 968 866 1033 919; x_wconf 87' lang='lat' dir='ltr'><strong>de</strong></span> <span class='ocrx_word' id='word_1_58' title='bbox 1056 880 1146 920; x_wconf 75' lang='lat' dir='ltr'><strong>sea:</strong></span> <span class='ocrx_word' id='word_1_59' title='bbox 1171 863 1433 919; x_wconf 66' lang='lat' dir='ltr'><strong>Etatibus</strong></span> <span class='ocrx_word' id='word_1_60' title='bbox 1455 861 1660 927; x_wconf 78' lang='lat' dir='ltr'><strong>Mundi,</strong></span> <span class='ocrx_word' id='word_1_61' title='bbox 1680 862 1845 915; x_wconf 88' lang='lat' dir='ltr'><strong>immo</strong></span> <span class='ocrx_word' id='word_1_62' title='bbox 1860 869 1915 915; x_wconf 89' lang='lat' dir='ltr'><strong>et</strong></span> <span class='ocrx_word' id='word_1_63' title='bbox 1935 860 1988 915; x_wconf 85' lang='lat' dir='ltr'><strong>in</strong></span> <span class='ocrx_word' id='word_1_64' title='bbox 2009 858 2153 913; x_wconf 80' lang='lat' dir='ltr'><strong>Mar-</strong></span> 
     </span>
    </p>
   </div>
   <div class='ocr_carea' id='block_1_9' title="bbox 550 952 2153 1036">
    <p class='ocr_par' dir='ltr' id='par_1_9' title="bbox 550 952 2153 1036">
     <span class='ocr_line' id='line_1_9' title="bbox 550 952 2153 1036; baseline -0.009 -16"><span class='ocrx_word' id='word_1_65' title='bbox 550 963 803 1036; x_wconf 78' lang='lat' dir='ltr'><strong>lyrologio</strong></span> <span class='ocrx_word' id='word_1_66' title='bbox 826 962 1021 1016; x_wconf 78' lang='lat' dir='ltr'><strong>sincero</strong></span> <span class='ocrx_word' id='word_1_67' title='bbox 1057 959 1323 1029; x_wconf 84' lang='lat' dir='ltr'><strong>(quamvis</strong></span> <span class='ocrx_word' id='word_1_68' title='bbox 1356 955 1483 1011; x_wconf 90' lang='lat' dir='ltr'><strong>illud</strong></span> <span class='ocrx_word' id='word_1_69' title='bbox 1507 955 1650 1026; x_wconf 88' lang='lat' dir='ltr'><strong>quod</strong></span> <span class='ocrx_word' id='word_1_70' title='bbox 1674 954 1774 1008; x_wconf 88' lang='lat' dir='ltr'><strong>sub</strong></span> <span class='ocrx_word' id='word_1_71' title='bbox 1790 954 1906 1024; x_wconf 87' lang='lat' dir='ltr'><strong>ejus</strong></span> <span class='ocrx_word' id='word_1_72' title='bbox 1936 952 2153 1006; x_wconf 87' lang='lat' dir='ltr'><strong>nomine</strong></span> 
     </span>
    </p>
   </div>
   <div class='ocr_carea' id='block_1_10' title="bbox 552 1046 2148 1121">
    <p class='ocr_par' dir='ltr' id='par_1_10' title="bbox 552 1046 2148 1121">
     <span class='ocr_line' id='line_1_10' title="bbox 552 1046 2148 1121; baseline -0.008 -10"><span class='ocrx_word' id='word_1_73' title='bbox 552 1053 947 1118; x_wconf 82' lang='lat' dir='ltr'><strong>circumfertur,</strong></span> <span class='ocrx_word' id='word_1_74' title='bbox 970 1051 1126 1107; x_wconf 84' lang='lat' dir='ltr'><strong>aliter</strong></span> <span class='ocrx_word' id='word_1_75' title='bbox 1148 1050 1387 1121; x_wconf 79' lang='lat' dir='ltr'><strong>habeat),</strong></span> <span class='ocrx_word' id='word_1_76' title='bbox 1412 1047 1638 1120; x_wconf 78' lang='lat' dir='ltr'><strong>Regina,</strong></span> <span class='ocrx_word' id='word_1_77' title='bbox 1665 1048 1917 1102; x_wconf 80' lang='lat' dir='ltr'><strong>Rabanus</strong></span> <span class='ocrx_word' id='word_1_78' title='bbox 1934 1047 1986 1101; x_wconf 93' lang='lat' dir='ltr'><strong>in</strong></span> <span class='ocrx_word' id='word_1_79' title='bbox 2009 1046 2148 1099; x_wconf 80' lang='lat' dir='ltr'><strong>Mar-</strong></span> 
     </span>
    </p>
   </div>
   <div class='ocr_carea' id='block_1_11' title="bbox 552 1139 2155 1222">
    <p class='ocr_par' dir='ltr' id='par_1_11' title="bbox 552 1139 2155 1222">
     <span class='ocr_line' id='line_1_11' title="bbox 552 1139 2155 1222; baseline -0.007 -19"><span class='ocrx_word' id='word_1_80' title='bbox 552 1149 819 1222; x_wconf 78' lang='lat' dir='ltr'><strong>tyrologio,</strong></span> <span class='ocrx_word' id='word_1_81' title='bbox 852 1147 1061 1216; x_wconf 88' lang='lat' dir='ltr'><strong>aliaque</strong></span> <span class='ocrx_word' id='word_1_82' title='bbox 1087 1146 1223 1200; x_wconf 88' lang='lat' dir='ltr'><strong>bene</strong></span> <span class='ocrx_word' id='word_1_83' title='bbox 1254 1146 1420 1200; x_wconf 88' lang='lat' dir='ltr'><strong>multa</strong></span> <span class='ocrx_word' id='word_1_84' title='bbox 1443 1142 1844 1214; x_wconf 86' lang='lat' dir='ltr'><strong>martyrologia,</strong></span> <span class='ocrx_word' id='word_1_85' title='bbox 1870 1155 1989 1195; x_wconf 91' lang='lat' dir='ltr'><strong>cum</strong></span> <span class='ocrx_word' id='word_1_86' title='bbox 2012 1139 2155 1195; x_wconf 88' lang='lat' dir='ltr'><strong>edita</strong></span> 
     </span>
    </p>
   </div>
   <div class='ocr_carea' id='block_1_12' title="bbox 557 1230 2155 1307">
    <p class='ocr_par' dir='ltr' id='par_1_12' title="bbox 557 1230 2155 1307">
     <span class='ocr_line' id='line_1_12' title="bbox 557 1230 2155 1307; baseline -0.009 -9"><span class='ocrx_word' id='word_1_87' title='bbox 557 1252 667 1298; x_wconf 89' lang='lat' dir='ltr'><strong>tum</strong></span> <span class='ocrx_word' id='word_1_88' title='bbox 697 1257 853 1307; x_wconf 88' lang='lat' dir='ltr'><strong>mss.,</strong></span> <span class='ocrx_word' id='word_1_89' title='bbox 879 1248 937 1294; x_wconf 90' lang='lat' dir='ltr'><strong>ut</strong></span> <span class='ocrx_word' id='word_1_90' title='bbox 964 1237 1149 1293; x_wconf 89' lang='lat' dir='ltr'><strong>videre</strong></span> <span class='ocrx_word' id='word_1_91' title='bbox 1176 1247 1257 1292; x_wconf 90' lang='lat' dir='ltr'><strong>est</strong></span> <span class='ocrx_word' id='word_1_92' title='bbox 1275 1234 1413 1306; x_wconf 90' lang='lat' dir='ltr'><strong>apud</strong></span> <span class='ocrx_word' id='word_1_93' title='bbox 1439 1234 1813 1289; x_wconf 85' lang='lat' dir='ltr'><strong>Bollandianos</strong></span> <span class='ocrx_word' id='word_1_94' title='bbox 1831 1230 1897 1285; x_wconf 92' lang='lat' dir='ltr'><strong>ad</strong></span> <span class='ocrx_word' id='word_1_95' title='bbox 1923 1230 2063 1284; x_wconf 90' lang='lat' dir='ltr'><strong>diem</strong></span> <span class='ocrx_word' id='word_1_96' title='bbox 2083 1244 2155 1283; x_wconf 90' lang='lat' dir='ltr'><strong>vu</strong></span> 
     </span>
    </p>
   </div>
   <div class='ocr_carea' id='block_1_13' title="bbox 558 1323 2156 1412">
    <p class='ocr_par' dir='ltr' id='par_1_13' title="bbox 558 1323 2156 1412">
     <span class='ocr_line' id='line_1_13' title="bbox 558 1323 2156 1412; baseline -0.01 -18"><span class='ocrx_word' id='word_1_97' title='bbox 558 1336 735 1412; x_wconf 79' lang='lat' dir='ltr'><strong>martii</strong></span> <span class='ocrx_word' id='word_1_98' title='bbox 758 1377 771 1402; x_wconf 95' lang='lat'><strong>,</strong></span> <span class='ocrx_word' id='word_1_99' title='bbox 799 1331 1068 1404; x_wconf 85' lang='lat' dir='ltr'><strong>expressis</strong></span> <span class='ocrx_word' id='word_1_100' title='bbox 1094 1330 1273 1387; x_wconf 88' lang='lat' dir='ltr'><strong>verbis</strong></span> <span class='ocrx_word' id='word_1_101' title='bbox 1326 1330 1419 1383; x_wconf 90' lang='lat' dir='ltr'><strong>has</strong></span> <span class='ocrx_word' id='word_1_102' title='bbox 1462 1335 1676 1383; x_wconf 88' lang='lat' dir='ltr'><strong>sanctas</strong></span> <span class='ocrx_word' id='word_1_103' title='bbox 1705 1336 1970 1397; x_wconf 82' lang='lat' dir='ltr'><strong>martyres</strong></span> <span class='ocrx_word' id='word_1_104' title='bbox 2016 1323 2156 1394; x_wconf 90' lang='lat' dir='ltr'><strong>apud</strong></span> 
     </span>
    </p>
   </div>
   <div class='ocr_carea' id='block_1_14' title="bbox 559 1416 2157 1497">
    <p class='ocr_par' dir='ltr' id='par_1_14' title="bbox 559 1416 2157 1497">
     <span class='ocr_line' id='line_1_14' title="bbox 559 1416 2157 1497; baseline -0.01 -12"><span class='ocrx_word' id='word_1_105' title='bbox 559 1427 937 1497; x_wconf 80' lang='lat' dir='ltr'><strong>Carthaginem</strong></span> <span class='ocrx_word' id='word_1_106' title='bbox 991 1437 1175 1493; x_wconf 89' lang='lat' dir='ltr'><strong>passas</strong></span> <span class='ocrx_word' id='word_1_107' title='bbox 1226 1421 1391 1476; x_wconf 92' lang='lat' dir='ltr'><strong>fuisse</strong></span> <span class='ocrx_word' id='word_1_108' title='bbox 1433 1426 1700 1473; x_wconf 87' lang='lat' dir='ltr'><strong>asserunt.</strong></span> <span class='ocrx_word' id='word_1_109' title='bbox 1753 1416 1863 1471; x_wconf 87' lang='lat' dir='ltr'><strong>Nec</strong></span> <span class='ocrx_word' id='word_1_110' title='bbox 1896 1429 2157 1486; x_wconf 88' lang='lat' dir='ltr'><strong>reponere</strong></span> 
     </span>
    </p>
   </div>
   <div class='ocr_carea' id='block_1_15' title="bbox 553 1506 2158 1593">
    <p class='ocr_par' dir='ltr' id='par_1_15' title="bbox 553 1506 2158 1593">
     <span class='ocr_line' id='line_1_15' title="bbox 553 1506 2158 1593; baseline -0.009 -18"><span class='ocrx_word' id='word_1_111' title='bbox 553 1522 705 1593; x_wconf 87' lang='lat' dir='ltr'><strong>juvat</strong></span> <span class='ocrx_word' id='word_1_112' title='bbox 740 1519 808 1573; x_wconf 89' lang='lat' dir='ltr'><strong>ab</strong></span> <span class='ocrx_word' id='word_1_113' title='bbox 845 1515 1142 1586; x_wconf 80' lang='lat' dir='ltr'><strong>Augustino</strong></span> <span class='ocrx_word' id='word_1_114' title='bbox 1188 1514 1243 1568; x_wconf 91' lang='lat' dir='ltr'><strong>in</strong></span> <span class='ocrx_word' id='word_1_115' title='bbox 1287 1512 1548 1567; x_wconf 89' lang='lat' dir='ltr'><strong>Sermone</strong></span> <span class='ocrx_word' id='word_1_116' title='bbox 1584 1516 1754 1575; x_wconf 74' lang='lat' dir='ltr'><strong>xxxtt,</strong></span> <span class='ocrx_word' id='word_1_117' title='bbox 1799 1516 1829 1562; x_wconf 83' lang='lat' dir='ltr'><strong>a</strong></span> <span class='ocrx_word' id='word_1_118' title='bbox 1868 1506 2158 1562; x_wconf 81' lang='lat' dir='ltr'><strong>Sirmundo</strong></span> 
     </span>
    </p>
   </div>
   <div class='ocr_carea' id='block_1_16' title="bbox 559 1600 2158 1679">
    <p class='ocr_par' dir='ltr' id='par_1_16' title="bbox 559 1600 2158 1679">
     <span class='ocr_line' id='line_1_16' title="bbox 559 1600 2158 1679; baseline -0.011 -10"><span class='ocrx_word' id='word_1_119' title='bbox 559 1606 726 1679; x_wconf 87' lang='lat' dir='ltr'><strong>edito,</strong></span> <span class='ocrx_word' id='word_1_120' title='bbox 758 1609 849 1679; x_wconf 85' lang='lat' dir='ltr'><strong>qui</strong></span> <span class='ocrx_word' id='word_1_121' title='bbox 876 1618 958 1664; x_wconf 89' lang='lat' dir='ltr'><strong>est</strong></span> <span class='ocrx_word' id='word_1_122' title='bbox 1005 1622 1158 1662; x_wconf 73' lang='lat' dir='ltr'><strong>nova:</strong></span> <span class='ocrx_word' id='word_1_123' title='bbox 1208 1604 1458 1661; x_wconf 85' lang='lat' dir='ltr'><strong>editionis</strong></span> <span class='ocrx_word' id='word_1_124' title='bbox 1499 1614 1727 1669; x_wconf 74' lang='lat' dir='ltr'><strong>eecxev,</strong></span> <span class='ocrx_word' id='word_1_125' title='bbox 1757 1600 1859 1654; x_wconf 80' lang='lat' dir='ltr'><strong>has</strong></span> <span class='ocrx_word' id='word_1_126' title='bbox 1897 1607 2158 1670; x_wconf 84' lang='lat' dir='ltr'><strong>martyres</strong></span> 
     </span>
    </p>
   </div>
   <div class='ocr_carea' id='block_1_17' title="bbox 557 1693 2159 1769">
    <p class='ocr_par' dir='ltr' id='par_1_17' title="bbox 557 1693 2159 1769">
     <span class='ocr_line' id='line_1_17' title="bbox 557 1693 2159 1769; baseline -0.007 -11"><span class='ocrx_word' id='word_1_127' title='bbox 557 1701 931 1758; x_wconf 76' lang='lat' dir='ltr'><strong>Tuburbitanas</strong></span> <span class='ocrx_word' id='word_1_128' title='bbox 979 1696 1276 1769; x_wconf 89' lang='lat' dir='ltr'><strong>appellari:</strong></span> <span class='ocrx_word' id='word_1_129' title='bbox 1313 1710 1434 1750; x_wconf 90' lang='lat' dir='ltr'><strong>nam</strong></span> <span class='ocrx_word' id='word_1_130' title='bbox 1474 1694 1526 1747; x_wconf 90' lang='lat' dir='ltr'><strong>in</strong></span> <span class='ocrx_word' id='word_1_131' title='bbox 1554 1693 1740 1747; x_wconf 89' lang='lat' dir='ltr'><strong>codice</strong></span> <span class='ocrx_word' id='word_1_132' title='bbox 1782 1706 1883 1747; x_wconf 91' lang='lat' dir='ltr'><strong>ms.</strong></span> <span class='ocrx_word' id='word_1_133' title='bbox 1930 1707 1999 1745; x_wconf 78' lang='lat' dir='ltr'><strong>ex</strong></span> <span class='ocrx_word' id='word_1_134' title='bbox 2052 1706 2159 1761; x_wconf 89' lang='lat' dir='ltr'><strong>quo</strong></span> 
     </span>
    </p>
   </div>
   <div class='ocr_carea' id='block_1_18' title="bbox 2256 484 3849 557">
    <p class='ocr_par' dir='ltr' id='par_1_18' title="bbox 2256 484 3849 557">
     <span class='ocr_line' id='line_1_18' title="bbox 2256 484 3849 557; baseline -0.008 -11"><span class='ocrx_word' id='word_1_135' title='bbox 2256 486 2457 557; x_wconf 73' lang='lat' dir='ltr'><strong>saepius</strong></span> <span class='ocrx_word' id='word_1_136' title='bbox 2472 484 2660 543; x_wconf 75' lang='lat' dir='ltr'><strong>eadem</strong></span> <span class='ocrx_word' id='word_1_137' title='bbox 2680 486 2849 543; x_wconf 72' lang='lat' dir='ltr'><strong>verba</strong></span> <span class='ocrx_word' id='word_1_138' title='bbox 2864 486 2925 541; x_wconf 80' lang='lat' dir='ltr'><strong>in</strong></span> <span class='ocrx_word' id='word_1_139' title='bbox 2942 484 3186 557; x_wconf 74' lang='lat' dir='ltr'><strong>utrisque</strong></span> <span class='ocrx_word' id='word_1_140' title='bbox 3201 484 3444 557; x_wconf 81' lang='lat' dir='ltr'><strong>reperiri.</strong></span> <span class='ocrx_word' id='word_1_141' title='bbox 3472 485 3553 539; x_wconf 88' lang='lat' dir='ltr'><strong>An</strong></span> <span class='ocrx_word' id='word_1_142' title='bbox 3579 496 3707 537; x_wconf 90' lang='lat' dir='ltr'><strong>vero</strong></span> <span class='ocrx_word' id='word_1_143' title='bbox 3732 494 3849 535; x_wconf 90' lang='lat' dir='ltr'><strong>rem</strong></span> 
     </span>
    </p>
   </div>
   <div class='ocr_carea' id='block_1_19' title="bbox 2258 578 3210 650">
    <p class='ocr_par' dir='ltr' id='par_1_19' title="bbox 2258 578 3210 650">
     <span class='ocr_line' id='line_1_19' title="bbox 2258 578 3210 650; baseline 0 -16"><span class='ocrx_word' id='word_1_144' title='bbox 2258 581 2477 634; x_wconf 88' lang='lat' dir='ltr'><strong>omnino</strong></span> <span class='ocrx_word' id='word_1_145' title='bbox 2503 580 2734 641; x_wconf 87' lang='lat' dir='ltr'><strong>evincat.</strong></span> <span class='ocrx_word' id='word_1_146' title='bbox 2763 579 2854 634; x_wconf 88' lang='lat' dir='ltr'><strong>alii</strong></span> <span class='ocrx_word' id='word_1_147' title='bbox 2876 578 3210 650; x_wconf 81' lang='lat' dir='ltr'><strong>judicabant.</strong></span> 
     </span>
    </p>
   </div>
   <div class='ocr_carea' id='block_1_20' title="bbox 2332 646 3852 721">
    <p class='ocr_par' dir='ltr' id='par_1_20' title="bbox 2332 646 3852 721">
     <span class='ocr_line' id='line_1_20' title="bbox 2332 646 3852 721; baseline -0.005 -17"><span class='ocrx_word' id='word_1_148' title='bbox 2332 650 2419 705; x_wconf 90' lang='lat' dir='ltr'><strong>Vl.</strong></span> <span class='ocrx_word' id='word_1_149' title='bbox 2460 652 2528 705; x_wconf 87' lang='lat' dir='ltr'><strong>At</strong></span> <span class='ocrx_word' id='word_1_150' title='bbox 2555 651 2772 707; x_wconf 88' lang='lat' dir='ltr'><strong>Valesio</strong></span> <span class='ocrx_word' id='word_1_151' title='bbox 2800 646 3048 706; x_wconf 80' lang='lat' dir='ltr'><strong>assentiri</strong></span> <span class='ocrx_word' id='word_1_152' title='bbox 3096 646 3201 705; x_wconf 86' lang='lat' dir='ltr'><strong>non</strong></span> <span class='ocrx_word' id='word_1_153' title='bbox 3233 664 3449 721; x_wconf 92' lang='lat' dir='ltr'><strong>possum</strong></span> <span class='ocrx_word' id='word_1_154' title='bbox 3472 689 3487 715; x_wconf 88' lang='lat'><strong>,</strong></span> <span class='ocrx_word' id='word_1_155' title='bbox 3522 647 3638 702; x_wconf 72' lang='lat' dir='ltr'><strong>haec</strong></span> <span class='ocrx_word' id='word_1_156' title='bbox 3664 646 3794 700; x_wconf 82' lang='lat' dir='ltr'><strong>Acta</strong></span> <span class='ocrx_word' id='word_1_157' title='bbox 3820 657 3852 698; x_wconf 88' lang='lat' dir='ltr'><strong>a</strong></span> 
     </span>
    </p>
   </div>
   <div class='ocr_carea' id='block_1_21' title="bbox 2257 735 3852 813">
    <p class='ocr_par' dir='ltr' id='par_1_21' title="bbox 2257 735 3852 813">
     <span class='ocr_line' id='line_1_21' title="bbox 2257 735 3852 813; baseline -0.006 -15"><span class='ocrx_word' id='word_1_158' title='bbox 2257 742 2495 798; x_wconf 78' lang='lat' dir='ltr'><strong>Montani</strong></span> <span class='ocrx_word' id='word_1_159' title='bbox 2522 751 2809 810; x_wconf 90' lang='lat' dir='ltr'><strong>sectatore,</strong></span> <span class='ocrx_word' id='word_1_160' title='bbox 2838 742 3078 813; x_wconf 81' lang='lat' dir='ltr'><strong>quisquis</strong></span> <span class='ocrx_word' id='word_1_161' title='bbox 3104 741 3194 796; x_wconf 91' lang='lat' dir='ltr'><strong>ille</strong></span> <span class='ocrx_word' id='word_1_162' title='bbox 3220 739 3399 806; x_wconf 89' lang='lat' dir='ltr'><strong>fuerit,</strong></span> <span class='ocrx_word' id='word_1_163' title='bbox 3443 740 3662 794; x_wconf 87' lang='lat' dir='ltr'><strong>collecta</strong></span> <span class='ocrx_word' id='word_1_164' title='bbox 3687 735 3852 790; x_wconf 86' lang='lat' dir='ltr'><strong>fuisse</strong></span> 
     </span>
    </p>
   </div>
   <div class='ocr_carea' id='block_1_22' title="bbox 2258 826 3854 898">
    <p class='ocr_par' dir='ltr' id='par_1_22' title="bbox 2258 826 3854 898">
     <span class='ocr_line' id='line_1_22' title="bbox 2258 826 3854 898; baseline -0.006 -8"><span class='ocrx_word' id='word_1_165' title='bbox 2258 828 2608 890; x_wconf 84' lang='lat' dir='ltr'><strong>existimanti.</strong></span> <span class='ocrx_word' id='word_1_166' title='bbox 2631 833 2685 890; x_wconf 89' lang='lat' dir='ltr'><strong>id</strong></span> <span class='ocrx_word' id='word_1_167' title='bbox 2706 844 2881 889; x_wconf 91' lang='lat' dir='ltr'><strong>tamen</strong></span> <span class='ocrx_word' id='word_1_168' title='bbox 2905 834 3220 889; x_wconf 88' lang='lat' dir='ltr'><strong>certissimis</strong></span> <span class='ocrx_word' id='word_1_169' title='bbox 3243 832 3453 887; x_wconf 85' lang='lat' dir='ltr'><strong>indiciis</strong></span> <span class='ocrx_word' id='word_1_170' title='bbox 3472 830 3726 898; x_wconf 82' lang='lat' dir='ltr'><strong>colligere</strong></span> <span class='ocrx_word' id='word_1_171' title='bbox 3749 826 3854 881; x_wconf 90' lang='lat' dir='ltr'><strong>sibi</strong></span> 
     </span>
    </p>
   </div>
   <div class='ocr_carea' id='block_1_23' title="bbox 2261 917 3857 994">
    <p class='ocr_par' dir='ltr' id='par_1_23' title="bbox 2261 917 3857 994">
     <span class='ocr_line' id='line_1_23' title="bbox 2261 917 3857 994; baseline -0.006 -12"><span class='ocrx_word' id='word_1_172' title='bbox 2261 928 2470 984; x_wconf 88' lang='lat' dir='ltr'><strong>videtur</strong></span> <span class='ocrx_word' id='word_1_173' title='bbox 2511 928 2592 982; x_wconf 91' lang='lat' dir='ltr'><strong>vir</strong></span> <span class='ocrx_word' id='word_1_174' title='bbox 2634 926 3048 982; x_wconf 85' lang='lat' dir='ltr'><strong>eruditissimus.</strong></span> <span class='ocrx_word' id='word_1_175' title='bbox 3081 923 3212 992; x_wconf 68' lang='lat' dir='ltr'><strong>Quae</strong></span> <span class='ocrx_word' id='word_1_176' title='bbox 3242 923 3455 994; x_wconf 90' lang='lat' dir='ltr'><strong>quidem</strong></span> <span class='ocrx_word' id='word_1_177' title='bbox 3506 920 3699 975; x_wconf 90' lang='lat' dir='ltr'><strong>iudicia</strong></span> <span class='ocrx_word' id='word_1_178' title='bbox 3739 917 3857 973; x_wconf 62' lang='lat' dir='ltr'><strong>hate</strong></span> 
     </span>
    </p>
   </div>
   <div class='ocr_carea' id='block_1_24' title="bbox 2260 1010 3857 1093">
    <p class='ocr_par' dir='ltr' id='par_1_24' title="bbox 2260 1010 3857 1093">
     <span class='ocr_line' id='line_1_24' title="bbox 2260 1010 3857 1093; baseline -0.008 -15"><span class='ocrx_word' id='word_1_179' title='bbox 2260 1026 2402 1087; x_wconf 79' lang='lat' dir='ltr'><strong>sunt,</strong></span> <span class='ocrx_word' id='word_1_180' title='bbox 2436 1019 2578 1093; x_wconf 89' lang='lat' dir='ltr'><strong>quod</strong></span> <span class='ocrx_word' id='word_1_181' title='bbox 2624 1027 2811 1074; x_wconf 81' lang='lat' dir='ltr'><strong>auctor</strong></span> <span class='ocrx_word' id='word_1_182' title='bbox 2841 1014 2930 1073; x_wconf 72' lang='lat' dir='ltr'><strong>nte</strong></span> <span class='ocrx_word' id='word_1_183' title='bbox 2969 1030 3137 1072; x_wconf 88' lang='lat' dir='ltr'><strong>novas</strong></span> <span class='ocrx_word' id='word_1_184' title='bbox 3170 1010 3479 1087; x_wconf 68' lang='lat' dir='ltr'><strong>prophetiae</strong></span> <span class='ocrx_word' id='word_1_185' title='bbox 3520 1014 3758 1083; x_wconf 85' lang='lat' dir='ltr'><strong>recipere</strong></span> <span class='ocrx_word' id='word_1_186' title='bbox 3796 1025 3857 1067; x_wconf 91' lang='lat' dir='ltr'><strong>se</strong></span> 
     </span>
    </p>
   </div>
   <div class='ocr_carea' id='block_1_25' title="bbox 2264 1108 3860 1187">
    <p class='ocr_par' dir='ltr' id='par_1_25' title="bbox 2264 1108 3860 1187">
     <span class='ocr_line' id='line_1_25' title="bbox 2264 1108 3860 1187; baseline -0.006 -15"><span class='ocrx_word' id='word_1_187' title='bbox 2264 1117 2595 1187; x_wconf 86' lang='lat' dir='ltr'><strong>proﬁteatur,</strong></span> <span class='ocrx_word' id='word_1_188' title='bbox 2621 1125 2671 1170; x_wconf 92' lang='lat' dir='ltr'><strong>et</strong></span> <span class='ocrx_word' id='word_1_189' title='bbox 2688 1130 2780 1169; x_wconf 87' lang='lat' dir='ltr'><strong>eas</strong></span> <span class='ocrx_word' id='word_1_190' title='bbox 2802 1112 3012 1168; x_wconf 82' lang='lat' dir='ltr'><strong>Veteris</strong></span> <span class='ocrx_word' id='word_1_191' title='bbox 3031 1110 3362 1167; x_wconf 89' lang='lat' dir='ltr'><strong>Testamenti</strong></span> <span class='ocrx_word' id='word_1_192' title='bbox 3386 1108 3680 1180; x_wconf 90' lang='lat' dir='ltr'><strong>prophetiis</strong></span> <span class='ocrx_word' id='word_1_193' title='bbox 3700 1109 3860 1180; x_wconf 79' lang='lat' dir='ltr'><strong>longe</strong></span> 
     </span>
    </p>
   </div>
   <div class='ocr_carea' id='block_1_26' title="bbox 2263 1198 3857 1277">
    <p class='ocr_par' dir='ltr' id='par_1_26' title="bbox 2263 1198 3857 1277">
     <span class='ocr_line' id='line_1_26' title="bbox 2263 1198 3857 1277; baseline -0.003 -15"><span class='ocrx_word' id='word_1_194' title='bbox 2263 1216 2573 1277; x_wconf 89' lang='lat' dir='ltr'><strong>anteponat.</strong></span> <span class='ocrx_word' id='word_1_195' title='bbox 2606 1206 2665 1261; x_wconf 90' lang='lat' dir='ltr'><strong>ld</strong></span> <span class='ocrx_word' id='word_1_196' title='bbox 2692 1207 2882 1276; x_wconf 80' lang='lat' dir='ltr'><strong>probat</strong></span> <span class='ocrx_word' id='word_1_197' title='bbox 2908 1198 2977 1261; x_wconf 78' lang='lat' dir='ltr'><strong>ex</strong></span> <span class='ocrx_word' id='word_1_198' title='bbox 3004 1203 3306 1261; x_wconf 90' lang='lat' dir='ltr'><strong>collectoris</strong></span> <span class='ocrx_word' id='word_1_199' title='bbox 3332 1203 3497 1273; x_wconf 90' lang='lat' dir='ltr'><strong>ipsius</strong></span> <span class='ocrx_word' id='word_1_200' title='bbox 3528 1202 3735 1268; x_wconf 79' lang='lat' dir='ltr'><strong>verbis,</strong></span> <span class='ocrx_word' id='word_1_201' title='bbox 3764 1201 3857 1271; x_wconf 88' lang='lat' dir='ltr'><strong>qui</strong></span> 
     </span>
    </p>
   </div>
   <div class='ocr_carea' id='block_1_27' title="bbox 2264 1298 3855 1375">
    <p class='ocr_par' dir='ltr' id='par_1_27' title="bbox 2264 1298 3855 1375">
     <span class='ocr_line' id='line_1_27' title="bbox 2264 1298 3855 1375; baseline -0.005 -15"><span class='ocrx_word' id='word_1_202' title='bbox 2264 1306 2342 1360; x_wconf 89' lang='lat' dir='ltr'><strong>sle</strong></span> <span class='ocrx_word' id='word_1_203' title='bbox 2370 1305 2424 1360; x_wconf 90' lang='lat' dir='ltr'><strong>in</strong></span> <span class='ocrx_word' id='word_1_204' title='bbox 2457 1304 2768 1375; x_wconf 61' lang='lat' dir='ltr'><strong>praefatione</strong></span> <span class='ocrx_word' id='word_1_205' title='bbox 2815 1304 3085 1373; x_wconf 88' lang='lat' dir='ltr'><strong>loquitur:</strong></span> <span class='ocrx_word' id='word_1_206' title='bbox 3122 1320 3141 1354; x_wconf 83' lang='grc'><strong>‹</strong></span> <span class='ocrx_word' id='word_1_207' title='bbox 3172 1300 3356 1372; x_wconf 86' lang='lat' dir='ltr'><strong>Itaque</strong></span> <span class='ocrx_word' id='word_1_208' title='bbox 3385 1309 3436 1355; x_wconf 90' lang='lat' dir='ltr'><strong>et</strong></span> <span class='ocrx_word' id='word_1_209' title='bbox 3464 1315 3564 1355; x_wconf 89' lang='lat' dir='ltr'><strong>nos</strong></span> <span class='ocrx_word' id='word_1_210' title='bbox 3593 1298 3685 1370; x_wconf 92' lang='lat' dir='ltr'><strong>qui</strong></span> <span class='ocrx_word' id='word_1_211' title='bbox 3711 1299 3855 1353; x_wconf 89' lang='lat' dir='ltr'><strong>sicut</strong></span> 
     </span>
    </p>
   </div>
   <div class='ocr_carea' id='block_1_28' title="bbox 2264 1393 3859 1468">
    <p class='ocr_par' dir='ltr' id='par_1_28' title="bbox 2264 1393 3859 1468">
     <span class='ocr_line' id='line_1_28' title="bbox 2264 1393 3859 1468; baseline -0.004 -17"><span class='ocrx_word' id='word_1_212' title='bbox 2264 1399 2575 1468; x_wconf 85' lang='lat' dir='ltr'><strong>prephetias</strong></span> <span class='ocrx_word' id='word_1_213' title='bbox 2600 1398 2672 1452; x_wconf 89' lang='lat' dir='ltr'><strong>ita</strong></span> <span class='ocrx_word' id='word_1_214' title='bbox 2702 1408 2755 1453; x_wconf 89' lang='lat' dir='ltr'><strong>et</strong></span> <span class='ocrx_word' id='word_1_215' title='bbox 2780 1397 3225 1463; x_wconf 75' lang='lat' dir='ltr'><strong>visionesnovas,</strong></span> <span class='ocrx_word' id='word_1_216' title='bbox 3255 1394 3455 1466; x_wconf 86' lang='lat' dir='ltr'><strong>pariter</strong></span> <span class='ocrx_word' id='word_1_217' title='bbox 3484 1393 3859 1465; x_wconf 89' lang='lat' dir='ltr'><strong>repromissas,</strong></span> 
     </span>
    </p>
   </div>
   <div class='ocr_carea' id='block_1_29' title="bbox 2264 1487 3863 1563">
    <p class='ocr_par' dir='ltr' id='par_1_29' title="bbox 2264 1487 3863 1563">
     <span class='ocr_line' id='line_1_29' title="bbox 2264 1487 3863 1563; baseline -0.004 -15"><span class='ocrx_word' id='word_1_218' title='bbox 2264 1501 2319 1548; x_wconf 82' lang='lat' dir='ltr'><strong>et</strong></span> <span class='ocrx_word' id='word_1_219' title='bbox 2342 1493 2680 1563; x_wconf 78' lang='lat' dir='ltr'><strong>agnoscimus</strong></span> <span class='ocrx_word' id='word_1_220' title='bbox 2729 1501 2784 1547; x_wconf 88' lang='lat' dir='ltr'><strong>et</strong></span> <span class='ocrx_word' id='word_1_221' title='bbox 2829 1492 3177 1547; x_wconf 81' lang='lat' dir='ltr'><strong>honoramus.</strong></span> <span class='ocrx_word' id='word_1_222' title='bbox 3219 1510 3239 1543; x_wconf 79' lang='grc' dir='ltr'><strong>ι</strong></span> <span class='ocrx_word' id='word_1_223' title='bbox 3274 1489 3343 1544; x_wconf 91' lang='lat' dir='ltr'><strong>Et</strong></span> <span class='ocrx_word' id='word_1_224' title='bbox 3365 1489 3522 1560; x_wconf 89' lang='lat' dir='ltr'><strong>paulo</strong></span> <span class='ocrx_word' id='word_1_225' title='bbox 3548 1497 3674 1543; x_wconf 87' lang='lat' dir='ltr'><strong>ante</strong></span> <span class='ocrx_word' id='word_1_226' title='bbox 3709 1487 3863 1542; x_wconf 75' lang='lat' dir='ltr'><strong>dixe-</strong></span> 
     </span>
    </p>
   </div>
   <div class='ocr_carea' id='block_1_30' title="bbox 2266 1572 3861 1654">
    <p class='ocr_par' dir='ltr' id='par_1_30' title="bbox 2266 1572 3861 1654">
     <span class='ocr_line' id='line_1_30' title="bbox 2266 1572 3861 1654; baseline -0.001 -17"><span class='ocrx_word' id='word_1_227' title='bbox 2266 1594 2385 1647; x_wconf 83' lang='lat' dir='ltr'><strong>rat:</strong></span> <span class='ocrx_word' id='word_1_228' title='bbox 2416 1603 2435 1635; x_wconf 85' lang='grc'><strong>‹</strong></span> <span class='ocrx_word' id='word_1_229' title='bbox 2472 1580 2577 1639; x_wconf 84' lang='lat' dir='ltr'><strong>Sed</strong></span> <span class='ocrx_word' id='word_1_230' title='bbox 2605 1572 2836 1639; x_wconf 81' lang='lat' dir='ltr'><strong>viderint</strong></span> <span class='ocrx_word' id='word_1_231' title='bbox 2864 1583 2954 1654; x_wconf 66' lang='grc' dir='ltr'><strong>φιί</strong></span> <span class='ocrx_word' id='word_1_232' title='bbox 2984 1598 3144 1637; x_wconf 89' lang='lat' dir='ltr'><strong>unam</strong></span> <span class='ocrx_word' id='word_1_233' title='bbox 3172 1583 3426 1638; x_wconf 83' lang='lat' dir='ltr'><strong>virtutem</strong></span> <span class='ocrx_word' id='word_1_234' title='bbox 3448 1581 3681 1651; x_wconf 87' lang='lat' dir='ltr'><strong>Spiritus</strong></span> <span class='ocrx_word' id='word_1_235' title='bbox 3704 1580 3861 1635; x_wconf 89' lang='lat' dir='ltr'><strong>unius</strong></span> 
     </span>
    </p>
   </div>
   <div class='ocr_carea' id='block_1_31' title="bbox 2267 1675 3864 1747">
    <p class='ocr_par' dir='ltr' id='par_1_31' title="bbox 2267 1675 3864 1747">
     <span class='ocr_line' id='line_1_31' title="bbox 2267 1675 3864 1747; baseline 0 -15"><span class='ocrx_word' id='word_1_236' title='bbox 2267 1679 2436 1732; x_wconf 89' lang='lat' dir='ltr'><strong>sancti</strong></span> <span class='ocrx_word' id='word_1_237' title='bbox 2471 1692 2567 1747; x_wconf 91' lang='lat' dir='ltr'><strong>pro</strong></span> <span class='ocrx_word' id='word_1_238' title='bbox 2588 1677 2832 1731; x_wconf 73' lang='lat' dir='ltr'><strong>:rtatibus</strong></span> <span class='ocrx_word' id='word_1_239' title='bbox 2851 1676 3092 1745; x_wconf 84' lang='lat' dir='ltr'><strong>judicent</strong></span> <span class='ocrx_word' id='word_1_240' title='bbox 3119 1684 3443 1743; x_wconf 83' lang='lat' dir='ltr'><strong>temporum,</strong></span> <span class='ocrx_word' id='word_1_241' title='bbox 3468 1690 3632 1743; x_wconf 87' lang='lat' dir='ltr'><strong>quam</strong></span> <span class='ocrx_word' id='word_1_242' title='bbox 3660 1675 3864 1745; x_wconf 87' lang='lat' dir='ltr'><strong>majora</strong></span> 
     </span>
    </p>
   </div>
   <div class='ocr_carea' id='block_1_32' title="bbox 560 1763 3858 1863">
    <p class='ocr_par' dir='ltr' id='par_1_32' title="bbox 560 1763 3858 1863">
     <span class='ocr_line' id='line_1_32' title="bbox 560 1763 3858 1863; baseline -0.003 -34"><span class='ocrx_word' id='word_1_243' title='bbox 560 1794 877 1863; x_wconf 52' lang='lat' dir='ltr'><strong>desumptus</strong></span> <span class='ocrx_word' id='word_1_244' title='bbox 907 1763 1140 1846; x_wconf 42' lang='lat' dir='ltr'><strong>est-{sm</strong></span> <span class='ocrx_word' id='word_1_245' title='bbox 1181 1796 1383 1852; x_wconf 57' lang='lat' dir='ltr'><strong>sermo,</strong></span> <span class='ocrx_word' id='word_1_246' title='bbox 1416 1798 1525 1840; x_wconf 75' lang='lat' dir='ltr'><strong>non</strong></span> <span class='ocrx_word' id='word_1_247' title='bbox 1568 1781 2034 1837; x_wconf 59' lang='lat' dir='ltr'><strong>Tubmgmnmum</strong></span> <span class='ocrx_word' id='word_1_248' title='bbox 2056 1825 2070 1848; x_wconf 66' lang='grc'>,</span> <span class='ocrx_word' id='word_1_249' title='bbox 2104 1788 2163 1837; x_wconf 73' lang='grc' dir='ltr'>ιιι</span> <span class='ocrx_word' id='word_1_250' title='bbox 2191 1778 2239 1842; x_wconf 82' lang='grc' dir='ltr'><strong>Β</strong></span> <span class='ocrx_word' id='word_1_251' title='bbox 2270 1769 2565 1838; x_wconf 83' lang='lat' dir='ltr'><strong>reputanda</strong></span> <span class='ocrx_word' id='word_1_252' title='bbox 2600 1769 2709 1822; x_wconf 90' lang='lat' dir='ltr'><strong>siut</strong></span> <span class='ocrx_word' id='word_1_253' title='bbox 2748 1768 3010 1822; x_wconf 83' lang='lat' dir='ltr'><strong>novitiora</strong></span> <span class='ocrx_word' id='word_1_254' title='bbox 3040 1774 3266 1837; x_wconf 65' lang='lat' dir='ltr'><strong>quaeque</strong></span> <span class='ocrx_word' id='word_1_255' title='bbox 3296 1772 3359 1819; x_wconf 72' lang='lat' dir='ltr'><strong>dt</strong></span> <span class='ocrx_word' id='word_1_256' title='bbox 3397 1763 3793 1820; x_wconf 85' lang='lat' dir='ltr'><strong>novissimiora.</strong></span> <span class='ocrx_word' id='word_1_257' title='bbox 3838 1785 3858 1818; x_wconf 75' lang='grc' dir='ltr'><strong>ι</strong></span> 
     </span>
    </p>
   </div>
   <div class='ocr_carea' id='block_1_33' title="bbox 561 1875 2163 1948">
    <p class='ocr_par' dir='ltr' id='par_1_33' title="bbox 561 1875 2163 1948">
     <span class='ocr_line' id='line_1_33' title="bbox 561 1875 2163 1948; baseline -0.007 -5"><span class='ocrx_word' id='word_1_258' title='bbox 561 1885 797 1943; x_wconf 81' lang='lat' dir='ltr'><strong>correxit</strong></span> <span class='ocrx_word' id='word_1_259' title='bbox 822 1882 1185 1948; x_wconf 89' lang='lat' dir='ltr'><strong>Sirmundus,</strong></span> <span class='ocrx_word' id='word_1_260' title='bbox 1213 1878 1306 1936; x_wconf 90' lang='lat' dir='ltr'><strong>sed</strong></span> <span class='ocrx_word' id='word_1_261' title='bbox 1340 1877 1734 1933; x_wconf 85' lang='lat' dir='ltr'><strong>Suburbitarum</strong></span> <span class='ocrx_word' id='word_1_262' title='bbox 1760 1876 1974 1947; x_wconf 81' lang='lat' dir='ltr'><strong>legitur.</strong></span> <span class='ocrx_word' id='word_1_263' title='bbox 2005 1875 2131 1931; x_wconf 91' lang='lat' dir='ltr'><strong>Dice</strong></span> <span class='ocrx_word' id='word_1_264' title='bbox 2150 1905 2163 1916; x_wconf 85' lang='lat'><strong>-</strong></span> 
     </span>
    </p>
   </div>
   <div class='ocr_carea' id='block_1_34' title="bbox 561 1970 2162 2049">
    <p class='ocr_par' dir='ltr' id='par_1_34' title="bbox 561 1970 2162 2049">
     <span class='ocr_line' id='line_1_34' title="bbox 561 1970 2162 2049; baseline -0.009 -10"><span class='ocrx_word' id='word_1_265' title='bbox 561 1990 647 2038; x_wconf 91' lang='lat' dir='ltr'><strong>ret</strong></span> <span class='ocrx_word' id='word_1_266' title='bbox 675 1980 811 2035; x_wconf 92' lang='lat' dir='ltr'><strong>forte</strong></span> <span class='ocrx_word' id='word_1_267' title='bbox 840 1978 1030 2049; x_wconf 90' lang='lat' dir='ltr'><strong>aliquis</strong></span> <span class='ocrx_word' id='word_1_268' title='bbox 1077 1991 1169 2031; x_wconf 89' lang='lat' dir='ltr'><strong>eas</strong></span> <span class='ocrx_word' id='word_1_269' title='bbox 1203 1973 1585 2030; x_wconf 82' lang='lat' dir='ltr'><strong>Suburbitanas</strong></span> <span class='ocrx_word' id='word_1_270' title='bbox 1614 1970 1779 2026; x_wconf 90' lang='lat' dir='ltr'><strong>fuisse</strong></span> <span class='ocrx_word' id='word_1_271' title='bbox 1801 1970 1991 2037; x_wconf 87' lang='lat' dir='ltr'><strong>dictas,</strong></span> <span class='ocrx_word' id='word_1_272' title='bbox 2020 1970 2162 2040; x_wconf 88' lang='lat' dir='ltr'><strong>quod</strong></span> 
     </span>
    </p>
   </div>
   <div class='ocr_carea' id='block_1_35' title="bbox 564 2062 2160 2140">
    <p class='ocr_par' dir='ltr' id='par_1_35' title="bbox 564 2062 2160 2140">
     <span class='ocr_line' id='line_1_35' title="bbox 564 2062 2160 2140; baseline -0.007 -11"><span class='ocrx_word' id='word_1_273' title='bbox 564 2076 616 2129; x_wconf 93' lang='lat' dir='ltr'><strong>in</strong></span> <span class='ocrx_word' id='word_1_274' title='bbox 646 2072 902 2130; x_wconf 89' lang='lat' dir='ltr'><strong>suburbio</strong></span> <span class='ocrx_word' id='word_1_275' title='bbox 926 2068 1263 2140; x_wconf 83' lang='lat' dir='ltr'><strong>Carthaginis</strong></span> <span class='ocrx_word' id='word_1_276' title='bbox 1306 2081 1477 2138; x_wconf 66' lang='lat' dir='ltr'><strong>passae</strong></span> <span class='ocrx_word' id='word_1_277' title='bbox 1505 2065 1747 2120; x_wconf 84' lang='lat' dir='ltr'><strong>fuissent.</strong></span> <span class='ocrx_word' id='word_1_278' title='bbox 1779 2063 1904 2131; x_wconf 88' lang='lat' dir='ltr'><strong>Sed,</strong></span> <span class='ocrx_word' id='word_1_279' title='bbox 1936 2064 2035 2118; x_wconf 91' lang='lat' dir='ltr'><strong>etsi</strong></span> <span class='ocrx_word' id='word_1_280' title='bbox 2063 2062 2160 2118; x_wconf 84' lang='lat' dir='ltr'><strong>de-</strong></span> 
     </span>
    </p>
   </div>
   <div class='ocr_carea' id='block_1_36' title="bbox 565 2155 2161 2224">
    <p class='ocr_par' dir='ltr' id='par_1_36' title="bbox 565 2155 2161 2224">
     <span class='ocr_line' id='line_1_36' title="bbox 565 2155 2161 2224; baseline -0.008 -3"><span class='ocrx_word' id='word_1_281' title='bbox 565 2174 652 2221; x_wconf 90' lang='lat' dir='ltr'><strong>tur</strong></span> <span class='ocrx_word' id='word_1_282' title='bbox 697 2165 839 2219; x_wconf 89' lang='lat' dir='ltr'><strong>hunc</strong></span> <span class='ocrx_word' id='word_1_283' title='bbox 880 2163 1055 2218; x_wconf 90' lang='lat' dir='ltr'><strong>locum</strong></span> <span class='ocrx_word' id='word_1_284' title='bbox 1078 2170 1223 2216; x_wconf 91' lang='lat' dir='ltr'><strong>recte</strong></span> <span class='ocrx_word' id='word_1_285' title='bbox 1252 2175 1280 2213; x_wconf 90' lang='lat' dir='ltr'><strong>a</strong></span> <span class='ocrx_word' id='word_1_286' title='bbox 1303 2157 1594 2215; x_wconf 89' lang='lat' dir='ltr'><strong>Sirmundo</strong></span> <span class='ocrx_word' id='word_1_287' title='bbox 1612 2157 1950 2213; x_wconf 88' lang='lat' dir='ltr'><strong>emendatum</strong></span> <span class='ocrx_word' id='word_1_288' title='bbox 1975 2155 2161 2224; x_wconf 83' lang='lat' dir='ltr'><strong>fuisse,</strong></span> 
     </span>
    </p>
   </div>
   <div class='ocr_carea' id='block_1_37' title="bbox 563 2248 2159 2318">
    <p class='ocr_par' dir='ltr' id='par_1_37' title="bbox 563 2248 2159 2318">
     <span class='ocr_line' id='line_1_37' title="bbox 563 2248 2159 2318; baseline -0.008 -4"><span class='ocrx_word' id='word_1_289' title='bbox 563 2258 699 2313; x_wconf 85' lang='lat' dir='ltr'><strong>nihil</strong></span> <span class='ocrx_word' id='word_1_290' title='bbox 728 2257 854 2313; x_wconf 90' lang='lat' dir='ltr'><strong>inde</strong></span> <span class='ocrx_word' id='word_1_291' title='bbox 901 2264 1087 2310; x_wconf 91' lang='lat' dir='ltr'><strong>contra</strong></span> <span class='ocrx_word' id='word_1_292' title='bbox 1116 2252 1317 2308; x_wconf 88' lang='lat' dir='ltr'><strong>Valesii</strong></span> <span class='ocrx_word' id='word_1_293' title='bbox 1346 2252 1668 2307; x_wconf 86' lang='lat' dir='ltr'><strong>sententiam</strong></span> <span class='ocrx_word' id='word_1_294' title='bbox 1722 2248 1915 2304; x_wconf 89' lang='lat' dir='ltr'><strong>deduci</strong></span> <span class='ocrx_word' id='word_1_295' title='bbox 1965 2248 2159 2318; x_wconf 80' lang='lat' dir='ltr'><strong>potcSt.</strong></span> 
     </span>
    </p>
   </div>
   <div class='ocr_carea' id='block_1_38' title="bbox 566 2341 2165 2420">
    <p class='ocr_par' dir='ltr' id='par_1_38' title="bbox 566 2341 2165 2420">
     <span class='ocr_line' id='line_1_38' title="bbox 566 2341 2165 2420; baseline -0.008 -13"><span class='ocrx_word' id='word_1_296' title='bbox 566 2350 787 2407; x_wconf 87' lang='lat' dir='ltr'><strong>Fatetur</strong></span> <span class='ocrx_word' id='word_1_297' title='bbox 811 2348 1024 2420; x_wconf 89' lang='lat' dir='ltr'><strong>quidem</strong></span> <span class='ocrx_word' id='word_1_298' title='bbox 1067 2347 1135 2402; x_wconf 88' lang='lat' dir='ltr'><strong>de</strong></span> <span class='ocrx_word' id='word_1_299' title='bbox 1169 2344 1549 2400; x_wconf 89' lang='lat' dir='ltr'><strong>Tuburbitanis</strong></span> <span class='ocrx_word' id='word_1_300' title='bbox 1571 2341 1894 2414; x_wconf 85' lang='lat' dir='ltr'><strong>martyribus</strong></span> <span class='ocrx_word' id='word_1_301' title='bbox 1918 2342 2035 2396; x_wconf 89' lang='lat' dir='ltr'><strong>heic</strong></span> <span class='ocrx_word' id='word_1_302' title='bbox 2056 2343 2165 2395; x_wconf 87' lang='lat' dir='ltr'><strong>Au-</strong></span> 
     </span>
    </p>
   </div>
   <div class='ocr_carea' id='block_1_39' title="bbox 566 2434 2165 2515">
    <p class='ocr_par' dir='ltr' id='par_1_39' title="bbox 566 2434 2165 2515">
     <span class='ocr_line' id='line_1_39' title="bbox 566 2434 2165 2515; baseline -0.008 -16"><span class='ocrx_word' id='word_1_303' title='bbox 566 2445 838 2515; x_wconf 85' lang='lat' dir='ltr'><strong>gustinum</strong></span> <span class='ocrx_word' id='word_1_304' title='bbox 891 2456 1082 2511; x_wconf 84' lang='lat' dir='ltr'><strong>agere;</strong></span> <span class='ocrx_word' id='word_1_305' title='bbox 1114 2449 1169 2495; x_wconf 87' lang='lat' dir='ltr'><strong>at</strong></span> <span class='ocrx_word' id='word_1_306' title='bbox 1199 2448 1357 2510; x_wconf 86' lang='lat' dir='ltr'><strong>negat</strong></span> <span class='ocrx_word' id='word_1_307' title='bbox 1387 2439 1543 2508; x_wconf 90' lang='lat' dir='ltr'><strong>plane</strong></span> <span class='ocrx_word' id='word_1_308' title='bbox 1570 2452 1662 2492; x_wconf 91' lang='lat' dir='ltr'><strong>eas</strong></span> <span class='ocrx_word' id='word_1_309' title='bbox 1689 2450 1809 2492; x_wconf 90' lang='lat' dir='ltr'><strong>esse</strong></span> <span class='ocrx_word' id='word_1_310' title='bbox 1848 2434 2165 2514; x_wconf 71' lang='lat' dir='ltr'><strong>Perpetuam</strong></span> 
     </span>
    </p>
   </div>
   <div class='ocr_carea' id='block_1_40' title="bbox 515 2524 2213 2600">
    <p class='ocr_par' dir='ltr' id='par_1_40' title="bbox 515 2524 2213 2600">
     <span class='ocr_line' id='line_1_40' title="bbox 515 2524 2213 2600; baseline -0.008 -8"><span class='ocrx_word' id='word_1_311' title='bbox 515 2544 519 2555; x_wconf 89' lang='lat'>&#39;</span> <span class='ocrx_word' id='word_1_312' title='bbox 568 2544 623 2592; x_wconf 89' lang='lat' dir='ltr'><strong>et</strong></span> <span class='ocrx_word' id='word_1_313' title='bbox 650 2533 979 2589; x_wconf 85' lang='lat' dir='ltr'><strong>Felicitatem</strong></span> <span class='ocrx_word' id='word_1_314' title='bbox 1010 2547 1025 2587; x_wconf 86' lang='lat'>:</span> <span class='ocrx_word' id='word_1_315' title='bbox 1052 2531 1119 2587; x_wconf 89' lang='lat' dir='ltr'><strong>de</strong></span> <span class='ocrx_word' id='word_1_316' title='bbox 1158 2531 1355 2600; x_wconf 89' lang='lat' dir='ltr'><strong>quibus</strong></span> <span class='ocrx_word' id='word_1_317' title='bbox 1387 2529 1520 2584; x_wconf 90' lang='lat' dir='ltr'><strong>alias</strong></span> <span class='ocrx_word' id='word_1_318' title='bbox 1544 2542 1688 2597; x_wconf 62' lang='lat' dir='ltr'><strong>saepe</strong></span> <span class='ocrx_word' id='word_1_319' title='bbox 1716 2541 1883 2597; x_wconf 89' lang='lat' dir='ltr'><strong>agens</strong></span> <span class='ocrx_word' id='word_1_320' title='bbox 1910 2524 2165 2595; x_wconf 83' lang='lat' dir='ltr'><strong>Augusti-</strong></span> <span class='ocrx_word' id='word_1_321' title='bbox 2208 2550 2213 2555; x_wconf 57' lang='grc' dir='ltr'><strong><em>η</em></strong></span> 
     </span>
    </p>
   </div>
   <div class='ocr_carea' id='block_1_41' title="bbox 571 2617 2171 2695">
    <p class='ocr_par' dir='ltr' id='par_1_41' title="bbox 571 2617 2171 2695">
     <span class='ocr_line' id='line_1_41' title="bbox 571 2617 2171 2695; baseline -0.008 -13"><span class='ocrx_word' id='word_1_322' title='bbox 571 2641 689 2690; x_wconf 90' lang='lat' dir='ltr'><strong>nus,</strong></span> <span class='ocrx_word' id='word_1_323' title='bbox 722 2636 1008 2695; x_wconf 83' lang='lat' dir='ltr'><strong>numquam</strong></span> <span class='ocrx_word' id='word_1_324' title='bbox 1045 2637 1137 2679; x_wconf 88' lang='lat' dir='ltr'><strong>eas</strong></span> <span class='ocrx_word' id='word_1_325' title='bbox 1158 2619 1575 2695; x_wconf 85' lang='lat' dir='ltr'><strong>Tuburbitanas,</strong></span> <span class='ocrx_word' id='word_1_326' title='bbox 1599 2619 1693 2673; x_wconf 90' lang='lat' dir='ltr'><strong>sed</strong></span> <span class='ocrx_word' id='word_1_327' title='bbox 1721 2617 1936 2688; x_wconf 86' lang='lat' dir='ltr'><strong>proprio</strong></span> <span class='ocrx_word' id='word_1_328' title='bbox 1956 2630 2171 2686; x_wconf 87' lang='lat' dir='ltr'><strong>semper</strong></span> 
     </span>
    </p>
   </div>
   <div class='ocr_carea' id='block_1_42' title="bbox 572 2692 2170 2790">
    <p class='ocr_par' dir='ltr' id='par_1_42' title="bbox 572 2692 2170 2790">
     <span class='ocr_line' id='line_1_42' title="bbox 572 2692 2170 2790; baseline -0.008 -15"><span class='ocrx_word' id='word_1_329' title='bbox 572 2722 787 2777; x_wconf 85' lang='lat' dir='ltr'><strong>nomine</strong></span> <span class='ocrx_word' id='word_1_330' title='bbox 818 2692 1126 2790; x_wconf 70' lang='lat' dir='ltr'><strong>Perpetuam</strong></span> <span class='ocrx_word' id='word_1_331' title='bbox 1157 2725 1201 2772; x_wconf 86' lang='lat' dir='ltr'><strong>et</strong></span> <span class='ocrx_word' id='word_1_332' title='bbox 1233 2692 1554 2770; x_wconf 64' lang='lat' dir='ltr'><strong>Felicitatem</strong></span> <span class='ocrx_word' id='word_1_333' title='bbox 1596 2713 1908 2783; x_wconf 83' lang='lat' dir='ltr'><strong>appellavit.</strong></span> <span class='ocrx_word' id='word_1_334' title='bbox 1931 2710 2170 2765; x_wconf 89' lang='lat' dir='ltr'><strong>Conten-</strong></span> 
     </span>
    </p>
   </div>
   <div class='ocr_carea' id='block_1_43' title="bbox 570 2802 2170 2870">
    <p class='ocr_par' dir='ltr' id='par_1_43' title="bbox 570 2802 2170 2870">
     <span class='ocr_line' id='line_1_43' title="bbox 570 2802 2170 2870; baseline -0.009 0"><span class='ocrx_word' id='word_1_335' title='bbox 570 2814 650 2870; x_wconf 90' lang='lat' dir='ltr'><strong>dit</strong></span> <span class='ocrx_word' id='word_1_336' title='bbox 690 2828 818 2870; x_wconf 86' lang='lat' dir='ltr'><strong>vero</strong></span> <span class='ocrx_word' id='word_1_337' title='bbox 841 2814 929 2869; x_wconf 87' lang='lat' dir='ltr'><strong>&#39;vir</strong></span> <span class='ocrx_word' id='word_1_338' title='bbox 957 2809 1196 2869; x_wconf 85' lang='lat' dir='ltr'><strong>eruditus</strong></span> <span class='ocrx_word' id='word_1_339' title='bbox 1241 2804 1710 2863; x_wconf 81' lang='lat' dir='ltr'><strong>Tuburbitanarum</strong></span> <span class='ocrx_word' id='word_1_340' title='bbox 1750 2806 1968 2859; x_wconf 88' lang='lat' dir='ltr'><strong>nomine</strong></span> <span class='ocrx_word' id='word_1_341' title='bbox 1997 2802 2115 2857; x_wconf 92' lang='lat' dir='ltr'><strong>heic</strong></span> <span class='ocrx_word' id='word_1_342' title='bbox 2141 2812 2170 2854; x_wconf 88' lang='lat' dir='ltr'><strong>a</strong></span> 
     </span>
    </p>
   </div>
   <div class='ocr_carea' id='block_1_44' title="bbox 574 2895 2171 2979">
    <p class='ocr_par' dir='ltr' id='par_1_44' title="bbox 574 2895 2171 2979">
     <span class='ocr_line' id='line_1_44' title="bbox 574 2895 2171 2979; baseline -0.012 -14"><span class='ocrx_word' id='word_1_343' title='bbox 574 2917 762 2966; x_wconf 90' lang='lat' dir='ltr'><strong>sancto</strong></span> <span class='ocrx_word' id='word_1_344' title='bbox 788 2908 1085 2979; x_wconf 83' lang='lat' dir='ltr'><strong>Augustino</strong></span> <span class='ocrx_word' id='word_1_345' title='bbox 1105 2902 1407 2965; x_wconf 77' lang='lat' dir='ltr'><strong>Maximam,</strong></span> <span class='ocrx_word' id='word_1_346' title='bbox 1434 2899 1753 2955; x_wconf 84' lang='lat' dir='ltr'><strong>Donatlllam</strong></span> <span class='ocrx_word' id='word_1_347' title='bbox 1782 2913 1845 2952; x_wconf 90' lang='lat' dir='ltr'><strong>ac</strong></span> <span class='ocrx_word' id='word_1_348' title='bbox 1869 2895 2171 2952; x_wconf 89' lang='lat' dir='ltr'><strong>Secundam</strong></span> 
     </span>
    </p>
   </div>
   <div class='ocr_carea' id='block_1_45' title="bbox 574 2982 2173 3066">
    <p class='ocr_par' dir='ltr' id='par_1_45' title="bbox 574 2982 2173 3066">
     <span class='ocr_line' id='line_1_45' title="bbox 574 2982 2173 3066; baseline -0.011 -15"><span class='ocrx_word' id='word_1_349' title='bbox 574 2995 880 3066; x_wconf 84' lang='lat' dir='ltr'><strong>designatas</strong></span> <span class='ocrx_word' id='word_1_350' title='bbox 901 2993 1086 3060; x_wconf 85' lang='lat' dir='ltr'><strong>fuisse,</strong></span> <span class='ocrx_word' id='word_1_351' title='bbox 1108 3004 1227 3061; x_wconf 80' lang='lat' dir='ltr'><strong>quae</strong></span> <span class='ocrx_word' id='word_1_352' title='bbox 1243 2986 1457 3059; x_wconf 85' lang='lat' dir='ltr'><strong>quidem</strong></span> <span class='ocrx_word' id='word_1_353' title='bbox 1481 2984 1739 3041; x_wconf 89' lang='lat' dir='ltr'><strong>Tuburbii</strong></span> <span class='ocrx_word' id='word_1_354' title='bbox 1765 2985 1865 3039; x_wconf 89' lang='lat' dir='ltr'><strong>sub</strong></span> <span class='ocrx_word' id='word_1_355' title='bbox 1888 2982 2173 3036; x_wconf 85' lang='lat' dir='ltr'><strong>Valeriano</strong></span> 
     </span>
    </p>
   </div>
   <div class='ocr_carea' id='block_1_46' title="bbox 578 3073 2172 3153">
    <p class='ocr_par' dir='ltr' id='par_1_46' title="bbox 578 3073 2172 3153">
     <span class='ocr_line' id='line_1_46' title="bbox 578 3073 2172 3153; baseline -0.01 -10"><span class='ocrx_word' id='word_1_356' title='bbox 578 3096 632 3143; x_wconf 90' lang='lat' dir='ltr'><strong>et</strong></span> <span class='ocrx_word' id='word_1_357' title='bbox 655 3085 900 3142; x_wconf 88' lang='lat' dir='ltr'><strong>Gallieno</strong></span> <span class='ocrx_word' id='word_1_358' title='bbox 927 3080 1342 3153; x_wconf 87' lang='lat' dir='ltr'><strong>imperatoribus</strong></span> <span class='ocrx_word' id='word_1_359' title='bbox 1364 3091 1535 3148; x_wconf 70' lang='lat' dir='ltr'><strong>passae</strong></span> <span class='ocrx_word' id='word_1_360' title='bbox 1557 3077 1828 3132; x_wconf 86' lang='lat' dir='ltr'><strong>dicuntur.</strong></span> <span class='ocrx_word' id='word_1_361' title='bbox 1862 3074 1933 3130; x_wconf 86' lang='lat' dir='ltr'><strong>Et</strong></span> <span class='ocrx_word' id='word_1_362' title='bbox 1955 3073 2172 3144; x_wconf 89' lang='lat' dir='ltr'><strong>quidem</strong></span> 
     </span>
    </p>
   </div>
   <div class='ocr_carea' id='block_1_47' title="bbox 2269 1857 3867 1928">
    <p class='ocr_par' dir='ltr' id='par_1_47' title="bbox 2269 1857 3867 1928">
     <span class='ocr_line' id='line_1_47' title="bbox 2269 1857 3867 1928; baseline -0.001 -13"><span class='ocrx_word' id='word_1_363' title='bbox 2269 1862 2487 1927; x_wconf 84' lang='lat' dir='ltr'><strong>Verum,</strong></span> <span class='ocrx_word' id='word_1_364' title='bbox 2515 1861 2613 1915; x_wconf 90' lang='lat' dir='ltr'><strong>etsi</strong></span> <span class='ocrx_word' id='word_1_365' title='bbox 2646 1860 2759 1919; x_wconf 85' lang='lat' dir='ltr'><strong>haec</strong></span> <span class='ocrx_word' id='word_1_366' title='bbox 2786 1860 2945 1915; x_wconf 89' lang='lat' dir='ltr'><strong>verba</strong></span> <span class='ocrx_word' id='word_1_367' title='bbox 2960 1859 3130 1928; x_wconf 90' lang='lat' dir='ltr'><strong>primo</strong></span> <span class='ocrx_word' id='word_1_368' title='bbox 3154 1868 3376 1927; x_wconf 84' lang='lat' dir='ltr'><strong>aspectu</strong></span> <span class='ocrx_word' id='word_1_369' title='bbox 3396 1857 3633 1915; x_wconf 84' lang='lat' dir='ltr'><strong>Montani</strong></span> <span class='ocrx_word' id='word_1_370' title='bbox 3652 1874 3867 1915; x_wconf 88' lang='lat' dir='ltr'><strong>errores</strong></span> 
     </span>
    </p>
   </div>
   <div class='ocr_carea' id='block_1_48' title="bbox 2267 1949 3867 2022">
    <p class='ocr_par' dir='ltr' id='par_1_48' title="bbox 2267 1949 3867 2022">
     <span class='ocr_line' id='line_1_48' title="bbox 2267 1949 3867 2022; baseline 0.001 -17"><span class='ocrx_word' id='word_1_371' title='bbox 2267 1965 2458 2021; x_wconf 86' lang='lat' dir='ltr'><strong>sapere</strong></span> <span class='ocrx_word' id='word_1_372' title='bbox 2490 1951 2802 2018; x_wconf 88' lang='lat' dir='ltr'><strong>videantur,</strong></span> <span class='ocrx_word' id='word_1_373' title='bbox 2843 1953 2889 2006; x_wconf 90' lang='lat' dir='ltr'><strong>si</strong></span> <span class='ocrx_word' id='word_1_374' title='bbox 2926 1961 3104 2005; x_wconf 90' lang='lat' dir='ltr'><strong>tamen</strong></span> <span class='ocrx_word' id='word_1_375' title='bbox 3150 1949 3309 2018; x_wconf 90' lang='lat' dir='ltr'><strong>paulo</strong></span> <span class='ocrx_word' id='word_1_376' title='bbox 3351 1952 3651 2005; x_wconf 89' lang='lat' dir='ltr'><strong>accuratius</strong></span> <span class='ocrx_word' id='word_1_377' title='bbox 3694 1951 3867 2022; x_wconf 84' lang='lat' dir='ltr'><strong>dispi-</strong></span> 
     </span>
    </p>
   </div>
   <div class='ocr_carea' id='block_1_49' title="bbox 2268 2041 3869 2115">
    <p class='ocr_par' dir='ltr' id='par_1_49' title="bbox 2268 2041 3869 2115">
     <span class='ocr_line' id='line_1_49' title="bbox 2268 2041 3869 2115; baseline 0 -15"><span class='ocrx_word' id='word_1_378' title='bbox 2268 2047 2497 2112; x_wconf 89' lang='lat' dir='ltr'><strong>ciantur,</strong></span> <span class='ocrx_word' id='word_1_379' title='bbox 2532 2045 2661 2099; x_wconf 87' lang='lat' dir='ltr'><strong>nihil</strong></span> <span class='ocrx_word' id='word_1_380' title='bbox 2692 2046 2745 2100; x_wconf 93' lang='lat' dir='ltr'><strong>in</strong></span> <span class='ocrx_word' id='word_1_381' title='bbox 2792 2045 2923 2115; x_wconf 90' lang='lat' dir='ltr'><strong>ipsis</strong></span> <span class='ocrx_word' id='word_1_382' title='bbox 2951 2045 3215 2101; x_wconf 90' lang='lat' dir='ltr'><strong>contineri</strong></span> <span class='ocrx_word' id='word_1_383' title='bbox 3263 2043 3367 2098; x_wconf 88' lang='lat' dir='ltr'><strong>nisi</strong></span> <span class='ocrx_word' id='word_1_384' title='bbox 3412 2041 3773 2099; x_wconf 82' lang='lat' dir='ltr'><strong>orthodoxum</strong></span> <span class='ocrx_word' id='word_1_385' title='bbox 3814 2051 3869 2100; x_wconf 89' lang='lat' dir='ltr'><strong>et</strong></span> 
     </span>
    </p>
   </div>
   <div class='ocr_carea' id='block_1_50' title="bbox 2270 2134 3866 2206">
    <p class='ocr_par' dir='ltr' id='par_1_50' title="bbox 2270 2134 3866 2206">
     <span class='ocr_line' id='line_1_50' title="bbox 2270 2134 3866 2206; baseline 0 -16"><span class='ocrx_word' id='word_1_386' title='bbox 2270 2137 2391 2192; x_wconf 88' lang='lat' dir='ltr'><strong>ﬁdei</strong></span> <span class='ocrx_word' id='word_1_387' title='bbox 2425 2136 2701 2192; x_wconf 73' lang='lat' dir='ltr'><strong>catholica:</strong></span> <span class='ocrx_word' id='word_1_388' title='bbox 2750 2137 2908 2206; x_wconf 91' lang='lat' dir='ltr'><strong>plane</strong></span> <span class='ocrx_word' id='word_1_389' title='bbox 2943 2150 3240 2191; x_wconf 89' lang='lat' dir='ltr'><strong>consonum</strong></span> <span class='ocrx_word' id='word_1_390' title='bbox 3271 2135 3531 2204; x_wconf 90' lang='lat' dir='ltr'><strong>reperies.</strong></span> <span class='ocrx_word' id='word_1_391' title='bbox 3561 2134 3677 2189; x_wconf 83' lang='lat' dir='ltr'><strong>Non</strong></span> <span class='ocrx_word' id='word_1_392' title='bbox 3712 2135 3866 2191; x_wconf 82' lang='lat' dir='ltr'><strong>enim</strong></span> 
     </span>
    </p>
   </div>
   <div class='ocr_carea' id='block_1_51' title="bbox 2272 2225 3870 2297">
    <p class='ocr_par' dir='ltr' id='par_1_51' title="bbox 2272 2225 3870 2297">
     <span class='ocr_line' id='line_1_51' title="bbox 2272 2225 3870 2297; baseline 0.001 -16"><span class='ocrx_word' id='word_1_393' title='bbox 2272 2229 2372 2282; x_wconf 89' lang='lat' dir='ltr'><strong>iste</strong></span> <span class='ocrx_word' id='word_1_394' title='bbox 2404 2236 2591 2283; x_wconf 86' lang='lat' dir='ltr'><strong>auctor</strong></span> <span class='ocrx_word' id='word_1_395' title='bbox 2619 2227 2851 2283; x_wconf 82' lang='lat' dir='ltr'><strong>visiones</strong></span> <span class='ocrx_word' id='word_1_396' title='bbox 2882 2226 3203 2282; x_wconf 88' lang='lat' dir='ltr'><strong>novissimas</strong></span> <span class='ocrx_word' id='word_1_397' title='bbox 3240 2241 3358 2281; x_wconf 89' lang='lat' dir='ltr'><strong>cum</strong></span> <span class='ocrx_word' id='word_1_398' title='bbox 3387 2225 3677 2297; x_wconf 87' lang='lat' dir='ltr'><strong>Scripturis</strong></span> <span class='ocrx_word' id='word_1_399' title='bbox 3705 2242 3870 2282; x_wconf 86' lang='lat' dir='ltr'><strong>cauo-</strong></span> 
     </span>
    </p>
   </div>
   <div class='ocr_carea' id='block_1_52' title="bbox 2272 2317 3872 2390">
    <p class='ocr_par' dir='ltr' id='par_1_52' title="bbox 2272 2317 3872 2390">
     <span class='ocr_line' id='line_1_52' title="bbox 2272 2317 3872 2390; baseline -0.001 -13"><span class='ocrx_word' id='word_1_400' title='bbox 2272 2323 2427 2385; x_wconf 84' lang='lat' dir='ltr'><strong>nicis,</strong></span> <span class='ocrx_word' id='word_1_401' title='bbox 2460 2331 2518 2375; x_wconf 90' lang='lat' dir='ltr'><strong>ut</strong></span> <span class='ocrx_word' id='word_1_402' title='bbox 2546 2321 2747 2390; x_wconf 86' lang='lat' dir='ltr'><strong>putavit</strong></span> <span class='ocrx_word' id='word_1_403' title='bbox 2777 2319 3045 2383; x_wconf 81' lang='lat' dir='ltr'><strong>Valesius,</strong></span> <span class='ocrx_word' id='word_1_404' title='bbox 3076 2318 3169 2374; x_wconf 88' lang='lat' dir='ltr'><strong>sed</strong></span> <span class='ocrx_word' id='word_1_405' title='bbox 3200 2317 3541 2374; x_wconf 84' lang='lat' dir='ltr'><strong>solummodo</strong></span> <span class='ocrx_word' id='word_1_406' title='bbox 3568 2326 3692 2373; x_wconf 85' lang='lat' dir='ltr'><strong>cum</strong></span> <span class='ocrx_word' id='word_1_407' title='bbox 3722 2329 3872 2375; x_wconf 86' lang='lat' dir='ltr'><strong>vete-</strong></span> 
     </span>
    </p>
   </div>
   <div class='ocr_carea' id='block_1_53' title="bbox 2274 2410 3866 2486">
    <p class='ocr_par' dir='ltr' id='par_1_53' title="bbox 2274 2410 3866 2486">
     <span class='ocr_line' id='line_1_53' title="bbox 2274 2410 3866 2486; baseline -0.002 -18"><span class='ocrx_word' id='word_1_408' title='bbox 2274 2431 2391 2470; x_wconf 89' lang='lat' dir='ltr'><strong>rum</strong></span> <span class='ocrx_word' id='word_1_409' title='bbox 2422 2423 2712 2486; x_wconf 87' lang='lat' dir='ltr'><strong>martyrutn</strong></span> <span class='ocrx_word' id='word_1_410' title='bbox 2740 2413 3037 2467; x_wconf 83' lang='lat' dir='ltr'><strong>visionibus</strong></span> <span class='ocrx_word' id='word_1_411' title='bbox 3058 2420 3113 2467; x_wconf 89' lang='lat' dir='ltr'><strong>et</strong></span> <span class='ocrx_word' id='word_1_412' title='bbox 3132 2410 3550 2477; x_wconf 66' lang='lat' dir='ltr'><strong>revelationibus</strong></span> <span class='ocrx_word' id='word_1_413' title='bbox 3570 2422 3866 2483; x_wconf 83' lang='lat' dir='ltr'><strong>comparat;</strong></span> 
     </span>
    </p>
   </div>
   <div class='ocr_carea' id='block_1_54' title="bbox 2272 2502 3872 2575">
    <p class='ocr_par' dir='ltr' id='par_1_54' title="bbox 2272 2502 3872 2575">
     <span class='ocr_line' id='line_1_54' title="bbox 2272 2502 3872 2575; baseline -0.001 -16"><span class='ocrx_word' id='word_1_414' title='bbox 2272 2507 2571 2575; x_wconf 77' lang='lat' dir='ltr'><strong>aSScritque</strong></span> <span class='ocrx_word' id='word_1_415' title='bbox 2602 2519 2709 2559; x_wconf 89' lang='lat' dir='ltr'><strong>non</strong></span> <span class='ocrx_word' id='word_1_416' title='bbox 2731 2505 2927 2559; x_wconf 87' lang='lat' dir='ltr'><strong>minori</strong></span> <span class='ocrx_word' id='word_1_417' title='bbox 2951 2504 3296 2560; x_wconf 80' lang='lat' dir='ltr'><strong>veneratidne</strong></span> <span class='ocrx_word' id='word_1_418' title='bbox 3319 2502 3593 2559; x_wconf 85' lang='lat' dir='ltr'><strong>habendas</strong></span> <span class='ocrx_word' id='word_1_419' title='bbox 3610 2516 3732 2560; x_wconf 91' lang='lat' dir='ltr'><strong>esse</strong></span> <span class='ocrx_word' id='word_1_420' title='bbox 3753 2510 3872 2574; x_wconf 75' lang='lat' dir='ltr'><strong>qttte</strong></span> 
     </span>
    </p>
   </div>
   <div class='ocr_carea' id='block_1_55' title="bbox 2272 2596 3877 2667">
    <p class='ocr_par' dir='ltr' id='par_1_55' title="bbox 2272 2596 3877 2667">
     <span class='ocr_line' id='line_1_55' title="bbox 2272 2596 3877 2667; baseline 0.001 -15"><span class='ocrx_word' id='word_1_421' title='bbox 2272 2613 2371 2652; x_wconf 90' lang='lat' dir='ltr'><strong>suo</strong></span> <span class='ocrx_word' id='word_1_422' title='bbox 2401 2608 2670 2667; x_wconf 87' lang='lat' dir='ltr'><strong>tempore,</strong></span> <span class='ocrx_word' id='word_1_423' title='bbox 2700 2612 2863 2667; x_wconf 89' lang='lat' dir='ltr'><strong>quam</strong></span> <span class='ocrx_word' id='word_1_424' title='bbox 2903 2612 3022 2666; x_wconf 73' lang='lat' dir='ltr'><strong>qure</strong></span> <span class='ocrx_word' id='word_1_425' title='bbox 3059 2598 3251 2667; x_wconf 86' lang='lat' dir='ltr'><strong>priscis</strong></span> <span class='ocrx_word' id='word_1_426' title='bbox 3292 2596 3626 2666; x_wconf 88' lang='lat' dir='ltr'><strong>temporibus</strong></span> <span class='ocrx_word' id='word_1_427' title='bbox 3649 2639 3664 2665; x_wconf 95' lang='lat'><strong>,</strong></span> <span class='ocrx_word' id='word_1_428' title='bbox 3696 2597 3749 2653; x_wconf 87' lang='lat' dir='ltr'><strong>id</strong></span> <span class='ocrx_word' id='word_1_429' title='bbox 3792 2604 3877 2654; x_wconf 80' lang='lat' dir='ltr'><strong>est</strong></span> 
     </span>
    </p>
   </div>
   <div class='ocr_carea' id='block_1_56' title="bbox 2274 2687 3873 2761">
    <p class='ocr_par' dir='ltr' id='par_1_56' title="bbox 2274 2687 3873 2761">
     <span class='ocr_line' id='line_1_56' title="bbox 2274 2687 3873 2761; baseline 0.002 -19"><span class='ocrx_word' id='word_1_430' title='bbox 2274 2688 2449 2760; x_wconf 91' lang='lat' dir='ltr'><strong>primo</strong></span> <span class='ocrx_word' id='word_1_431' title='bbox 2490 2697 2582 2743; x_wconf 89' lang='lat' dir='ltr'><strong>aut</strong></span> <span class='ocrx_word' id='word_1_432' title='bbox 2627 2687 2863 2743; x_wconf 89' lang='lat' dir='ltr'><strong>secundo</strong></span> <span class='ocrx_word' id='word_1_433' title='bbox 2904 2687 3160 2743; x_wconf 67' lang='lat' dir='ltr'><strong>Ecclesiae</strong></span> <span class='ocrx_word' id='word_1_434' title='bbox 3206 2687 3403 2744; x_wconf 58' lang='lat' dir='ltr'><strong>sarculo</strong></span> <span class='ocrx_word' id='word_1_435' title='bbox 3432 2728 3448 2756; x_wconf 92' lang='lat'><strong>,</strong></span> <span class='ocrx_word' id='word_1_436' title='bbox 3491 2690 3873 2761; x_wconf 80' lang='lat' dir='ltr'><strong>contigerant:</strong></span> 
     </span>
    </p>
   </div>
   <div class='ocr_carea' id='block_1_57' title="bbox 2275 2781 3879 2853">
    <p class='ocr_par' dir='ltr' id='par_1_57' title="bbox 2275 2781 3879 2853">
     <span class='ocr_line' id='line_1_57' title="bbox 2275 2781 3879 2853; baseline 0.002 -16"><span class='ocrx_word' id='word_1_437' title='bbox 2275 2783 2440 2837; x_wconf 89' lang='lat' dir='ltr'><strong>immo</strong></span> <span class='ocrx_word' id='word_1_438' title='bbox 2483 2791 2537 2838; x_wconf 87' lang='lat' dir='ltr'><strong>et</strong></span> <span class='ocrx_word' id='word_1_439' title='bbox 2579 2782 2919 2851; x_wconf 86' lang='lat' dir='ltr'><strong>aliquatenus</strong></span> <span class='ocrx_word' id='word_1_440' title='bbox 2954 2781 3049 2851; x_wconf 87' lang='lat' dir='ltr'><strong>has</strong></span> <span class='ocrx_word' id='word_1_441' title='bbox 3089 2797 3255 2837; x_wconf 88' lang='lat' dir='ltr'><strong>novas</strong></span> <span class='ocrx_word' id='word_1_442' title='bbox 3298 2783 3659 2839; x_wconf 79' lang='lat' dir='ltr'><strong>revelationes</strong></span> <span class='ocrx_word' id='word_1_443' title='bbox 3686 2782 3879 2853; x_wconf 83' lang='lat' dir='ltr'><strong>majOri</strong></span> 
     </span>
    </p>
   </div>
   <div class='ocr_carea' id='block_1_58' title="bbox 2277 2870 3881 2945">
    <p class='ocr_par' dir='ltr' id='par_1_58' title="bbox 2277 2870 3881 2945">
     <span class='ocr_line' id='line_1_58' title="bbox 2277 2870 3881 2945; baseline 0.002 -18"><span class='ocrx_word' id='word_1_444' title='bbox 2277 2873 2454 2927; x_wconf 88' lang='lat' dir='ltr'><strong>studio</strong></span> <span class='ocrx_word' id='word_1_445' title='bbox 2492 2873 2856 2943; x_wconf 88' lang='lat' dir='ltr'><strong>suscipiendas</strong></span> <span class='ocrx_word' id='word_1_446' title='bbox 2882 2886 3005 2929; x_wconf 90' lang='lat' dir='ltr'><strong>esse</strong></span> <span class='ocrx_word' id='word_1_447' title='bbox 3031 2872 3179 2940; x_wconf 85' lang='lat' dir='ltr'><strong>dicit,</strong></span> <span class='ocrx_word' id='word_1_448' title='bbox 3209 2889 3375 2944; x_wconf 80' lang='lat' dir='ltr'><strong>quant</strong></span> <span class='ocrx_word' id='word_1_449' title='bbox 3397 2875 3643 2945; x_wconf 81' lang='lat' dir='ltr'><strong>exempla</strong></span> <span class='ocrx_word' id='word_1_450' title='bbox 3672 2888 3738 2930; x_wconf 89' lang='lat' dir='ltr'><strong>eo</strong></span> <span class='ocrx_word' id='word_1_451' title='bbox 3760 2870 3881 2931; x_wconf 81' lang='lat' dir='ltr'><strong>effi-</strong></span> 
     </span>
    </p>
   </div>
   <div class='ocr_carea' id='block_1_59' title="bbox 2276 2963 3877 3038">
    <p class='ocr_par' dir='ltr' id='par_1_59' title="bbox 2276 2963 3877 3038">
     <span class='ocr_line' id='line_1_59' title="bbox 2276 2963 3877 3038; baseline 0.004 -20"><span class='ocrx_word' id='word_1_452' title='bbox 2276 2964 2487 3018; x_wconf 89' lang='lat' dir='ltr'><strong>caciora</strong></span> <span class='ocrx_word' id='word_1_453' title='bbox 2515 2963 2645 3028; x_wconf 91' lang='lat' dir='ltr'><strong>sint,</strong></span> <span class='ocrx_word' id='word_1_454' title='bbox 2673 2979 2780 3034; x_wconf 89' lang='lat' dir='ltr'><strong>quo</strong></span> <span class='ocrx_word' id='word_1_455' title='bbox 2810 2965 2979 3033; x_wconf 86' lang='lat' dir='ltr'><strong>magis</strong></span> <span class='ocrx_word' id='word_1_456' title='bbox 3010 2966 3297 3033; x_wconf 67' lang='lat' dir='ltr'><strong>praesentia</strong></span> <span class='ocrx_word' id='word_1_457' title='bbox 3324 2983 3336 3018; x_wconf 91' lang='lat'><strong>:</strong></span> <span class='ocrx_word' id='word_1_458' title='bbox 3372 2975 3481 3020; x_wconf 89' lang='lat' dir='ltr'><strong>tum</strong></span> <span class='ocrx_word' id='word_1_459' title='bbox 3512 2966 3709 3023; x_wconf 88' lang='lat' dir='ltr'><strong>deinde</strong></span> <span class='ocrx_word' id='word_1_460' title='bbox 3732 2968 3877 3038; x_wconf 82' lang='lat' dir='ltr'><strong>quod</strong></span> 
     </span>
    </p>
   </div>
   <div class='ocr_carea' id='block_1_60' title="bbox 2280 3054 3884 3129">
    <p class='ocr_par' dir='ltr' id='par_1_60' title="bbox 2280 3054 3884 3129">
     <span class='ocr_line' id='line_1_60' title="bbox 2280 3054 3884 3129; baseline 0.007 -22"><span class='ocrx_word' id='word_1_461' title='bbox 2280 3054 2362 3110; x_wconf 74' lang='lat' dir='ltr'><strong>lue</strong></span> <span class='ocrx_word' id='word_1_462' title='bbox 2383 3056 2687 3125; x_wconf 68' lang='lat' dir='ltr'><strong>novissima}</strong></span> <span class='ocrx_word' id='word_1_463' title='bbox 2716 3056 2965 3124; x_wconf 89' lang='lat' dir='ltr'><strong>visiones,</strong></span> <span class='ocrx_word' id='word_1_464' title='bbox 2990 3073 3111 3127; x_wconf 83' lang='lat' dir='ltr'><strong>quae</strong></span> <span class='ocrx_word' id='word_1_465' title='bbox 3131 3058 3420 3129; x_wconf 88' lang='lat' dir='ltr'><strong>aliquando</strong></span> <span class='ocrx_word' id='word_1_466' title='bbox 3446 3069 3659 3117; x_wconf 85' lang='lat' dir='ltr'><strong>veteres</strong></span> <span class='ocrx_word' id='word_1_467' title='bbox 3680 3058 3884 3119; x_wconf 64' lang='lat' dir='ltr'><strong>futurae</strong></span> 
     </span>
    </p>
   </div>
   <div class='ocr_carea' id='block_1_61' title="bbox 577 3141 2175 3245">
    <p class='ocr_par' dir='ltr' id='par_1_61' title="bbox 577 3170 2175 3245">
     <span class='ocr_line' id='line_1_61' title="bbox 577 3170 2175 3245; baseline -0.008 -11"><span class='ocrx_word' id='word_1_468' title='bbox 577 3179 628 3234; x_wconf 92' lang='lat' dir='ltr'><strong>id</strong></span> <span class='ocrx_word' id='word_1_469' title='bbox 666 3176 858 3245; x_wconf 86' lang='lat' dir='ltr'><strong>Valesii</strong></span> <span class='ocrx_word' id='word_1_470' title='bbox 914 3188 1227 3244; x_wconf 89' lang='lat' dir='ltr'><strong>responsum</strong></span> <span class='ocrx_word' id='word_1_471' title='bbox 1270 3170 1579 3227; x_wconf 88' lang='lat' dir='ltr'><strong>conﬁrmari</strong></span> <span class='ocrx_word' id='word_1_472' title='bbox 1629 3176 1812 3238; x_wconf 85' lang='lat' dir='ltr'><strong>posset</strong></span> <span class='ocrx_word' id='word_1_473' title='bbox 1858 3181 1925 3222; x_wconf 85' lang='lat' dir='ltr'><strong>ex</strong></span> <span class='ocrx_word' id='word_1_474' title='bbox 1962 3175 2175 3221; x_wconf 88' lang='lat' dir='ltr'><strong>vetusto</strong></span> 
     </span>
    </p>
   </div>
   <div class='ocr_carea' id='block_1_62' title="bbox 2282 3141 3901 3245">
    <p class='ocr_par' dir='ltr' id='par_1_62' title="bbox 2282 3141 3901 3224">
     <span class='ocr_line' id='line_1_62' title="bbox 2282 3141 3901 3224; baseline 0.006 -23"><span class='ocrx_word' id='word_1_475' title='bbox 2282 3155 2456 3216; x_wconf 88' lang='lat' dir='ltr'><strong>erunt,</strong></span> <span class='ocrx_word' id='word_1_476' title='bbox 2482 3148 2653 3218; x_wconf 90' lang='lat' dir='ltr'><strong>aliqua</strong></span> <span class='ocrx_word' id='word_1_477' title='bbox 2678 3148 2997 3204; x_wconf 85' lang='lat' dir='ltr'><strong>auctoritate</strong></span> <span class='ocrx_word' id='word_1_478' title='bbox 3028 3147 3312 3205; x_wconf 71' lang='lat' dir='ltr'><strong>fulcienda:</strong></span> <span class='ocrx_word' id='word_1_479' title='bbox 3334 3141 3533 3218; x_wconf 79' lang='lat' dir='ltr'><strong>essent,</strong></span> <span class='ocrx_word' id='word_1_480' title='bbox 3559 3162 3617 3208; x_wconf 92' lang='lat' dir='ltr'><strong>ut</strong></span> <span class='ocrx_word' id='word_1_481' title='bbox 3642 3168 3675 3209; x_wconf 84' lang='lat' dir='ltr'><strong>a</strong></span> <span class='ocrx_word' id='word_1_482' title='bbox 3700 3163 3901 3224; x_wconf 57' lang='lat' dir='ltr'><strong>poster</strong></span> 
     </span>
    </p>
   </div>
   <div class='ocr_carea' id='block_1_63' title="bbox 580 3258 2177 3337">
    <p class='ocr_par' dir='ltr' id='par_1_63' title="bbox 580 3258 2177 3337">
     <span class='ocr_line' id='line_1_63' title="bbox 580 3258 2177 3337; baseline -0.008 -12"><span class='ocrx_word' id='word_1_483' title='bbox 580 3268 890 3325; x_wconf 83' lang='lat' dir='ltr'><strong>kalendario</strong></span> <span class='ocrx_word' id='word_1_484' title='bbox 948 3264 1358 3337; x_wconf 73' lang='lat' dir='ltr'><strong>Carthaginiensi</strong></span> <span class='ocrx_word' id='word_1_485' title='bbox 1428 3262 1568 3332; x_wconf 90' lang='lat' dir='ltr'><strong>apud</strong></span> <span class='ocrx_word' id='word_1_486' title='bbox 1636 3260 2032 3324; x_wconf 86' lang='lat' dir='ltr'><strong>Mabillonium,</strong></span> <span class='ocrx_word' id='word_1_487' title='bbox 2088 3258 2177 3313; x_wconf 89' lang='lat' dir='ltr'><strong>ubi</strong></span> 
     </span>
    </p>
   </div>
   <div class='ocr_carea' id='block_1_64' title="bbox 580 3346 2181 3419">
    <p class='ocr_par' dir='ltr' id='par_1_64' title="bbox 580 3346 2181 3419">
     <span class='ocr_line' id='line_1_64' title="bbox 580 3346 2181 3419; baseline -0.009 0"><span class='ocrx_word' id='word_1_488' title='bbox 580 3370 886 3419; x_wconf 88' lang='lat' dir='ltr'><strong>sanetarum</strong></span> <span class='ocrx_word' id='word_1_489' title='bbox 918 3346 1403 3413; x_wconf 84' lang='lat' dir='ltr'><strong>&#39;l&#39;uhurbitanarum</strong></span> <span class='ocrx_word' id='word_1_490' title='bbox 1449 3354 1643 3409; x_wconf 87' lang='lat' dir='ltr'><strong>festum</strong></span> <span class='ocrx_word' id='word_1_491' title='bbox 1688 3352 1946 3408; x_wconf 83' lang='lat' dir='ltr'><strong>rccolitur</strong></span> <span class='ocrx_word' id='word_1_492' title='bbox 1987 3366 2043 3405; x_wconf 88' lang='grc' dir='ltr'><strong>ιιι</strong></span> <span class='ocrx_word' id='word_1_493' title='bbox 2085 3349 2181 3405; x_wconf 85' lang='lat' dir='ltr'><strong>ka-</strong></span> 
     </span>
    </p>
   </div>
   <div class='ocr_carea' id='block_1_65' title="bbox 582 3443 2181 3522">
    <p class='ocr_par' dir='ltr' id='par_1_65' title="bbox 582 3443 2181 3522">
     <span class='ocr_line' id='line_1_65' title="bbox 582 3443 2181 3522; baseline -0.008 -13"><span class='ocrx_word' id='word_1_494' title='bbox 582 3453 771 3510; x_wconf 87' lang='lat' dir='ltr'><strong>lendas</strong></span> <span class='ocrx_word' id='word_1_495' title='bbox 800 3450 1009 3522; x_wconf 87' lang='lat' dir='ltr'><strong>augusti</strong></span> <span class='ocrx_word' id='word_1_496' title='bbox 1048 3468 1062 3504; x_wconf 89' lang='lat'><strong>:</strong></span> <span class='ocrx_word' id='word_1_497' title='bbox 1113 3464 1220 3521; x_wconf 91' lang='lat' dir='ltr'><strong>quo</strong></span> <span class='ocrx_word' id='word_1_498' title='bbox 1244 3448 1333 3504; x_wconf 91' lang='lat' dir='ltr'><strong>die</strong></span> <span class='ocrx_word' id='word_1_499' title='bbox 1372 3461 1633 3519; x_wconf 81' lang='lat' dir='ltr'><strong>nusquam</strong></span> <span class='ocrx_word' id='word_1_500' title='bbox 1659 3445 1921 3514; x_wconf 83' lang='lat' dir='ltr'><strong>Perpetua</strong></span> <span class='ocrx_word' id='word_1_501' title='bbox 1954 3454 2005 3499; x_wconf 90' lang='lat' dir='ltr'><strong>et</strong></span> <span class='ocrx_word' id='word_1_502' title='bbox 2033 3443 2181 3498; x_wconf 86' lang='lat' dir='ltr'><strong>Feli-</strong></span> 
     </span>
    </p>
   </div>
   <div class='ocr_carea' id='block_1_66' title="bbox 581 3536 2181 3610">
    <p class='ocr_par' dir='ltr' id='par_1_66' title="bbox 581 3536 2181 3610">
     <span class='ocr_line' id='line_1_66' title="bbox 581 3536 2181 3610; baseline -0.008 -9"><span class='ocrx_word' id='word_1_503' title='bbox 581 3548 751 3610; x_wconf 87' lang='lat' dir='ltr'><strong>citas;</strong></span> <span class='ocrx_word' id='word_1_504' title='bbox 782 3544 1014 3599; x_wconf 79' lang='lat' dir='ltr'><strong>Maxima</strong></span> <span class='ocrx_word' id='word_1_505' title='bbox 1054 3555 1182 3596; x_wconf 87' lang='lat' dir='ltr'><strong>vero</strong></span> <span class='ocrx_word' id='word_1_506' title='bbox 1208 3550 1263 3595; x_wconf 91' lang='lat' dir='ltr'><strong>et</strong></span> <span class='ocrx_word' id='word_1_507' title='bbox 1291 3540 1452 3594; x_wconf 74' lang='lat' dir='ltr'><strong>socia:</strong></span> <span class='ocrx_word' id='word_1_508' title='bbox 1491 3539 1543 3593; x_wconf 93' lang='lat' dir='ltr'><strong>in</strong></span> <span class='ocrx_word' id='word_1_509' title='bbox 1574 3537 1823 3593; x_wconf 90' lang='lat' dir='ltr'><strong>omnibus</strong></span> <span class='ocrx_word' id='word_1_510' title='bbox 1857 3536 2181 3607; x_wconf 84' lang='lat' dir='ltr'><strong>martyrolo-</strong></span> 
     </span>
    </p>
   </div>
   <div class='ocr_carea' id='block_1_67' title="bbox 584 3631 1526 3709">
    <p class='ocr_par' dir='ltr' id='par_1_67' title="bbox 584 3631 1526 3709">
     <span class='ocr_line' id='line_1_67' title="bbox 584 3631 1526 3709; baseline -0.011 -16"><span class='ocrx_word' id='word_1_511' title='bbox 584 3637 685 3709; x_wconf 86' lang='lat' dir='ltr'><strong>giis</strong></span> <span class='ocrx_word' id='word_1_512' title='bbox 710 3644 939 3690; x_wconf 89' lang='lat' dir='ltr'><strong>mortem</strong></span> <span class='ocrx_word' id='word_1_513' title='bbox 967 3634 1169 3689; x_wconf 90' lang='lat' dir='ltr'><strong>obiisse</strong></span> <span class='ocrx_word' id='word_1_514' title='bbox 1197 3631 1526 3686; x_wconf 87' lang='lat' dir='ltr'><strong>referuntur.</strong></span> 
     </span>
    </p>
   </div>
   <div class='ocr_carea' id='block_1_68' title="bbox 658 3720 2173 3793">
    <p class='ocr_par' dir='ltr' id='par_1_68' title="bbox 658 3720 2173 3793">
     <span class='ocr_line' id='line_1_68' title="bbox 658 3720 2173 3793; baseline -0.004 -9"><span class='ocrx_word' id='word_1_515' title='bbox 658 3728 748 3784; x_wconf 88' lang='lat' dir='ltr'><strong>IV.</strong></span> <span class='ocrx_word' id='word_1_516' title='bbox 791 3727 892 3783; x_wconf 92' lang='lat' dir='ltr'><strong>Diu</strong></span> <span class='ocrx_word' id='word_1_517' title='bbox 917 3741 1021 3781; x_wconf 92' lang='lat' dir='ltr'><strong>non</strong></span> <span class='ocrx_word' id='word_1_518' title='bbox 1061 3724 1465 3781; x_wconf 89' lang='lat' dir='ltr'><strong>immorabimur</strong></span> <span class='ocrx_word' id='word_1_519' title='bbox 1491 3725 1541 3776; x_wconf 91' lang='lat' dir='ltr'><strong>in</strong></span> <span class='ocrx_word' id='word_1_520' title='bbox 1570 3720 1892 3793; x_wconf 83' lang='lat' dir='ltr'><strong>assignando</strong></span> <span class='ocrx_word' id='word_1_521' title='bbox 1935 3732 2173 3790; x_wconf 88' lang='lat' dir='ltr'><strong>tempore</strong></span> 
     </span>
    </p>
   </div>
   <div class='ocr_carea' id='block_1_69' title="bbox 586 3804 2183 3893">
    <p class='ocr_par' dir='ltr' id='par_1_69' title="bbox 586 3804 2183 3893">
     <span class='ocr_line' id='line_1_69' title="bbox 586 3804 2183 3893; baseline -0.006 -18"><span class='ocrx_word' id='word_1_522' title='bbox 586 3835 693 3893; x_wconf 88' lang='lat' dir='ltr'><strong>quo</strong></span> <span class='ocrx_word' id='word_1_523' title='bbox 720 3820 835 3874; x_wconf 69' lang='lat' dir='ltr'><strong>ista:</strong></span> <span class='ocrx_word' id='word_1_524' title='bbox 876 3818 1049 3873; x_wconf 71' lang='lat' dir='ltr'><strong>beata:</strong></span> <span class='ocrx_word' id='word_1_525' title='bbox 1083 3823 1347 3886; x_wconf 85' lang='lat' dir='ltr'><strong>martyres</strong></span> <span class='ocrx_word' id='word_1_526' title='bbox 1386 3814 1690 3884; x_wconf 91' lang='lat' dir='ltr'><strong>passionem</strong></span> <span class='ocrx_word' id='word_1_527' title='bbox 1722 3804 2183 3866; x_wconf 78' lang='lat' dir='ltr'><strong>consummaruut.</strong></span> 
     </span>
    </p>
   </div>
   <div class='ocr_carea' id='block_1_70' title="bbox 592 3904 2188 3982">
    <p class='ocr_par' dir='ltr' id='par_1_70' title="bbox 592 3904 2188 3982">
     <span class='ocr_line' id='line_1_70' title="bbox 592 3904 2188 3982; baseline -0.008 -10"><span class='ocrx_word' id='word_1_528' title='bbox 592 3919 724 3972; x_wconf 87' lang='lat' dir='ltr'><strong>Acta</strong></span> <span class='ocrx_word' id='word_1_529' title='bbox 751 3921 804 3968; x_wconf 91' lang='lat' dir='ltr'><strong>ct</strong></span> <span class='ocrx_word' id='word_1_530' title='bbox 833 3907 1211 3982; x_wconf 88' lang='lat' dir='ltr'><strong>martyrologia</strong></span> <span class='ocrx_word' id='word_1_531' title='bbox 1252 3923 1370 3978; x_wconf 71' lang='lat' dir='ltr'><strong>quae</strong></span> <span class='ocrx_word' id='word_1_532' title='bbox 1418 3922 1511 3963; x_wconf 85' lang='lat' dir='ltr'><strong>eas</strong></span> <span class='ocrx_word' id='word_1_533' title='bbox 1550 3906 1650 3962; x_wconf 90' lang='lat' dir='ltr'><strong>sub</strong></span> <span class='ocrx_word' id='word_1_534' title='bbox 1676 3904 1958 3961; x_wconf 88' lang='lat' dir='ltr'><strong>Valeriano</strong></span> <span class='ocrx_word' id='word_1_535' title='bbox 1984 3914 2038 3961; x_wconf 92' lang='lat' dir='ltr'><strong>et</strong></span> <span class='ocrx_word' id='word_1_536' title='bbox 2062 3904 2188 3961; x_wconf 88' lang='lat' dir='ltr'><strong>Gal-</strong></span> 
     </span>
    </p>
   </div>
   <div class='ocr_carea' id='block_1_71' title="bbox 588 3999 2188 4076">
    <p class='ocr_par' dir='ltr' id='par_1_71' title="bbox 588 3999 2188 4076">
     <span class='ocr_line' id='line_1_71' title="bbox 588 3999 2188 4076; baseline -0.006 -14"><span class='ocrx_word' id='word_1_537' title='bbox 588 4008 733 4062; x_wconf 92' lang='lat' dir='ltr'><strong>lieno</strong></span> <span class='ocrx_word' id='word_1_538' title='bbox 759 4019 944 4076; x_wconf 86' lang='lat' dir='ltr'><strong>passas</strong></span> <span class='ocrx_word' id='word_1_539' title='bbox 973 4002 1139 4058; x_wconf 81' lang='lat' dir='ltr'><strong>fuisse</strong></span> <span class='ocrx_word' id='word_1_540' title='bbox 1168 4000 1405 4055; x_wconf 79' lang='lat' dir='ltr'><strong>referunt</strong></span> <span class='ocrx_word' id='word_1_541' title='bbox 1429 4041 1445 4066; x_wconf 90' lang='lat'><strong>,</strong></span> <span class='ocrx_word' id='word_1_542' title='bbox 1477 3999 1561 4053; x_wconf 91' lang='lat' dir='ltr'><strong>vel</strong></span> <span class='ocrx_word' id='word_1_543' title='bbox 1590 4014 1657 4053; x_wconf 85' lang='lat' dir='ltr'><strong>ex</strong></span> <span class='ocrx_word' id='word_1_544' title='bbox 1694 4013 1760 4054; x_wconf 92' lang='lat' dir='ltr'><strong>eo</strong></span> <span class='ocrx_word' id='word_1_545' title='bbox 1790 3999 2188 4054; x_wconf 81' lang='lat' dir='ltr'><strong>convincuntur</strong></span> 
     </span>
    </p>
   </div>
   <div class='ocr_carea' id='block_1_72' title="bbox 592 4092 2185 4169">
    <p class='ocr_par' dir='ltr' id='par_1_72' title="bbox 592 4092 2185 4169">
     <span class='ocr_line' id='line_1_72' title="bbox 592 4092 2185 4169; baseline -0.006 -14"><span class='ocrx_word' id='word_1_546' title='bbox 592 4100 742 4167; x_wconf 90' lang='lat' dir='ltr'><strong>falsi,</strong></span> <span class='ocrx_word' id='word_1_547' title='bbox 777 4097 919 4169; x_wconf 91' lang='lat' dir='ltr'><strong>quod</strong></span> <span class='ocrx_word' id='word_1_548' title='bbox 943 4095 1306 4153; x_wconf 88' lang='lat' dir='ltr'><strong>Tertullianus</strong></span> <span class='ocrx_word' id='word_1_549' title='bbox 1336 4093 1426 4163; x_wconf 91' lang='lat' dir='ltr'><strong>qui</strong></span> <span class='ocrx_word' id='word_1_550' title='bbox 1464 4094 1517 4147; x_wconf 91' lang='lat' dir='ltr'><strong>in</strong></span> <span class='ocrx_word' id='word_1_551' title='bbox 1549 4092 1684 4148; x_wconf 88' lang='lat' dir='ltr'><strong>libro</strong></span> <span class='ocrx_word' id='word_1_552' title='bbox 1715 4094 1777 4147; x_wconf 79' lang='lat' dir='ltr'><strong>de</strong></span> <span class='ocrx_word' id='word_1_553' title='bbox 1804 4093 1988 4146; x_wconf 84' lang='lat' dir='ltr'><strong>Anima</strong></span> <span class='ocrx_word' id='word_1_554' title='bbox 2012 4135 2026 4157; x_wconf 83' lang='lat'><strong>,</strong></span> <span class='ocrx_word' id='word_1_555' title='bbox 2056 4092 2185 4147; x_wconf 60' lang='lat' dir='ltr'><strong>Pero</strong></span> 
     </span>
    </p>
   </div>
   <div class='ocr_carea' id='block_1_73' title="bbox 593 4174 2191 4263">
    <p class='ocr_par' dir='ltr' id='par_1_73' title="bbox 593 4174 2191 4263">
     <span class='ocr_line' id='line_1_73' title="bbox 593 4174 2191 4263; baseline -0.006 -16"><span class='ocrx_word' id='word_1_556' title='bbox 593 4201 770 4263; x_wconf 71' lang='lat' dir='ltr'><strong>petua:</strong></span> <span class='ocrx_word' id='word_1_557' title='bbox 799 4188 1065 4256; x_wconf 88' lang='lat' dir='ltr'><strong>meminit,</strong></span> <span class='ocrx_word' id='word_1_558' title='bbox 1088 4187 1177 4242; x_wconf 88' lang='lat' dir='ltr'><strong>diu</strong></span> <span class='ocrx_word' id='word_1_559' title='bbox 1205 4195 1328 4240; x_wconf 90' lang='lat' dir='ltr'><strong>ante</strong></span> <span class='ocrx_word' id='word_1_560' title='bbox 1359 4185 1548 4240; x_wconf 90' lang='lat' dir='ltr'><strong>horum</strong></span> <span class='ocrx_word' id='word_1_561' title='bbox 1575 4185 1958 4253; x_wconf 88' lang='lat' dir='ltr'><strong>imperatorum</strong></span> <span class='ocrx_word' id='word_1_562' title='bbox 1983 4174 2191 4253; x_wconf 84' lang='lat' dir='ltr'><strong>tempus</strong></span> 
     </span>
    </p>
   </div>
   <div class='ocr_carea' id='block_1_74' title="bbox 596 4274 2195 4345">
    <p class='ocr_par' dir='ltr' id='par_1_74' title="bbox 596 4274 2195 4345">
     <span class='ocr_line' id='line_1_74' title="bbox 596 4274 2195 4345; baseline -0.006 -8"><span class='ocrx_word' id='word_1_563' title='bbox 596 4298 627 4337; x_wconf 90' lang='lat' dir='ltr'><strong>e</strong></span> <span class='ocrx_word' id='word_1_564' title='bbox 657 4283 763 4337; x_wconf 87' lang='lat' dir='ltr'><strong>vita</strong></span> <span class='ocrx_word' id='word_1_565' title='bbox 805 4281 1119 4336; x_wconf 85' lang='lat' dir='ltr'><strong>excesserit.</strong></span> <span class='ocrx_word' id='word_1_566' title='bbox 1160 4277 1353 4331; x_wconf 81' lang='lat' dir='ltr'><strong>Melius</strong></span> <span class='ocrx_word' id='word_1_567' title='bbox 1383 4276 1565 4345; x_wconf 87' lang='lat' dir='ltr'><strong>itaque</strong></span> <span class='ocrx_word' id='word_1_568' title='bbox 1607 4275 1659 4328; x_wconf 89' lang='lat' dir='ltr'><strong>in</strong></span> <span class='ocrx_word' id='word_1_569' title='bbox 1688 4274 2065 4345; x_wconf 82' lang='lat' dir='ltr'><strong>Martyrologio</strong></span> <span class='ocrx_word' id='word_1_570' title='bbox 2102 4289 2195 4344; x_wconf 81' lang='lat' dir='ltr'><strong>ge-</strong></span> 
     </span>
    </p>
   </div>
   <div class='ocr_carea' id='block_1_75' title="bbox 597 4367 2192 4437">
    <p class='ocr_par' dir='ltr' id='par_1_75' title="bbox 597 4367 2192 4437">
     <span class='ocr_line' id='line_1_75' title="bbox 597 4367 2192 4437; baseline -0.005 -7"><span class='ocrx_word' id='word_1_571' title='bbox 597 4375 762 4430; x_wconf 91' lang='lat' dir='ltr'><strong>nuino</strong></span> <span class='ocrx_word' id='word_1_572' title='bbox 785 4372 945 4427; x_wconf 67' lang='lat' dir='ltr'><strong>Beda:</strong></span> <span class='ocrx_word' id='word_1_573' title='bbox 980 4370 1204 4437; x_wconf 79' lang='lat' dir='ltr'><strong>aliisque</strong></span> <span class='ocrx_word' id='word_1_574' title='bbox 1234 4368 1487 4436; x_wconf 89' lang='lat' dir='ltr'><strong>antiquis,</strong></span> <span class='ocrx_word' id='word_1_575' title='bbox 1512 4367 1563 4421; x_wconf 90' lang='lat' dir='ltr'><strong>id</strong></span> <span class='ocrx_word' id='word_1_576' title='bbox 1587 4370 1901 4437; x_wconf 90' lang='lat' dir='ltr'><strong>martyrium</strong></span> <span class='ocrx_word' id='word_1_577' title='bbox 1920 4367 1988 4421; x_wconf 88' lang='lat' dir='ltr'><strong>ad</strong></span> <span class='ocrx_word' id='word_1_578' title='bbox 2008 4367 2192 4423; x_wconf 75' lang='lat' dir='ltr'><strong>Severi</strong></span> 
     </span>
    </p>
   </div>
   <div class='ocr_carea' id='block_1_76' title="bbox 599 4458 2194 4535">
    <p class='ocr_par' dir='ltr' id='par_1_76' title="bbox 599 4458 2194 4535">
     <span class='ocr_line' id='line_1_76' title="bbox 599 4458 2194 4535; baseline -0.003 -15"><span class='ocrx_word' id='word_1_579' title='bbox 599 4462 942 4535; x_wconf 90' lang='lat' dir='ltr'><strong>imperatoris</strong></span> <span class='ocrx_word' id='word_1_580' title='bbox 969 4469 1178 4529; x_wconf 89' lang='lat' dir='ltr'><strong>tempus</strong></span> <span class='ocrx_word' id='word_1_581' title='bbox 1218 4466 1500 4513; x_wconf 85' lang='lat' dir='ltr'><strong>revocatur</strong></span> <span class='ocrx_word' id='word_1_582' title='bbox 1535 4474 1550 4514; x_wconf 89' lang='lat'><strong>:</strong></span> <span class='ocrx_word' id='word_1_583' title='bbox 1589 4458 1783 4528; x_wconf 89' lang='lat' dir='ltr'><strong>quibus</strong></span> <span class='ocrx_word' id='word_1_584' title='bbox 1808 4460 1941 4514; x_wconf 84' lang='lat' dir='ltr'><strong>Acta</strong></span> <span class='ocrx_word' id='word_1_585' title='bbox 1984 4460 2194 4516; x_wconf 90' lang='lat' dir='ltr'><strong>sincera</strong></span> 
     </span>
    </p>
   </div>
   <div class='ocr_carea' id='block_1_77' title="bbox 2284 3238 3891 3315">
    <p class='ocr_par' dir='ltr' id='par_1_77' title="bbox 2284 3238 3891 3315">
     <span class='ocr_line' id='line_1_77' title="bbox 2284 3238 3891 3315; baseline 0.006 -21"><span class='ocrx_word' id='word_1_586' title='bbox 2284 3238 2359 3294; x_wconf 91' lang='lat' dir='ltr'><strong>ris</strong></span> <span class='ocrx_word' id='word_1_587' title='bbox 2387 3239 2753 3295; x_wconf 90' lang='lat' dir='ltr'><strong>crederentur.</strong></span> <span class='ocrx_word' id='word_1_588' title='bbox 2788 3240 2846 3294; x_wconf 90' lang='lat' dir='ltr'><strong>1d</strong></span> <span class='ocrx_word' id='word_1_589' title='bbox 2889 3251 3032 3310; x_wconf 86' lang='lat' dir='ltr'><strong>patet</strong></span> <span class='ocrx_word' id='word_1_590' title='bbox 3079 3257 3159 3297; x_wconf 67' lang='lat' dir='ltr'><strong>es</strong></span> <span class='ocrx_word' id='word_1_591' title='bbox 3187 3243 3376 3299; x_wconf 89' lang='lat' dir='ltr'><strong>eadem</strong></span> <span class='ocrx_word' id='word_1_592' title='bbox 3423 3244 3593 3315; x_wconf 86' lang='lat' dir='ltr'><strong>ipsius</strong></span> <span class='ocrx_word' id='word_1_593' title='bbox 3643 3247 3891 3303; x_wconf 77' lang='lat' dir='ltr'><strong>auctoris</strong></span> 
     </span>
    </p>
   </div>
   <div class='ocr_carea' id='block_1_78' title="bbox 2285 3331 3886 3406">
    <p class='ocr_par' dir='ltr' id='par_1_78' title="bbox 2285 3331 3886 3406">
     <span class='ocr_line' id='line_1_78' title="bbox 2285 3331 3886 3406; baseline 0.006 -22"><span class='ocrx_word' id='word_1_594' title='bbox 2285 3338 2394 3385; x_wconf 90' lang='lat' dir='ltr'><strong>tota</strong></span> <span class='ocrx_word' id='word_1_595' title='bbox 2440 3331 2791 3401; x_wconf 74' lang='lat' dir='ltr'><strong>praefatione,</strong></span> <span class='ocrx_word' id='word_1_596' title='bbox 2826 3333 2914 3388; x_wconf 91' lang='lat' dir='ltr'><strong>ubi</strong></span> <span class='ocrx_word' id='word_1_597' title='bbox 2958 3350 3026 3388; x_wconf 89' lang='lat' dir='ltr'><strong>ne</strong></span> <span class='ocrx_word' id='word_1_598' title='bbox 3070 3350 3236 3389; x_wconf 88' lang='lat' dir='ltr'><strong>unum</strong></span> <span class='ocrx_word' id='word_1_599' title='bbox 3283 3336 3502 3406; x_wconf 86' lang='lat' dir='ltr'><strong>quidem</strong></span> <span class='ocrx_word' id='word_1_600' title='bbox 3548 3338 3786 3393; x_wconf 83' lang='lat' dir='ltr'><strong>verbum</strong></span> <span class='ocrx_word' id='word_1_601' title='bbox 3814 3338 3886 3395; x_wconf 88' lang='lat' dir='ltr'><strong>de</strong></span> 
     </span>
    </p>
   </div>
   <div class='ocr_carea' id='block_1_79' title="bbox 2285 3422 3886 3501">
    <p class='ocr_par' dir='ltr' id='par_1_79' title="bbox 2285 3422 3886 3501">
     <span class='ocr_line' id='line_1_79' title="bbox 2285 3422 3886 3501; baseline 0.005 -24"><span class='ocrx_word' id='word_1_602' title='bbox 2285 3422 2573 3493; x_wconf 66' lang='lat' dir='ltr'><strong>Scriptura:</strong></span> <span class='ocrx_word' id='word_1_603' title='bbox 2602 3439 2771 3481; x_wconf 84' lang='lat' dir='ltr'><strong>sacrae</strong></span> <span class='ocrx_word' id='word_1_604' title='bbox 2794 3440 2914 3479; x_wconf 92' lang='lat' dir='ltr'><strong>cum</strong></span> <span class='ocrx_word' id='word_1_605' title='bbox 2952 3426 3248 3482; x_wconf 89' lang='lat' dir='ltr'><strong>visionibus</strong></span> <span class='ocrx_word' id='word_1_606' title='bbox 3276 3438 3571 3501; x_wconf 88' lang='lat' dir='ltr'><strong>martyrum</strong></span> <span class='ocrx_word' id='word_1_607' title='bbox 3601 3445 3886 3500; x_wconf 78' lang='lat' dir='ltr'><strong>compara-</strong></span> 
     </span>
    </p>
   </div>
   <div class='ocr_carea' id='block_1_80' title="bbox 2288 3517 3905 3594">
    <p class='ocr_par' dir='ltr' id='par_1_80' title="bbox 2288 3517 3905 3594">
     <span class='ocr_line' id='line_1_80' title="bbox 2288 3517 3905 3594; baseline 0.003 -24"><span class='ocrx_word' id='word_1_608' title='bbox 2288 3517 2432 3572; x_wconf 89' lang='lat' dir='ltr'><strong>tione</strong></span> <span class='ocrx_word' id='word_1_609' title='bbox 2459 3517 2720 3574; x_wconf 86' lang='lat' dir='ltr'><strong>habetur:</strong></span> <span class='ocrx_word' id='word_1_610' title='bbox 2752 3538 2771 3571; x_wconf 76' lang='grc' dir='ltr'><strong>ι</strong></span> <span class='ocrx_word' id='word_1_611' title='bbox 2806 3518 2863 3575; x_wconf 92' lang='lat' dir='ltr'><strong>Si</strong></span> <span class='ocrx_word' id='word_1_612' title='bbox 2899 3530 3115 3587; x_wconf 87' lang='lat' dir='ltr'><strong>vetera,</strong></span> <span class='ocrx_word' id='word_1_613' title='bbox 3148 3522 3358 3593; x_wconf 90' lang='lat' dir='ltr'><strong>inquit,</strong></span> <span class='ocrx_word' id='word_1_614' title='bbox 3393 3522 3515 3578; x_wconf 90' lang='lat' dir='ltr'><strong>ﬁdei</strong></span> <span class='ocrx_word' id='word_1_615' title='bbox 3563 3524 3905 3594; x_wconf 72' lang='lat' dir='ltr'><strong>exempla...</strong></span> 
     </span>
    </p>
   </div>
   <div class='ocr_carea' id='block_1_81' title="bbox 2289 3610 3889 3684">
    <p class='ocr_par' dir='ltr' id='par_1_81' title="bbox 2289 3610 3889 3684">
     <span class='ocr_line' id='line_1_81' title="bbox 2289 3610 3889 3684; baseline 0.005 -21"><span class='ocrx_word' id='word_1_616' title='bbox 2289 3618 2568 3678; x_wconf 83' lang='lat' dir='ltr'><strong>propterea</strong></span> <span class='ocrx_word' id='word_1_617' title='bbox 2599 3611 2651 3664; x_wconf 91' lang='lat' dir='ltr'><strong>in</strong></span> <span class='ocrx_word' id='word_1_618' title='bbox 2682 3610 2876 3667; x_wconf 90' lang='lat' dir='ltr'><strong>litteris</strong></span> <span class='ocrx_word' id='word_1_619' title='bbox 2905 3622 3030 3667; x_wconf 91' lang='lat' dir='ltr'><strong>sunt</strong></span> <span class='ocrx_word' id='word_1_620' title='bbox 3054 3612 3258 3684; x_wconf 83' lang='lat' dir='ltr'><strong>digesta</strong></span> <span class='ocrx_word' id='word_1_621' title='bbox 3297 3612 3362 3669; x_wconf 75' lang='lat' dir='ltr'><strong>ut</strong></span> <span class='ocrx_word' id='word_1_622' title='bbox 3404 3614 3634 3670; x_wconf 89' lang='lat' dir='ltr'><strong>lectione</strong></span> <span class='ocrx_word' id='word_1_623' title='bbox 3656 3629 3844 3671; x_wconf 90' lang='lat' dir='ltr'><strong>eorum</strong></span> <span class='ocrx_word' id='word_1_624' title='bbox 3865 3652 3889 3684; x_wconf 82' lang='grc'><strong><em>,</em></strong></span> 
     </span>
    </p>
   </div>
   <div class='ocr_carea' id='block_1_82' title="bbox 2288 3704 3892 3775">
    <p class='ocr_par' dir='ltr' id='par_1_82' title="bbox 2288 3704 3892 3775">
     <span class='ocr_line' id='line_1_82' title="bbox 2288 3704 3892 3775; baseline 0.004 -16"><span class='ocrx_word' id='word_1_625' title='bbox 2288 3704 2439 3773; x_wconf 87' lang='lat' dir='ltr'><strong>quasi</strong></span> <span class='ocrx_word' id='word_1_626' title='bbox 2484 3704 2905 3774; x_wconf 88' lang='lat' dir='ltr'><strong>repensitatione</strong></span> <span class='ocrx_word' id='word_1_627' title='bbox 2952 3721 3172 3775; x_wconf 86' lang='lat' dir='ltr'><strong>rerum,</strong></span> <span class='ocrx_word' id='word_1_628' title='bbox 3202 3718 3256 3762; x_wconf 91' lang='lat' dir='ltr'><strong>et</strong></span> <span class='ocrx_word' id='word_1_629' title='bbox 3300 3708 3439 3763; x_wconf 89' lang='lat' dir='ltr'><strong>Deus</strong></span> <span class='ocrx_word' id='word_1_630' title='bbox 3489 3708 3784 3765; x_wconf 84' lang='lat' dir='ltr'><strong>honoretur</strong></span> <span class='ocrx_word' id='word_1_631' title='bbox 3833 3720 3892 3766; x_wconf 88' lang='lat' dir='ltr'><strong>et</strong></span> 
     </span>
    </p>
   </div>
   <div class='ocr_carea' id='block_1_83' title="bbox 2294 3796 3894 3873">
    <p class='ocr_par' dir='ltr' id='par_1_83' title="bbox 2294 3796 3894 3873">
     <span class='ocr_line' id='line_1_83' title="bbox 2294 3796 3894 3873; baseline 0.006 -24"><span class='ocrx_word' id='word_1_632' title='bbox 2294 3796 2453 3851; x_wconf 90' lang='lat' dir='ltr'><strong>homo</strong></span> <span class='ocrx_word' id='word_1_633' title='bbox 2478 3796 2842 3865; x_wconf 88' lang='lat' dir='ltr'><strong>confortetur,</strong></span> <span class='ocrx_word' id='word_1_634' title='bbox 2875 3813 2971 3854; x_wconf 89' lang='lat' dir='ltr'><strong>cur</strong></span> <span class='ocrx_word' id='word_1_635' title='bbox 3014 3814 3120 3855; x_wconf 90' lang='lat' dir='ltr'><strong>non</strong></span> <span class='ocrx_word' id='word_1_636' title='bbox 3150 3808 3205 3855; x_wconf 90' lang='lat' dir='ltr'><strong>et</strong></span> <span class='ocrx_word' id='word_1_637' title='bbox 3230 3816 3364 3856; x_wconf 89' lang='lat' dir='ltr'><strong>nova</strong></span> <span class='ocrx_word' id='word_1_638' title='bbox 3393 3800 3714 3858; x_wconf 82' lang='lat' dir='ltr'><strong>documenta</strong></span> <span class='ocrx_word' id='word_1_639' title='bbox 3739 3817 3894 3873; x_wconf 78' lang='lat' dir='ltr'><strong>teque</strong></span> 
     </span>
    </p>
   </div>
   <div class='ocr_carea' id='block_1_84' title="bbox 2295 3883 3889 3964">
    <p class='ocr_par' dir='ltr' id='par_1_84' title="bbox 2295 3883 3889 3964">
     <span class='ocr_line' id='line_1_84' title="bbox 2295 3883 3889 3964; baseline 0.003 -24"><span class='ocrx_word' id='word_1_640' title='bbox 2295 3883 2505 3956; x_wconf 85' lang='lat' dir='ltr'><strong>utrique</strong></span> <span class='ocrx_word' id='word_1_641' title='bbox 2566 3903 2740 3943; x_wconf 69' lang='lat' dir='ltr'><strong>causa:</strong></span> <span class='ocrx_word' id='word_1_642' title='bbox 2800 3891 3168 3945; x_wconf 81' lang='lat' dir='ltr'><strong>convenientia</strong></span> <span class='ocrx_word' id='word_1_643' title='bbox 3218 3900 3273 3947; x_wconf 91' lang='lat' dir='ltr'><strong>et</strong></span> <span class='ocrx_word' id='word_1_644' title='bbox 3326 3891 3676 3964; x_wconf 84' lang='lat' dir='ltr'><strong>digerantur?</strong></span> <span class='ocrx_word' id='word_1_645' title='bbox 3722 3903 3827 3950; x_wconf 84' lang='lat' dir='ltr'><strong>eto.</strong></span> <span class='ocrx_word' id='word_1_646' title='bbox 3864 3910 3889 3945; x_wconf 70' lang='grc' dir='ltr'><strong>ι</strong></span> 
     </span>
    </p>
   </div>
   <div class='ocr_carea' id='block_1_85' title="bbox 2294 3979 3891 4055">
    <p class='ocr_par' dir='ltr' id='par_1_85' title="bbox 2294 3979 3891 4055">
     <span class='ocr_line' id='line_1_85' title="bbox 2294 3979 3891 4055; baseline 0.006 -24"><span class='ocrx_word' id='word_1_647' title='bbox 2294 3979 2483 4047; x_wconf 77' lang='lat' dir='ltr'><strong>Porro,</strong></span> <span class='ocrx_word' id='word_1_648' title='bbox 2519 3980 2620 4035; x_wconf 79' lang='lat' dir='ltr'><strong>etsi</strong></span> <span class='ocrx_word' id='word_1_649' title='bbox 2651 3980 2748 4036; x_wconf 90' lang='lat' dir='ltr'><strong>iste</strong></span> <span class='ocrx_word' id='word_1_650' title='bbox 2779 3991 2967 4037; x_wconf 88' lang='lat' dir='ltr'><strong>auctor</strong></span> <span class='ocrx_word' id='word_1_651' title='bbox 2998 3982 3186 4037; x_wconf 91' lang='lat' dir='ltr'><strong>harum</strong></span> <span class='ocrx_word' id='word_1_652' title='bbox 3218 3993 3515 4055; x_wconf 84' lang='lat' dir='ltr'><strong>martyrum</strong></span> <span class='ocrx_word' id='word_1_653' title='bbox 3546 3984 3801 4053; x_wconf 84' lang='lat' dir='ltr'><strong>visiones,</strong></span> <span class='ocrx_word' id='word_1_654' title='bbox 3814 3999 3891 4041; x_wconf 76' lang='lat' dir='ltr'><strong>ex</strong></span> 
     </span>
    </p>
   </div>
   <div class='ocr_carea' id='block_1_86' title="bbox 2295 4073 3892 4145">
    <p class='ocr_par' dir='ltr' id='par_1_86' title="bbox 2295 4073 3892 4145">
     <span class='ocr_line' id='line_1_86' title="bbox 2295 4073 3892 4145; baseline 0.005 -18"><span class='ocrx_word' id='word_1_655' title='bbox 2295 4073 2360 4127; x_wconf 91' lang='lat' dir='ltr'><strong>iis</strong></span> <span class='ocrx_word' id='word_1_656' title='bbox 2388 4089 2519 4142; x_wconf 87' lang='lat' dir='ltr'><strong>quas</strong></span> <span class='ocrx_word' id='word_1_657' title='bbox 2553 4074 2691 4129; x_wconf 89' lang='lat' dir='ltr'><strong>Deus</strong></span> <span class='ocrx_word' id='word_1_658' title='bbox 2721 4090 2813 4144; x_wconf 88' lang='lat' dir='ltr'><strong>per</strong></span> <span class='ocrx_word' id='word_1_659' title='bbox 2842 4074 3048 4130; x_wconf 85' lang='lat' dir='ltr'><strong>.loelem</strong></span> <span class='ocrx_word' id='word_1_660' title='bbox 3093 4077 3475 4145; x_wconf 87' lang='lat' dir='ltr'><strong>repromiserat</strong></span> <span class='ocrx_word' id='word_1_661' title='bbox 3496 4119 3510 4141; x_wconf 87' lang='lat'><strong>,</strong></span> <span class='ocrx_word' id='word_1_662' title='bbox 3541 4079 3892 4135; x_wconf 73' lang='lat' dir='ltr'><strong>existimave-</strong></span> 
     </span>
    </p>
   </div>
   <div class='ocr_carea' id='block_1_87' title="bbox 2297 4164 3901 4241">
    <p class='ocr_par' dir='ltr' id='par_1_87' title="bbox 2297 4164 3901 4241">
     <span class='ocr_line' id='line_1_87' title="bbox 2297 4164 3901 4241; baseline 0.006 -24"><span class='ocrx_word' id='word_1_663' title='bbox 2297 4164 2402 4230; x_wconf 87' lang='lat' dir='ltr'><strong>rit,</strong></span> <span class='ocrx_word' id='word_1_664' title='bbox 2433 4180 2540 4220; x_wconf 89' lang='lat' dir='ltr'><strong>non</strong></span> <span class='ocrx_word' id='word_1_665' title='bbox 2568 4173 2743 4220; x_wconf 83' lang='lat' dir='ltr'><strong>tamen</strong></span> <span class='ocrx_word' id='word_1_666' title='bbox 2774 4166 2898 4221; x_wconf 85' lang='lat' dir='ltr'><strong>inde</strong></span> <span class='ocrx_word' id='word_1_667' title='bbox 2927 4167 3274 4237; x_wconf 81' lang='lat' dir='ltr'><strong>consequitur</strong></span> <span class='ocrx_word' id='word_1_668' title='bbox 3298 4169 3439 4239; x_wconf 85' lang='lat' dir='ltr'><strong>quod</strong></span> <span class='ocrx_word' id='word_1_669' title='bbox 3485 4185 3579 4226; x_wconf 81' lang='lat' dir='ltr'><strong>eas</strong></span> <span class='ocrx_word' id='word_1_670' title='bbox 3606 4170 3901 4241; x_wconf 75' lang='lat' dir='ltr'><strong>Scripturis</strong></span> 
     </span>
    </p>
   </div>
   <div class='ocr_carea' id='block_1_88' title="bbox 2297 4255 3900 4326">
    <p class='ocr_par' dir='ltr' id='par_1_88' title="bbox 2297 4255 3900 4326">
     <span class='ocr_line' id='line_1_88' title="bbox 2297 4255 3900 4326; baseline 0.008 -19"><span class='ocrx_word' id='word_1_671' title='bbox 2297 4255 2464 4308; x_wconf 83' lang='lat' dir='ltr'><strong>sacris</strong></span> <span class='ocrx_word' id='word_1_672' title='bbox 2488 4256 2829 4326; x_wconf 61' lang='lat' dir='ltr'><strong>alquipararit</strong></span> <span class='ocrx_word' id='word_1_673' title='bbox 2857 4275 2869 4311; x_wconf 86' lang='lat'><strong>:</strong></span> <span class='ocrx_word' id='word_1_674' title='bbox 2895 4256 3033 4312; x_wconf 90' lang='lat' dir='ltr'><strong>sicut</strong></span> <span class='ocrx_word' id='word_1_675' title='bbox 3062 4273 3164 4314; x_wconf 88' lang='lat' dir='ltr'><strong>nec</strong></span> <span class='ocrx_word' id='word_1_676' title='bbox 3192 4258 3434 4316; x_wconf 84' lang='lat' dir='ltr'><strong>Ecclesia</strong></span> <span class='ocrx_word' id='word_1_677' title='bbox 3464 4261 3706 4317; x_wconf 85' lang='lat' dir='ltr'><strong>ﬁdelium</strong></span> <span class='ocrx_word' id='word_1_678' title='bbox 3752 4262 3900 4320; x_wconf 78' lang='lat' dir='ltr'><strong>dicta</strong></span> 
     </span>
    </p>
   </div>
   <div class='ocr_carea' id='block_1_89' title="bbox 2298 4342 3895 4426">
    <p class='ocr_par' dir='ltr' id='par_1_89' title="bbox 2298 4342 3895 4426">
     <span class='ocr_line' id='line_1_89' title="bbox 2298 4342 3895 4426; baseline 0.006 -27"><span class='ocrx_word' id='word_1_679' title='bbox 2298 4342 2389 4401; x_wconf 7' lang='lat' dir='ltr'><strong>veli</strong></span> <span class='ocrx_word' id='word_1_680' title='bbox 2407 4349 2600 4418; x_wconf 89' lang='lat' dir='ltr'><strong>scripta</strong></span> <span class='ocrx_word' id='word_1_681' title='bbox 2627 4348 2766 4403; x_wconf 88' lang='lat' dir='ltr'><strong>inter</strong></span> <span class='ocrx_word' id='word_1_682' title='bbox 2794 4351 2888 4404; x_wconf 82' lang='lat' dir='ltr'><strong>has</strong></span> <span class='ocrx_word' id='word_1_683' title='bbox 2908 4349 3213 4420; x_wconf 87' lang='lat' dir='ltr'><strong>Scripturas</strong></span> <span class='ocrx_word' id='word_1_684' title='bbox 3235 4353 3523 4410; x_wconf 82' lang='lat' dir='ltr'><strong>cauonicas</strong></span> <span class='ocrx_word' id='word_1_685' title='bbox 3544 4359 3895 4426; x_wconf 80' lang='lat' dir='ltr'><strong>computavit,</strong></span> 
     </span>
    </p>
   </div>
   <div class='ocr_carea' id='block_1_90' title="bbox 2299 4442 3903 4517">
    <p class='ocr_par' dir='ltr' id='par_1_90' title="bbox 2299 4442 3903 4517">
     <span class='ocr_line' id='line_1_90' title="bbox 2299 4442 3903 4517; baseline 0.007 -25"><span class='ocrx_word' id='word_1_686' title='bbox 2299 4443 2541 4511; x_wconf 84' lang='lat' dir='ltr'><strong>quamvis</strong></span> <span class='ocrx_word' id='word_1_687' title='bbox 2582 4457 2688 4496; x_wconf 87' lang='lat' dir='ltr'><strong>non</strong></span> <span class='ocrx_word' id='word_1_688' title='bbox 2732 4442 3001 4499; x_wconf 85' lang='lat' dir='ltr'><strong>dubitaret</strong></span> <span class='ocrx_word' id='word_1_689' title='bbox 3042 4445 3108 4501; x_wconf 88' lang='lat' dir='ltr'><strong>ab</strong></span> <span class='ocrx_word' id='word_1_690' title='bbox 3136 4460 3203 4501; x_wconf 91' lang='lat' dir='ltr'><strong>eo</strong></span> <span class='ocrx_word' id='word_1_691' title='bbox 3252 4447 3577 4516; x_wconf 84' lang='lat' dir='ltr'><strong>processisse</strong></span> <span class='ocrx_word' id='word_1_692' title='bbox 3614 4463 3642 4501; x_wconf 92' lang='lat' dir='ltr'><strong>a</strong></span> <span class='ocrx_word' id='word_1_693' title='bbox 3677 4461 3785 4517; x_wconf 84' lang='lat' dir='ltr'><strong>quo</strong></span> <span class='ocrx_word' id='word_1_694' title='bbox 3807 4446 3903 4503; x_wconf 74' lang='lat' dir='ltr'><strong>alii</strong></span> 
     </span>
    </p>
   </div>
   <div class='ocr_carea' id='block_1_91' title="bbox 597 4533 3900 4627">
    <p class='ocr_par' dir='ltr' id='par_1_91' title="bbox 597 4533 3900 4627">
     <span class='ocr_line' id='line_1_91' title="bbox 597 4533 3900 4627; baseline -0.002 -16"><span class='ocrx_word' id='word_1_695' title='bbox 597 4533 972 4627; x_wconf 77' lang='lat' dir='ltr'><strong>consentiunt;</strong></span> <span class='ocrx_word' id='word_1_696' title='bbox 1000 4550 1264 4620; x_wconf 86' lang='lat' dir='ltr'><strong>siquidem</strong></span> <span class='ocrx_word' id='word_1_697' title='bbox 1288 4551 1356 4605; x_wconf 89' lang='lat' dir='ltr'><strong>ibi</strong></span> <span class='ocrx_word' id='word_1_698' title='bbox 1383 4548 1463 4620; x_wconf 72' lang='lat'><strong>(2)</strong></span> <span class='ocrx_word' id='word_1_699' title='bbox 1488 4559 1689 4605; x_wconf 59' lang='lat' dir='ltr'><strong>sanctas</strong></span> <span class='ocrx_word' id='word_1_700' title='bbox 1710 4561 1977 4621; x_wconf 88' lang='lat' dir='ltr'><strong>martyres</strong></span> <span class='ocrx_word' id='word_1_701' title='bbox 1997 4551 2080 4607; x_wconf 83' lang='lat' dir='ltr'><strong>die</strong></span> <span class='ocrx_word' id='word_1_702' title='bbox 2109 4570 2195 4607; x_wconf 85' lang='lat' dir='ltr'><strong>ua-</strong></span> <span class='ocrx_word' id='word_1_703' title='bbox 2220 4554 2273 4614; x_wconf 92' lang='lat' dir='ltr'><strong>D</strong></span> <span class='ocrx_word' id='word_1_704' title='bbox 2299 4533 2496 4627; x_wconf 53' lang='lat' dir='ltr'><strong>dimi&quot;?</strong></span> <span class='ocrx_word' id='word_1_705' title='bbox 2523 4548 2720 4627; x_wconf 49' lang='grc'><strong>88⁸1⁸1⁸3</strong></span> <span class='ocrx_word' id='word_1_706' title='bbox 2750 4535 3080 4627; x_wconf 64' lang='grc' dir='ltr'><strong>ιίηειιίηνιη.</strong></span> <span class='ocrx_word' id='word_1_707' title='bbox 3110 4537 3201 4591; x_wconf 60' lang='lat' dir='ltr'><strong>alii</strong></span> <span class='ocrx_word' id='word_1_708' title='bbox 3229 4538 3523 4607; x_wconf 57' lang='lat' dir='ltr'><strong>Diophani“</strong></span> <span class='ocrx_word' id='word_1_709' title='bbox 3550 4579 3564 4603; x_wconf 71' lang='grc' dir='ltr'><strong><em>ν</em></strong></span> <span class='ocrx_word' id='word_1_710' title='bbox 3594 4536 3684 4591; x_wconf 66' lang='lat' dir='ltr'><strong>am</strong></span> <span class='ocrx_word' id='word_1_711' title='bbox 3714 4552 3900 4593; x_wconf 59' lang='lat' dir='ltr'><strong>Sermo</strong></span> 
     </span>
    </p>
   </div>
   <div class='ocr_carea' id='block_1_92' title="bbox 604 4640 2205 4714">
    <p class='ocr_par' dir='ltr' id='par_1_92' title="bbox 604 4640 2205 4714">
     <span class='ocr_line' id='line_1_92' title="bbox 604 4640 2205 4714; baseline 0.001 -16"><span class='ocrx_word' id='word_1_712' title='bbox 604 4645 697 4699; x_wconf 82' lang='lat' dir='ltr'><strong>tati</strong></span> <span class='ocrx_word' id='word_1_713' title='bbox 727 4643 869 4698; x_wconf 67' lang='grc' dir='ltr'><strong>ϐείω</strong></span> <span class='ocrx_word' id='word_1_714' title='bbox 909 4642 1126 4697; x_wconf 74' lang='lat' dir='ltr'><strong>Cwsaris</strong></span> <span class='ocrx_word' id='word_1_715' title='bbox 1171 4640 1365 4701; x_wconf 88' lang='lat' dir='ltr'><strong>bestiis</strong></span> <span class='ocrx_word' id='word_1_716' title='bbox 1401 4640 1628 4711; x_wconf 69' lang='lat' dir='ltr'><strong>objecta:</strong></span> <span class='ocrx_word' id='word_1_717' title='bbox 1654 4652 1835 4697; x_wconf 48' lang='lat' dir='ltr'><strong>sunt:</strong></span> <span class='ocrx_word' id='word_1_718' title='bbox 1870 4642 2014 4714; x_wconf 90' lang='lat' dir='ltr'><strong>quod</strong></span> <span class='ocrx_word' id='word_1_719' title='bbox 2062 4660 2205 4701; x_wconf 90' lang='lat' dir='ltr'><strong>anno</strong></span> 
     </span>
    </p>
   </div>
   <div class='ocr_carea' id='block_1_93' title="bbox 502 4734 2208 4805">
    <p class='ocr_par' dir='ltr' id='par_1_93' title="bbox 502 4734 2208 4805">
     <span class='ocr_line' id='line_1_93' title="bbox 502 4734 2208 4805; baseline -0.001 -13"><span class='ocrx_word' id='word_1_720' title='bbox 502 4739 511 4746; x_wconf 83' lang='lat'>&#39;</span> <span class='ocrx_word' id='word_1_721' title='bbox 603 4738 801 4793; x_wconf 88' lang='lat' dir='ltr'><strong>Christi</strong></span> <span class='ocrx_word' id='word_1_722' title='bbox 826 4750 930 4792; x_wconf 87' lang='lat' dir='ltr'><strong>ccn</strong></span> <span class='ocrx_word' id='word_1_723' title='bbox 952 4744 1045 4790; x_wconf 91' lang='lat' dir='ltr'><strong>aut</strong></span> <span class='ocrx_word' id='word_1_724' title='bbox 1066 4734 1327 4805; x_wconf 84' lang='lat' dir='ltr'><strong>sequenti,</strong></span> <span class='ocrx_word' id='word_1_725' title='bbox 1359 4734 1531 4789; x_wconf 87' lang='lat' dir='ltr'><strong>idibus</strong></span> <span class='ocrx_word' id='word_1_726' title='bbox 1556 4734 1755 4801; x_wconf 84' lang='lat' dir='ltr'><strong>martii,</strong></span> <span class='ocrx_word' id='word_1_727' title='bbox 1784 4737 2072 4804; x_wconf 83' lang='lat' dir='ltr'><strong>contigisse</strong></span> <span class='ocrx_word' id='word_1_728' title='bbox 2095 4735 2208 4791; x_wconf 78' lang='lat' dir='ltr'><strong>exi-</strong></span> 
     </span>
    </p>
   </div>
   <div class='ocr_carea' id='block_1_94' title="bbox 604 4825 2093 4885">
    <p class='ocr_par' dir='ltr' id='par_1_94' title="bbox 604 4825 2093 4885">
     <span class='ocr_line' id='line_1_94' title="bbox 604 4825 2093 4885; baseline -0.002 -1"><span class='ocrx_word' id='word_1_729' title='bbox 604 4829 910 4885; x_wconf 87' lang='lat' dir='ltr'><strong>stimamus.</strong></span> <span class='ocrx_word' id='word_1_730' title='bbox 1374 4826 1381 4831; x_wconf 73' lang='grc'><em>“</em></span> <span class='ocrx_word' id='word_1_731' title='bbox 1485 4826 1547 4879; x_wconf 88' lang='lat' dir='ltr'><strong>D.</strong></span> <span class='ocrx_word' id='word_1_732' title='bbox 1581 4825 1786 4881; x_wconf 76' lang='lat' dir='ltr'><strong>THEOD.</strong></span> <span class='ocrx_word' id='word_1_733' title='bbox 1822 4826 2093 4881; x_wconf 64' lang='lat' dir='ltr'><strong>Romam.</strong></span> 
     </span>
    </p>
   </div>
   <div class='ocr_carea' id='block_1_95' title="bbox 684 4918 2203 4992">
    <p class='ocr_par' dir='ltr' id='par_1_95' title="bbox 684 4918 2203 4992">
     <span class='ocr_line' id='line_1_95' title="bbox 684 4918 2203 4992; baseline -0.003 -13"><span class='ocrx_word' id='word_1_734' title='bbox 684 4924 750 4979; x_wconf 91' lang='lat' dir='ltr'><strong>V.</strong></span> <span class='ocrx_word' id='word_1_735' title='bbox 811 4920 1189 4992; x_wconf 83' lang='lat' dir='ltr'><strong>lnquirendum</strong></span> <span class='ocrx_word' id='word_1_736' title='bbox 1244 4918 1455 4975; x_wconf 88' lang='lat' dir='ltr'><strong>tandem</strong></span> <span class='ocrx_word' id='word_1_737' title='bbox 1521 4920 1765 4989; x_wconf 89' lang='lat' dir='ltr'><strong>quisnam</strong></span> <span class='ocrx_word' id='word_1_738' title='bbox 1813 4918 1971 4974; x_wconf 88' lang='lat' dir='ltr'><strong>fuerit</strong></span> <span class='ocrx_word' id='word_1_739' title='bbox 2016 4920 2203 4975; x_wconf 87' lang='lat' dir='ltr'><strong>borum</strong></span> 
     </span>
    </p>
   </div>
   <div class='ocr_carea' id='block_1_96' title="bbox 610 5012 2203 5083">
    <p class='ocr_par' dir='ltr' id='par_1_96' title="bbox 610 5012 2203 5083">
     <span class='ocr_line' id='line_1_96' title="bbox 610 5012 2203 5083; baseline -0.003 -11"><span class='ocrx_word' id='word_1_740' title='bbox 610 5020 865 5072; x_wconf 85' lang='lat' dir='ltr'><strong>Actorum</strong></span> <span class='ocrx_word' id='word_1_741' title='bbox 910 5022 1116 5080; x_wconf 81' lang='lat' dir='ltr'><strong>auctor,</strong></span> <span class='ocrx_word' id='word_1_742' title='bbox 1147 5027 1240 5068; x_wconf 91' lang='lat' dir='ltr'><strong>seu</strong></span> <span class='ocrx_word' id='word_1_743' title='bbox 1271 5016 1447 5082; x_wconf 81' lang='lat' dir='ltr'><strong>potius</strong></span> <span class='ocrx_word' id='word_1_744' title='bbox 1492 5012 1750 5068; x_wconf 89' lang='lat' dir='ltr'><strong>collector</strong></span> <span class='ocrx_word' id='word_1_745' title='bbox 1772 5054 1789 5078; x_wconf 91' lang='lat'><strong>,</strong></span> <span class='ocrx_word' id='word_1_746' title='bbox 1822 5029 1985 5083; x_wconf 86' lang='lat' dir='ltr'><strong>quum</strong></span> <span class='ocrx_word' id='word_1_747' title='bbox 2016 5029 2203 5068; x_wconf 88' lang='lat' dir='ltr'><strong>eorum</strong></span> 
     </span>
    </p>
   </div>
   <div class='ocr_carea' id='block_1_97' title="bbox 612 5103 2208 5175">
    <p class='ocr_par' dir='ltr' id='par_1_97' title="bbox 612 5103 2208 5175">
     <span class='ocr_line' id='line_1_97' title="bbox 612 5103 2208 5175; baseline -0.003 -12"><span class='ocrx_word' id='word_1_748' title='bbox 612 5109 899 5163; x_wconf 83' lang='lat' dir='ltr'><strong>maximam</strong></span> <span class='ocrx_word' id='word_1_749' title='bbox 958 5114 1163 5175; x_wconf 87' lang='lat' dir='ltr'><strong>partem</strong></span> <span class='ocrx_word' id='word_1_750' title='bbox 1215 5120 1245 5157; x_wconf 89' lang='lat' dir='ltr'><strong>a</strong></span> <span class='ocrx_word' id='word_1_751' title='bbox 1296 5104 1561 5173; x_wconf 78' lang='lat' dir='ltr'><strong>Perpetua</strong></span> <span class='ocrx_word' id='word_1_752' title='bbox 1611 5103 1906 5158; x_wconf 74' lang='lat' dir='ltr'><strong>et&#39;Saturo</strong></span> <span class='ocrx_word' id='word_1_753' title='bbox 1953 5107 2208 5173; x_wconf 69' lang='lat' dir='ltr'><strong>scriptam</strong></span> 
     </span>
    </p>
   </div>
   <div class='ocr_carea' id='block_1_98' title="bbox 610 5197 2208 5269">
    <p class='ocr_par' dir='ltr' id='par_1_98' title="bbox 610 5197 2208 5269">
     <span class='ocr_line' id='line_1_98' title="bbox 610 5197 2208 5269; baseline -0.001 -12"><span class='ocrx_word' id='word_1_754' title='bbox 610 5204 778 5257; x_wconf 85' lang='lat' dir='ltr'><strong>fuisse</strong></span> <span class='ocrx_word' id='word_1_755' title='bbox 806 5214 966 5256; x_wconf 77' lang='lat' dir='ltr'><strong>nemo</strong></span> <span class='ocrx_word' id='word_1_756' title='bbox 996 5199 1215 5254; x_wconf 87' lang='lat' dir='ltr'><strong>inﬁciari</strong></span> <span class='ocrx_word' id='word_1_757' title='bbox 1242 5199 1437 5269; x_wconf 85' lang='lat' dir='ltr'><strong>possit.</strong></span> <span class='ocrx_word' id='word_1_758' title='bbox 1461 5197 1517 5253; x_wconf 87' lang='lat' dir='ltr'><strong>1d</strong></span> <span class='ocrx_word' id='word_1_759' title='bbox 1540 5214 1673 5268; x_wconf 68' lang='lat' dir='ltr'><strong>onus</strong></span> <span class='ocrx_word' id='word_1_760' title='bbox 1699 5199 2028 5254; x_wconf 87' lang='lat' dir='ltr'><strong>Tertulliano</strong></span> <span class='ocrx_word' id='word_1_761' title='bbox 2053 5202 2208 5255; x_wconf 81' lang='lat' dir='ltr'><strong>attri-</strong></span> 
     </span>
    </p>
   </div>
   <div class='ocr_carea' id='block_1_99' title="bbox 613 5295 2207 5372">
    <p class='ocr_par' dir='ltr' id='par_1_99' title="bbox 613 5295 2207 5372">
     <span class='ocr_line' id='line_1_99' title="bbox 613 5295 2207 5372; baseline 0.001 -20"><span class='ocrx_word' id='word_1_762' title='bbox 613 5299 727 5353; x_wconf 84' lang='lat' dir='ltr'><strong>buit</strong></span> <span class='ocrx_word' id='word_1_763' title='bbox 752 5307 939 5353; x_wconf 78' lang='lat' dir='ltr'><strong>auctor</strong></span> <span class='ocrx_word' id='word_1_764' title='bbox 964 5297 1211 5366; x_wconf 76' lang='lat' dir='ltr'><strong>epistolae</strong></span> <span class='ocrx_word' id='word_1_765' title='bbox 1232 5295 1555 5366; x_wconf 77' lang='lat' dir='ltr'><strong>Biturigibus</strong></span> <span class='ocrx_word' id='word_1_766' title='bbox 1581 5297 1797 5365; x_wconf 67' lang='lat' dir='ltr'><strong>scriptae</strong></span> <span class='ocrx_word' id='word_1_767' title='bbox 1822 5297 1889 5372; x_wconf 79' lang='lat' dir='ltr'><strong>ad</strong></span> <span class='ocrx_word' id='word_1_768' title='bbox 1920 5296 2207 5353; x_wconf 84' lang='lat' dir='ltr'><strong>Henricum</strong></span> 
     </span>
    </p>
   </div>
   <div class='ocr_carea' id='block_1_100' title="bbox 613 5387 2205 5459">
    <p class='ocr_par' dir='ltr' id='par_1_100' title="bbox 613 5387 2205 5459">
     <span class='ocr_line' id='line_1_100' title="bbox 613 5387 2205 5459; baseline 0.002 -15"><span class='ocrx_word' id='word_1_769' title='bbox 613 5389 885 5445; x_wconf 81' lang='lat' dir='ltr'><strong>Valesium</strong></span> <span class='ocrx_word' id='word_1_770' title='bbox 913 5407 924 5443; x_wconf 91' lang='lat'>:</span> <span class='ocrx_word' id='word_1_771' title='bbox 957 5387 1103 5458; x_wconf 75' lang='lat' dir='ltr'><strong>quod</strong></span> <span class='ocrx_word' id='word_1_772' title='bbox 1129 5399 1186 5443; x_wconf 91' lang='lat' dir='ltr'><strong>ut</strong></span> <span class='ocrx_word' id='word_1_773' title='bbox 1216 5389 1483 5459; x_wconf 63' lang='lat' dir='ltr'><strong>probaret,</strong></span> <span class='ocrx_word' id='word_1_774' title='bbox 1514 5388 1721 5444; x_wconf 87' lang='lat' dir='ltr'><strong>collatis</strong></span> <span class='ocrx_word' id='word_1_775' title='bbox 1747 5390 1929 5444; x_wconf 84' lang='lat' dir='ltr'><strong>multis</strong></span> <span class='ocrx_word' id='word_1_776' title='bbox 1950 5393 2205 5448; x_wconf 84' lang='lat' dir='ltr'><strong>Actorum</strong></span> 
     </span>
    </p>
   </div>
   <div class='ocr_carea' id='block_1_101' title="bbox 615 5479 2208 5551">
    <p class='ocr_par' dir='ltr' id='par_1_101' title="bbox 615 5479 2208 5551">
     <span class='ocr_line' id='line_1_101' title="bbox 615 5479 2208 5551; baseline 0.003 -16"><span class='ocrx_word' id='word_1_777' title='bbox 615 5481 748 5537; x_wconf 90' lang='lat' dir='ltr'><strong>locis</strong></span> <span class='ocrx_word' id='word_1_778' title='bbox 780 5495 903 5535; x_wconf 89' lang='lat' dir='ltr'><strong>eum</strong></span> <span class='ocrx_word' id='word_1_779' title='bbox 922 5481 1040 5535; x_wconf 84' lang='lat' dir='ltr'><strong>aliis</strong></span> <span class='ocrx_word' id='word_1_780' title='bbox 1062 5479 1379 5535; x_wconf 81' lang='lat' dir='ltr'><strong>Tertulliani</strong></span> <span class='ocrx_word' id='word_1_781' title='bbox 1404 5481 1679 5551; x_wconf 77' lang='lat' dir='ltr'><strong>operibus,</strong></span> <span class='ocrx_word' id='word_1_782' title='bbox 1706 5482 1934 5536; x_wconf 81' lang='lat' dir='ltr'><strong>ostendit</strong></span> <span class='ocrx_word' id='word_1_783' title='bbox 1961 5484 2208 5541; x_wconf 80' lang='lat' dir='ltr'><strong>eumdem</strong></span> 
     </span>
    </p>
   </div>
   <div class='ocr_carea' id='block_1_102' title="bbox 693 5617 2207 5693">
    <p class='ocr_par' dir='ltr' id='par_1_102' title="bbox 693 5617 2207 5693">
     <span class='ocr_line' id='line_1_102' title="bbox 693 5617 2207 5693; baseline 0.001 -18"><span class='ocrx_word' id='word_1_784' title='bbox 693 5618 952 5693; x_wconf 21' lang='lat' dir='ltr'><strong>(|)”Vicl.</strong></span> <span class='ocrx_word' id='word_1_785' title='bbox 985 5618 1201 5693; x_wconf 61' lang='lat' dir='ltr'><strong>\’_it.,o&#39;c</strong></span> <span class='ocrx_word' id='word_1_786' title='bbox 1221 5618 1482 5693; x_wconf 66' lang='lat' dir='ltr'><strong>Ptrsccut.</strong></span> <span class='ocrx_word' id='word_1_787' title='bbox 1514 5617 1757 5687; x_wconf 81' lang='lat' dir='ltr'><strong>VandaL,</strong></span> <span class='ocrx_word' id='word_1_788' title='bbox 1789 5620 1883 5676; x_wconf 85' lang='lat' dir='ltr'><strong>lib.</strong></span> <span class='ocrx_word' id='word_1_789' title='bbox 1906 5637 1956 5685; x_wconf 71' lang='lat' dir='ltr'><strong>‘t,</strong></span> <span class='ocrx_word' id='word_1_790' title='bbox 1983 5637 2099 5693; x_wconf 81' lang='lat' dir='ltr'><strong>cap.</strong></span> <span class='ocrx_word' id='word_1_791' title='bbox 2135 5638 2207 5692; x_wconf 80' lang='grc' dir='ltr'>ιιι,</span> 
     </span>
    </p>
   </div>
   <div class='ocr_carea' id='block_1_103' title="bbox 619 5690 1377 5764">
    <p class='ocr_par' dir='ltr' id='par_1_103' title="bbox 619 5690 1377 5764">
     <span class='ocr_line' id='line_1_103' title="bbox 619 5690 1377 5764; baseline -0.001 -20"><span class='ocrx_word' id='word_1_792' title='bbox 619 5690 825 5764; x_wconf 47' lang='grc' dir='ltr'><strong>ρπεςςῦ,</strong></span> <span class='ocrx_word' id='word_1_793' title='bbox 852 5692 997 5764; x_wconf 85' lang='lat' dir='ltr'><strong>edit._</strong></span> <span class='ocrx_word' id='word_1_794' title='bbox 1017 5691 1187 5746; x_wconf 78' lang='lat' dir='ltr'><strong>Paris.</strong></span> <span class='ocrx_word' id='word_1_795' title='bbox 1221 5690 1377 5744; x_wconf 62' lang='grc'><strong>1691.</strong></span> 
     </span>
    </p>
   </div>
   <div class='ocr_carea' id='block_1_104' title="bbox 674 5707 1633 5835">
    <p class='ocr_par' dir='ltr' id='par_1_104' title="bbox 674 5707 1633 5835">
     <span class='ocr_line' id='line_1_104' title="bbox 674 5707 1377 5759; baseline 0 -16"><span class='ocrx_word' id='word_1_796' title='bbox 674 5709 681 5743; x_wconf 91' lang='lat' dir='ltr'><strong>l</strong></span> <span class='ocrx_word' id='word_1_797' title='bbox 727 5733 737 5741; x_wconf 92' lang='lat'><strong>.</strong></span> <span class='ocrx_word' id='word_1_798' title='bbox 773 5707 825 5759; x_wconf 74' lang='grc' dir='ltr'><strong>ο,</strong></span> <span class='ocrx_word' id='word_1_799' title='bbox 852 5707 981 5746; x_wconf 86' lang='lat' dir='ltr'><strong>eou.</strong></span> <span class='ocrx_word' id='word_1_800' title='bbox 1017 5707 1187 5746; x_wconf 78' lang='lat' dir='ltr'><strong>l&#39;:ll‘l5.</strong></span> <span class='ocrx_word' id='word_1_801' title='bbox 1221 5707 1377 5744; x_wconf 59' lang='lat' dir='ltr'><strong>usus.</strong></span> 
     </span>
     <span class='ocr_line' id='line_1_105' title="bbox 674 5707 1633 5835; baseline 0 -18"><span class='ocrx_word' id='word_1_802' title='bbox 674 5707 766 5835; x_wconf 52' lang='lat' dir='ltr'><strong>f2)</strong></span> <span class='ocrx_word' id='word_1_803' title='bbox 809 5764 935 5817; x_wconf 78' lang='lat' dir='ltr'><strong>Acta</strong></span> <span class='ocrx_word' id='word_1_804' title='bbox 967 5759 1229 5829; x_wconf 57' lang='grc' dir='ltr'><strong>Ρηδδῑυιιη</strong></span> <span class='ocrx_word' id='word_1_805' title='bbox 1263 5770 1367 5817; x_wconf 81' lang='lat' dir='ltr'><strong>etc.</strong></span> <span class='ocrx_word' id='word_1_806' title='bbox 1400 5774 1518 5832; x_wconf 85' lang='lat' dir='ltr'><strong>cap.</strong></span> <span class='ocrx_word' id='word_1_807' title='bbox 1553 5759 1633 5817; x_wconf 81' lang='grc'><strong>16.</strong></span> 
     </span>
    </p>
   </div>
   <div class='ocr_carea' id='block_1_105' title="bbox 2308 4625 3907 4699">
    <p class='ocr_par' dir='ltr' id='par_1_105' title="bbox 2308 4625 3907 4699">
     <span class='ocr_line' id='line_1_106' title="bbox 2308 4625 3907 4699; baseline 0.003 -19"><span class='ocrx_word' id='word_1_808' title='bbox 2308 4625 2606 4694; x_wconf 72' lang='grc' dir='ltr'><strong>ειψίοῐιιίίυ,</strong></span> <span class='ocrx_word' id='word_1_809' title='bbox 2630 4625 2748 4679; x_wconf 88' lang='lat' dir='ltr'><strong>aliis</strong></span> <span class='ocrx_word' id='word_1_810' title='bbox 2775 4626 2877 4680; x_wconf 87' lang='lat' dir='ltr'><strong>alia</strong></span> <span class='ocrx_word' id='word_1_811' title='bbox 2896 4626 3058 4692; x_wconf 85' lang='lat' dir='ltr'><strong>dona,</strong></span> <span class='ocrx_word' id='word_1_812' title='bbox 3087 4644 3203 4699; x_wconf 76' lang='lat' dir='ltr'><strong>qua:</strong></span> <span class='ocrx_word' id='word_1_813' title='bbox 3233 4629 3443 4684; x_wconf 85' lang='lat' dir='ltr'><strong>laudato</strong></span> <span class='ocrx_word' id='word_1_814' title='bbox 3468 4628 3639 4684; x_wconf 73' lang='lat' dir='ltr'><strong>Joelis</strong></span> <span class='ocrx_word' id='word_1_815' title='bbox 3663 4629 3907 4685; x_wconf 75' lang='lat' dir='ltr'><strong>testim-</strong></span> 
     </span>
    </p>
   </div>
   <div class='ocr_carea' id='block_1_106' title="bbox 2307 4717 3704 4789">
    <p class='ocr_par' dir='ltr' id='par_1_106' title="bbox 2307 4717 3704 4789">
     <span class='ocr_line' id='line_1_107' title="bbox 2307 4717 3704 4789; baseline 0.005 -20"><span class='ocrx_word' id='word_1_816' title='bbox 2307 4717 2397 4769; x_wconf 87' lang='lat' dir='ltr'><strong>nio</strong></span> <span class='ocrx_word' id='word_1_817' title='bbox 2419 4717 2775 4785; x_wconf 80' lang='lat' dir='ltr'><strong>praenuntiata</strong></span> <span class='ocrx_word' id='word_1_818' title='bbox 2802 4730 2856 4773; x_wconf 90' lang='lat' dir='ltr'><strong>et</strong></span> <span class='ocrx_word' id='word_1_819' title='bbox 2886 4718 3147 4789; x_wconf 78' lang='lat' dir='ltr'><strong>premissa</strong></span> <span class='ocrx_word' id='word_1_820' title='bbox 3175 4720 3339 4776; x_wconf 88' lang='lat' dir='ltr'><strong>fuisse</strong></span> <span class='ocrx_word' id='word_1_821' title='bbox 3365 4728 3571 4775; x_wconf 89' lang='lat' dir='ltr'><strong>certum</strong></span> <span class='ocrx_word' id='word_1_822' title='bbox 3600 4731 3704 4776; x_wconf 90' lang='lat' dir='ltr'><strong>est.</strong></span> 
     </span>
    </p>
   </div>
   <div class='ocr_carea' id='block_1_107' title="bbox 2380 4805 3908 4882">
    <p class='ocr_par' dir='ltr' id='par_1_107' title="bbox 2380 4805 3908 4882">
     <span class='ocr_line' id='line_1_108' title="bbox 2380 4805 3908 4882; baseline 0.001 -19"><span class='ocrx_word' id='word_1_823' title='bbox 2380 4805 2492 4863; x_wconf 88' lang='lat' dir='ltr'><strong>VII.</strong></span> <span class='ocrx_word' id='word_1_824' title='bbox 2522 4808 2648 4875; x_wconf 86' lang='lat' dir='ltr'><strong>Sed,</strong></span> <span class='ocrx_word' id='word_1_825' title='bbox 2674 4823 2743 4864; x_wconf 91' lang='lat' dir='ltr'><strong>ne</strong></span> <span class='ocrx_word' id='word_1_826' title='bbox 2760 4809 3002 4866; x_wconf 87' lang='lat' dir='ltr'><strong>fortassis</strong></span> <span class='ocrx_word' id='word_1_827' title='bbox 3022 4812 3229 4882; x_wconf 83' lang='lat' dir='ltr'><strong>aliquos</strong></span> <span class='ocrx_word' id='word_1_828' title='bbox 3255 4821 3503 4868; x_wconf 86' lang='lat' dir='ltr'><strong>moveant</strong></span> <span class='ocrx_word' id='word_1_829' title='bbox 3527 4812 3759 4868; x_wconf 85' lang='lat' dir='ltr'><strong>auctoris</strong></span> <span class='ocrx_word' id='word_1_830' title='bbox 3772 4825 3908 4881; x_wconf 66' lang='lat' dir='ltr'><strong>prce-</strong></span> 
     </span>
    </p>
   </div>
   <div class='ocr_carea' id='block_1_108' title="bbox 2305 4900 3900 4975">
    <p class='ocr_par' dir='ltr' id='par_1_108' title="bbox 2305 4900 3900 4975">
     <span class='ocr_line' id='line_1_109' title="bbox 2305 4900 3900 4975; baseline 0.001 -20"><span class='ocrx_word' id='word_1_831' title='bbox 2305 4900 2524 4956; x_wconf 88' lang='lat' dir='ltr'><strong>fationis</strong></span> <span class='ocrx_word' id='word_1_832' title='bbox 2552 4902 2731 4968; x_wconf 87' lang='lat' dir='ltr'><strong>verba,</strong></span> <span class='ocrx_word' id='word_1_833' title='bbox 2766 4903 2859 4973; x_wconf 88' lang='lat' dir='ltr'><strong>qui</strong></span> <span class='ocrx_word' id='word_1_834' title='bbox 2882 4918 2972 4959; x_wconf 89' lang='lat' dir='ltr'><strong>eas</strong></span> <span class='ocrx_word' id='word_1_835' title='bbox 2994 4904 3228 4959; x_wconf 81' lang='lat' dir='ltr'><strong>visiones</strong></span> <span class='ocrx_word' id='word_1_836' title='bbox 3253 4905 3404 4975; x_wconf 83' lang='lat' dir='ltr'><strong>quasi</strong></span> <span class='ocrx_word' id='word_1_837' title='bbox 3445 4904 3703 4959; x_wconf 89' lang='lat' dir='ltr'><strong>divinitus</strong></span> <span class='ocrx_word' id='word_1_838' title='bbox 3733 4903 3900 4974; x_wconf 83' lang='lat' dir='ltr'><strong>inspi-</strong></span> 
     </span>
    </p>
   </div>
   <div class='ocr_carea' id='block_1_109' title="bbox 2311 4995 3921 5068">
    <p class='ocr_par' dir='ltr' id='par_1_109' title="bbox 2311 4995 3921 5068">
     <span class='ocr_line' id='line_1_110' title="bbox 2311 4995 3921 5068; baseline 0.001 -18"><span class='ocrx_word' id='word_1_839' title='bbox 2311 5007 2453 5050; x_wconf 79' lang='lat' dir='ltr'><strong>ratas</strong></span> <span class='ocrx_word' id='word_1_840' title='bbox 2480 4996 2678 5064; x_wconf 86' lang='lat' dir='ltr'><strong>laudat,</strong></span> <span class='ocrx_word' id='word_1_841' title='bbox 2711 5012 2772 5052; x_wconf 86' lang='lat' dir='ltr'><strong>ea</strong></span> <span class='ocrx_word' id='word_1_842' title='bbox 2803 4996 2870 5053; x_wconf 89' lang='lat' dir='ltr'><strong>de</strong></span> <span class='ocrx_word' id='word_1_843' title='bbox 2896 5014 2955 5053; x_wconf 91' lang='lat' dir='ltr'><strong>re</strong></span> <span class='ocrx_word' id='word_1_844' title='bbox 2981 4996 3279 5052; x_wconf 86' lang='lat' dir='ltr'><strong>audiendus</strong></span> <span class='ocrx_word' id='word_1_845' title='bbox 3304 5011 3383 5054; x_wconf 89' lang='lat' dir='ltr'><strong>est</strong></span> <span class='ocrx_word' id='word_1_846' title='bbox 3415 4997 3767 5068; x_wconf 69' lang='lat' dir='ltr'><strong>Augustinus,</strong></span> <span class='ocrx_word' id='word_1_847' title='bbox 3794 4995 3921 5065; x_wconf 79' lang='lat' dir='ltr'><strong>qui,-</strong></span> 
     </span>
    </p>
   </div>
   <div class='ocr_carea' id='block_1_110' title="bbox 2311 5090 3905 5161">
    <p class='ocr_par' dir='ltr' id='par_1_110' title="bbox 2311 5090 3905 5161">
     <span class='ocr_line' id='line_1_111' title="bbox 2311 5090 3905 5161; baseline -0.001 -17"><span class='ocrx_word' id='word_1_848' title='bbox 2311 5090 2436 5147; x_wconf 90' lang='lat' dir='ltr'><strong>licet</strong></span> <span class='ocrx_word' id='word_1_849' title='bbox 2457 5092 2748 5161; x_wconf 80' lang='lat' dir='ltr'><strong>expressis,</strong></span> <span class='ocrx_word' id='word_1_850' title='bbox 2777 5101 2834 5147; x_wconf 92' lang='lat' dir='ltr'><strong>ut</strong></span> <span class='ocrx_word' id='word_1_851' title='bbox 2854 5092 3022 5159; x_wconf 86' lang='lat' dir='ltr'><strong>aiunt,</strong></span> <span class='ocrx_word' id='word_1_852' title='bbox 3049 5092 3346 5147; x_wconf 87' lang='lat' dir='ltr'><strong>verbis-has</strong></span> <span class='ocrx_word' id='word_1_853' title='bbox 3371 5091 3649 5161; x_wconf 74' lang='lat' dir='ltr'><strong>Perpetua:</strong></span> <span class='ocrx_word' id='word_1_854' title='bbox 3675 5090 3905 5144; x_wconf 86' lang='lat' dir='ltr'><strong>visiones</strong></span> 
     </span>
    </p>
   </div>
   <div class='ocr_carea' id='block_1_111' title="bbox 2309 5178 3913 5256">
    <p class='ocr_par' dir='ltr' id='par_1_111' title="bbox 2309 5178 3913 5256">
     <span class='ocr_line' id='line_1_112' title="bbox 2309 5178 3913 5256; baseline -0.002 -18"><span class='ocrx_word' id='word_1_855' title='bbox 2309 5199 2337 5238; x_wconf 87' lang='lat' dir='ltr'><strong>a</strong></span> <span class='ocrx_word' id='word_1_856' title='bbox 2369 5199 2575 5239; x_wconf 91' lang='lat' dir='ltr'><strong>canone</strong></span> <span class='ocrx_word' id='word_1_857' title='bbox 2602 5184 2998 5255; x_wconf 82' lang='lat' dir='ltr'><strong>Scripturarum</strong></span> <span class='ocrx_word' id='word_1_858' title='bbox 3019 5178 3266 5239; x_wconf 82' lang='lat' dir='ltr'><strong>excludat</strong></span> <span class='ocrx_word' id='word_1_859' title='bbox 3294 5185 3404 5256; x_wconf 81' lang='lat'>(&#39;5),</span> <span class='ocrx_word' id='word_1_860' title='bbox 3437 5200 3530 5240; x_wconf 87' lang='lat' dir='ltr'><strong>eas</strong></span> <span class='ocrx_word' id='word_1_861' title='bbox 3572 5197 3747 5240; x_wconf 88' lang='lat' dir='ltr'><strong>tamen</strong></span> <span class='ocrx_word' id='word_1_862' title='bbox 3781 5201 3799 5235; x_wconf 76' lang='grc' dir='ltr'><strong>ι</strong></span> <span class='ocrx_word' id='word_1_863' title='bbox 3831 5181 3913 5236; x_wconf 86' lang='lat' dir='ltr'><strong>di-</strong></span> 
     </span>
    </p>
   </div>
   <div class='ocr_carea' id='block_1_112' title="bbox 2310 5275 3914 5347">
    <p class='ocr_par' dir='ltr' id='par_1_112' title="bbox 2310 5275 3914 5347">
     <span class='ocr_line' id='line_1_113' title="bbox 2310 5275 3914 5347; baseline 0 -18"><span class='ocrx_word' id='word_1_864' title='bbox 2310 5276 2466 5333; x_wconf 82' lang='lat' dir='ltr'><strong>vinas.</strong></span> <span class='ocrx_word' id='word_1_865' title='bbox 2482 5277 2864 5332; x_wconf 67' lang='lat' dir='ltr'><strong>revelationes»</strong></span> <span class='ocrx_word' id='word_1_866' title='bbox 2889 5277 3142 5347; x_wconf 87' lang='lat' dir='ltr'><strong>appellat,</strong></span> <span class='ocrx_word' id='word_1_867' title='bbox 3159 5286 3317 5347; x_wconf 87' lang='lat' dir='ltr'><strong>atque</strong></span> <span class='ocrx_word' id='word_1_868' title='bbox 3339 5293 3368 5331; x_wconf 90' lang='lat' dir='ltr'><strong>a</strong></span> <span class='ocrx_word' id='word_1_869' title='bbox 3393 5276 3640 5333; x_wconf 87' lang='lat' dir='ltr'><strong>ﬁdelibus</strong></span> <span class='ocrx_word' id='word_1_870' title='bbox 3654 5275 3914 5346; x_wconf 83' lang='lat' dir='ltr'><strong>religione</strong></span> 
     </span>
    </p>
   </div>
   <div class='ocr_carea' id='block_1_113' title="bbox 2312 5360 3912 5445">
    <p class='ocr_par' dir='ltr' id='par_1_113' title="bbox 2312 5360 3912 5445">
     <span class='ocr_line' id='line_1_114' title="bbox 2312 5360 3912 5445; baseline -0.003 -19"><span class='ocrx_word' id='word_1_871' title='bbox 2312 5373 2656 5428; x_wconf 88' lang='lat' dir='ltr'><strong>honorandas</strong></span> <span class='ocrx_word' id='word_1_872' title='bbox 2703 5374 2894 5428; x_wconf 85' lang='lat' dir='ltr'><strong>asserit</strong></span> <span class='ocrx_word' id='word_1_873' title='bbox 2938 5372 3039 5445; x_wconf 74' lang='grc'>(4).</span> <span class='ocrx_word' id='word_1_874' title='bbox 3095 5391 3113 5424; x_wconf 72' lang='grc' dir='ltr'><strong>ι</strong></span> <span class='ocrx_word' id='word_1_875' title='bbox 3170 5360 3585 5431; x_wconf 76' lang='lat' dir='ltr'><strong>Exhortationes</strong></span> <span class='ocrx_word' id='word_1_876' title='bbox 3628 5386 3849 5436; x_wconf 85' lang='lat' dir='ltr'><strong>earum,</strong></span> <span class='ocrx_word' id='word_1_877' title='bbox 3889 5387 3912 5423; x_wconf 75' lang='grc' dir='ltr'><strong>ι</strong></span> 
     </span>
    </p>
   </div>
   <div class='ocr_carea' id='block_1_114' title="bbox 2321 5463 3913 5538">
    <p class='ocr_par' dir='ltr' id='par_1_114' title="bbox 2321 5463 3913 5538">
     <span class='ocr_line' id='line_1_115' title="bbox 2321 5463 3913 5538; baseline 0.001 -21"><span class='ocrx_word' id='word_1_878' title='bbox 2321 5465 2488 5536; x_wconf 89' lang='lat' dir='ltr'><strong>inquit</strong></span> <span class='ocrx_word' id='word_1_879' title='bbox 2517 5464 2815 5535; x_wconf 77' lang='lat' dir='ltr'><strong>(Perpetua:</strong></span> <span class='ocrx_word' id='word_1_880' title='bbox 2842 5474 2895 5521; x_wconf 93' lang='lat' dir='ltr'><strong>ct</strong></span> <span class='ocrx_word' id='word_1_881' title='bbox 2917 5464 3262 5538; x_wconf 81' lang='lat' dir='ltr'><strong>Felicitatis),-</strong></span> <span class='ocrx_word' id='word_1_882' title='bbox 3304 5488 3322 5520; x_wconf 85' lang='grc' dir='ltr'><strong>ι</strong></span> <span class='ocrx_word' id='word_1_883' title='bbox 3354 5469 3406 5522; x_wconf 90' lang='lat' dir='ltr'><strong>in</strong></span> <span class='ocrx_word' id='word_1_884' title='bbox 3435 5466 3618 5521; x_wconf 74' lang='lat' dir='ltr'><strong>divinis</strong></span> <span class='ocrx_word' id='word_1_885' title='bbox 3644 5463 3913 5519; x_wconf 76' lang='lat' dir='ltr'><strong>reuelatio-</strong></span> 
     </span>
    </p>
   </div>
   <div class='ocr_carea' id='block_1_115' title="bbox 2401 5620 3919 5697">
    <p class='ocr_par' dir='ltr' id='par_1_115' title="bbox 2401 5620 3919 5697">
     <span class='ocr_line' id='line_1_116' title="bbox 2401 5620 3919 5697; baseline 0 -20"><span class='ocrx_word' id='word_1_886' title='bbox 2401 5623 2479 5697; x_wconf 78' lang='lat'><strong>(3)</strong></span> <span class='ocrx_word' id='word_1_887' title='bbox 2510 5627 2652 5697; x_wconf 76' lang='lat' dir='ltr'><strong>Aug.</strong></span> <span class='ocrx_word' id='word_1_888' title='bbox 2693 5623 2830 5697; x_wconf 83' lang='lat' dir='ltr'><strong>lih._t</strong></span> <span class='ocrx_word' id='word_1_889' title='bbox 2861 5624 2923 5679; x_wconf 84' lang='lat' dir='ltr'><strong>de</strong></span> <span class='ocrx_word' id='word_1_890' title='bbox 2964 5624 3132 5679; x_wconf 77' lang='lat' dir='ltr'><strong>Anim.</strong></span> <span class='ocrx_word' id='word_1_891' title='bbox 3162 5635 3210 5680; x_wconf 83' lang='lat' dir='ltr'><strong>et</strong></span> <span class='ocrx_word' id='word_1_892' title='bbox 3232 5625 3362 5697; x_wconf 56' lang='lat' dir='ltr'><strong>ejus</strong></span> <span class='ocrx_word' id='word_1_893' title='bbox 3390 5621 3576 5693; x_wconf 81' lang='lat' dir='ltr'><strong>origin.</strong></span> <span class='ocrx_word' id='word_1_894' title='bbox 3608 5621 3678 5697; x_wconf 65' lang='lat' dir='ltr'><strong>ad</strong></span> <span class='ocrx_word' id='word_1_895' title='bbox 3706 5620 3919 5697; x_wconf 38' lang='lat' dir='ltr'><strong>Renatr,</strong></span> 
     </span>
    </p>
   </div>
   <div class='ocr_carea' id='block_1_116' title="bbox 2318 5692 3922 5765">
    <p class='ocr_par' dir='ltr' id='par_1_116' title="bbox 2318 5692 3922 5765">
     <span class='ocr_line' id='line_1_117' title="bbox 2318 5692 3922 5765; baseline -0.002 -13"><span class='ocrx_word' id='word_1_896' title='bbox 2318 5692 2431 5765; x_wconf 70' lang='lat' dir='ltr'><strong>Cap.</strong></span> <span class='ocrx_word' id='word_1_897' title='bbox 2462 5692 2551 5758; x_wconf 46' lang='grc'><strong>⁷10,</strong></span> <span class='ocrx_word' id='word_1_898' title='bbox 2582 5692 2727 5750; x_wconf 78' lang='lat' dir='ltr'><strong>num.</strong></span> <span class='ocrx_word' id='word_1_899' title='bbox 2760 5694 2842 5763; x_wconf 56' lang='grc' dir='ltr'><strong>ιε,</strong></span> <span class='ocrx_word' id='word_1_900' title='bbox 2868 5706 2923 5751; x_wconf 88' lang='lat' dir='ltr'><strong>et</strong></span> <span class='ocrx_word' id='word_1_901' title='bbox 2954 5697 3043 5751; x_wconf 82' lang='lat' dir='ltr'><strong>lib.</strong></span> <span class='ocrx_word' id='word_1_902' title='bbox 3076 5704 3149 5760; x_wconf 70' lang='grc' dir='ltr'>ιιι,</span> <span class='ocrx_word' id='word_1_903' title='bbox 3171 5696 3238 5749; x_wconf 82' lang='lat' dir='ltr'><strong>ad</strong></span> <span class='ocrx_word' id='word_1_904' title='bbox 3271 5692 3531 5759; x_wconf 59' lang='lat' dir='ltr'><strong>Vincam,</strong></span> <span class='ocrx_word' id='word_1_905' title='bbox 3565 5708 3614 5749; x_wconf 86' lang='lat' dir='ltr'><strong>c.</strong></span> <span class='ocrx_word' id='word_1_906' title='bbox 3646 5694 3710 5760; x_wconf 89' lang='lat'><strong>9,</strong></span> <span class='ocrx_word' id='word_1_907' title='bbox 3744 5710 3797 5748; x_wconf 85' lang='grc' dir='ltr'>ιι.</span> <span class='ocrx_word' id='word_1_908' title='bbox 3837 5694 3922 5749; x_wconf 69' lang='grc'><strong>12.</strong></span> 
     </span>
    </p>
   </div>
   <div class='ocr_carea' id='block_1_117' title="bbox 2397 5765 3928 5843">
    <p class='ocr_par' dir='ltr' id='par_1_117' title="bbox 2397 5765 3928 5843">
     <span class='ocr_line' id='line_1_118' title="bbox 2397 5765 3928 5843; baseline 0.005 -23"><span class='ocrx_word' id='word_1_909' title='bbox 2397 5770 2473 5843; x_wconf 73' lang='grc'>(4)</span> <span class='ocrx_word' id='word_1_910' title='bbox 2500 5766 2597 5834; x_wconf 86' lang='lat' dir='ltr'><strong>ld.,</strong></span> <span class='ocrx_word' id='word_1_911' title='bbox 2632 5766 2801 5822; x_wconf 81' lang='lat' dir='ltr'><strong>Serm.</strong></span> <span class='ocrx_word' id='word_1_912' title='bbox 2829 5784 2866 5838; x_wconf 71' lang='grc' dir='ltr'>ι,</span> <span class='ocrx_word' id='word_1_913' title='bbox 2896 5782 3017 5825; x_wconf 81' lang='lat' dir='ltr'><strong>nov.</strong></span> <span class='ocrx_word' id='word_1_914' title='bbox 3047 5766 3175 5824; x_wconf 84' lang='lat' dir='ltr'><strong>edit.</strong></span> <span class='ocrx_word' id='word_1_915' title='bbox 3205 5765 3330 5839; x_wconf 75' lang='grc'><strong>280,</strong></span> <span class='ocrx_word' id='word_1_916' title='bbox 3364 5775 3494 5823; x_wconf 87' lang='lat' dir='ltr'><strong>tom.</strong></span> <span class='ocrx_word' id='word_1_917' title='bbox 3529 5782 3582 5838; x_wconf 87' lang='lat' dir='ltr'><strong>v,</strong></span> <span class='ocrx_word' id='word_1_918' title='bbox 3607 5780 3726 5840; x_wconf 84' lang='lat' dir='ltr'><strong>pag.</strong></span> <span class='ocrx_word' id='word_1_919' title='bbox 3764 5765 3928 5828; x_wconf 64' lang='grc'><strong>1154.</strong></span> 
     </span>
    </p>
   </div>
  </div>
