4242 6270
307 366 379 434 i'5
1236 373 1471 437 PASSIO
1508 377 1607 436 SS.
1648 369 2038 435 PERPETUIE
2077 373 2163 431 ΕΤ
2200 370 2645 435 FELICITATIS.
3548 374 3620 438 H

311 492 906 566 iiibns,triumpliosque
922 492 1233 564 passionum
1265 495 1730 565 cumlegerentur.
1763 484 1917 548 audi-
1944 495 1997 553 Α
2026 499 2130 546 tur.
2162 490 2525 547 Memorantur
2557 500 2817 560 prmterea
2847 504 3032 547 earum
3070 492 3286 548 nomina
3319 491 3372 547 in
3408 506 3617 549 canone

311 588 528 654 vimus;
570 602 740 659 eaque
790 585 968 643 omnia
1018 588 1307 643 verborum
1339 574 1544 659 digbsta
1573 599 1625 645 et
1651 589 1914 644 illustrata

312 682 605 736 luminibus
629 694 758 736 aure
792 679 1150 749 percepimus,
1177 689 1355 735 mente
1382 682 1761 749 spectavimus,
1791 681 1916 749 reli-

310 774 473 844 gione
492 766 1167 835 honoravimus,charitate
1197 770 1544 826 laudavimus.
1578 791 1595 824 ι
1636 768 1707 828 De
1729 770 1915 827 iisdem

311 864 606 920 visionibus
633 862 873 934 pluribus
900 860 1017 917 aliis
1042 863 1092 915 in
1122 862 1253 917 locis
1274 863 1383 933 agit
1412 863 1755 933 Augustinus,
1783 866 1917 933 quas

311 961 363 1014 in
396 958 625 1012 ecclesia
654 956 867 1026 publice
891 956 1057 1011 lectas
1089 953 1251 1010 fuisse
1279 954 1503 1011 testatur
1532 954 1629 1027 (l).
1664 954 1768 1010 Sed
1801 966 1917 1009 tau-

310 1048 456 1115 dem,
491 1056 547 1103 ut
574 1062 680 1103 uno
708 1046 872 1101 verbo
901 1062 1015 1101 rem
1044 1044 1343 1108 coiiﬁciam,
1374 1059 1473 1115 qua
1505 1047 1711 1101 ratione
1740 1046 1916 1100 haere-

315 1140 457 1195 ticus
484 1147 539 1195 et
565 1138 801 1194 Montani
827 1128 1082 1204 sectator,
1124 1132 1190 1191 ad
1222 1136 1655 1201 communionem
1683 1151 1803 1192 cum
1834 1136 1917 1193 his

312 1229 527 1286 feminis
553 1228 873 1285 sermndam
901 1238 1029 1283 suos
1055 1226 1455 1293 adhortaretur,
1488 1241 1621 1298 quas
1651 1228 1705 1283 in
1728 1226 1914 1283 catho-

311 1322 537 1381 licorum
554 1336 690 1393 quos
712 1321 1001 1394 Psyc‘hicos
1019 1319 1301 1383 roca'bant,
1323 1322 1703 1375 communione
1719 1318 1918 1377 obiisse‘

312 1414 600 1471 Sciebant?
628 1413 738 1469 Nec
776 1412 827 1468 id
858 1423 1103 1484 poterant
1144 1415 1390 1485 ignorare
1439 1413 1474 1469 ii
1516 1410 1581 1468 ad
1626 1427 1762 1484 quos
1805 1414 1919 1469 haec

314 1512 501 1564 au'ctor
530 1508 803 1565 scribebat
832 1550 847 1574 ,
870 1506 1133 1579 siquidem
1162 1523 1257 1563 eos
1283 1509 1370 1578 qui
1398 1509 1656 1581 martyrio
1684 1523 1921 1579 praesen-

315 1611 400 1658 tes
423 1600 648 1667 fuerant,
681 1600 1009 1671 alloquitur:
1040 1596 1492 1665 (Annuntiamus,
1526 1602 1715 1670 inquit,
1746 1601 1917 1669 vobis,

316 1693 510 1749 fratres
530 1700 585 1749 et
607 1693 776 1759 filioli,
808 1703 862 1747 ut
889 1702 945 1749 et
975 1706 1071 1748 vos
1102 1693 1188 1763 qui
1221 1692 1556 1759 interl‘uistis,
1589 1709 1918 1749 rememore-

317 1785 447 1839 mini
485 1785 668 1855 gloria:
714 1783 955 1847 Domini,
999 1791 1103 1837 etc.
1147 1802 1165 1835 ι
1215 1782 1319 1838 Sed
1365 1784 1433 1838 de
1475 1783 1561 1837 his
1599 1785 1748 1838 satis.
1800 1783 1919 1839 .lam

2020 583 2195 640 Missae
2232 585 2509 651 Romanae,
2544 584 2595 639 in
2627 585 2987 640 vetustissimo
3017 585 3447 642 Sacramentario
3488 586 3621 642 Gai-

2020 674 2229 757 l_icano,
2275 678 2416 750 quod
2487 676 2656 732 edidit
2724 687 2907 733 noster
2971 678 3329 735 Mabillunius.
3377 680 3509 735 Item
3562 681 3621 737 in

2020 783 2228 825 canone
2272 769 2447 825 Missa}
2496 770 2910 825 Sacramentarii
2961 770 3321 841 Gregoriani,
3376 774 3618 844 quamvis

2022 861 2210 919 harum
2232 875 2538 919 sanctarum
2569 864 2826 919 festivitas
2856 866 2993 919 inter
3012 866 3141 918 alias
3171 866 3239 919 ibi
3272 877 3481 921 notatas
3508 882 3619 922 non

2022 940 2313 1019 habeatur,
2348 944 2488 1026 quod
2534 952 2778 1010 fortassis
2815 970 2874 1009 ea
2922 966 3159 1025 tempore
3188 940 3620 1029 Quadragesitnzc

2021 1046 2317 1117 contingat.
2351 1047 2514 1102 Abest
2540 1047 2697 1102 etiam
2722 1063 2749 1100 a
2781 1040 3144 1102 vetustissimo
3171 1047 3480 1103 kalendario
3509 1048 3619 1101 Ma-

2022 1132 2316 1195 billoniauo
2336 1140 2578 1196 ecclesia:
2596 1141 2859 1195 Africana:
2885 1156 2897 1194 :
2923 1140 3037 1206 sed,
3062 1156 3222 1211 quum
3242 1158 3305 1197 ex
3325 1124 3622 1211 Augustino

2021 1243 2227 1288 certum
2261 1234 2330 1288 sit
2368 1224 2556 1288 earum
2588 1226 2930 1289 festivitatem
2953 1232 3069 1301 eius
3102 1242 3345 1301 tempore
3373 1233 3622 1311 celebra-

2024 1336 2129 1380 tam
2162 1326 2367 1393 fuisse,
2399 1323 2682 1398 dicendum
2714 1325 2876 1397 quod,
2910 1325 2953 1379 si
2983 1325 3031 1378 in
3064 1340 3129 1380 eo
3155 1323 3623 1379 Tuburbilanarum

2024 1419 2240 1473 nomine
2263 1434 2369 1473 non
2398 1418 2761 1489 designentur,
2802 1398 3165 1472 kalendarium
3190 1416 3329 1473 istud
3354 1419 3626 1488 integrum

2026 1533 2132 1572 non
2160 1519 2261 1576 sit.
2295 1517 2345 1570 in
2377 1529 2483 1586 quo
2534 1529 2721 1569 revera
2778 1511 3032 1567 februarii
3084 1512 3199 1566 dies
3237 1511 3518 1567 duodecim
3561 1528 3627 1569 ac

2025 1612 2246 1666 martius
2274 1621 2327 1667 et
2373 1610 2560 1679 aprilis
2591 1621 2803 1663 menses
2826 1606 3018 1678 integri
3047 1605 3438 1660 desiderantur.
3471 1604 3626 1670 Quod

2024 1712 2204 1758 autem
2226 1718 2408 1758 earum
2429 1702 2686 1757 festivitas
2702 1698 2861 1754 etiam
2883 1697 3069 1768 primis
3091 1697 3420 1767 temporibus
3440 1696 3627 1751 Roma:

2024 1796 2292 1852 celebrata
2324 1792 2501 1856 fuerit,
2528 1800 2671 1862 patet
2699 1805 2762 1845 ex
2788 1788 2988 1844 missali
3017 1787 3214 1843 Gelasii
3241 1796 3295 1843 et
3318 1802 3385 1843 ex
3406 1788 3630 1857 antiquo

315 1876 499 1947 paucis
518 1875 586 1931 de
608 1868 715 1930 illis
736 1886 856 1945 qua:
885 1876 937 1929 in
956 1874 1143 1929 harum
1168 1874 1460 1946 martyrum
1491 1875 1677 1932 laudes
1697 1892 1728 1931 a
1754 1870 1913 1932 variis

2033 1885 2403 1958 martyrologio
2431 1883 2789 1964 Bucheriano,
2816 1880 2903 1935 ubi
2929 1880 3045 1936 ham
3076 1878 3338 1935 habentur
3365 1895 3378 1932 :
3410 1899 3431 1933 ί
3461 1878 3629 1934 Nonis

312 1967 622 2022 auctoribus
644 1966 787 2020 dicta
814 1970 957 2032 sunt,
987 1966 1248 2037 agendum
1282 1978 1365 2023 est
1394 1964 1495 2037 (2).

387 2057 529 2113 Vill.
573 2058 810 2113 Celebris
838 2064 1055 2127 semper
1085 2057 1183 2113 fuit
1211 2057 1265 2112 in
1298 2057 1541 2113 Ecclesia
1566 2102 1579 2124 ,
1616 2059 1915 2128 prmsertim

321 2154 593 2214 Africana.
626 2154 927 2207 sanctarum
957 2152 1237 2221 Perpetua:
1267 2160 1321 2207 et
1361 2149 1659 2207 Felicitatis
1709 2167 1919 2207 memo-

320 2246 433 2307 ria;
468 2245 520 2297 in
548 2258 771 2313 quarum
801 2243 891 2299 die
921 2243 1086 2298 natali
1117 2255 1225 2299 tres
1248 2251 1506 2298 tractatus
1536 2252 1776 2299 sanctum
1814 2245 1921 2298 Au-

316 2336 583 2406 gustinum
608 2336 863 2392 habuisse
895 2345 1120 2391 testatur
1149 2336 1420 2391 Possidius
1453 2337 1504 2390 in
1536 2334 1799 2402 lndiculo,
1830 2337 1924 2404 qui

318 2433 372 2486 in
400 2447 536 2486 nova
566 2430 806 2486 editione
828 2438 955 2485 sunt
984 2430 1277 2485 Sermones
1304 2444 1509 2485 cccxxx
1531 2472 1545 2496 ,
1598 2444 1841 2485 cccxxxr
1869 2439 1926 2485 et

322 2540 589 2580 cccxxxu.
640 2522 986 2592 Aliquamdiu
1029 2522 1162 2576 haesi
1214 2538 1280 2576 an
1326 2520 1425 2576 hos
1463 2535 1742 2576 sermones
1784 2521 1923 2575 inte-

319 2632 443 2688 gros
465 2616 570 2670 huc
596 2614 896 2685 proferrem
930 2633 942 2669 :
973 2624 1047 2680 at,
1076 2618 1237 2683 quum
1271 2614 1320 2667 in
1349 2612 1586 2667 omnium
1620 2613 1731 2667 fere
1759 2613 1927 2667 mani-

320 2712 417 2767 bus
444 2712 744 2766 habeantur
772 2707 1054 2779 Augustini
1081 2724 1266 2777 Opera,
1296 2710 1465 2761 visum
1495 2712 1577 2761 est
1607 2706 1737 2760 satis
1762 2705 1828 2770 si,
1865 2704 1929 2760 iis

318 2803 555 2868 omissis,
577 2816 638 2855 ea
657 2816 778 2872 quae
805 2800 873 2854 ad
903 2803 1031 2853 Acta
1061 2798 1383 2870 peculiarius
1408 2798 1731 2864 referuntur,
1757 2797 1809 2851 in
1830 2813 1927 2851 no-

320 2898 444 2953 tutis
475 2898 543 2951 ad
576 2902 781 2952 textum
808 2894 1147 2949 adnotarent.
1180 2891 1431 2947 Pluribus
1461 2890 1580 2947 aliis
1614 2891 1663 2944 in
1706 2891 1837 2943 locis
1861 2887 1929 2944 de

320 2990 514 3044 iisdem
541 2987 868 3058 martyribus
897 2994 1187 3055 earumque
1215 2983 1375 3038 sociis
1404 2982 1512 3053 agit
1540 2982 1679 3035 idem
1708 2992 1927 3036 Sanctus

324 3072 550 3135 Doctor.
576 3078 932 3133 «Fortissimae
950 3076 1228 3146 Perpetua:
1258 3085 1311 3130 et
1339 3085 1788 3145 commartyrunn
1821 3089 1935 3128 me-

323 3173 483 3229 minit
501 3170 858 3226 Tertullianns
878 3170 975 3224 lib.
996 3171 1061 3221 de
1089 3168 1292 3232 Anima,
1315 3181 1431 3236 cap.
1454 3164 1547 3233 55,
1578 3177 1633 3220 ut
1659 3166 1934 3236 jam’uixi-

2027 1977 2207 2033 martii
2235 1976 2513 2045 Perpetuae
2544 1983 2598 2028 et
2624 1972 2917 2027 Felicitatis
2948 1970 3164 2025 African
3203 1986 3222 2021 ι
3256 1969 3399 2023 idem
3432 1968 3632 2024 habent

2023 2080 2216 2127 uetera
2248 2067 2627 2139 martyrologia
2654 2107 2669 2131 ,
2715 2080 2835 2118 cum
2879 2072 3057 2118 vetera
3077 2103 3092 2126 ,
3146 2070 3269 2116 tunr
3302 2062 3623 2116 recentiora.

2024 2161 2375 2218 Celebrantur
2402 2175 2522 2214 cum
2563 2155 2723 2212 sociis
2777 2157 2826 2208 in
2857 2152 3156 2224 Menologio
3187 2150 3627 2208 Grascorum'Bas

2026 2256 2129 2311 silii
2174 2252 2513 2326 imperatoris
2565 2251 2651 2305 die
2703 2266 2738 2304 ιι
2790 2247 3064 2304 februarii.
3127 2245 3323 2299 llarum
3386 2244 3630 2315 reliquiae

2029 2358 2269 2416 tempore
2309 2344 2615 2400 Vandalica:
2651 2339 3041 2411 persecutionis
3067 2353 3134 2393 ex
3181 2336 3356 2413 Africa
3396 2336 3625 2390 Romam

2028 2438 2222 2507 delatae
2256 2439 2530 2501 dicuntur,
2563 2449 2697 2505 quas
2741 2430 3078 2503 postmodum
3118 2426 3311 2484 exinde
3366 2426 3627 2483 Rodulfus

2029 2529 2445 2599 Biturigensium
2475 2524 2909 2594 arcliirpiseopus
2938 2520 3148 2599 accepit
3176 2518 3372 2573 szeculo
3399 2534 3473 2581 ix,
3505 2534 3633 2573 eas-

2031 2637 2135 2693 que
2162 2623 2212 2676 in
2256 2618 2595 2674 inouasteriis
2626 2608 2911 2669 [ioverensi
2943 2618 2996 2667 et
3027 2606 3393 2675 Bclliloccnsi,‘
3418 2609 3486 2685 ab
3515 2610 3632 2679 ipso

2032 2713 2286 2779 conditis,
2327 2710 2596 2779 deposuit.
2628 2706 2786 2762 Certe
2813 2704 3081 2773 hodieque
3111 2699 3359 2755 monachi
3400 2699 3633 2755 Benedi-

2033 2808 2160 2863 ctiui
2180 2847 2194 2871 ,
2222 2806 2332 2875 qui,
2362 2803 2631 2859 deSIructa
2661 2800 2887 2862 Dovcra,
2922 2796 3219 2851 Virsioucm
3238 2792 3554 2863 migrarunt,
3575 2806 3636 2849 se

2036 2899 2208 2954 beata:
2238 2892 2515 2966 Perpetua.-
2543 2882 2796 2962 reliquias
2825 2886 3022 2966 habere
3050 2886 3372 2956 gloriantur.

2106 2986 2211 3046 Sed
2232 2964 2358 3059 iam
2378 2987 2489 3056 ipsa
2521 2986 2651 3039 Acta
2682 2964 3001 3052 proferenda
3031 2987 3155 3032 sunt
3181 2995 3194 3031 :
3222 2992 3341 3046 qua:
3372 2984 3637 3046 quantum

2038 3098 2103 3139 ex
2137 3081 2336 3136 nostris
2364 3076 2639 3133 codicibus
2667 3072 3035 3130 emendatiora
3069 3068 3361 3140 prodeant,
3387 3068 3635 3138 quisque,

2040 3175 2084 3229 si
2113 3187 2171 3229 ea
2201 3187 2321 3227 cum
2351 3169 2508 3225 editis
2549 3162 2797 3222 conferre
2828 3154 3086 3229 voluerit,
3120 3152 3276 3215 facile
3299 3158 3640 3214 animadver-

326 3274 466 3322 mus.
500 3258 1101 3334 Otrluiamartyrologia
1145 3266 1328 3317 eorum
1363 3261 1553 3315 fcstmn
1587 3261 1652 3341 ad
1686 3256 1998 3329 diemqu
2040 3275 2133 3321 tet.
2184 3261 2238 3318 Id
2287 3248 2820 3330 certespernemlum
2864 3240 2967 3309 nun
3013 3262 3127 3317 est,
3175 3249 3315 3322 quod
3356 3248 3634 3305 Saturnini

326 3358 501 3415 martii
528 3352 801 3420 referunt,
829 3344 933 3426 qua
965 3354 1054 3410 die
1092 3346 1349 3409 hactenus
1376 3340 1516 3423 apud
1547 3340 1646 3407 nos
1673 3351 1917 3408 celebra-

399 3494 480 3635 ἓξ)
518 3491 597 3594 id.
628 3490 799 3575 Serm.
831 3488 959 3544 282.

464 3565 486 3635 )
528 3562 704 3617 Mabil.
760 3573 939 3617 tom.t

464 3558 486 3635 )
528 3562 704 3617 Mabil.
760 3570 892 3617 t‘om.
924 3578 939 3616 t
966 3558 1107 3616 Mus.
1140 3559 1267 3615 Ital.

1528 3682 1531 3689 μ

1709 3691 1719 3701 θ

331 3691 1702 3731 W

2029 3371 2221 3414 nomen
2238 3341 2305 3410 'et
2344 3354 2655 3421 martyrium
2690 3354 2874 3404 eurum
2904 3362 3006 3417 ope
3056 3343 3469 3400 restituet-imus.
3523 3341 3637 3399 fluc

2030 3465 2197 3522 usque
2226 3447 2308 3504 Cl.
2341 3445 2695 3501 RUlNARTIUS.

1519 3813 2379 3987 PASSIO
2431 3788 2474 3836 ³

1237 4083 1962 4172 SANCTARUM
2034 4074 2726 4167 MARTYRUM

704 4256 1663 4392 PERPETUXE
1779 4266 1993 4388 ET
2120 4238 3271 4385 FELICITATIS.

336 4504 481 4567 (Acta
504 4505 630 4553 sine.
660 4500 857 4563 Martyr.
882 4498 945 4549 ι).
970 4497 1189 4559 Ruinam,
1219 4513 1264 4562 p.
1289 4497 1348 4545 ’Π
1540 4494 1658 4544 Acta
1681 4492 1772 4542 SS.
1808 4491 1930 4541 Boil.

2035 4496 2097 4539 rt.
2126 4486 2215 4548 lll,
2236 4485 2347 4536 655.
2376 4478 2597 4536 Galland.
2622 4476 2749 4529 Bibl.
2777 4473 2915 4522 Vett.
2961 4468 3059 4518 PP.
3090 4469 3127 4515 t.
3153 4460 3220 4522 Il,
3246 4474 3294 4523 p.
3318 4453 3637 4517 χχιιιηιη).

1698 4629 2307 4708 PR/EFATIO.

1243 4772 2725 4814 ψ

424 4908 487 4975 Si
521 4926 700 4973 vetera
725 4902 839 4973 fidei
865 4913 1134 4985 exempla,
1164 4902 1219 4968 et
1240 4896 1331 4967 Dei
1355 4898 1578 4979 gratiam
1609 4905 1949 4967 testificanda

2062 4912 2117 4958 et
2137 4886 2546 4956 :edilicatiouem
2586 4894 2818 4952 hominis
2843 4889 3148 4962 operantia,
3179 4892 3463 4957 propterea
3487 4882 3538 4935 in
3570 4879 3661 4935 lit-

1593 5012 1971 5076 LECTIONES
2010 5012 2446 5073 VARIANTES‘.

424 5154 447 5181 ³
476 5151 717 5202 Passionis
752 5156 923 5210 nam
959 5143 1237 5210 retinemus,
1257 5138 1384 5210 quod
1401 5136 1453 5189 in
1470 5134 1676 5210 (riguis
1685 5141 1953 5210 competere
1979 5133 2031 5194 D
2055 5131 2337 5210 Tomitana.
2363 5118 2464 5180 S'ed
2484 5125 2534 5179 in
2564 5138 2621 5177 eo
2664 5123 2775 5177 cod.
2816 5120 2950 5172 deest
2976 5112 3215 5182 prie/alio,
3240 5110 3365 5164 sicut
3384 5113 3431 5161 et
3450 5105 3502 5159 in
3526 5106 3662 5159 Com-

350 5197 845 5281 ννοῠὶιῖὶὶἆιὶέἑηῆἱδ.
871 5211 937 5259 In
958 5205 1069 5258 cod.
1123 5197 1399 5266 Salisﬁurg.
1426 5197 1627 5251 additur
1667 5201 1716 5248 in
1758 5197 1956 5248 civitate

2061 5192 2332 5259 peudiensi.

1698 5298 2056 5359 VARIORUM
2095 5296 2317 5355 NOTAS.

436 5436 617 5495 Passio
678 5435 788 5493 SS.
845 5434 901 5489 In
977 5445 1081 5487 ms.
1149 5424 1425 5499 Casinensi
1500 5421 1681 5477 nullus
1739 5426 1963 5499 apparet

362 5514 551 5568 titulus
606 5506 892 5576 :ideoque
963 5504 1222 5557 hactenus
1290 5496 1531 5576 curiosos
1588 5496 1961 5576 .scriitatitittiit

360 5584 549 5639 oculos
569 5569 1025 5649 elegantissimum
1057 5575 1157 5649 hoc
1172 5583 1388 5649 sacras"
1402 5569 1755 5649 antiquitatis
1776 5572 1966 5649 manus

366 5637 609 5709 mentum
631 5637 1018 5713 siibterfugisse
1046 5644 1317 5697 existimo.
1351 5638 1463 5713 Ego
1482 5637 1758 5713 Augustini
1777 5638 1966 5713 aucto:

365 5698 1141 5783 i-'a'{£§ié"iiaiiisieiainscripsi
1173 5729 1188 5773 ',
1221 5713 1292 5764 ita
1321 5698 1473 5785 enim,
1496 5698 1609 5785 ips}:
1641 5711 1797 5785 vocat
1840 5698 1970 5785 locis

363 5778 534 5864 supra
570 5791 754 5864 relatis
782 5788 989 5864 inf’sal.
1029 5778 1194 5864 vau.
1223 5790 1281 5836 et
1335 5778 1531 5864 Serm.
1639 5778 1973 5864 proutlgsizne

362 5843 532 5926 dubio
564 5843 691 5917 tunc
741 5858 794 5914 in
839 5860 1017 5915 fronte
1053 5857 1339 5910 multorum
1387 5846 1770 5918 exetnplariuiii
1820 5843 1976 5913 hujus

2067 5411 2317 5483 Opusculi
2349 5422 2468 5483 quae
2495 5405 2690 5483 passim
2719 5388 3671 5483 exstabant,.lcgcb§tlttﬁ.ci!s9i2bat§

2066 5462 2647 5545 illievsiuviifiasc'ripta
2699 5475 2776 5528 sic
2811 5462 3154 5545 inscribiLut
3201 5462 3544 5545 intelligimus
3594 5476 3671 5545 cx_

2070 5536 2328 5623 martyrio
2359 5550 2419 5607 S.
2451 5536 2702 5623 Cypriani
2749 5558 2779 5599 a
2810 5536 3674 5623 PontioﬂDiaconodescripto,_et

2072 5603 2580 5691 aliisidgenusfSi
2603 5617 2723 5691 quis
2757 5610 3171 5691 Διίιειιεξιιβνξιεςο
3210 5607 3440 5691 nomine
3473 5603 3675 5691 alarm:

2074 5697 2205 5750 rium
2232 5682 2505 5762 appellare
2537 5682 2707 5754 audit,
2756 5685 2916 5762 habet
2959 5684 3009 5737 in
3058 5684 3163 5762 hac
3209 5682 3322 5762 ipsa
3367 5682 3680 5762 narratione

2080 5767 2219 5823 unde
2239 5751 2776 5834 cbhjecturamsuam
2797 5756 2982 5834 fulcire
3006 5752 3192 5823 possit.
3225 5751 3584 5834 Ilocsrssiuslz
3598 5814 3645 5834 με

2156 5816 2460 5891 :Lectibnes
2507 5831 2757 5887 variantes
2805 5816 3157 5884 desumunlur
3185 5836 3252 5878 ex
3294 5818 3421 5876 edit.
3453 5816 3513 5872 υ.
3547 5816 3677 5875 κυί-
