4190 6246
580 280 652 337 2³5
1821 277 1906 334 ΡΑ
1915 274 2062 334 SSIO
2106 273 2200 332 SS.

2306 268 2638 329 ARTYRUM
3814 263 3884 321 SM

586 418 605 450 ι
645 400 832 456 liorem
848 391 1024 453 locum
1046 393 1285 453 careeris
1312 392 1771 463 refrigeraremus.
1799 393 1948 449 Tunc
1975 407 2170 448 exeun-
2195 393 2249 453 Α
2280 409 2298 440 t
2336 386 2606 452 convalui,
2637 393 2690 442 et
2719 384 2951 440 relevata
2999 396 3119 437 sum
3151 397 3180 437 a
3208 381 3391 436 labore
3420 379 3485 437 'et
3513 380 3887 436 sollicitudine

589 496 726 549 r‘tes
775 491 843 546 de
894 503 1110 546 carcere
1166 487 1399 542 universi
1452 485 1552 541 sibi
1614 486 1890 541 vacabant.
1937 487 2052 556 Ego
2103 486 2182 540 in-

589 604 609 637 ι
648 586 844 639 fantem
894 582 1153 636 laetaham
1201 581 1310 650 jam
1359 579 1535 634 inedia
1589 578 1879 634 defectum.
1937 577 2180 632 Sollicita

590 696 610 729 σ
644 691 742 746 pro
777 688 843 729 eo
879 671 1207 743 adloquebar
1253 678 1478 726 matrem
1505 712 1520 736 ,
1574 678 1629 725 et
1673 668 2038 724 confortabam
2073 667 2183 723 fra-

588 787 606 820 ι
647 779 814 832 trem,
871 765 1312 822 commendabam
1357 763 1525 818 lilium
1565 772 1613 818 ο.
1655 762 2015 818 Tabescebam
2063 761 2183 817 ideo

587 879 607 912 ι
645 859 786 930 quod
819 841 950 913 "illos
998 858 1271 913 tabescere
1305 855 1544 910 videram
1573 854 1678 909 mei
1706 853 1986 910 beneficio.
2023 851 2181 908 Tales

589 971 610 1004 ι
645 951 1031 1007 sollicitudines
1058 951 1237 1005 multis
1263 949 1452 1004 diebus
1475 961 1629 1017 passa
1659 961 1798 1012 sum,
1847 955 1901 1002 et
1926 944 2177 1015 usurpavi

588 1063 608 1098 ι
646 1053 706 1100 ιιι
744 1058 953 1100 mecum
1003 1043 1176 1098 infans
1225 1043 1278 1098 in
1319 1055 1539 1098 carcere
1584 1048 1860 1103 maneret;
1911 1047 1964 1092 et
1999 1037 2176 1091 statim

2291 500 2310 532 ‹
2347 479 2588 535 infantis:
2615 487 2667 532 ct
2697 479 2864 532 factus
2884 485 2967 530 est
2997 474 3129 529 mihi
3152 487 3342 530 carcer
3367 474 3544 529 subito
3561 473 3711 544 quasi
3745 490 3882 545 pra:-

2291 593 2310 626 ‹
2351 574 2569 640 torium,
2603 581 2660 626 ut
2691 571 2759 626 ibi
2788 570 3001 626 mallem
3031 584 3150 625 esse
3188 583 3348 640 quam
3379 569 3504 626 alibi
3533 568 3584 623 δ.

2367 769 2385 801 ‹
2410 747 2652 804 Ill.Tunc
2673 747 2806 802 dixit
2822 746 2950 801 mihi
2969 746 3128 802 frater
3147 761 3296 802 meus
3314 765 3326 799 :
3343 747 3562 802 Domina
3581 760 3758 813 soror,
3779 746 3887 816 jam

2293 865 2311 898 ‹
2348 846 2400 900 in
2431 857 2620 914 magna
2659 841 2913 912 dignitate
2955 851 2977 877 (τ
3029 855 3120 903 es;
3154 849 3382 894 ettanta
3422 849 3479 895 ut
3531 840 3765 910 postules
3805 841 3887 895 vi«

2291 956 2310 990 ι
2348 937 2584 998 sionem,
2629 942 2684 988 et
2723 931 3038 986 ostendatur
3068 929 3163 985 tibi
3191 945 3257 984 an
3290 931 3468 1002 passio
3495 931 3594 998 sit,
3641 947 3706 986 an
3739 947 3888 988 com-

2290 1051 2310 1084 ‹
2348 1039 2576 1086 meatus.
2631 1028 2697 1083 Et
2735 1041 2864 1097 ego,
2917 1041 3036 1096 qua:
3083 1039 3170 1080 me
3211 1025 3444 1082 sciebam
3501 1024 3725 1082 fabulari
3770 1041 3892 1082 cum

1812 1149 2198 1219 LECTIONIES
2233 1145 2652 1204 VARIANTES.

613 1335 624 1344 .
651 1273 763 1344 {‘Et
785 1273 1135 1334 confortabam,
1170 1271 1310 1323 fratri
1350 1271 1747 1324 commendabam
1793 1269 1942 1319 tilium
1963 1267 2174 1318 cod.Sa-

587 1335 898 1448 mgAlicubi
926 1393 1144 1448 Holsten.

2345 1267 2367 1294 ο
2395 1257 2482 1313 Sic
2505 1261 2651 1312 codd.
2699 1261 2962 1324 Compend.
3010 1266 3054 1311 et
3089 1260 3269 1312 Salisb.
3291 1261 3638 1316 atHolstenius
3667 1263 3806 1317 habet
3841 1267 3893 1316 in

2289 1338 2469 1387 magna
2489 1324 2776 1386 dignatione
2797 1336 2871 1386 es,
2897 1329 3031 1374 tanta
3053 1330 3112 1374 ut
3129 1325 3390 1388 postulem,
3414 1332 3510 1376 etc.
3985 1345 3988 1348 ο

1913 1475 2275 1534 VARIORUM
2314 1473 2544 1531 ΝΟΤΛΕ.

585 1602 750 1670 rupti,
777 1601 1050 1656 custodias
1077 1599 1246 1654 laxius
1279 1597 1478 1654 habere
1519 1598 1744 1670 soleant.
1785 1597 1932 1666 Quos
1971 1604 2186 1670 coercet

581 1668 695 1726 Lex
719 1689 828 1726 vttt.
876 1672 929 1726 ll‘.
959 1673 1021 1724 de
1058 1671 1299 1724 Custodia
1351 1687 1570 1724 reorum.
1615 1669 1773 1723 Ludit
1815 1669 2086 1737 eleganter
2135 1668 2186 1721 in
2219 1706 2252 1737 τ

584 1721 935 1797 assistens
961 1721 1201 1797 "satis;
1219 1721 1547 1795 "cassus."
1565 1721 1930 1795 ausisausis"
1945 1721 2188 1794 manilius
2220 1721 2268 1770 ³⁸

585 1814 748 1868 modo
779 1814 1041 1879 laudatus,
1074 1812 1140 1866 ab
1171 1812 1262 1866 illo
1295 1827 1455 1866 versu
1486 1830 1498 1864 :

647 1947 877 2057 guisqtuis
897 1946 947 1993 in
962 1943 1292 2056 lAndromeda:
1315 1942 1565 2004 surgentis
1581 1943 1805 2002 tempore
1828 1947 1996 2002 ponto,

694 2022 788 2057 asct
816 2021 892 2057 ur.
928 2021 955 2056 e
982 2021 1024 2056 c.

694 2021 892 2068 ascitur,
928 2021 1024 2056 etc.

659 2126 828 2195 Quem
890 2123 1063 2195 locum
1087 2136 1170 2195 _ch
1196 2118 1487 2195 Ciceronis
1510 2117 1734 2195 Verrina
1766 2133 1798 2170 v
1841 2116 2059 2195 videtur
2096 2133 2190 2195 ex-

589 2188 886 2268 pressisse,
933 2194 1022 2268 ubi
1053 2193 1131 2268 sic
1161 2191 1394 2259 legitur:
1444 2188 1626 2268 Patres
1677 2189 1761 2253 lti,
1806 2205 1932 2258 quos
1967 2189 2186 2268 videtis,

582 2260 825 2340 iacebant
861 2267 913 2318 in
956 2265 1147 2340 limine,
1190 2272 1475 2330 matresque
1494 2260 2077 2340 misertenpernoclabant
2121 2261 2191 2312 ad

593 2329 778 2393 ostium
790 2337 1030 2400 carceris,
1048 2334 1109 2387 ab
1137 2343 1358 2386 extremo
1383 2329 1648 2401 complexu
1665 2329 1934 2384 liberorum
1948 2331 2188 2394 exclusae,

593 2426 709 2482 qua:
749 2408 876 2462 niltil
915 2406 1059 2482 aliud
1107 2404 1339 2482 orabant,
1391 2403 1485 2454 nisi
1512 2409 1586 2482 ut
1646 2402 1872 2482 ﬁliorum
1914 2411 2192 2482 extremum

589 2472 825 2550 spiritum
867 2479 1094 2550 excipere
1131 2474 1226 2529 sibi
1255 2475 1445 2526 liceret.
1491 2472 1679 2525 Aderat
1722 2473 1913 2550 ianitor
1951 2473 2189 2550 carceris,

588 2543 821 2620 carnifex
861 2543 1123 2620 Prtetoris,
1169 2561 1304 2598 ntors
1341 2545 1894 2620 terrorquesociorum
1920 2553 1965 2596 et
2011 2543 2194 2596 civium

595 2613 745 2676 lictor
767 2619 985 2680 Sestius,
1019 2619 1100 2670 cui
1121 2633 1181 2672 ea:
1213 2617 1351 2669 onmi
1376 2616 1562 2686 gemitu
1593 2613 1868 2686 doloreque
1902 2624 2039 2668 certa
2062 2631 2195 2668 mer-

593 2709 675 2746 ces
697 2689 1090 2760 comparabatur
1124 2705 1136 2740 :
1164 2697 1215 2740 ut
1241 2685 1418 2750 adeas,
1469 2694 1665 2737 tantum
1711 2685 1890 2738 dabis:
1945 2695 2001 2760 ut
2029 2686 2195 2738 cibum

593 2765 682 2816 tibi
717 2757 847 2816 intro
889 2766 1021 2829 ferre
1062 2760 1231 2824 liceat,
1279 2767 1472 2829 tantum
1499 2772 1523 2829 ;r
1565 2772 1711 2829 nemo
1747 2757 2055 2829 recusabat,
2086 2766 2191 2829 etc.

595 2833 764 2888 Porro
801 2827 1054 2885 mulieres
1083 2829 1382 2900 prtcsertim
1412 2827 1726 2900 christiana:
1747 2827 1870 2882 huic
1910 2828 2060 2900 operi
2087 2827 2193 2900 mi-

595 2903 905 2959 scricordim
957 2899 1096 2956 sese
1145 2899 1561 2969 impendebant;
1612 2899 1796 2966 quales
1855 2915 1959 2952 non
2009 2899 2195 2969 dubito

595 2977 720 3044 quin
748 2968 1260 3044 Libaniusinnnerit
1289 2969 1439 3044 0rat.
1479 2969 1589 3044 jam
1626 2970 1816 3044 Acitata,
1860 2970 1948 3044 ubi
1989 2968 2196 3044 jauito-

596 3040 714 3100 rum
753 3054 806 3099 et
851 3042 1131 3098 custodum
1155 3042 1386 3097 carceris
1415 3040 1784 3095 avarissimam
1818 3041 2193 3095 crudelitatem

2294 1595 2534 1666 vulgatus
2587 1591 2852 1658 interpres
2885 1589 3229 1666 Ecclesiastici
3268 1591 3444 1660 capite
3473 1609 3582 1658 xm,
3634 1595 3688 1652 4.
3737 1595 3894 1650 Grae-

2298 1661 2414 1723 cam
2443 1677 2626 1738 vocem
2651 1669 2955 1738 taxato-liga
2986 1661 3151 1738 latine
3195 1663 3577 1738 interpretatus
3605 1666 3675 1738 sit
3701 1667 3896 1738 defecto

2295 1747 2460 1794 wtate.
2491 1734 2646 1789 Addo
2674 1734 2740 1787 ad
2769 1734 3065 1805 cumulum,
3099 1733 3272 1786 locum
3314 1749 3379 1788 ex
3411 1737 3576 1804 gestis
3617 1733 3898 1805 Purgatio-

2291 1811 2376 1865 nis
2409 1805 2678 1861 Ctrciliaui
2714 1821 2727 1857 :
2756 1801 2892 1857 Cum
2925 1805 3177 1862 audirent.
3204 1816 3370 1858 mente
3399 1801 3628 1872 defectus
3657 1801 3788 1872 sum,
3832 1809 3895 1863 Et

2292 1879 2535 1937 Suetonii
2573 1875 2773 1942 Tranq.
2819 1874 2956 1928 libro
2997 1874 3058 1926 de
3094 1873 3386 1928 Illustribus
3429 1873 3786 1930 Grammaticis
3829 1879 3897 1933 de

2292 1952 2432 2008 Ofﬁo
2473 1948 2649 2002 Care:
2685 1944 2809 1999 Cum
2844 1946 2960 2013 jant
3003 1962 3104 1999 non
3145 1961 3323 2015 gressu
3365 1947 3517 2000 ntodo
3575 1948 3894 2016 deﬁceretur,

2290 2026 2381 2078 sed
2412 2028 2459 2074 et
2483 2020 2609 2072 visu.
2678 2016 2880 2071 HOLST.

2325 2104 2332 2113 ‘
2371 2093 2560 2146 Factus
2609 2098 2680 2142 est
2735 2087 2860 2139 milti
2905 2103 3086 2158 carcer,
3127 2089 3442 2158 praetorium.
3493 2089 3603 2144 Hoc
3633 2101 3750 2158 est,
3792 2106 3898 2145 non

2297 2164 2458 2219 modo
2499 2159 2730 2214 carceris
2787 2157 3134 2213 incommoda
3186 2174 3290 2214 non
3339 2175 3424 2214 me
3483 2157 3902 2228 ampliuscon-

2297 2234 2608 2296 turbabant,
2635 2230 2806 2302 sedet
2831 2229 2906 2302 iis,
2921 2230 3216 2302 gaudebam
3238 2275 3251 2297 ,
3285 2240 3553 2300 tamquam
3575 2233 3624 2284 in
3654 2233 3891 2302 splendi-

2297 2307 2382 2362 dis
2409 2315 2464 2360 et
2505 2299 2802 2356 commodis
2829 2301 3034 2355 aedibus
3079 2301 3353 2370 degerem.
3398 2299 3710 2356 Prmtorium
3774 2318 3899 2372 pro-

2298 2379 2416 2447 prie
2443 2382 2561 2429 erat
2587 2372 2850 2447 Palatium
2885 2372 3178 2447 publicum,
3220 2375 3295 2447 in_
3315 2387 3429 2447 quo
3477 2372 3770 2447 Proconsul
3812 2375 3904 2442 jus

2299 2442 2532 2506 dicebat,
2583 2452 2641 2496 ut
2673 2457 2737 2496 cx
2781 2442 2972 2496 Pontio
3016 2457 3232 2512 quoque
3267 2443 3504 2513 Diacono
3535 2443 3852 2513 intelligitur
3886 2463 3899 2500 :

2300 2532 2473 2587 neque
2503 2516 2657 2568 aliter
2689 2515 2948 2587 accipitur
2969 2513 3019 2566 in
3043 2511 3264 2587 historia
3282 2511 3572 2587 Dominieze
3603 2511 3900 2569 Passionis.

2300 2583 2425 2642 Ideo
2448 2587 2700 2656 quoniam
2724 2583 2834 2637 fere
2862 2592 3084 2656 cteteras
3107 2584 3433 2656 privatorum
3450 2585 3594 2639 ardes
3621 2595 3904 2641 Sll‘llCllll‘tl‘

2301 2653 2567 2728 elegantia
2597 2665 2650 2710 et
2676 2665 2895 2728 ornatus
2914 2653 3220 2728 “splendore
3250 2657 3558 2726 superabat,
3585 2658 3783 2728 quamvis
3807 2673 3903 2725 pa-

2302 2725 2427 2784 latia
2445 2727 2696 2796 mdesque
2723 2725 3000 2795 magniﬁce
3020 2725 3325 2797 instructas,
3362 2725 3652 2797 utcumque
3672 2727 3907 2796 privato-

2303 2816 2420 2855 rum
2443 2807 2496 2853 et
2520 2795 2631 2852 ruri
2661 2797 2958 2863 :cdilicattc,
2977 2795 3223 2866 praztoria
3248 2795 3585 2852 dicebantur:
3613 2795 3902 2853 Martialis:

2457 2889 2531 2939 Ad
2557 2888 2768 2950 lapidem
2793 2887 3070 2950 Torquatus
3091 2887 3243 2936 habet
3265 2890 3489 2950 praetoria
3513 2895 3756 2950 quartum.

2373 2973 2643 3028 Caeterum
2675 2970 2742 3025 ad
2773 2970 3096 3026 sententiam
3121 2969 3282 3039 hujus
3325 2970 3426 3024 loci
3458 2972 3636 3026 facere
3672 2971 3904 3040 videtur,

2303 3045 2446 3113 quod
2475 3044 2662 3097 scribit
2694 3041 3059 3097 Tertullianus
3089 3040 3170 3094 his
3200 3041 3378 3096 verbis
3410 3058 3423 3094 :
3457 3040 3779 3096 Christianus
3816 3060 3906 3096 επ·
3995 3056 4001 3061 '

595 3116 891 3178 detestans,
923 3115 1126 3176 refert;
1160 3113 1248 3166 vix
1272 3112 1523 3182 exiguum
1548 3111 1725 3166 lumen
1757 3122 1813 3165 ut
1860 3111 2058 3165 habere
2099 3113 2197 3165 mi-
2225 3109 2270 3171 C
2303 3109 2382 3168 tra
2408 3131 2658 3168 carcerent
2681 3113 2866 3168 sarculo
2895 3114 3220 3175 renuntiavit,
3245 3114 3298 3166 in
3329 3128 3532 3166 carcere
3560 3123 3731 3166 autem
3754 3114 3905 3167 etiam

595 3189 731 3241 seris
758 3187 964 3249 liceret,
996 3198 1189 3252 magno
1217 3185 1386 3252 pretio
1407 3183 1474 3235 ab
1507 3183 1637 3250 ipsis
1664 3184 1768 3237 emi
1797 3183 2010 3236 solitum
2048 3200 2060 3234 :
2085 3192 2197 3236 tum

595 3259 639 3310 si
672 3258 788 3324 quis
815 3270 1030 3310 reorum
1061 3264 1328 3323 sumptum
1356 3254 1453 3308 sibi
1495 3254 1685 3307 deesse
1735 3263 2040 3317 excusaret,
2076 3253 2200 3307 huic

596 3329 737 3381 male
776 3327 1032 3380 mulctato
1059 3327 1378 3396 regerebant
1411 3341 1423 3377 :
1455 3330 1536 3380 διὰ
1559 3335 1606 3379 τί
1645 3331 1695 3381 οὗ
1744 3330 1901 3388 καλεῖς
1943 3328 2022 3376 διὰ
2056 3329 2198 3380 τῶνδὲ

598 3408 686 3454 τῶν
735 3403 944 3464 ἐξιόντων
986 3405 1188 3463 γυναῖκα
1239 3402 1372 3464 δεῦρο
1421 3414 1512 3453 τῶν
1554 3398 1630 3450 επὶ
1661 3407 1986 3466 φιλανθρωπίᾳ
2009 3406 2199 3467 pilo-rt-

596 3478 869 3538 μουμένωνθ
902 3470 988 3522 εἶτ’
1033 3473 1179 3532 αὐτῆς
1221 3479 1345 3540 πρὸξ
1383 3474 1446 3520 τὰ
1465 3471 1642 3531 γὸνατα
1686 3477 1976 3540 προσπεσὼν,
2023 3471 2202 3540 unde};

597 3549 945 3612 προσειποῦσαν
971 3547 1100 3606 ἄγειν
1122 3552 1168 3594 τί
1190 3563 1286 3593 σοι.
1310 3538 1412 3612 ϐιιν
1431 3554 1521 3607 per
1541 3553 1625 3591 eos
1639 3538 1729 3612 ([ζιῖ
1741 3541 1858 3592 hinc
1875 3538 2203 3612 egrediuntur

598 3609 700 3664 non
727 3628 875 3666 vocas
901 3611 999 3664 huc
1030 3611 1290 3664 mulierem
1318 3609 1541 3678 aliquam
1571 3624 1635 3662 ea:
1655 3611 1739 3675 iis,
1767 3626 1879 3677 qua:
1914 3610 2204 3660 humanitao

600 3683 664 3762 tis
693 3683 880 3752 ofﬁciis
916 3683 1058 3762 dant_
1082 3698 1327 3762 operarii;
1375 3679 1443 3732 ad
1482 3683 1633 3750 cujus
1671 3698 1838 3751 genua
1882 3679 2200 3762 provolutus,

599 3748 839 3824 impetres
885 3763 938 3806 ut
991 3748 1176 3823 stipem
1222 3753 1448 3821 aliquant
1493 3748 1831 3876 co—rrog'atan‘tl
1855 3748 1944 3804 tibi
1980 3748 2206 3815 afferat?

1809 3836 1985 3876 'OLST.

1809 3836 1985 3876 ‘IOLST.

675 3895 744 3948 Ut
791 3896 967 3963 paucis
1027 3894 1166 3948 horis
1214 3896 1383 3948 emissi
1430 3896 1483 3948 in
1541 3895 1803 3948 meliorem
1860 3893 2029 3947 locum
2083 3908 2204 3944 car-

599 3967 726 4019 ceris
751 3967 1187 4036 refrigeraremus.
1222 3966 1458 4020 Fuerant
1500 3981 1632 4036 ergo
1667 3965 1895 4034 conjecti
1923 3964 1977 4016 in
2017 3977 2204 4036 carce-

599 4052 716 4091 rem
768 4034 1102 4101 interiorem,
1141 4046 1198 4090 ιιι
1238 4046 1459 4092 vocatur
1503 4034 1677 4090 Actor.
1715 4052 1834 4106 cap.
1879 4049 1987 4088 xvi.
2035 4034 2207 4087 Porro

639 4107 742 4161 und
772 4107 890 4162 heic
924 4108 1168 4162 beneficii
1196 4108 1312 4162 loco
1339 4123 1369 4161 a
1403 4109 1656 4176 prtefecto
1679 4106 1958 4168 custodim,
1983 4106 2207 4176 prmmio

639 4123 742 4161 nou
772 4123 890 4162 nete
924 4123 1168 4162 ncneucn
1196 4123 1312 4162 loco
1339 4123 1369 4161 a
1403 4123 1656 4176 praetecm
1679 4123 1958 4168 cusrouun,
1983 4123 2204 4176 prmﬂilo

599 4123 842 4243 delinito,
876 4180 1218 4248 impetratum
1247 4187 1349 4242 est,
1371 4179 1422 4232 id
1456 4189 1640 4248 postea
1667 4195 1694 4231 a
1717 4177 2035 4232 Constantio
2055 4176 2204 4248 iAug.

600 4247 964 4303 constitutum
989 4250 1113 4318 Leg.
1159 4266 1174 4302 ι
1215 4249 1350 4303 Cod.
1382 4247 1719 4304 de’Custodia
1747 4264 1974 4309 reorunt,
2018 4247 2106 4318 ubi
2131 4247 2209 4300 sic

600 4321 830 4387 legitur:
864 4319 974 4372 Nec
1016 4316 1129 4372 vero
1171 4321 1302 4372 sedis
1343 4321 1536 4372 intima:
1581 4321 1810 4371 tenebras
1855 4318 1959 4385 pali
2014 4316 2207 4369 debebit

599 4391 848 4457 inclusus,
897 4390 986 4443 sed
1033 4397 1278 4456 usurpata
1311 4390 1420 4460 luce
1477 4390 1695 4460 vegetari
1736 4405 1796 4460 ac
1834 4387 2122 4460 sublevari;
2163 4395 2210 4440 et

601 4462 688 4512 ubi
713 4477 816 4513 nos:
844 4461 1170 4529 gentinaverit
1208 4459 1512 4523 custodiam,
1536 4458 1611 4512 Vin
1650 4458 1905 4512 vestibulis
1950 4473 2208 4529 carcerum

606 4540 653 4582 et
682 4528 972 4582 salubribus
1017 4530 1141 4582 locis
1168 4529 1328 4596 recipi
1357 4545 1371 4584 :
1407 4547 1466 4583 ac
1492 4540 1766 4584 reuertente
1793 4530 1976 4582 iterum
2005 4528 2107 4590 die,
2137 4530 2206 4581 ad

604 4600 823 4667 primum
865 4601 988 4653 solis
1035 4608 1200 4652 ortum
1231 4600 1370 4654 illico
1409 4603 1476 4654 ad
1507 4601 1764 4670 publicum
1801 4601 1969 4653 lumen
2010 4599 2203 4666 reduci,

604 4673 674 4722 ne
693 4671 855 4739 poenis
879 4671 1097 4724 carceris
1123 4670 1402 4738 perimatur
1430 4687 1448 4725 .'
1475 4673 1610 4739 quod
1654 4672 2002 4725 innocentibus
2048 4671 2202 4723 mise-

605 4755 741 4802 rum,
790 4743 954 4795 noxiis
979 4757 1080 4794 non
1110 4743 1242 4812 satis
1288 4757 1516 4797 severum
1570 4760 1675 4797 esse
1716 4743 2048 4812 dignoscitur.
2090 4741 2203 4808 Qua

607 4812 1012 4894 constitutione.
1048 4811 1348 4894 mitigatum
1409 4813 1621 4894 videtur
1664 4811 1917 4894 Antonini
1971 4812 2048 4866 Pii
2119 4826 2205 4893 re-

609 4882 890 4949 scriptum,
923 4882 1014 4952 qui
1041 4882 1299 4952 gravioris
1337 4885 1562 4938 sceleris
1596 4899 1736 4948 reos,
1769 4885 1936 4952 ipsum
1969 4882 2204 4936 carceris

610 4966 844 5020 poenam,
891 4965 1016 5009 ante
1044 4954 1362 5022 supplicium
1393 4957 1660 5010 sustinere
1703 4956 1890 5007 voluit.
1923 4953 2086 5007 Libro
2124 4968 2203 5019 ιιι,

607 5023 664 5077 ιι.
698 5022 989 5096 ἀενϐιιειοά.
1015 5041 1234 5078 reorum.
1255 5026 1408 5094 Quod
1436 5026 1585 5080 addit
1610 5027 2045 5096 refrigerat-emus,
2073 5039 2209 5093 pra:-

609 5105 691 5165 ter
720 5094 771 5148 id
800 5096 940 5164 quod
963 5099 1207 5165 superius
1233 5098 1433 5150 dictum
1491 5106 1594 5163 est,
1647 5094 1856 5150 videtur
1906 5097 2208 5164 exprimere

608 5163 854 5219 Graecum
887 5163 1108 5238 verbum
1139 5173 1418 5236 ἀναψυχεῖν,
1451 5170 1548 5222 etsi
1593 5168 1822 5222 Lexicon
1867 5163 2017 5221 vetus
2060 5166 2207 5238 γαρ-ἱ·

606 5252 784 5306 gerare
815 5236 1004 5291 reddat
1031 5243 1375 5302 ἀγαλλιᾶςθοιι.
1435 5239 1633 5294 HOLsr.

677 5306 801 5360 Jam
849 5308 1021 5362 inedia
1071 5309 1342 5376 defectum.
1403 5309 1459 5363 Id
1513 5320 1595 5366 cst
1649 5309 1818 5365 ferme
1868 5309 1932 5362 ad
1985 5316 2211 5362 mortem

609 5377 908 5436 redactum.
961 5378 1322 5433 Tertullianus
1375 5380 1512 5436 libro
1552 5397 1610 5444 ιι,
1667 5381 1732 5436 ad
1791 5377 2215 5434 natiunes:Cur

608 5464 710 5499 non
743 5451 902 5521 magis
933 5449 1028 5502 dea
1051 5464 1163 5518 qua:
1188 5451 1349 5520 ntagis
1377 5453 1484 5520 pia,
1531 5453 1624 5505 illa
1656 5453 1764 5515 ﬁlia
1805 5452 1963 5521 patris
1994 5451 2046 5503 in
2095 5465 2211 5502 car-

611 5534 725 5590 cere
755 5520 891 5588 fame
932 5521 1113 5590 defecti
1160 5519 1394 5575 uberibus
1425 5524 1531 5575 suis
1574 5519 1875 5576 educatrix?
1921 5519 1996 5574 lla
2050 5521 2210 5574 etiam

611 5589 816 5662 Seneca
866 5598 921 5643 et
964 5589 1225 5645 Plizcdrus
1278 5593 1589 5662 loquuntur,
1638 5593 1792 5662 cujus
1880 5593 2051 5646 locum
2095 5591 2212 5662 viro

610 5659 772 5713 docto
823 5673 1132 5730 suspectum
1179 5677 1300 5717 esse
1344 5659 1530 5729 miror,
1561 5659 1718 5717 cum'
1748 5662 2044 5718 innumeris
2091 5661 2211 5716 aliis

609 5731 811 5796 passim
845 5733 1154 5788 occursuris
1179 5744 1456 5788 auctorum
1494 5735 1840 5792 classicorum
1891 5732 2208 5787 testimoniis

607 5801 954 5870 comprobari
1010 5803 1200 5874 possit.
1249 5803 1401 5861 Unde
1445 5819 1672 5873 apparet
1721 5821 1880 5876 quam
1933 5803 2210 5874 eleganter

2235 4497 2287 4556 D

2305 3187 2515 3239 carceri.
2543 3185 2678 3239 Dum
2707 3184 2913 3238 scilicet
2939 3184 3150 3238 animus
3180 3184 3358 3238 divina
3401 3185 3570 3253 gratia
3601 3185 3902 3248 roboratus,

2306 3255 2642 3310 incommoda
2695 3256 2813 3321 ejus
2850 3263 2905 3308 et
2958 3253 3233 3308 molestias
3287 3264 3378 3307 aut
3427 3271 3534 3309 non
3580 3255 3764 3321 sentit,
3814 3266 3907 3310 aut

2307 3327 2548 3395 ncgligit,
2580 3335 2632 3380 et
2659 3325 2958 3380 constantia
2989 3324 3172 3378 vincit.
3216 3324 3420 3380 HOLST.

2378 3396 2468 3450 ΙΙΙ.
2499 3396 2720 3450 -—Jant
2777 3397 2830 3449 in
2886 3413 3073 3467 magna
3122 3397 3369 3467 dignitate
3417 3413 3488 3450 es.
3539 3396 3785 3452 llolsten.
3837 3397 3914 3453 lc-

2305 3470 2381 3538 git
2409 3469 2702 3539 dignatione
2723 3475 2777 3521 et
2799 3467 2946 3520 addit
2973 3465 3223 3539 {Quippe
3267 3482 3424 3536 quam
3472 3467 3760 3539 illustraret
3798 3471 3914 3539 jam

2305 3538 2542 3608 gloriosis
2569 3539 2725 3591 initiis
2755 3539 2927 3591 divina
2957 3538 3209 3606 dignatio,
3241 3548 3298 3591 ιιι
3338 3539 3410 3592 ait
3441 3548 3656 3592 sanctus
3686 3538 3916 3608 Cypria-

2308 3625 2409 3664 nus
2437 3609 2671 3680 Epistola
2704 3625 2758 3661 tv
2794 3611 2860 3662 de
2897 3609 3300 3664 confessoribus
3345 3610 3396 3663 in
3435 3623 3651 3680 carcere
3704 3611 3914 3664 consti-

2311 3682 2454 3736 tmis.
2488 3679 2582 3734 lic
2635 3679 2957 3748 dignationis
3028 3694 3158 3734 voce
3210 3681 3455 3749 superius
3499 3679 3720 3734 dictum.
3783 3680 3915 3737 lleic

2310 3766 2474 3806 unum
2508 3750 2824 3805 Tertulliani
2857 3749 3328 3820 locutninsiguem
3371 3765 3434 3805 ac
3460 3751 3618 3819 plane
3654 3765 3914 3820 opportu-

2312 3838 2435 3876 num
2469 3821 2627 3876 addo.
2660 3821 2709 3874 ls
2739 3821 2867 3875 lib.t
2899 3821 2967 3872 ad
3003 3819 3319 3890 Uxoricap.
3351 3823 3406 3886 4,
3433 3819 3706 3877 adhibens
3732 3819 3916 3877 exem-

2311 3893 2456 3962 plum
2484 3906 2752 3957 sororum,
2790 3906 2910 3960 quae
2941 3891 3140 3962 nuptiis
3187 3893 3528 3947 sanctitatem
3577 3902 3915 3962 anteponunt

2311 3960 2493 4019 addit:
2530 3963 2733 4017 Malunt
2782 3967 2912 4017 enim
2942 3960 3052 4016 Deo
3106 3963 3324 4027 nubere;
3367 3962 3472 4016 Deo
3497 3960 3759 4031 speciosus,
3805 3964 3913 4018 Deo

2312 4046 2430 4088 sunt
2459 4034 2646 4106 puella:
2677 4049 2694 4086 :
2721 4049 2834 4087 cum
2859 4033 2949 4106 illo
2977 4033 3168 4094 vivunt,
3197 4051 3313 4086 cum
3349 4035 3439 4088 illo
3476 4035 3874 4088 sermocinantur
3894 4052 3914 4090 :

2311 4105 2467 4159 illum
2489 4107 2663 4159 diebus
2682 4114 2727 4159 et
2754 4105 2983 4158 noctibus
3013 4113 3228 4157 tractant
3255 4119 3272 4157 :
3319 4106 3572 4158 orationes
3613 4122 3755 4173 suas,
3785 4107 3915 4159 velut

2313 4177 2475 4242 dotes,
2503 4176 2727 4229 Domino
2753 4176 3052 4245 assignant:
3085 4175 3146 4228 ab
3169 4175 3343 4228 eodem
3367 4177 3735 4245 dignationem,
3778 4178 3912 4230 velut

2313 4264 2523 4301 munera
2540 4248 2753 4311 dotalia,
2773 4246 3178 4316 quotiescumque
3192 4247 3501 4312 desiderant,
3518 4258 3910 4316 consequuntur.

2319 4318 2371 4371 lu
2410 4318 2673 4386 ejusmodi
2730 4327 2925 4370 statum
2953 4331 3312 4386 progressam,
3364 4318 3598 4371 carceris
3638 4319 3912 4386 patientia,

2313 4389 2552 4441 sororem
2583 4389 2749 4442 frater
2775 4387 3106 4452 existimans,
3131 4389 3198 4440 ab
3234 4403 3294 4440 ea
3322 4388 3616 4454 contendit,
3649 4399 3706 4442 ut
3747 4405 3776 4442 a
3805 4389 3916 4443 Deo

2316 4459 2415 4512 sibi
2443 4459 2670 4512 revelari
2702 4458 2953 4527 postulet,
2979 4459 3105 4528 quid
3156 4457 3390 4513 futurum
3428 4460 3497 4513 sit
3529 4475 3541 4512 :
3574 4468 3751 4513 certus
3795 4475 3914 4514 eam

2313 4529 2622 4584 exauditum
2655 4531 2738 4583 iri.
2767 4529 2894 4583 Ηίεο
2923 4530 3188 4584 sententia
3221 4531 3430 4584 illorum
3470 4528 3751 4584 verborum
3784 4539 3868 4584 est
3898 4572 3912 4598 ,

2310 4611 2364 4654 ut
2393 4601 2641 4668 postulent
2671 4602 2936 4665 visionem,
2965 4610 3071 4654 etc.
3106 4600 3303 4654 lIOLsr.

2382 4672 2460 4724 An
2505 4673 2674 4743 passio
2719 4677 2807 4735 sit,
2864 4688 2931 4743 an
2977 4682 3305 4726 commeatus.
3338 4670 3407 4726 Ut
3451 4670 3786 4743 ntttl‘ttealiae
3813 4686 3912 4726 vo-

2308 4757 2398 4798 ces
2451 4740 2516 4798 es
2571 4743 2832 4797 castrensi
2873 4741 3154 4810 disciplina
3195 4743 3261 4795 ad
3301 4756 3508 4796 sacram
3537 4740 3734 4797 Christi
3779 4745 3916 4798 mili-

2311 4815 2436 4870 tiam
2469 4814 2749 4875 traductm,
2774 4815 2844 4867 ita
2874 4823 2928 4867 et
2966 4821 3272 4866 commeatus
3302 4813 3636 4868 vocabulum.
3682 4814 3775 4868 Est
3817 4831 3915 4868 an-

2310 4895 2417 4941 tem
2448 4895 2667 4940 auctore
2689 4885 2850 4940 Festo
2881 4901 2894 4938 :
2943 4883 3162 4954 Tempus
3191 4900 3288 4954 quo
3315 4884 3397 4947 iri,
3447 4885 3698 4954 redirique
3736 4886 3912 4953 possit,

2310 4958 2378 5012 ab
2406 4955 2736 5025 lmperatore
2766 4954 3024 5009 militibus
3050 4955 3167 5008 dari
3190 4964 3535 5026 consuetum.
3568 4954 3716 5010 Unde
3769 4955 3920 5026 Apu-

2315 5028 2452 5083 leitts
2482 5024 2518 5080 Ι.
2553 5043 2605 5080 x1
2629 5046 2640 5081 :
2663 5027 2938 5080 Amator-ire
2964 5026 3157 5079 militia:
3181 5024 3376 5079 brevem
3396 5036 3729 5081 commeatum
3747 5024 3922 5080 indul-

2314 5100 2398 5153 sit.
2427 5098 2494 5152 Et
2517 5099 2566 5151 in
2594 5097 2788 5152 Codice
2818 5114 2830 5149 :
2862 5095 3058 5150 Milites
3105 5097 3236 5149 datis
3278 5098 3659 5160 commeatibus,
3703 5099 3781 5152 vel
3827 5114 3921 5166 per

2315 5180 2623 5224 commeatus
2649 5168 2842 5223 dimitti
2863 5166 3132 5233 dicuntur,
3151 5176 3206 5221 et
3229 5167 3330 5221 hoc
3353 5167 3514 5221 modo
3534 5169 3738 5222 dimissi
3770 5168 3922 5222 Com—

2317 5240 2558 5293 nteatalcs
2610 5249 2887 5294 vocantur.
2934 5237 3010 5291 Ita
3055 5236 3350 5307 Hesychius
3396 5246 3640 5305 Κομίατον
3679 5254 3801 5293 esse
3846 5239 3924 5293 ait

2319 5320 2557 5377 ἐξαίτησιν
2584 5315 2835 5378 lugeat-Juv
2864 5315 2944 5364 τοῦ
2963 5313 3208 5379 ἀφεθῆναι.
3233 5308 3346 5363 "00
3373 5317 3456 5363 est
3486 5327 3496 5361 ε
3532 5312 3742 5378 petitam
3769 5309 3926 5364 libere

2319 5384 2536 5435 abeundi
2564 5381 2820 5435 licentiam
2859 5380 3108 5450 accipere.
3142 5379 3208 5433 Et
3237 5380 3286 5432 in
3309 5381 3505 5450 glossis
3532 5399 3544 5432 :
3580 5382 3919 5447 Commeatus,

2319 5462 2507 5520 εξουσία
2533 5451 2685 5524 quasi
2713 5449 3023 5524 discedendi
3055 5459 3214 5524 atque
3243 5449 3427 5511 eundi.
3448 5466 3554 5520 quo
3585 5451 3737 5517 velis,
3753 5450 3923 5505 facul-

2320 5535 2419 5579 tas.
2455 5526 2524 5577 lla
2553 5520 2687 5586 L5,
2705 5521 2748 5575 ιι
2755 5521 2823 5575 de
2847 5520 3018 5590 pmnis
3050 5541 3061 5574 :
3096 5520 3262 5592 Nemo
3293 5530 3453 5592 potest
3480 5537 3816 5576 commeatum
3841 5538 3925 5575 re-

2317 5605 2595 5649 nteatuntve
2625 5595 2746 5646 dare
2772 5592 2952 5657 exsuli,
2983 5593 3078 5645 nisi
3107 5591 3396 5664 Imperator
3434 5609 3494 5664 ea:
3535 5595 3711 5664 aliqua
3739 5609 3919 5648 causa.

2317 5665 2481 5720 llmsit
2523 5667 2636 5720 hmo
2663 5679 2767 5718 vox
2825 5664 2876 5718 in
2931 5665 3105 5732 lingua
3151 5663 3327 5717 Italica
3375 5662 3576 5732 vulgari
3624 5662 3804 5733 usque
3850 5665 3921 5719 ad

2315 5737 2632 5790 hodiernum
2668 5751 2845 5798 usum,
2891 5735 2991 5788 nisi
3035 5735 3200 5802 quod,
3249 5734 3384 5788 ultra
3440 5751 3553 5789 rem
3605 5736 3914 5802 militarem,

2312 5806 2617 5864 extenditur
2643 5807 2705 5862 ad
2738 5821 2949 5860 onmem
2977 5803 3208 5872 cujusvis
3253 5820 3281 5858 a
3322 5806 3510 5876 quovis
3560 5807 3791 5864 abeundi
3835 5809 3916 5861 fa-
