4242 6270
311 285 391 348 29
1486 281 1876 340 ΡΕΒΡΕΤΗᾹΞ
1917 277 2008 338 ΕΤ
2038 274 2481 335 FELICITATIS.
3565 283 3637 347 50

327 428 348 463 ι
389 408 507 481 cepi
524 408 723 479 junctis
742 402 1010 469 manibus,
1034 398 1419 467 etmanducavi
1454 407 1542 455 :et
1564 399 1794 455 universi
1817 398 1922 454 cir-
1950 398 2005 458 Α
2039 414 2058 447 ι
2096 395 2139 451 si
2170 394 2362 464 dignus
2391 407 2509 447 sum
2539 405 2566 444 a
2597 399 2648 447 te
2674 396 2827 462 pater
2850 389 3050 447 vocari.
3097 390 3152 447 Si
3183 389 3268 459 his
3302 399 3353 450 te
3381 396 3629 460 manibus

326 521 349 554 ε
387 510 718 563 cumstantes
746 498 1019 562 dixerunt,
1068 496 1260 561 Amen.
1314 492 1378 548 Et
1424 492 1490 546 ad
1539 506 1730 547 sonum
1778 492 1924 563 vocis

324 614 347 661 ι
386 602 697 669 experrecta
720 568 1327 659 sum,commandneans
1354 584 1526 641 adhuc
1550 584 1720 657 dulcis
1742 584 1924 641 nescio

321 703 345 738 ι
384 684 537 756 quid.
590 684 658 745 Et
700 681 860 739 retuli
902 679 1079 735 statim
1119 676 1266 732 fratri
1307 692 1447 747 meo,
1481 684 1535 730 et
1563 674 1922 749 intelleximus

320 796 345 831 ι
382 777 691 848 passionem
723 788 845 829 esse
872 771 1104 847 laturam
1137 787 1149 823 :
1183 779 1237 825 et
1261 768 1522 838 ccepimus
1571 766 1770 823 nullam
1811 766 1920 837 jam

318 885 344 921 ι
379 882 531 941 spem
564 867 618 923 in
650 865 851 929 smculo
878 863 1100 925 habere.

962 972 1189 1033 CAPUT
1220 972 1282 1033 ll.

315 1093 722 1150 Ancuueu'rust.
751 1121 822 1131 —-
852 1088 1134 1159 Perpetua,
1178 1102 1209 1139 a
1247 1094 1391 1155 patre
1430 1092 1745 1155 oppugnata,
1791 1100 1912 1138 con-

388 1186 547 1254 fortat
588 1198 731 1246 eunt;
764 1198 878 1235 cum
916 1180 1034 1234 aliis
1076 1179 1145 1231 ad
1180 1175 1406 1231 tribunal
1444 1177 1614 1241 ducta,
1652 1176 1920 1242 conﬁtetur

385 1293 440 1330 se
476 1277 836 1340 christianam,
878 1275 1151 1328 damnatur
1179 1288 1294 1326 cum
1335 1272 1543 1340 reliquis
1588 1272 1657 1324 ad
1694 1271 1920 1337 bestias;

386 1377 497 1422 orat
526 1384 621 1438 pro
650 1370 810 1438 fratre
838 1364 1110 1419 Dinocrate
1136 1374 1354 1427 mortuo,
1382 1379 1529 1431 quem
1554 1364 1607 1418 in
1632 1363 1820 1420 visione
1841 1365 1920 1423 in-

388 1461 568 1531 telligit
596 1477 629 1517 a
651 1459 939 1531 purgatorii
967 1458 1128 1528 poenis
1152 1457 1304 1527 afﬂigi
1330 1467 1376 1513 et
1401 1455 1624 1515 liberari.

352 1580 365 1585 ’
402 1613 422 1646 ι
452 1593 495 1647 Ι.
528 1594 649 1648 Post
675 1608 873 1663 paucos
894 1592 1011 1647 dies
1040 1607 1223 1646 rumor
1246 1592 1483 1646 cucurrit
1508 1600 1563 1646 ut
1587 1591 1915 1648 audiremur.

326 1704 349 1737 ι
385 1686 701 1754 Supervenit
740 1696 917 1740 autem
956 1693 1010 1739 et
1047 1684 1114 1738 de
1150 1683 1364 1739 civitate
1405 1694 1555 1754 pater
1593 1700 1761 1749 meus,
1790 1702 1919 1739 cott-

2034 506 2052 538 ‹
2091 486 2156 541 ad
2208 487 2348 539 hunc
2390 486 2575 538 liorem
2625 484 2796 538 astatis
2842 486 3106 555 provexi;
3159 487 3202 539 si
3256 497 3305 541 te
3358 490 3625 561 pral‘posuj

2032 594 2050 626 ι
2090 574 2338 631 omnibus
2375 572 2627 628 fratribus
2661 576 2780 639 tuis,
2814 589 2884 635 ne
2916 591 3001 628 me
3041 575 3254 647 dederis
3300 578 3348 630 in
3395 579 3628 645 dedecus

2032 691 2051 723 1
2092 671 2388 725 hominum.
2419 670 2612 739 Aspice
2636 668 2700 723 ad
2729 667 2917 724 fratres
2940 680 3078 737 tuos,
3109 672 3287 740 aspice
3309 673 3373 727 ad
3401 682 3624 733 triatrcm

2032 784 2051 817 1
2090 776 2231 819 tuam
2272 773 2325 818 et
2373 772 2736 829 materteram,
2784 763 2964 829 aspice
3013 761 3077 827 ad
3130 765 3295 819 lilium
3344 775 3487 823 tmun
3539 766 3629 837 qui

2030 876 2048 909 1
2086 867 2206 927 post
2252 869 2303 911 te
2340 855 2521 911 vivere
2568 869 2674 908 non
2723 855 2937 925 poterit.
2992 855 3208 927 Depone
3260 857 3506 925 animos,
3560 874 3629 937 np

2030 968 2049 1001 ι
2089 950 2365 1004 universos
2395 961 2493 1002 nos
2524 956 2548 983 α
2581 947 2927 1001 extermines.
2968 945 3138 1009 Nemo
3183 948 3327 1007 enim
3383 958 3624 1013 nostrum

2029 1059 2047 1092 ι
2086 1039 2257 1105 libere
2303 1039 2571 1110 loquetur,
2602 1036 2647 1092 si
2700 1046 2755 1115 tu
2804 1035 3001 1107 aliquid
3049 1035 3216 1092 lueris
3248 1052 3422 1107 passa.
3452 1056 3471 1109 ι
3505 1024 3631 1119 "ais:

2029 1152 2047 1209 ι
2088 1132 2299 1189 dicebat
2327 1140 2476 1202 pater
2503 1146 2599 1202 pro
2634 1145 2728 1184 sua
2758 1131 2954 1200 pietate
2996 1129 3211 1187 basians
3243 1132 3370 1193 mihi
3401 1148 3627 1205 manus;

1990 1247 2049 1280 ο(
2086 1235 2138 1281 et
2164 1241 2221 1291 se
2251 1225 2315 1291 ad
2357 1226 2522 1295 pedes
2560 1240 2708 1295 meos
2742 1225 2971 1295 iactans,
3016 1235 3069 1280 et
3112 1225 3362 1301 lacrymis
3406 1242 3511 1285 non
3560 1227 3627 1299 ti;-

2030 1337 2048 1371 ι
2086 1318 2207 1371 liam
2258 1316 2350 1370 sed
2398 1317 2667 1370 dominam
2714 1308 2798 1370 me
2839 1316 3081 1371 vocabat.
3123 1317 3189 1371 Et
3230 1333 3331 1387 ego
3374 1318 3620 1374 dolebam

2029 1428 2047 1461 ι
2085 1422 2247 1464 canos
2295 1407 2321 1445 ιδ
2380 1408 2545 1477 patris
2581 1407 2707 1472 mei,
2738 1406 2879 1477 quod
2927 1408 3075 1462 solus
3113 1407 3179 1462 de
3230 1409 3478 1479 passione
3504 1426 3624 1477 mea

2028 1522 2047 1555 ι
2084 1503 2363 1572 gavisurus
2393 1488 2496 1554 non
2529 1509 2671 1555 esset
2714 1499 2782 1554 de
2827 1509 2939 1554 toto
2978 1514 3177 1571 genere
3217 1516 3368 1566 meo;
3414 1512 3467 1557 et
3497 1517 3625 1571 can-

2028 1613 2046 1646 1
2086 1594 2275 1649 lortavi
2328 1609 2486 1657 eum,
2537 1593 2769 1648 dicens:
2822 1610 2841 1643 ι
2878 1591 2991 1647 lloc
3056 1594 3148 1648 lies
3197 1595 3250 1647 in
3295 1593 3385 1651 illa
3422 1602 3622 1648 catasta

2028 1704 2047 1737 ι
2081 1686 2223 1756 quod
2269 1686 2407 1740 Deus
2438 1686 2689 1740 voluerit.
2720 1684 2867 1739 Scito
2896 1685 3040 1739 etiim
3089 1701 3187 1740 nos
3217 1701 3321 1739 non
3355 1686 3406 1739 in
3438 1696 3621 1740 nostra

327 1794 348 1829 ι
387 1786 628 1846 sumptus
655 1777 813 1832 tmdio
834 1820 847 1842 ,
877 1776 1120 1841 ascendit
1138 1776 1203 1831 ad
1232 1792 1319 1832 me
1341 1786 1400 1831 ut
1424 1793 1511 1833 me
1531 1778 1804 1847 dcjiceret,
1832 1779 1916 1834 di-
1947 1818 1995 1878 Β
2030 1798 2049 1832 ι
2082 1787 2347 1851 potestate
2373 1793 2491 1863 esse
2508 1779 2848 1846 constitutos,
2880 1777 2973 1833 sed
3003 1779 3054 1833 in
3082 1778 3197 1834 Dei.
3222 1796 3240 1829 1
3265 1778 3331 1834 Et
3346 1780 3569 1835 recessit
3593 1793 3623 1833 a

325 1884 346 1917 ι
381 1881 509 1924 cens
542 1886 599 1922 τι
633 1868 913 1939 Miserere,
948 1868 1076 1935 lilia,
1107 1870 1255 1923 canis
1278 1870 1444 1934 meis;
1478 1871 1733 1926 miserere
1757 1872 1915 1943 patri,

2031 1893 2049 1925 ι
2087 1888 2171 1928 me
2197 1872 2563 1927 contristatus.

1539 1961 1923 2033 LECTIONE$
1961 1963 2375 2029 VARIANTES.

385 2054 413 2084 ⁸
450 2052 571 2104 Cod.
598 2053 855 2116 Cornpend.
883 2059 929 2104 et
964 2051 1144 2105 Salisb.
1169 2053 1231 2105 Et
1272 2053 1369 2104 noli
1414 2067 1504 2106 nos
1544 2057 1803 2111 universos
1827 2071 1917 2108 ex-

318 2118 608 2167 tes-ninam.

2088 2054 2117 2093 δ
2141 2056 2362 2109 Causam.
2404 2055 2625 2119 Holsten.

1630 2200 1992 2258 VARIORUM
2026 2199 2257 2256 NOTAE.

315 2294 390 2365 bis
414 2294 477 2347 de
502 2292 674 2348 divina
694 2293 988 2365 dignatione
1007 2293 1327 2347 commissam
1346 2294 1782 2365 exhortationibus
1799 2311 1915 2347 nos-

317 2364 406 2419 tris
433 2382 691 2430 paremus,
712 2363 761 2417 et
788 2381 961 2417 omnes
982 2365 1187 2427 omnino
1218 2364 1402 2417 milites
1424 2363 1631 2424 Christi,
1658 2367 1742 2434 qui
1768 2381 1911 2418 arma

315 2436 603 2489 desiderant
628 2480 642 2502 ,
687 2444 733 2489 et
755 2436 987 2506 prwlium
1015 2436 1270 2505 ﬂagitant,
1304 2436 1438 2487 intra
1467 2440 1635 2491 castra
1656 2437 1912 2489 dominica

316 2506 649 2576 colliganms;
675 2511 970 2560 necessitate
1012 2515 1219 2575 cogente
1252 2508 1537 2559 censuimus
1560 2547 1574 2568 ,
1608 2508 1681 2559 eis
1722 2508 1815 2576 qui
1851 2506 1915 2560 de

314 2575 544 2631 Ecclesia
574 2575 783 2629 Domini
807 2593 907 2648 non
937 2586 1266 2633 recesserunt.
1296 2577 1385 2630 sed
1408 2575 1748 2647 paznitcntiam
1767 2593 1916 2648 agere

312 2658 361 2703 et
391 2649 682 2709 lamentari,
714 2664 774 2701 ac
809 2647 1075 2701 Dominum
1097 2648 1359 2714 deprecari
1379 2666 1409 2702 a
1439 2650 1603 2710 primo
1633 2650 1810 2716 lapsus
1836 2649 1916 2702 sui

315 2720 394 2773 die
422 2736 522 2772 non
555 2720 875 2777 destiterunt.
904 2734 1076 2787 pacem
1103 2718 1326 2770 dandam
1357 2736 1481 2782 esse,
1510 2731 1558 2772 et
1581 2737 1663 2772 eos
1692 2722 1759 2771 ad
1783 2736 1915 2789 pra:-

314 2790 436 2861 limn
457 2790 595 2860 quod
620 2790 848 2843 imminet
872 2831 886 2853 ,
916 2790 1104 2841 armari
1131 2799 1178 2842 et
1195 2790 1376 2842 instrui
1406 2800 1653 2861 oportere.
1690 2790 1758 2844 Et
1786 2807 1913 2861 pauo

314 2860 367 2914 io
399 2872 515 2928 post
548 2880 561 2916 :
624 2864 686 2913 Αι
721 2875 836 2912 vrro
867 2876 998 2913 nunc
1028 2877 1126 2931 non
1156 2861 1405 2931 inﬁrmis,
1440 2860 1793 2931 sedfortibns
1810 2879 1912 2931 paa:

315 2932 599 2984 necessaria
629 2943 723 2996 cst,
743 2947 832 2984 nec
851 2930 1195 2994 morientibus,
1226 2930 1316 2984 sed
1335 2934 1608 2984 viventibus
1632 2930 1911 2985 connnnni—

316 3003 454 3055 catio
484 3019 513 3053 a
546 3002 686 3074 nobis
713 3003 882 3055 danda
901 3011 990 3063 est,
1010 3010 1060 3054 ut
1080 3017 1202 3070 quos
1223 3003 1501 3074 excitamus
1520 3012 1563 3053 et
1584 3004 1913 3058 exhortamur
1939 3010 1985 3074 ρ

314 3074 388 3124 ad
405 3072 661 3140 prie/ium.
688 3090 782 3125 non
805 3074 1020 3125 inermes
1043 3080 1088 3124 et
1116 3074 1277 3145 nudos
1295 3073 1658 3143 relinquamus;
1684 3075 1770 3128 sed
1792 3092 1911 3145 pro-

315 3145 532 3196 tection:
547 3144 806 3213 sanguinis
828 3153 873 3197 et
895 3145 1119 3212 corporis
1152 3142 1338 3197 Christi
1365 3142 1649 3209 muniamus
1673 3164 1684 3198 :
1720 3156 1764 3199 et
1793 3142 1916 3200 cum

313 3214 383 3266 ad
409 3214 503 3267 hoc
532 3214 625 3283 ﬁat
659 3214 983 3267 Eucharistia
1002 3256 1014 3275 ,
1042 3226 1095 3267 ιιι
1125 3216 1278 3285 possit
1305 3217 1665 3283 accipientibus
1703 3234 1808 3272 esse
1836 3230 1915 3271 tn-

315 3286 432 3346 tela,
457 3303 583 3356 quas
614 3296 745 3340 tutos
772 3302 877 3340 esse
903 3295 1077 3338 contra
1121 3285 1478 3340 Adversarium
1517 3288 1767 3350 volumus,
1803 3307 1914 3343 mu-

314 3357 537 3429 nimento
563 3358 836 3410 dominica:
873 3358 1156 3411 saturitatis
1192 3374 1463 3411 armemus.
1501 3357 1639 3411 Nam
1661 3361 1912 3429 quomodo

315 3426 549 3499 docemus
570 3438 659 3480 aut
691 3443 1128 3499 provocamuseos
1149 3428 1199 3499 in
1222 3430 1539 3499 confessione
1560 3426 1776 3483 nominis
1795 3449 1911 3485 sanv

314 3498 519 3566 guinem
536 3517 680 3562 suum
691 3492 931 3569 'fnndere,
946 3500 988 3551 si
1006 3499 1075 3551 eis
1097 3492 1385 3554 militaturis
1406 3492 1594 3554 Christi
1614 3504 1911 3569 sanguinem

315 3569 667 3639 denegamus?
716 3579 805 3622 aut
845 3571 1094 3637 quomodo
1146 3570 1216 3623 ad
1254 3570 1484 3641 martyrii
1531 3574 1768 3640 poculum
1799 3574 1913 3624 ido-

314 3654 434 3692 neos
488 3641 725 3711 facimus,
768 3642 813 3694 si
861 3646 961 3693 non
1009 3656 1090 3694 eos
1139 3642 1207 3693 ad
1255 3640 1521 3694 bibendum
1582 3644 1632 3695 in
1680 3642 1911 3698 lt‘ccleia

314 3710 559 3777 poculum
606 3710 812 3765 Domini
870 3712 990 3781 jure
1046 3712 1512 3765 communicationis
1559 3712 1912 3769 admittimus?

311 3781 630 3847 Siquidem,
668 3792 721 3833 ut
765 3784 1034 3851 aliquanto
1091 3792 1208 3850 post
1257 3783 1501 3835 additur:
1536 3782 1759 3837 idoneus
1802 3803 1907 3840 csse

315 3867 422 3923 non
460 3861 625 3923 potest
652 3852 718 3903 ad
743 3854 1058 3923 martyrium.
1091 3854 1173 3915 qui
1201 3854 1263 3906 ab
1294 3854 1523 3907 Ecclesia
1549 3871 1647 3907 non
1683 3858 1911 3909 armatur

316 3922 391 3995 ad
437 3922 716 3995 praelium:
752 3934 798 3975 et
837 3922 973 3977 mens
1023 3923 1215 3995 tie/icit,
1247 3941 1394 3990 quam
1425 3942 1523 3978 non
1550 3935 1750 3995 recepta
1803 3926 1909 3983 Eu-
1950 3954 1957 3961 -

311 3991 566 4067 charistia
596 3992 753 4067 erigit
782 4004 826 4047 et
869 3994 1115 4067 ascendit.
1176 3993 1449 4049 Poss‘tuus.

389 4062 465 4117 Ex
497 4062 580 4136 his
612 4062 787 4136 verbis
818 4084 829 4118 :
872 4062 934 4118 Et
980 4065 1043 4117 de
1068 4082 1243 4131 casco,
1273 4067 1409 4133 quod
1436 4066 1683 4136 mulgebat
1705 4107 1719 4128 ,
1770 4069 1909 4121 dedit

311 4135 441 4187 mihi
499 4134 819 4200 bnccellam,
866 4150 1144 4204 perperam
1177 4138 1373 4204 colligit
1427 4134 1733 4190 Naesseltus
1784 4139 1909 4193 Pcr-

311 4215 527 4275 petuatn
572 4220 618 4278 ιι
689 4206 1127 4261 Montanistarum
1182 4206 1374 4278 hrnriha
1444 4208 1646 4278 fuisse;
1712 4212 1908 4278 quippe

311 4293 478 4344 quos,
534 4276 747 4344 aliquos
808 4287 992 4342 certe,
1058 4277 1418 4348 l'Lpiphanius,
1476 4277 1668 4347 aliique
1726 4276 1908 4335 dicunt

312 4348 366 4400 in
399 4362 551 4401 sacra
578 4362 732 4402 caena
764 4348 1072 4402 adhibuisse
1100 4363 1345 4415 caseum,
1407 4350 1544 4403 unde
1578 4363 1770 4402 nomen
1804 4350 1904 4404 Ar-

314 4418 655 4489 lotyritarum
724 4425 1028 4472 traxerunt.
1088 4418 1205 4489 Viti.
1282 4419 1509 4487 ipsamet
1577 4422 1691 4485 ejus
1745 4423 1906 4475 verba

312 4488 493 4559 supra.
523 4500 562 4543 t.
594 4490 647 4544 1.
684 4490 962 4541 πυγιδκιιιι.
996 4488 1243 4542 Biblioth.
1270 4490 1373 4543 PP.
1406 4491 1507 4545 Col.
1554 4491 1673 4545 175.
1711 4491 1905 4545 Verum

312 4574 399 4632 res
425 4572 507 4614 est
538 4574 761 4632 prorsus
800 4560 1004 4632 incerta
1034 4575 1099 4612 an
1135 4559 1442 4632 Artotyritze
1488 4564 1674 4632 luerim
1705 4578 1734 4614 e
1764 4573 1906 4623 Secta

311 4628 909 4702 hlmuardstarum._CL
930 4645 992 4685 ea
1034 4638 1154 4701 qum
1182 4632 1251 4685 de
1288 4628 1349 4685 iis
1380 4631 1584 4702 praefati
1624 4648 1807 4687 smnus
1856 4634 1907 4688 in

310 4698 422 4753 hoc
444 4701 737 4755 volumine.
772 4700 905 4755 Enn.

396 4769 477 4842 Et
518 4772 756 4837 coepimus
784 4772 1003 4825 'nullam
1045 4789 1184 4842 spem
1240 4774 1294 4826 in
1339 4775 1524 4827 saculo
1570 4773 1770 4827 habere.
1821 4776 1908 4829 Sic

314 4838 547 4912 Pontius
572 4844 641 4894 de
667 4842 931 4912 Cypriane
954 4838 1081 4911 jam'
1109 4854 1261 4899 certo
1286 4844 1355 4898 de
1400 4844 1573 4898 futura
1612 4846 1865 4912 'passioite
1892 4865 1904 4901 :

314 4908 425 4984 Ille
449 4927 566 4963 vero
584 4908 968 4984 jam'mnnduni
998 4926 1241 4984 suspensa
1268 4916 1334 4968 ad
1380 4914 1560 4969 ccelnm
1607 4908 1770 4969 mente
1822 4926 1909 4970 ne-

316 4982 564 5056 glexerat.
594 4982 658 5036 Et
684 4984 794 5051 ipse
817 4982 1122 5056 Cyprianus
1154 4986 1318 5050 Epist.
1354 5002 1407 5039 Vl
1439 5002 1453 5040 :
1488 4985 1689 5041 Saecula
1720 4998 1907 5041 renun-

319 5054 623 5125 tiaveramus
651 5071 766 5107 cam
805 5054 1048 5125 baptizati
1068 5072 1274 5118 snnms;
1306 5059 1392 5110 scd
1430 5073 1561 5109 nunc
1589 5072 1698 5110 vere
1723 5074 1908 5111 renun-

314 5124 553 5177 tiavimns
603 5126 824 5186 sctculo,
872 5124 1076 5197 quando
1132 5128 1329 5180 tentati“
1360 5137 1405 5180 et
1449 5129 1646 5195 probati
1694 5146 1724 5180 a
1778 5128 1902 5195 lleo,

313 5204 491 5248 nostra
517 5197 690 5266 omnia
719 5197 1055 5266 relinquentes
1078 5240 1093 5263 ,
1132 5207 1238 5254 etc.
1268 5198 1409 5251 Idem
1442 5198 1509 5252 de
1561 5198 1755 5255 llabitu
1799 5203 1907 5253 Vir-

313 5267 497 5339 ginum
529 5283 543 5339 ξ
576 5265 729 5334 Apud
760 5265 1015 5338 Martyres
1056 5285 1156 5322 non
1186 5280 1256 5321 est
1282 5270 1450 5322 carnis
1490 5277 1535 5322 et
1574 5270 1744 5322 stcculi
1770 5274 1881 5339 cogi
1893 5301 1908 5311 -

316 5337 779 5409 tatiognimirum,
812 5349 867 5392 ut
907 5337 1048 5393 idem
1089 5340 1162 5392 ait
1189 5339 1356 5409 Epist.
1390 5356 1442 5405 t,
1486 5340 1551 5392 ad
1602 5337 1905 5396 Donatum:

315 5406 472 5461 Nihil
493 5418 735 5474 appetere
758 5410 865 5473 iam
884 5451 897 5472 ,
944 5410 1071 5463 nihil
1094 5406 1382 5464 desiderare
1406 5413 1467 5463 de
1494 5410 1679 5466 sarculo
1708 5421 1902 5478 potest,

310 5480 399 5550 qui
426 5481 613 5532 stvcnlo
662 5481 831 5550 ntajor
876 5491 967 5534 est;
1030 5481 1180 5536 Unde
1232 5481 1397 5550 Epist.
1448 5496 1556 5547 xv,
1603 5480 1685 5533 his
1729 5484 1905 5537 verbis

312 5548 659 5621 adhortatur“
685 5548 921 5621 Moysem
973 5548 1303 5620 caeterosque
1346 5554 1695 5606 Confesslrres
1749 5556 1904 5606 morti

314 5619 598 5692 addictos;
626 5618 899 5688 Sperantes
935 5622 1042 5692 iam
1070 5621 1181 5675 sola
1207 5618 1424 5676 caelestia
1443 5666 1457 5688 ,
1484 5633 1530 5675 et
1576 5632 1768 5675 tantum
1825 5624 1904 5677 di-

312 5692 438 5764 uina
460 5688 867 5764 iiiedit_antes_,"ad
897 5688 1105 5764 fastigia
1125 5693 1361 5758 celsiora,
1394 5708 1535 5746 mora
1564 5696 1674 5761 ipsa
1706 5696 1906 5764 passio-

312 5712 438 5743 ωηίι
460 5712 773 5755 ntcuuames,
801 5712 866 5745 aa
897 5712 1105 5764 [asttgta
1125 5712 1361 5758 castora,
1394 5712 1535 5746 mora
1564 5712 1674 5761 ipsa
1742 5712 1901 5747 (158lo-

312 5762 398 5834 nis
427 5759 723 5834 agent/itis.
742 5760 868 5834 tiam
898 5764 1255 5834 ut’Ce‘leripus
1280 5764 1570 5819 Coufessor
1586 5712 1738 5834 apudJ
1752 5778 1901 5818 etim-

311 5832 440 5887 dcm
472 5822 642 5898 Epist.
668 5826 794 5901 nr,
821 5835 897 5891 alt
925 5844 938 5891 :
972 5826 1087 5889 Hoc
1123 5826 1249 5905 solet
1275 5837 1564 5905 contingere
1580 5822 1747 5907 sentis
1770 5834 1900 5904 Dei;

2020 2296 2241 2349 maxime
2269 2294 2339 2350 eis
2374 2295 2459 2363 qui
2486 2295 2538 2349 in
2581 2294 2899 2366 confessions
2926 2293 3139 2350 Christi
3164 2305 3282 2350 sunt
3328 2297 3617 2357 constituti.

2017 2366 2121 2418 scio
2144 2366 2276 2418 enim
2314 2366 2554 2435 quoniam
2585 2370 2927 2435 unusquisque
2967 2368 3081 2435 jam
3120 2383 3233 2436 qua:
3280 2378 3398 2423 sunt
3442 2370 3622 2423 surculi

2018 2452 2118 2489 non
2144 2436 2388 2507 attendit,
2436 2438 2682 2506 quoniam
2735 2452 2974 2489 coronam
3002 2437 3249 2507 ctelestem
3290 2449 3479 2507 sperat.
3512 2440 3619 2493 Lu-

2019 2508 2150 2578 e_i_l'er
2176 2506 2625 2560 Cala'rltanus'lib.
2656 2507 2807 2573 Quod
2833 2506 3166 2578 tinoriendum
3196 2522 3292 2578 pro
3318 2506 3470 2563 Filio
3496 2511 3608 2578 Dei,

2027 2576 2273 2630 Novimus
2295 2579 2425 2629 hanc
2447 2594 2553 2629 esse
2576 2580 2716 2629 nobis
2739 2577 2978 2629 traditam
3004 2576 3243 2630 divinitus
3271 2576 3612 2647 disciplinam,

2019 2658 2075 2700 ut
2114 2649 2220 2700 sine
2240 2648 2345 2700 ullo
2377 2657 2565 2700 terrore
2594 2648 2803 2700 malitia:
2823 2691 2836 2709 ,
2884 2649 2983 2701 vim
3022 2651 3253 2701 tueamur
3301 2650 3427 2700 tanti
3458 2653 3619 2703 nomi-

2020 2719 2099 2771 nis
2127 2735 2145 2771 :
2179 2720 2362 2787 quippe
2383 2736 2507 2785 quos
2538 2723 2651 2789 jam
2695 2718 2890 2790 pridem
2913 2728 3140 2790 quaterna:
3183 2720 3437 2771 mcmoriw
3475 2721 3617 2790 cupi-

2020 2790 2154 2842 ditas
2202 2790 2503 2841 abstraxerit
2542 2788 2581 2842 7a
2620 2789 2874 2842 desiderio
2906 2789 3051 2843 istius
3080 2788 3242 2853 lucis,
3286 2806 3509 2859 quosque
3541 2788 3614 2845 ad

2020 2860 2270 2912 calcanda
2318 2862 2488 2912 omnia
2539 2870 2765 2924 terrena,
2819 2860 3007 2914 Christi
3056 2859 3267 2914 societas
3316 2864 3609 2931 segregavit.

2020 2932 2188 2984 Porro
2227 2941 2566 3001 contemptus
2614 2932 2713 2984 iste
2756 2931 2936 2985 szeculi
2964 2972 2977 2996 ,
3026 2931 3274 3001 proprius
3320 2931 3611 3001 Martyrum

2019 3009 2356 3069 τεθνηξομένων
2386 3004 2558 3056 statim
2606 3003 2996 3067 moritur-orion,
3051 3003 3343 3056 imitatione
3392 3003 3611 3057 allecta-

2020 3072 2176 3126 balur
2217 3075 2283 3126 ah
2324 3076 2417 3139 iis,
2470 3074 2559 3143 qui
2610 3078 2752 3128 serio
2808 3074 3054 3128 conversi
3108 3074 3265 3126 vitam
3320 3072 3611 3141 perlectam

2018 3145 2387 3214 capessebant.
2453 3144 2728 3199 Possidius
2764 3144 2843 3198 de
2896 3144 2955 3199 S.
3006 3144 3302 3214 Augustino
3356 3145 3609 3198 Ecclesim

2018 3212 2382 3270 Sacramentis
2431 3217 2498 3268 ab
2543 3216 2826 3269 Ambrosio
2878 3212 3123 3269 initiato':
3156 3213 3284 3269 Max
3330 3230 3391 3268 ea:
3419 3216 3610 3270 intimis

2017 3287 2186 3337 cordis
2217 3287 2453 3339 medullis
2472 3286 2539 3338 ad
2567 3286 2725 3337 Deum
2751 3302 3037 3348 conversus,
3071 3302 3210 3354 spem
3232 3301 3428 3339 omnem
3453 3302 3603 3355 quam

2018 3355 2232 3409 habebat
2281 3358 2331 3408 in
2383 3358 2566 3411 sarculo
2608 3358 2893 3425 dereliquit.
2949 3357 3081 3425 Quia
3132 3372 3256 3410 vero
3305 3357 3393 3424 qui
3444 3358 3605 3409 vitam

2017 3428 2369 3481 tnonasticam
2414 3428 2806 3497 suscipiebant,
2841 3431 2973 3481 mori
3017 3428 3214 3481 saeculo
3253 3425 3605 3491 dicebantur,

2016 3512 2202 3569 eorum
2227 3512 2437 3567 quoque
2458 3499 2701 3569 proprius
2724 3499 2808 3553 hic
2824 3514 3013 3553 sensus
3040 3506 3199 3565 atque
3224 3497 3444 3551 allectus
3469 3507 3604 3569 erat;

2014 3567 2156 3639 quod
2190 3567 2304 3637 ipse
2332 3570 2399 3622 tle
2433 3586 2490 3623 se
2516 3567 2844 3637 Aitgustinus
2876 3570 3153 3638 prolitetur
3196 3569 3369 3623 Serm.
3420 3569 3506 3632 49,
3537 3568 3605 3621 de

2018 3640 2292 3693 Diversis:
2330 3639 2629 3706 Qnmrebam
2660 3642 2756 3694 ‘ubi
2803 3642 3157 3694 constituerem
3207 3640 3605 3702 monasterium;

2013 3726 2153 3779 spent
2182 3712 2370 3779 quippe
2399 3727 2592 3764 onmem
2616 3712 2790 3765 steculi
2821 3713 3143 3779 reliqueram.
3196 3710 3388 3764 llowr.

2086 3783 2211 3834 CAP.
2246 3782 2305 3835 ll.
2337 3812 2409 3821 —
2438 3782 2473 3835 I.
2524 3781 2730 3850 Depone
2759 3786 2969 3837 animos.
3006 3782 3174 3834 Animi
3205 3781 3457 3834 \identur
3490 3779 3606 3833 Itcic

2014 3855 2137 3923 poni
2193 3868 2288 3919 pro
2342 3854 2550 3923 spiritus
2582 3896 2597 3919 ,
2655 3854 2769 3909 sive
2833 3853 3183 3923 cogitationes
3238 3864 3328 3923 aut
3386 3850 3605 3923 alfoctus
3660 3878 3669 3885 -

2012 3921 2464 3991 vehementiores.
2491 3925 2581 3978 Sic
2610 3925 2967 3979 Tertullianus
2999 3923 3091 3976 lib.
3129 3922 3196 3976 de
3235 3921 3603 3991 Spectaculis:

2012 3989 2128 4043 Itur
2170 3994 2221 4045 in
2254 3994 2450 4061 furias,
2504 4004 2549 4047 et
2580 3998 2809 4059 animos,
2857 4006 2900 4047 et
2934 3992 3237 4047 discordias.
3280 3989 3354 4046 Et
3400 3994 3491 4045 lib.
3543 3993 3606 4044 dc

2015 4061 2267 4131 Patierin,
2303 4080 2421 4131 cap.
2452 4066 2501 4117 7.
2534 4064 2801 4117 Prnhibita
2824 4068 2934 4126 ira,
2983 4065 3197 4115 restricti
3240 4065 3418 4127 animi,
3464 4079 3604 4115 com-

2028 4150 2187 4185 n'cssa
2218 4135 2498 4202 petulantia
2533 4151 2747 4199 manus;
2806 4135 2906 4187 nisi
2963 4137 3098 4185 l'orte
3144 4134 3355 4187 animos
3400 4134 3617 4202 vocaris

2028 4150 2187 4185 )rcssa
2218 4149 2498 4202 petulantia
2533 4151 2747 4199 manus;
2806 4149 2906 4187 ItlSl
2963 4149 3098 4185 torte
3144 4149 3355 4187 animos
3400 4149 3604 4184 vneam

2011 4149 2113 4257 itoc
2166 4206 2282 4256 loco
2330 4204 2607 4273 Perpetth
2657 4216 2807 4272 paler
2836 4246 2850 4268 ,
2898 4202 3276 4273 sublimitatem
3324 4201 3516 4263 animi,
3551 4209 3604 4254 ct

2010 4275 2355 4329 conscientim
2401 4272 2636 4330 victricis
2664 4276 2936 4345 vigorem,
2971 4272 3072 4327 hoc
3114 4279 3233 4345 est,
3287 4285 3601 4345 generosam

2011 4347 2261 4417 martyris
2291 4347 2680 4411 constantiam;
2720 4341 2996 4417 quomodo
3045 4344 3277 4412 loquitur
3302 4341 3602 4413 Cyprianus

2010 4412 2181 4484 Episf.
2220 4432 2416 4471 Lxxvu.
2452 4417 2649 4472 "OLsT.
2744 4412 2757 4417 ⁷
3352 4412 3357 4413 ί
3492 4432 3496 4436 ‘
3634 4412 3645 4423 ’

2088 4486 2208 4540 Non
2272 4490 2475 4553 ﬁliam,
2541 4491 2629 4543 sed
2682 4488 2941 4542 dominam
2994 4486 3223 4539 vocabat.
3283 4484 3373 4540 Sic
3418 4484 3603 4554 vulga-

2016 4560 2397 4629 tusgiuterpres
2416 4560 2571 4614 Joan.
2602 4576 2729 4623 xm,
2764 4560 2831 4614 15
2857 4578 2870 4613 :
2914 4556 3011 4611 Vos
3038 4558 3226 4611 vocatis
3256 4573 3333 4611 me
3362 4556 3606 4629 Magister

2015 4640 2060 4683 et
2083 4627 2321 4683 Domine.
2353 4630 2407 4683 111
2434 4629 2623 4685 Grzeco
2648 4634 2807 4686 etiam
2840 4629 3197 4683 nominativus
3224 4638 3307 4682 est
3334 4643 3430 4698 pro
3455 4627 3606 4682 accu-

2014 4699 2166 4771 sandi
2198 4714 2324 4753 casu
2344 4742 2357 4765 ,
2383 4708 2407 4755 ό
2430 4706 2714 4764 διδάσκαλος
2739 4706 2820 4755 καὶ
2849 4706 2874 4753 ὸ
2904 4707 3077 4771 κῦριος.
3111 4699 3309 4753 Ιιοιετ.

2093 4770 2245 4835 Quod
2274 4774 2412 4824 solus
2442 4775 2505 4826 de
2529 4777 2763 4843 passione
2788 4790 2896 4826 inea
2943 4770 3205 4843 gavisurus
3244 4786 3343 4825 non
3376 4780 3501 4825 esset
3542 4770 3602 4824 de

2016 4850 2120 4894 toto
2162 4858 2342 4923 genere
2389 4841 2536 4898 meo.'
2575 4846 2654 4899 Ex
2710 4847 2791 4899 his
2841 4841 3016 4923 vcrbis
3067 4841 3273 4895 videtur
3319 4850 3599 4907 constare,

2013 4922 2067 4965 et
2128 4915 2297 4965 virmn
2351 4924 2405 4968 et
2462 4925 2721 4981 matrem,
2768 4925 2822 4969 et
2871 4915 3085 4969 lratres-
3118 4928 3339 4977 oinnes,
3390 4928 3455 4981 ac
3507 4926 3600 4965 eo-

2011 4993 2203 5051 gnatos
2265 4984 2539 5053 Perpetua:
2585 4980 2747 5041 fuisse
2794 4986 3148 5045 christianos;
3192 4982 3349 5053 quod_
3379 4980 3600 5034 inferius

2013 5054 2252 5122 proderit
2317 5051 2382 5115 ad
2440 5057 2879 5125 intelligendum,
2933 5051 3599 5125 Dinocratem__l_’crpetu:u

2011 5121 2231 5179 fratrem
2251 5164 2265 5187 ,
2295 5142 2414 5195 cum
2444 5121 2715 5195 septi-unis
2745 5121 3156 5195 moreretur,in
3189 5121 3384 5175 familia
3428 5122 3597 5176 ferme

2013 5204 2121 5248 tota
2153 5194 2471 5257 christiana,
2504 5193 2669 5250 fuisse
2700 5197 3042 5265 baptizatum.
3079 5193 3272 5249 llocsr.
3360 5225 3370 5231 -

2087 5265 2198 5319 lloc
2240 5267 2323 5332 ﬁet
2369 5268 2420 5318 in
2446 5266 2537 5320 illa
2564 5262 2791 5333 catasta,
2837 5278 2941 5321 etc.
2993 5264 3207 5318 Catasta
3253 5262 3466 5331 proprie
3519 5263 3595 5317 lo-

2009 5351 2104 5391 cus
2144 5342 2259 5391 erat
2292 5339 2512 5401 editior;
2562 5339 2612 5391 in
2639 5352 2743 5407 quo
2768 5338 2910 5390 servi
2938 5336 3150 5407 venales
3188 5334 3592 5407 experiebantur

2010 5413 2110 5480 ἀπὸ
2134 5415 2216 5463 τοῦ
2244 5424 2563 5474 uisentium,
2596 5405 2700 5480 mp1
2719 5414 2979 5480 crepitum,
2996 5406 3045 5480 ili
3068 5415 3152 5460 est
3177 5406 3245 5459 ab
3277 5405 3595 5480 exponendo

1994 5479 2203 5532 'dictus.
2227 5480 2315 5536 Sic
2332 5490 2554 5534 annotat
2570 5477 2834 5534 Pamelins
2860 5480 2923 5533 ad
2944 5477 3113 5546 Epist.
3132 5491 3293 5530 χχχιιι
3315 5478 3589 5547 Cypriani,

2009 5550 2209 5602 addens
2241 5551 2499 5621 Martyres
2540 5552 2591 5605 in
2624 5553 2740 5606 loco
2770 5544 3014 5605 similiter
3052 5549 3197 5603 edito
3237 5544 3475 5621 ostendi
3501 5564 3593 5616 po-

2028 5621 2175 5690 )ulo‘,
2230 5638 2351 5677 cum
2379 5619 2768 5690 ‘judtcarentur
2812 5633 2903 5676 aut
2948 5627 3349 5690 torquerentur,
3380 5619 3585 5672 solitos.

2061 5690 2161 5744 nde
2188 5702 2271 5749 est
2303 5694 2426 5747 illud
2449 5692 2702 5766 Cypriani
2731 5695 2850 5766 jam
2878 5695 3035 5766 citata
3078 5690 3317 5766 Epistula
3344 5690 3411 5766 de
3432 5690 3587 5766 _Lec:

2009 5771 2125 5815 tore
2146 5803 2159 5825 ,
2193 5766 2280 5832 qui
2308 5759 2587 5820 confessus
2617 5759 2883 5819 Christum
2917 5764 2967 5817 in
2994 5770 3191 5817 catasta
3220 5802 3235 5827 ,
3286 5759 3479 5832 deinde
3517 5760 3583 5814 ad

2008 5831 2265 5891 Ecclesia:
2291 5836 2550 5905 pulpitum
2581 5846 2853 5906 promotus
2877 5836 3046 5892 fuerat
3072 5850 3083 5888 :
3108 5832 3176 5887 ad
3203 5831 3454 5902 pulpitum
3471 5842 3587 5903 post
