4190 6246
593 345 666 407 33
1817 343 2052 404 PASSIO
2090 344 2185 402 SS.
2228 335 2620 399 MARTYRUM

2141 457 2192 515 ei
2222 471 2273 529 Α
2306 476 2323 508 ‹
2359 472 2550 524 aquam
2580 454 2828 522 habebat,
2854 464 2906 510 et
2935 465 3110 511 tamen
3141 463 3359 526 propter
3385 455 3722 513 altitudinem
3757 455 3902 510 mar;

599 461 905 517 tminibus.
975 460 1080 514 Pro
1144 459 1244 513 hoc
1301 471 1400 529 ego
1456 459 1750 514 orationem
1804 459 2030 516 feceram
2076 479 2088 515 :

603 572 621 605 ι
663 555 800 608 inter
852 567 935 605 me
988 559 1042 604 et
1093 550 1242 604 illum
1296 551 1496 620 grande
1551 562 1668 607 erat.
1716 553 1957 606 diadema
2012 563 2058 617 ιι,
2118 555 2186 607 ita

597 663 616 696 ι
657 653 711 698 ιιι
752 649 976 710 aterque
1021 639 1084 694 ad
1136 641 1360 696 invicem
1413 641 1671 697 aeceder‘e
1721 659 1824 696 non
1885 657 2182 713 possemus.

598 755 616 789 ι
657 735 782 789 Erat
810 733 1005 789 deinde
1053 735 1104 788 in
1135 735 1250 805 ipso
1281 736 1399 790 loco
1439 738 1525 791 ubi
1561 735 1871 790 Dinocrates
1900 747 2036 800 erat,
2079 736 2184 806 pis-'

596 846 614 878 ‹
655 826 770 880 cina
805 826 956 894 plena
996 823 1151 896 aqua,
1186 827 1429 881 altiorem
1468 829 1759 898 marginem
1801 829 2000 882 habens
2027 846 2183 898 quam

594 917 766 974 (erat
818 925 1022 972 statura
1070 920 1242 989 pueri,
1296 929 1349 974 et
1393 919 1718 974 extendebat
1764 937 1822 974 se
1877 909 2185 974 Dinocrates

595 1031 613 1064 ι
654 1007 803 1082 quasi
835 1009 1120 1066 bibiturus.
1164 1011 1276 1082 Ego
1303 1009 1549 1067 dolebam
1580 1013 1717 1084 quod
1760 1023 1811 1068 et
1853 1016 2051 1083 piscina
2098 1013 2183 1066 illa

3829 331 3909 395 '56

2299 567 2317 600 ι
2355 549 2494 620 ginis
2538 549 2797 604 bibiturus
2843 565 2946 603 non
2988 559 3152 604 esSet.
3202 549 3267 603 Et
3307 561 3623 619 experrecta
3661 564 3801 615 sum,
3844 557 3898 603 et

2299 661 2317 694 ε
2357 643 2579 713 cognovi
2643 642 2859 696 fratrem
2933 658 3105 697 meum
3170 643 3433 698 laborare.
3507 643 3614 699 Sed
3655 643 3896 698 conlide-

2298 755 2315 786 ι
2354 738 2472 790 bam
2505 736 2530 772 ι)
2567 736 2894 806 profuturam
2948 739 3246 791 orationem
3304 755 3474 792 meam
3530 739 3698 794 labori
3749 739 3896 810 ejus,

2297 848 2313 879 ε
2353 839 2404 883 et
2431 831 2649 883 orabam
2683 846 2776 899 pro
2806 845 2869 884 eo
2899 830 3146 883 oinnibus
3175 829 3365 884 diebiis
3392 847 3667 902 quousque
3700 833 3896 887 transi-

2296 939 2315 972 ‹
2354 923 2524 976 vimus
2555 924 2604 976 in
2638 937 2910 976 carcerem
2941 930 3307 988 castrensem;
3350 939 3570 978 munere
3611 925 3753 979 enim
3781 941 3896 980 cas-

2295 1033 2313 1065 ι
2356 1017 2516 1070 trensi
2538 1032 2752 1071 eramus
2777 1015 3082 1086 pugnaturi.
3104 1011 3291 1071 Natale
3317 1025 3441 1071 tunc
3462 1017 3609 1073 (leue
3628 1018 3890 1074 Cwsaris:

1810 1131 2187 1188 LECTIONES
2229 1129 2638 1186 νΑιιιΑΝΤΕδ.

651 1274 675 1302 α
702 1269 850 1322 Locus
897 1269 1185 1331 meadows;
1216 1269 1333 1322 Cod.
1375 1267 1552 1320 Salisb.
1595 1268 1734 1318 habet
1762 1267 1981 1317 dianten.
2012 1265 2184 1329 Suspi-

588 1341 724 1383 catur
750 1332 1018 1385 Holstenins
1041 1334 1349 1385 scribendum
1367 1334 1604 1382 diastema
1629 1369 1643 1392 ,
1685 1344 1793 1395 quin
1816 1343 1912 1381 vox
1933 1343 2097 1392 gi'a'cu
2121 1332 2191 1378 in-

589 1395 845 1446 lervallum
876 1395 1136 1461 signiﬁcat.

2323 1286 2326 1288 ν
2354 1263 2382 1299 ιι
2419 1264 2536 1329 Cod.
2567 1257 2743 1329 Salise.
2767 1263 3163 1313 Considerabam.
3209 1264 3356 1328 Apud
3397 1264 3634 1329 Holsten.,
3655 1265 3893 1317 Fidebam

2298 1341 2376 1377 me
2399 1327 2695 1390 profuturam
2719 1327 2894 1387 labori,
2921 1334 3011 1376 etc.

1922 1498 2281 1556 VARIORUM
2319 1499 2548 1555 NOTAE.

588 1625 711 1678 mali
744 1624 1030 1695 polypode,
1068 1632 1371 1695 antrorsum
1394 1629 1447 1695 et
1475 1630 1763 1695 retrorsum
1795 1631 2006 1695 reptare
2039 1621 2166 1695 soli-

587 1706 657 1749 to.
721 1691 853 1750 Huc"
874 1691 1005 1748 facit
1051 1693 1284 1749 LuciIeri
1331 1692 1799 1750 Calaritanilocos
1840 1695 1891 1744 in
1944 1691 2078 1745 libro
2100 1691 2177 1744 De

586 1783 686 1820 non
731 1766 1070 1820 conveniendo
1097 1782 1210 1818 cum
1248 1764 1494 1818 luereticis
1517 1759 1582 1816 ad
1621 1762 1986 1815 Constantium
2044 1759 2174 1830 Imp.

528 1868 533 1874 -
582 1838 871 1891 Arianum:
906 1836 993 1890 Sic
1023 1845 1093 1888 est
1146 1836 1208 1887 de
1234 1851 1444 1905 corpore
1473 1832 1717 1905 Ecclesia:
1747 1833 1947 1886 excisus
1989 1830 2176 1887 Sabel-

499 1945 502 1948 ~
586 1909 733 1973 licus,
760 1919 813 1960 ut
844 1918 914 1961 est
941 1917 989 1960 et
1017 1903 1515 1960 condetestabilituus
1540 1903 1736 1957 excisus
1765 1904 1914 1956 Arius
1947 1905 2056 1966 iste,
2091 1921 2178 1956 cu-

571 1980 663 2044 jus
689 1995 852 2033 sermo
882 1987 939 2031 ιιι
972 1994 1152 2030 cancer
1177 1977 1230 2030 in
1271 1987 1316 2030 te
1347 1977 1618 2041 fortissime
1645 1976 1769 2027 adeo
1810 1977 2069 2043 serpscrit,
2121 1985 2173 2027 ut

586 2059 719 2103 lotus
746 2050 868 2119 jam
899 2064 1078 2102 cancer
1122 2064 1229 2101 esse
1280 2045 1526 2111 cernaris,
1571 2061 1661 2098 nec
1693 2046 1879 2114 poteris
1923 2045 2088 2119 dicere
2132 2056 2179 2119 te

584 2137 682 2172 non
712 2116 819 2173 Arii
845 2135 1136 2173 cancerasse
1154 2135 1452 2182 sermonem,
1504 2134 1616 2169 cum
1643 2119 1789 2186 fwtor
1815 2116 2176 2169 canceralionis

581 2200 682 2244 tua:
711 2191 779 2243 ad
805 2207 1002 2243 onmem
1030 2191 1306 2258 pervenerit
1332 2190 1476 2258 regni
1509 2189 1585 2239 tui
1608 2188 1770 2239 locum
1794 2204 1810 2250 ;
1841 2197 1888 2240 et
1918 2189 2080 2239 cuncti
2104 2191 2106 2199 ί
2131 2198 2176 2239 te

582 2262 740 2314 vitare
767 2257 1114 2326 statuerimus,
1158 2275 1218 2314 ne
1244 2268 1288 2313 ct
1319 2257 1417 2324 ipsi
1443 2269 1578 2328 peste
1605 2267 1692 2310 tua
1721 2257 1913 2310 Ariona
1935 2274 2176 2328 cuncera-

582 2348 770 2385 remur.
831 2333 952 2385 Ilaec
977 2332 1082 2384 ille.
1152 2332 1228 2384 Ex
1260 2331 1412 2398 cujus
1445 2327 1635 2382 verbis
1676 2329 1848 2382 obiter
1876 2327 2175 2397 Colligiinus

579 2413 913 2456 canceratam
949 2402 1158 2468 faciem,
1205 2417 1326 2471 qua:
1353 2416 1454 2455 vox
1487 2400 1589 2453 hoc
1621 2399 1740 2453 loco
1787 2399 2012 2468 legitur,
2065 2414 2171 2451 non

585 2488 706 2528 esse
746 2471 1043 2526 barbariem
1079 2473 1312 2541 sequiori
1343 2472 1541 2524 smculo
1569 2481 1768 2541 natam.
1821 2479 1876 2522 ut
1907 2484 2175 2523 nennemo

576 2559 641 2596 ex
691 2544 912 2598 medicis
949 2559 978 2596 a
1018 2559 1102 2597 me
1147 2540 1406 2596 consultis
1434 2540 1827 2604 contendebat,
1885 2555 2085 2606 negans
2139 2556 2169 2594 a

577 2629 844 2683 quoipiam
903 2616 1244 2682 antiquorum
1304 2613 1501 2667 dictam
1549 2619 1892 2666 canceratam
1937 2607 2167 2675 faciem;

569 2701 868 2738 cancrosam
905 2687 1045 2738 enim
1070 2684 1170 2738 dici
1196 2684 1467 2747 debuisse,
1518 2699 1641 2750 quae
1673 2699 1946 2735 cancer-osa
1969 2691 2012 2733 et
2043 2699 2171 2733 can-

581 2767 750 2808 rerata
806 2755 1016 2809 nonnisi
1069 2771 1099 2810 a
1145 2754 1532 2810 recentioribus
1560 2754 1785 2809 barbare
1834 2753 2169 2820 loquentibus

576 2826 802 2880 dicatur.
837 2827 1030 2880 IIOLST.
1780 2887 1784 2891 _

656 2895 761 2950 Pro
805 2899 899 2951 lioc
943 2914 1034 2966 ego
1076 2897 1354 2950 orationem
1399 2901 1634 2965 feceram.
1673 2893 1916 2966 Africana
1959 2903 2012 2946 et
2054 2893 2170 2948 lucc

579 2968 779 3022 locutio
805 2980 905 3024 est.
951 2965 1083 3022 Nam
1115 2980 1168 3021 et
1197 2967 1335 3036 apud
1362 2967 1757 3036 Tertullianuni
1783 2965 1975 3036 legitur
2004 2965 2168 3036 facere

576 3041 932 3108 precationem.
961 3038 1065 3093 Sed
1103 3035 1244 3107 quod
1267 3037 1333 3091 ad
1359 3053 1471 3091 rem
1499 3037 1710 3098 attinet,
1747 3035 1868 3089 heic
1900 3035 2168 3108 notandus

2207 1725 2254 1785 B

2289 1621 2455 1674 instar
2485 1620 2752 1675 Zonarnm
2786 1620 3163 1690 quarumdam,
3195 1622 3380 1690 quales
3409 1635 3438 1674 a
3467 1618 3882 1689 Cosmographis

2284 1694 2484 1746 utiliter
2543 1692 2839 1762 finguntur,
2891 1693 3060 1746 etclos
3113 1701 3168 1762 et
3217 1702 3412 1762 terram
3468 1691 3884 1760 anipIeCIentes,

2285 1773 2475 1831 nempe
2505 1760 2670 1831 spatia
2697 1763 2922 1829 oblenga
2944 1805 2956 1823 ,
3003 1760 3190 1832 globes
3215 1760 3505 1816 ambientis
3534 1764 3723 1816 idonea
3761 1763 3887 1816 lati-

2288 1835 2498 1895 tudine,
2545 1849 2693 1903 quae,
2743 1835 2884 1899 quod
2911 1834 2975 1886 ad
3021 1834 3220 1887 inferos
3266 1835 3484 1897 attinet,
3533 1835 3887 1902 antiqnnslo-

2283 1906 2479 1973 quendi
2513 1922 2637 1957 usus
2670 1921 2697 1957 a
2755 1903 3110 1959 Scholasticis
3156 1907 3448 1972 praiscrtim
3497 1905 3881 1973 scriptoribus,

2289 1971 2351 2028 ex
2389 1977 2552 2029 veteri
2578 1975 2929 2042 ecclesiarum
2965 1971 3352 2029 consuetudine
3380 1971 3636 2036 retentus,
3662 1971 3884 2028 LIIIlilOS

2283 2047 2530 2114 appellat.
2592 2047 2690 2099 Est
2728 2059 2906 2099 autem
2933 2046 3150 2100 Limhns
3177 2045 3416 2113 ejusdem
3464 2046 3693 2097 notionis
3723 2061 3881 2099 voea-

2282 2115 2464 2169 buInm
2495 2135 2613 2185 cum
2647 2116 2950 2171 diademate
2979 2134 2993 2178 ;
3023 2116 3266 2170 diadema
3298 2116 3582 2185 siquidem.
3621 2125 3677 2168 nt
3700 2127 3882 2170 notum

2283 2198 2384 2252 est,
2420 2181 2682 2258 significat
2718 2187 2937 2241 fasciam
2973 2188 3268 2256 longiorem
3301 2181 3460 2252 (piam
3496 2187 3884 2258 Iatiorernaca-

2283 2271 2372 2327 put
2403 2257 2748 2323 ambientem,
2783 2269 2874 2310 aut
2903 2261 3061 2328 capiti
3093 2258 3538 2326 eireuinligatam,
3572 2266 3627 2310 ut
3658 2257 3880 2324 prmfert

2282 2331 2608 2400 etymologia
2655 2345 2827 2398 graeca
2863 2329 2976 2397 ejus
3009 2329 3260 2400 ιιυιιιίιιίεἲ
3306 2345 3334 2380 a
3366 2328 3525 2400 verbo
3556 2331 3743 2389 διαὸεω,
3772 2331 3879 2381 cir-

2282 2398 2549 2470 euiniigof
2599 2400 2738 2453 Idem
2773 2400 2932 2468 igitur
2956 2410 3037 2453 est
3060 2398 3360 2470 qlttidtlicil
3387 2399 3684 2466 Perpetua:
3718 2400 3882 2453 fuisse

2281 2471 2421 2525 inter
2449 2467 2779 2525 [)inocratem
2813 2481 2865 2524 et
2893 2486 2952 2524 se
2981 2467 3171 2540 grande
3192 2467 3424 2540 diadema
3449 2485 3462 2522 :
3492 2486 3554 2522 ae
3583 2470 3624 2523 si
3655 2471 3876 2534 diceret,

2280 2543 2442 2602 fuisse
2470 2542 2723 2612 grandem
2753 2539 3017 2612 Limbinn,
3051 2539 3554 2612 videlicetspatium
3590 2540 3878 2612 oblongum

2278 2609 2503 2681 alicujus
2538 2612 2848 2666 latitudinis.
2904 2609 2958 2665 Id
2985 2623 3201 2665 vocatur
3230 2613 3278 2662 in
3313 2609 3620 2679 Evangelio,
3672 2611 3870 2675 Chaos,

2277 2684 2434 2738 Luca:
2480 2700 2588 2746 xvr,
2619 2683 2709 2736 26.
2741 2682 2806 2735 Et
2835 2701 2970 2736 nunc
2998 2685 3124 2736 inter
3153 2699 3244 2735 nos
3266 2691 3310 2734 et
3339 2697 3421 2735 vos
3449 2699 3683 2749 nmgnum
3715 2681 3880 2749 (iliaos

2276 2755 2530 2819 [innatant
2565 2765 2653 2807 est.
2711 2755 2764 2806 Ia
2794 2753 2984 2809 Graeco
3011 2763 3115 2819 est,
3151 2760 3356 2820 xezpa,
3406 2753 3548 2821 quod
3582 2762 3735 2805 sonat
3767 2753 3880 2804 hia-

2280 2833 2418 2889 tum,
2451 2837 2503 2879 et
2534 2830 2783 2879 convenit
2812 2826 2952 2894 quod
2984 2823 3165 2878 addit:
3227 2823 3294 2876 Ut
3321 2823 3392 2889 lii,
3448 2824 3535 2889 qui
3559 2828 3728 2876 volunt
3759 2823 3878 2876 hinc

2277 2896 2492 2948 transire
2515 2896 2582 2948 ad
2623 2913 2730 2958 vos,
2761 2913 2859 2948 non
2891 2897 3106 2964 possint,
3133 2911 3287 2962 neque
3317 2895 3436 2947 inde
3466 2895 3560 2946 huc
3588 2904 3875 2946 transmea-

2276 2983 2369 3031 re;
2402 2982 2522 3020 cum
2558 2966 2638 3020 Itis
2665 2983 2783 3036 quae
2805 2967 2930 3020 dicit
2950 2969 3066 3020 heie
3093 2967 3147 3020 S.
3180 2964 3463 3036 Perpetua;
3489 2964 3573 3017 Ita
3600 2975 3650 3016 ut
3675 2973 3879 3035 uterque

2273 3037 2341 3088 ad
2397 3039 2606 3090 invicem
2651 3035 2888 3090 accedere
2933 3054 3030 3090 non
3064 3054 3319 3106 possemus
3353 3052 3369 3089 :
3401 3035 3562 3089 Erant
3587 3037 3726 3088 enim
3763 3038 3878 3090 haec

575 3105 656 3162 est
704 3110 952 3179 antiquus
1005 3105 1258 3162 Ecclesia:
1313 3124 1439 3162 usus
1484 3116 1537 3161 et
1586 3121 1774 3179 sensus
1808 3105 2018 3179 orandi
2069 3121 2164 3179 pro
2193 3112 2236 3174 C
2272 3108 2803 3176 spatia,velutfoss:e
2821 3105 3197 3179 circumducta:
3223 3107 3623 3179 munitionibus,
3656 3107 3765 3174 ipsa
3793 3106 3878 3179 sui

576 3176 1043 3247 mortuis,'pa3nas
1084 3188 1423 3248 peccatorum
1457 3187 1574 3248 post
1607 3177 1743 3232 hanc
1772 3177 1931 3228 vitam
1965 3176 2160 3230 luenti-

579 3251 674 3304 bns
707 3268 720 3314 ;
756 3251 905 3319 cujus
928 3266 1048 3306 eum
1078 3247 1243 3304 multa
1266 3250 1372 3303 sint
1399 3250 1499 3302 alia
1533 3247 1636 3302 lide
1676 3248 1985 3317 dignissima
2021 3249 2170 3302 testi-

577 3326 795 3386 monia;
833 3333 942 3376 tum
997 3321 1097 3375 hoc
1146 3322 1320 3390 magni
1361 3320 1661 3374 faciendum
1694 3321 1941 3382 vidi-tur;
1976 3319 2169 3388 quippe

575 3395 832 3462 scriptum
888 3409 915 3444 a
944 3402 1124 3446 sancta
1155 3389 1385 3461 Martyre
1414 3391 1606 3445 divinis
1639 3389 2058 3462 revelationibus
2085 3391 2167 3442 ιιι.

573 3458 753 3530 gnata,
809 3473 864 3518 et
903 3479 1012 3516 su:e
1043 3458 1489 3516 consummationi
1524 3461 1783 3530 proxima.
1847 3458 1955 3514 Nec
2003 3469 2170 3516 restat

581 3535 846 3588 haereticis
865 3535 1114 3603 exceptio
1137 3534 1204 3587 de
1230 3534 1451 3587 veritate
1475 3548 1535 3585 ac
1564 3533 1666 3585 lide
1690 3533 1879 3585 horum
1911 3533 2166 3585 Actorum

576 3615 692 3670 post
736 3614 811 3658 tot
843 3620 906 3659 ac
938 3615 1043 3659 tam
1091 3605 1358 3658 luculenta
1394 3603 1698 3658 testimOnia
1753 3603 1927 3656 omnis
1953 3605 2168 3672 generis

573 3678 904 3744 Scriptorum
953 3677 1064 3743 ipsa
1095 3675 1448 3737 laudantium,
1493 3691 1610 3743 qua:
1639 3673 1763 3728 huic
1792 3675 2044 3726 volumini
2077 3673 2167 3726 ad-

571 3746 875 3814 jnnximns.
935 3747 1070 3801 Sunt
1113 3756 1290 3800 autem
1319 3744 1604 3815 ejusmodi,
1641 3745 1834 3813 quibus
1863 3760 1928 3797 ne
1974 3754 2165 3797 contn-

572 3820 740 3888 tnaeia
785 3817 1005 3888 quidem
1035 3817 1150 3885 ipsa
1181 3827 1339 3888 atque
1372 3816 1700 3884 impudentia
1729 3815 1966 3884 objiccre
2009 3815 2165 3884 quid~

573 3887 732 3958 quain
765 3887 922 3956 posse
948 3889 1208 3958 videatur.
1251 3887 1451 3942 IIOLST.

652 3958 716 4011 Et
749 3953 877 4012 inter
931 3975 1010 4012 me
1059 3969 1105 4011 et
1160 3957 1306 4011 illum
1353 3960 1545 4028 grande
1589 3965 1696 4010 erat
1743 3953 2000 4009 diadema.
2052 3956 2164 4011 Non

573 4029 875 4091 dissimulo,
919 4032 962 4082 si
1007 4029 1298 4096 suspicioni
1341 4039 1483 4082 esset
1530 4029 1946 4096 indulgendum,
1999 4028 2166 4082 videri

575 4115 679 4154 non
709 4104 826 4155 sine
854 4100 1202 4154 fundamento
1246 4105 1430 4168 reponi
1463 4114 1620 4168 posse
1651 4101 1896 4151 diastema
1927 4113 2022 4166 pro
2053 4100 2174 4152 diu:

571 4171 741 4224 dema.
791 4171 922 4224 Nam
949 4171 1279 4226 diustematis
1305 4186 1493 4226 vocem
1519 4170 1813 4232 Latinisco
1833 4169 2031 4222 stBCIIIU
2062 4170 2167 4223 fre-

569 4253 876 4309 quentatam
908 4243 1204 4312 intelligere
1254 4241 1376 4296 licet
1433 4257 1507 4312 ex,
1545 4258 1581 4294 ι.
1621 4239 2066 4312 Froiitiiitrlibt‘o
2106 4241 2168 4293 de

569 4313 752 4382 Agror.
791 4312 984 4377 Qualit.
1017 4310 1104 4366 ubi
1128 4313 1205 4365 sic
1231 4313 1450 4366 scribit:
1488 4311 1544 4364 Si
1569 4323 1665 4362 tres
1687 4310 1862 4382 circuli
1885 4325 2031 4382 pares
2057 4312 2168 4378 fue-

569 4379 691 4445 rint,
741 4385 870 4436 inter
896 4401 948 4436 se
976 4383 1160 4451 aequali
1188 4383 1486 4434 diastemata
1512 4381 1744 4451 cenaui.
1809 4380 1872 4433 Et
1915 4379 2166 4448 Ilygenus

568 4452 635 4508 de
669 4454 823 4507 limit.
853 4449 1068 4507 constil.
1105 4451 1400 4519 Quidquod
1426 4468 1514 4504 nec
1547 4450 1637 4502 illa
1663 4449 1772 4517 ipsa
1803 4452 2022 4520 regione,
2070 4455 2166 4504 So-

573 4525 635 4576 lis
663 4534 961 4591 conspectus
990 4531 1119 4575 recte
1138 4527 1296 4588 potest
1326 4521 1656 4587 deprehendi,
1687 4520 1780 4574 nisi
1802 4525 2082 4589 wquulibus
2105 4523 2164 4576 ab

567 4605 681 4646 ortu
724 4603 1004 4662 etioccasu
1049 4593 1460 4653 diastematilms,
1511 4597 1873 4662 ferramentum
1921 4607 2161 4662 ponatur.

567 4661 696 4716 Item
726 4681 738 4715 ε
772 4661 987 4716 Terram
1006 4673 1375 4734 punctuinesse
1398 4661 1526 4734 mali,
1562 4671 1605 4714 et
1629 4663 1767 4732 infra
1792 4661 1972 4734 301cm
1993 4666 2164 4734 amplo

565 4735 868 4787 diastemute
890 4731 1114 4804 Spiritus
1137 4733 1400 4787 sustinere.
1444 4733 1643 4788 IIOLST.
1671 4731 1740 4772 4-—
1779 4731 1848 4786 Et
1905 4739 2037 4791 inter
2080 4731 2163 4791 ine

562 4814 606 4855 et
658 4805 812 4857 illum
863 4805 1058 4875 grande
1127 4814 1238 4876 erat
1317 4803 1553 4858 diadema
1594 4846 1608 4869 ,
1705 4806 1778 4858 ita
1828 4816 1880 4858 ut
1954 4819 2162 4876 uterque

565 4876 634 4927 ad
705 4874 917 4928 invicem
981 4874 1217 4929 accedere
1298 4893 1397 4928 non
1468 4892 1746 4944 possemus.
1825 4876 1953 4944 Qua:
2013 4874 2164 4932 notat

566 4946 688 5001 heic
757 4947 1064 5001 Holstenins
1115 4944 1182 5001 de
1229 4945 1559 5014 conjectura,
1603 4963 1706 5015 qua
1758 4950 2159 5003 rescribendum

563 5019 870 5086 suspicatur
917 5019 1165 5071 diastema
1195 5032 1292 5088 pro
1335 5015 1587 5080 diadema,
1623 5017 1872 5072 videntur
1903 5021 2039 5074 hanc
2070 5034 2163 5072 ex-

561 5092 865 5158 ceptionem
919 5089 1026 5158 pati
1071 5089 1212 5157 quod
1246 5088 1360 5141 loca
1393 5089 1478 5141 illa
1529 5103 1650 5157 quin
1672 5089 1799 5141 citat
1841 5089 2080 5144 Frontini
2109 5100 2164 5144 et

563 5157 766 5229 Ilygeni
800 5157 1226 5229 agriniensorum
1249 5202 1262 5224 ,
1301 5175 1487 5223 parum
1530 5167 1675 5212 certe
1711 5162 2072 5228 persuadeant
2100 5162 2157 5216 S.

563 5231 883 5299 Perpetuam
915 5245 1064 5285 usam
1113 5230 1216 5285 hoc
1255 5231 1376 5285 loco
1405 5230 1503 5283 ista
1545 5243 1694 5297 voce,
1733 5246 1852 5299 quae
1890 5243 2005 5285 erat
2039 5246 2159 5301 proe

563 5301 677 5368 pria
707 5301 839 5355 artis
882 5301 1286 5372 agrimensorite
1307 5342 1320 5365 ,
1370 5315 1434 5372 ac
1473 5313 1864 5372 consequenter
1890 5301 2060 5356 aliena
2090 5301 2158 5355 ab

565 5387 663 5425 usu
691 5371 933 5441 vulgari,
965 5373 1264 5441 praesertim
1307 5371 1588 5425 mulierum
1619 5371 1668 5424 in
1717 5371 1913 5425 Africa.
1974 5373 2158 5442 Itaque

561 5458 705 5506 cuni,
740 5458 795 5495 ιιι
824 5444 937 5512 ipse
970 5443 1276 5497 IIolstenins
1303 5444 1544 5512 agnoscit
1573 5443 1622 5496 in
1658 5443 1785 5512 ipsis
1810 5442 1914 5498 IIIIS
1943 5443 2157 5498 schedis

560 5513 701 5566 unde
736 5513 889 5567 istam
923 5514 1038 5583 ejus
1067 5521 1243 5567 notam
1279 5514 1664 5580 expressimus,
1713 5524 1966 5568 constans
1991 5527 2040 5570 et
2073 5514 2156 5568 di-

559 5593 702 5638 serta
750 5600 852 5640 nis.
905 5585 1106 5638 codicis
1138 5585 1294 5637 lectio
1323 5584 1560 5636 diadema
1604 5586 1883 5653 praeferat,
1931 5603 2032 5639 non
2077 5595 2160 5639 est

559 5667 748 5707 caussa
779 5669 873 5710 cur
898 5652 1051 5710 facile
1079 5664 1334 5717 mutetur,
1369 5652 1610 5720 iii-asserti
1637 5677 1662 5704 ιι
1688 5671 1806 5709 eum
1838 5656 1990 5711 valde
2013 5673 2160 5710 com-

554 5727 773 5777 modum
819 5742 1044 5783 sensum
1075 5741 1135 5779 ea
1202 5741 1304 5778 vox
1334 5725 1564 5784 haheat;
1606 5727 1863 5793 siquidem
1900 5731 1998 5780 ista
2048 5730 2159 5781 loca

550 5795 833 5856 tenebrosa
861 5810 992 5866 qua:
1015 5796 1286 5866 complura
1310 5812 1368 5851 se
1398 5795 1594 5850 vidisse
1619 5811 1768 5870 super
1785 5798 1865 5852 ius
1889 5799 1982 5868 ait,
2007 5808 2162 5853 erant

2277 3180 2542 3233 vacuitate
2570 3189 2926 3233 commeatum
2969 3177 3306 3232 exeludentia
3342 3195 3354 3230 :
3384 3177 3529 3246 quod
3556 3177 3607 3230 in
3636 3178 3875 3246 corpori-

2273 3250 2373 3302 bus
2402 3249 2607 3302 facilius
2661 3249 2933 3303 intellectu
2965 3261 3078 3310 est;
3110 3248 3175 3301 ad
3207 3249 3414 3301 animus
3444 3263 3572 3303 vero
3618 3248 3876 3302 arcendas

2274 3321 2665 3374 interveniebat
2708 3321 2974 3374 ordinatio
3019 3320 3221 3384 divina,
3271 3334 3526 3388 expressa
3571 3319 3732 3372 verbo
3779 3318 3874 3371 lir-

2274 3391 2454 3444 mandi
2481 3408 2496 3444 :
2527 3392 2697 3445 Chaos
2721 3409 2961 3461 magnum
2985 3392 3245 3459 ﬁrmatum
3270 3399 3362 3442 est.
3418 3389 3528 3444 Nec
3557 3389 3732 3442 obstat
3760 3406 3876 3442 mo-

2274 3461 2343 3515 do
2392 3462 2566 3529 dictis,
2616 3462 2759 3532 quod
2801 3467 2953 3532 juxta
3003 3461 3116 3516 haec
3169 3461 3404 3514 diadema
3444 3476 3548 3514 non
3584 3461 3696 3530 ipse
3726 3461 3874 3514 locus

2275 3533 2453 3595 fuerit,
2490 3535 2540 3587 in
2573 3550 2678 3603 quo
2699 3544 2812 3588 erat
2842 3533 3179 3596 Dinocrates,
3209 3532 3305 3603 sed
3335 3532 3563 3599 Spatium
3596 3535 3732 3586 inter
3748 3546 3870 3603 eum

2273 3613 2326 3657 et
2349 3603 2401 3656 S.
2456 3601 2775 3672 Perpetuam
2811 3605 3078 3668 medium,
3115 3602 3254 3656 unde
3282 3619 3385 3655 non
3433 3603 3637 3655 videtur
3674 3601 3870 3656 confici

2273 3674 2592 3728 diadematis
2620 3676 2735 3728 sive
2767 3674 2938 3727 Linibi
2968 3690 3160 3727 nomen
3187 3673 3501 3742 Pnrgatorio
3539 3682 3868 3741 competere.

2273 3744 2403 3798 Cum
2437 3747 2576 3799 enim
2609 3743 2847 3814 ejusdem
2896 3745 3081 3799 forma:
3105 3762 3166 3797 ac
3195 3745 3377 3812 ligurzc
3409 3755 3586 3798 essent
3617 3753 3722 3797 tam
3753 3743 3872 3796 loca

2272 3818 2643 3878 subterranea,
2687 3831 2847 3885 quam
2880 3817 3053 3869 hiatus
3101 3823 3191 3868 aut
3227 3823 3458 3885 χάσματα
3489 3815 3680 3884 quibus
3711 3828 3873 3881 sepa-

2275 3888 2548 3951 l‘abanlur,
2598 3896 2769 3955 potest
2797 3889 3035 3956 utrisque
3055 3903 3119 3942 ex
3151 3901 3307 3956 aequo
3352 3887 3643 3940 convenire
3690 3886 3874 3956 diadce

2275 3958 2429 4010 matis
2478 3960 2590 4012 sive
2628 3957 2800 4012 Limbi
2847 3973 3064 4012 nomen.
3135 3955 3496 4012 Dehaetenus
3545 3957 3723 4019 dictis,
3771 3955 3871 4009 etsi

2273 4026 2405 4080 nihil
2437 4041 2673 4082 nOIatuni
2725 4030 2778 4081 in
2811 4027 3062 4082 Holstenii
3108 4028 3420 4081 Adrersuriis
3449 4030 3647 4096 reperi,
3695 4025 3875 4080 audivi

2275 4108 2450 4152 tamen
2477 4117 2502 4150 a
2535 4102 2647 4153 viro
2673 4100 2776 4153 lide
2802 4101 2960 4168 digno
2989 4115 3108 4154 eum
3141 4101 3205 4152 ab
3230 4100 3326 4150 hac
3359 4099 3623 4152 sententia
3653 4099 3874 4152 minime

2270 4171 2637 4224 abhorruisse.
2686 4171 2886 4224 Retulit
2916 4187 3108 4238 nempe
3147 4169 3275 4221 lllIIlI
3309 4170 3367 4222 P.
3406 4168 3646 4223 Joannes
3680 4169 3871 4222 Besso—

2271 4257 2371 4293 nus
2401 4259 2430 4294 e
2468 4251 2646 4294 nostra
2688 4242 2965 4306 societate,
2997 4256 3136 4300 sese,
3164 4257 3282 4293 cum
3311 4241 3358 4293 ci
3383 4239 3670 4309 aliquando
3701 4239 3871 4309 Lucas

2271 4310 2580 4365 Ilolstenins
2605 4314 2716 4365 luce
2741 4316 2850 4380 ψει
2881 4314 2936 4366 S.
2971 4312 3245 4380 Perpetua:
3274 4313 3401 4364 Acta
3434 4308 3553 4380 quae
3579 4311 3643 4364 ad
3676 4308 3870 4364 editio-

2273 4397 2393 4435 nem
2446 4384 2683 4452 parabat,
2735 4383 3208 4454 conimunicaSset,
3242 4392 3295 4436 et
3325 4381 3397 4454 de,
3421 4383 3518 4434 ista
3552 4380 3874 4454 diadematis

2278 4451 2606 4520 mentiones,
2638 4453 2759 4518 quid
2794 4454 3034 4514 sentiret,
3068 4462 3329 4522 rogasset,
3370 4451 3460 4507 illo
3510 4451 3872 4523 respondente

2271 4523 2442 4576 Limbi
2506 4525 2820 4578 vocabulum
2889 4525 2985 4578 ista
3034 4521 3177 4593 paris
3233 4524 3463 4576 notionis
3520 4521 3648 4577 voce
3699 4521 3874 4593 videri

2269 4595 2615 4662 suppletum,
2665 4595 2996 4648 Ilolsti'mium
3037 4592 3266 4647 multum
3311 4594 3361 4648 id
3407 4595 3505 4648 sibi
3551 4593 3761 4662 probari
3797 4592 3875 4647 si-

2267 4665 2571 4735 gnificasse.
2621 4665 2827 4720 Possm.

2345 4734 2693 4790 Transivimus
2732 4738 2783 4789 in
2824 4752 3072 4789 carcerem
3113 4745 3436 4790 castrensem.
3472 4733 3583 4788 Hoc
3619 4744 3721 4802 est,
3753 4750 3873 4790 car-

2268 4823 2444 4860 cerem
2482 4811 2530 4860 in
2562 4807 2677 4877 ipso
2707 4820 3005 4861 castrorum
3039 4806 3157 4862 loco
3187 4808 3437 4876 positum.
3472 4807 3670 4863 IIOLS'r.

2339 4877 2554 4932 Munere
2594 4881 2725 4931 enim
2765 4881 3006 4932 castrensi
3037 4895 3239 4931 eramus
3269 4881 3568 4948 pugnaturi.
3599 4878 3730 4932 Cum
3753 4892 3872 4932 cas-

2271 4957 2349 5000 tra
2401 4949 2642 5002 Romana
2677 4965 2826 5003 exra
2878 4949 3074 5012 nrbes,
3131 4951 3285 5018 longa
3339 4958 3391 5003 et
3422 4949 3573 5016 quasi
3615 4958 3872 5019 perpetua

2268 5020 2426 5071 statio
2457 5022 2683 5073 militum
2713 5033 2924 5087 essent,
2955 5019 3005 5072 in
3036 5037 3098 5074 ea
3123 5020 3579 5073 traiislerebanttir
3602 5022 3873 5090 praecipua

2267 5091 2539 5144 civitatum
2582 5093 2896 5156 commoda,
2940 5108 3005 5144 ne
3046 5091 3107 5144 iis
3149 5093 3343 5145 milites
3377 5091 3766 5145 it'mularentur.
3811 5090 3870 5144 In

2267 5159 2350 5213 his
2389 5166 2549 5232 etiam
2607 5165 2942 5231 spectacula,
2999 5162 3190 5232 quibus
3241 5163 3373 5216 inire
3424 5161 3587 5215 dediti
3641 5162 3871 5232 Romani

2265 5244 2436 5284 ei'ant.
2475 5231 2614 5302 Ergo
2645 5235 2888 5286 ludorum
2921 5231 3294 5295 castrensium,
3333 5233 3434 5287 hoc
3464 5243 3565 5299 est,
3597 5235 3645 5286 in
3678 5231 3872 5286 castris

2265 5301 2329 5354 ad
2360 5301 2704 5358 delectandos
2737 5305 2932 5356 milites
2960 5304 3352 5357 celebratorum
3375 5345 3390 5368 ,
3432 5303 3721 5357 Suetonius
3749 5317 3871 5356 mc-

2266 5375 2420 5426 minit
2447 5378 2496 5427 in
2527 5374 2744 5439 Tiberio,
2769 5390 2886 5444 Cap.
2913 5374 3000 5427 7'2.
3036 5373 3140 5427 Sed
3175 5376 3314 5443 quod
3346 5389 3451 5428 vox
3487 5375 3722 5428 muneris
3751 5373 3873 5428 iteic

2263 5444 2500 5512 ponitur,
2532 5455 2592 5498 ea
2625 5444 3023 5515 signiﬁcabatur
3059 5463 3252 5513 pugna,
3284 5447 3366 5499 vel
3398 5446 3753 5516 gladiatorum
3789 5446 3872 5498 in-

2265 5527 2344 5568 ter
2374 5531 2452 5581 se,
2489 5520 2569 5569 vel
2605 5517 2892 5570 bestiarum
2921 5533 3042 5570 cum
3075 5517 3378 5570 hominibus
3415 5517 3571 5568 mOrti
3603 5516 3831 5570 addiCtis
3852 5556 3868 5581 ,

2263 5602 2381 5658 qua:
2419 5588 2631 5654 prOprie
2659 5596 2952 5655 θηριομοιχίαι
2983 5588 3195 5658 dicitur.
3245 5588 3316 5640 Ita
3343 5586 3481 5654 quod
3525 5587 3665 5655 apud
3695 5587 3870 5641 Euse-

2265 5657 2432 5722 bium,
2464 5660 2552 5710 lib.
2580 5673 2630 5720 γ,
2656 5675 2772 5726 rap.
2815 5659 2862 5720 I,
2897 5659 3088 5728 legitur
3111 5701 3123 5722 ,
3156 5666 3486 5726 θηριομαχιὼν
3520 5666 3731 5727 ἡμέρας,
3764 5659 3874 5712 cla-

2265 5740 2453 5795 gunter
2482 5746 2509 5781 a
2547 5729 2736 5782 Ilulino
2769 5732 2993 5784 vertitur
3025 5747 3284 5782 numerum
3315 5729 3443 5781 dies.
3487 5729 3642 5782 Nota‘
3666 5731 3783 5781 huic
3816 5729 3873 5784 in

2271 5813 2399 5853 νοω
2431 5801 2691 5870 pugnandi
2719 5801 3074 5857 catachresiin
3115 5816 3232 5855 esse
3271 5801 3592 5872 quamdam,
3635 5800 3762 5856 dum
3803 5800 3874 5862 de
