4242 6270
622 325 694 385 39
1851 320 2088 379 PASSIO
2124 320 2218 376 SS.
2263 319 2648 377 MARTYllUM

3852 326 3930 383 40

627 458 646 494 ι
684 439 1002 510 proximavit
1023 439 1141 494 dies
1161 438 1416 505 muneris,
1447 438 1661 493 intravit
1684 439 1750 493 ad
1775 453 1860 494 me
1886 449 2036 510 pater
2062 452 2213 493 meus
2239 438 2295 499 Α
2325 458 2343 490 ‹
2379 449 2430 492 et
2488 439 2635 492 abiit.
2681 438 2747 492 Et
2786 438 3022 508 adspicio
3075 440 3332 510 populum
3397 441 3667 512 ingentem
3723 445 3924 522 attoni-

625 549 648 584 ι
684 539 1029 600 consumptus
1057 528 1236 595 tardio,
1265 538 1320 584 et
1347 529 1508 598 coepit
1535 530 1751 586 barbam
1782 544 1932 585 suam
1959 531 2212 598 evellere,
2267 548 2269 550 ·

625 643 647 678 σ
679 632 733 679 et
761 639 819 679 se
857 622 908 678 in
954 631 1149 679 terram
1205 623 1421 679 mittere
1463 631 1519 678 et
1565 633 1903 694 prosternere
1945 641 2005 680 se
2048 625 2100 679 in
2138 623 2216 679 fa-

622 735 644 770 (
681 718 838 783 ciem,
882 725 937 772 et
974 717 1340 788 improperare
1383 718 1538 772 annis
1583 717 1714 785 suis,
1758 725 1812 772 et
1851 716 2031 772 dicere
2069 724 2214 771 tanta

623 828 645 864 ι
685 809 846 865 verba
901 825 1021 880 quae
1067 819 1344 866 moverent
1385 811 1690 866 universam
1738 819 2059 892 creaturam.
2100 809 2213 880 Ego

623 921 644 958 ι
677 902 923 959 dolebam
956 918 1052 972 pro
1090 902 1288 959 infelici
1318 912 1536 959 senecta
1567 904 1702 974 ejus.

697 1014 714 1046 ι
754 995 816 1049 ll.
841 995 1023 1051 Pridie
1072 1011 1228 1066 quam
1253 1011 1630 1067 pugnaremus,
1683 995 1838 1052 video
1883 997 1933 1049 in
1976 1005 2212 1050 oramate

621 1108 641 1146 ι
678 1089 782 1145 huc
819 1091 1033 1145 venisse
1071 1090 1421 1160 Pomponium
1452 1090 1734 1145 diaconum
1773 1090 1839 1144 ad
1876 1090 2068 1143 ostium
2095 1104 2210 1144 car-

619 1205 640 1240 i
676 1186 833 1252 ceris,
863 1192 917 1240 et
939 1184 1152 1254 pulsare
1173 1184 1537 1239 vehementer.
1569 1183 1720 1238 Exivi
1745 1182 1810 1237 ad
1835 1197 1978 1246 eum,
2008 1189 2064 1236 et
2087 1197 2212 1250 ape-

622 1295 640 1328 ι
679 1277 761 1332 rui
794 1276 844 1331 ei
874 1294 886 1330 :
918 1277 1007 1346 qui
1031 1285 1148 1330 erat
1183 1276 1404 1330 vestitus
1429 1274 1746 1329 'distinctam
1774 1273 2075 1338 candidam,
2110 1273 2209 1326 ha-

623 1391 640 1427 (
678 1373 811 1428 hens
839 1370 1160 1441 multiplices
1191 1369 1463 1424 calliculas
1491 1378 1540 1425 α.
1581 1368 1648 1422 Et
1682 1367 1817 1422 dixit
1842 1367 1973 1421 mihi
2003 1383 2016 1421 :
2064 1366 2210 1421 Per-

621 1483 639 1518 i
673 1472 853 1535 petua,
885 1471 936 1518 te
979 1470 1373 1535 exspectamus,
1402 1459 1547 1516 veni.
1577 1479 1594 1511 ι
1627 1460 1693 1514 Ει
1733 1459 1902 1514 tenuit
1938 1458 2067 1513 mihi
2097 1474 2209 1513 ma-

618 1575 639 1609 ‹
674 1533 826 1624 num,
858 1563 913 1611 et
940 1533 1202 1625 coepimus
1232 1555 1447 1630 ire,per
1484 1567 1672 1621 aspera
1708 1553 1823 1615 loca
1859 1560 1913 1606 et
1947 1549 2204 1606 ﬂexuosa.

618 1669 638 1706 ‹
676 1650 775 1706 Vix
810 1648 1023 1705 tandem
1057 1648 1411 1718 pervenimus
1437 1646 1750 1702 anhelantes
1776 1645 1842 1701 ad
1869 1646 2206 1716 amphithea-

617 1764 638 1798 ‹
675 1755 836 1811 trum,
866 1753 920 1799 et
946 1743 1151 1798 induxit
1174 1756 1262 1796 me
1290 1743 1342 1796 in
1370 1739 1542 1795 media
1567 1755 1750 1806 arena,
1789 1747 1843 1794 et
1870 1740 2002 1794 dixit
2027 1741 2156 1794 mihi
2189 1758 2202 1794 :

2323 552 2343 586 ‹
2384 541 2514 588 tum.
2556 532 2642 599 Et,
2673 531 2794 602 quia
2823 529 3054 586 sciebam
3083 547 3169 587 me
3209 531 3275 586 ad
3323 533 3520 589 bestias
3561 535 3738 589 datam
3776 551 3918 604 esse,

2325 644 2344 678 ι
2383 624 2615 680 mirabar
2670 623 2811 694 quod
2870 639 2976 679 non
3024 624 3363 680 mitterentur
3406 627 3536 682 mihi
3590 626 3794 683 bestim.
3853 629 3922 685 Et

2322 735 2341 767 ε
2380 717 2541 771 exivit
2586 715 2800 787 quidam
2859 729 3044 771 contra
3089 732 3176 773 me
3213 716 3537 788 1Egyptius,
3595 719 3770 776 foedus
3800 735 3924 792 spe-

2323 829 2340 862 i
2375 810 2503 877 cie,
2559 823 2678 863 cum
2744 808 3076 878 adiutoribus
3137 811 3250 864 suis
3306 821 3633 882 pugnaturus
3683 828 3916 869 mecum.

2323 922 2340 953 «
2380 901 2614 956 Veniunt
2663 910 2716 956 et
2765 900 2834 955 ad
2897 917 2984 956 me
3033 901 3403 958 adolescentes
3464 903 3646 959 decori
3704 905 3920 974 adjuto-

2321 1011 2339 1043 ι
2380 1009 2464 1048 res
2501 999 2554 1047 et
2593 992 2844 1047 favitores
2873 993 3009 1057 mei,
3060 1002 3114 1047 et
3150 994 3446 1063 exspoliata
3497 1011 3648 1061 sum,
3691 1008 3746 1052 et
3778 997 3921 1056 facta

2321 1106 2338 1138 ε
2376 1103 2493 1141 sum
2525 1086 2813 1141 masculus.
2847 1087 2909 1140 Et
2947 1097 3224 1157 coeperunt
3256 1103 3343 1143 me
3380 1087 3628 1145 favitores
3663 1091 3767 1146 mei
3797 1093 3920 1148 oleo

2322 1200 2338 1231 α
2375 1181 2636 1249 defrigere
2665 1179 2714 1247 ι’,
2745 1179 3013 1250 quomodo
3040 1179 3216 1234 solent
3251 1183 3304 1235 in
3349 1196 3605 1252 agonem,
3660 1192 3718 1238 et
3762 1185 3914 1241 illum

2319 1291 2338 1324 i
2373 1282 2557 1328 contra
2601 1272 2908 1344 AEgyptium
2957 1272 3112 1328 video
3161 1273 3213 1327 in
3262 1272 3346 1328 afa
3390 1285 3411 1312 ο
3459 1275 3807 1332 volutantem.
3847 1278 3918 1332 Et

2318 1385 2338 1418 ‹
2390 1365 2553 1421 exivit
2591 1367 2674 1420 vir
2720 1366 2937 1437 quidam
2987 1366 3137 1421 mira:
3182 1367 3603 1437 magnitudinis,
3650 1379 3705 1424 ut
3747 1370 3914 1425 etiam

2318 1477 2337 1511 ι
2371 1465 2653 1515 excederet
2712 1457 2976 1529 fastigium
3021 1458 3435 1528 amphitheatri,
3473 1460 3784 1516 discinctam
3814 1462 3912 1517 ha-

2317 1542 2341 1605 ‹¹
2371 1551 2506 1606 hens
2543 1551 2775 1605 tunicam
2828 1547 2854 1585 ἀ
2906 1560 2960 1606 et
3005 1567 3291 1622 purpuram
3349 1553 3489 1609 inter
3542 1554 3679 1610 duos
3731 1557 3911 1612 clavos

2316 1663 2335 1696 ι
2369 1659 2466 1714 per
2501 1641 2736 1696 medium
2778 1650 2965 1711 pectus
2987 1685 3001 1710 ,
3057 1642 3260 1700 habens
3289 1653 3344 1700 et
3381 1645 3655 1701 calliculas
3708 1658 3730 1682 υ
3775 1649 3910 1703 mul-

2314 1755 2334 1789 i
2369 1736 2608 1792 tiformes
2645 1751 2710 1791 ex
2754 1749 2884 1791 auro
2909 1745 2964 1792 et
3003 1747 3226 1808 argento
3252 1740 3438 1807 factas,
3469 1749 3521 1795 et
3546 1740 3726 1796 ferens
3761 1740 3911 1798 l'vir-

618 1855 637 1892 ι
673 1836 791 1893 Noli
816 1851 1035 1906 pavere,
1066 1835 1183 1890 heie
1210 1849 1328 1890 sum
1354 1842 1547 1900 tecum,
1575 1841 1630 1889 et
1647 1831 1923 1888 collaboro
1951 1841 2148 1900 tecum,
2180 1855 2198 1887 ι
2235 1830 2282 1891 Β
2317 1849 2336 1882 ‹
2368 1844 2487 1897 gam
2552 1827 2704 1897 quasi
2760 1827 2986 1895 lanista,
3057 1837 3111 1883 et
3171 1845 3378 1884 ramum
3426 1830 3652 1887 viridem
3698 1832 3750 1888 in
3799 1848 3909 1904 quo

1836 1923 2212 1984 LECTIONES
2253 1920 2663 1984 VARIANTES.

679 2022 706 2052 ⁸
726 2021 988 2073 Galliculas
1002 2020 1111 2072 cod.
1131 2018 1306 2072 Salisb.

671 2082 1181 2150 1’IA)efricare‘Sal_isb.
1302 2146 1312 2150 _
1465 2145 1492 2150 _
1531 2142 1559 2150 __
1591 2142 1601 2150 _
1733 2143 1743 2150 _
1869 2139 1897 2150 η

675 2150 699 2179 ο
726 2146 876 2210 Aqua
911 2146 1020 2199 cod.
1069 2146 1334 2210 Compend,
1368 2150 1413 2210 et
1454 2142 1632 2194 Salisb.
1657 2143 1743 2210 sed
1785 2141 1956 2193 melius
1999 2142 2072 2210 afa
2117 2156 2203 2194 seu

612 2210 737 2272 apha
765 2203 847 2260 aut
869 2209 1049 2273 hapba,
1077 2207 1133 2260 id
1155 2203 1224 2260 est
1248 2205 1421 2274 pulvis,
1444 2219 1538 2270 quo
1580 2203 1768 2270 pugiles
1809 2212 1913 2268 post
1935 2203 2203 2256 unctionem

2315 2013 3056 2149 ωξῗῗίῆξέξῗιῖέξὲἶρε,ριςιηριιιιλω
3077 2075 3294 2128 Holsten.

2373 2145 2397 2172 θ
2420 2138 2683 2191 Gallieulas
2703 2133 2880 2186 Salisb.

2377 2201 2397 2240 ἲ
2425 2203 2651 2252 Eﬂ‘ereus
2673 2197 2892 2250 Holsten.

1967 2287 2329 2346 VARIORUM
2367 2284 2595 2343 ΝΟΤᾹΞ.

610 2387 686 2449 ui.
719 2387 803 2443 cui
831 2401 862 2442 e
888 2389 1159 2444 contrario
1180 2385 1467 2456 opponitur
1487 2383 1716 2456 custodia
1736 2383 1973 2456 diligens,
1997 2382 2066 2456 de
2085 2397 2190 2456 qua

609 2458 731 2514 vide
758 2458 1032 2527 Cujacium
1061 2453 1266 2512 Obseru.
1299 2457 1390 2511 lib.
1419 2471 1526 2520 xlv,
1555 2471 1672 2527 cap.
1700 2455 1790 2517 54,
1823 2464 1875 2507 et
1904 2453 2190 2508 Heraldum

610 2529 678 2583 ad
705 2526 1008 2584 Tertulliani
1033 2530 1251 2599 Apolog.
1279 2543 1400 2599 pag.
1425 2529 1513 2581 97.
1548 2526 1662 2580 Non
1685 2527 2004 2599 tatuen‘siue
2030 2540 2187 2599 causa

608 2600 865 2656 Pudentis
911 2595 1226 2656 humanitati
1279 2595 1634 2665 SfPerpetua
1675 2611 1791 2651 eam
1834 2595 2080 2650 visitandi
2124 2596 2189 2649 li-

608 2673 837 2726 centiam
870 2671 1083 2737 tribuit,
1115 2670 1256 2736 quod
1286 2679 1440 2725 caute
1470 2678 1523 2723 et
1551 2667 1735 2722 timide
1764 2667 2072 2736 plerumque
2098 2682 2190 2721 ac-

604 2742 858 2798 cederent
882 2743 948 2797 ad
988 2757 1267 2807 carceres,
1313 2751 1362 2796 et
1405 2739 1575 2794 ferme
1605 2738 1830 2808 singuli,
1883 2753 1950 2792 ne
1991 2747 2193 2792 semet-

606 2814 754 2883 ipsos
784 2813 1102 2884 proderent,
1137 2824 1228 2868 aut
1255 2810 2040 2884 invidiam,concitareutjpud
2071 2824 2190 2876 per-

608 2879 916 2951 secutores,
961 2886 1004 2939 si
1047 2879 1360 2940 catervatim
1406 2896 1473 2937 eo
1513 2880 1819 2936 induerent.
1867 2879 2191 2949 Temporum

604 2955 826 3010 istorum
863 2955 1222 3012 conditionem
1258 2954 1550 3009 luculenter
1578 2953 1730 3011 nobis
1768 2951 1838 3005 ob
1880 2951 2064 3004 oculos
2103 2966 2194 3020 po-

605 3027 678 3080 nit
711 3028 767 3081 S.
798 3026 1108 3117 Cyprianus
1130 3028 1297 3095 Epist.
1333 3041 1403 3117 I'V.
1437 3021 1564 3106 Peto
1603 3038 1842 3117 (piloque;
1875 3021 2080 3117 inquit,
2126 3023 2194 3075 ad
2224 3055 2267 3117 Ο

607 3093 982 3165 procurandum
1023 3093 1232 3161 quietem
1276 3095 1481 3149 solertia
1510 3105 1554 3146 et
1584 3093 1874 3147 sollicitudo
1895 3104 2066 3165 uestra
2095 3109 2195 3146 non

605 3164 755 3232 desit.
806 3166 872 3220 Et
918 3169 962 3221 si
1003 3169 1188 3236 fratres
1227 3183 1318 3236 pro
1355 3165 1623 3219 dilectione
1656 3180 1749 3216 sua
1785 3164 1956 3231 cupidi
1986 3175 2101 3216 sunt
2127 3165 2196 3216 ad

605 3238 997 3292 conveniendum
1040 3248 1086 3293 et
1127 3237 1432 3292 uisitandum
1479 3239 1786 3305 confessores
1832 3236 2018 3299 bonos,
2069 3252 2194 3302 quos

603 3308 871 3382 illustravit
892 3313 1007 3380 jam
1035 3309 1269 3382 gloriosis
1304 3308 1462 3382 initiis
1505 3307 1675 3359 divina
1714 3307 1973 3382 dignatio;
2027 3315 2194 3382 tamen

605 3389 750 3431 caute
776 3376 908 3443 hoc,
937 3389 982 3433 et
1012 3376 1111 3434 n'on
1149 3379 1466 3450 glomeratim
1487 3421 1499 3443 ,
1523 3393 1638 3450 nec
1681 3393 1772 3448 per
1816 3376 2194 3450 multitudinem

607 3450 762 3504 simul
786 3452 1013 3518 iunctam
1045 3447 1166 3520 puto
1192 3467 1299 3505 esse
1327 3449 1652 3519 faciendum:
1682 3447 1742 3520 nc
1765 3465 1825 3502 ea:
1855 3447 1948 3501 hoc
1976 3449 2087 3516 ipso
2116 3449 2195 3502 in-

603 3521 739 3575 vidia
765 3519 1058 3586 concitetur,
1091 3534 1135 3575 et
1163 3521 1451 3575 introeundi
1476 3519 1647 3572 aditus
1675 3519 1968 3588 denegatur,
2001 3528 2045 3572 et
2072 3520 2192 3574 dum

602 3591 914 3647 insatiabiles
943 3594 1157 3646 multum
1187 3591 1439 3654 volumus,
1473 3600 1632 3644 totum
1662 3590 1951 3658 perdamus.
1982 3589 2187 3645 HOLST.

679 3663 744 3718 ll.
775 3694 847 3704 —
885 3663 1039 3717 Video
1079 3663 1132 3716 in
1189 3663 1500 3716 Itoroamate.
1555 3661 1660 3714 Res
1689 3662 1852 3732 exigit
1898 3671 1954 3714 ut
1999 3662 2192 3715 rescri-

601 3733 758 3790 batur
787 3736 1046 3790 lioramate
1071 3777 1084 3799 ,
1116 3735 1217 3788 nisi
1247 3733 1362 3788 haec
1401 3749 1502 3786 vox
1547 3733 1614 3785 ita
1656 3732 1953 3787 deformata
1995 3732 2047 3785 in
2091 3749 2188 3788 usu

604 3807 846 3875 pepulari
877 3806 1123 3860 Afrorum
1153 3814 1290 3860 erat.
1323 3806 1415 3858 Est
1444 3813 1621 3858 autem
1649 3811 1810 3875 ὅραμα
1848 3817 1952 3875 vox
1979 3803 2185 3871 Graeca,

601 3874 801 3933 Sonans
823 3878 994 3932 vismn
1017 3918 1032 3943 ,
1063 3878 1180 3932 sive
1206 3878 1483 3931 visionem.
1525 3874 1820 3946 Usurpatur
1856 3874 2030 3928 Actor.
2069 3890 2185 3943 cap.

601 3961 705 4013 xu,
763 3949 815 4004 9.
865 3948 1038 4003 Latini
1098 3949 1397 4018 Scriptores
1424 3963 1484 4000 ea
1516 3945 1686 4002 rarius
1712 3946 1789 4001 usi
1810 3954 2186 4018 _suut:_tamen

597 4019 915 4090 .ﬁldhelmus
943 4021 1034 4074 lib.
1066 4020 1128 4073 de
1170 4016 1402 4090 Virginit.
1437 4033 1553 4086 cap.
1583 4018 1761 4090 Slubi
1791 4016 1859 4071 de
1889 4018 1944 4069 S.
1978 4016 2187 4072 Joanne

597 4088 938 4161 Evangelista
979 4092 1229 4161 loquitur,
1258 4087 1342 4145 'ait
1384 4105 1504 4144 eum
1547 4091 1598 4142 in
1639 4087 2097 4161 Pal/imoraptum
2134 4090 2188 4161 in

596 4159 862 4230 aromate,
909 4162 997 4217 ubi
1041 4159 1304 4217 Meursius
1352 4171 1498 4216 recte
1543 4171 1769 4214 aromate
1814 4159 2087 4213 substituit
2132 4159 2185 4214 in

597 4230 851 4304 Mentissa
898 4233 1085 4304 Critica
1104 4275 1118 4297 ,
1149 4233 1368 4304 (sicque
1394 4232 1446 4286 in
1477 4230 1930 4304 Bibliotlteca_SS.
1969 4231 2184 4304 Patrum

596 4302 797 4375 editum
830 4303 1086 4375 reperio),
1114 4301 1306 4375 frustra
1336 4303 1767 4375 reprehendente
1793 4301 2024 4375 Swartio
2047 4304 2185 4375 .xtna-

596 4373 836 4429 lectorum
863 4371 956 4427 lib.
987 4371 1062 4426 ut.
1093 4389 1208 4442 cap.
1239 4374 1292 4428 9.
1324 4374 1411 4442 qui
1438 4374 1647 4425 chroma
1679 4373 1747 4424 ibi
1775 4371 2182 4442 rescribendum

2301 2378 2502 2449 replebo
2541 2380 2764 2446 atritate,
2812 2379 2972 2432 atrior
3016 2379 3173 2432 multo
3216 2388 3276 2431 ut.
3308 2378 3401 2448 ﬁat
3443 2398 3594 2452 quam
3637 2379 3897 2455 1Egyptii.

2303 2457 2339 2505 Α
2353 2467 2505 2507 uson.

2676 2521 2880 2570 Tinctus
2899 2519 3063 2570 colore
3087 2522 3260 2580 noctis,

2677 2583 2852 2645 Manus
2875 2597 2999 2645 puer
3023 2583 3214 2645 loquaci

2670 2644 2927 2707 Egyptius
2941 2644 3218 2706 choraules,
3241 2653 3338 2695 etc.

2373 2729 2681 2801 Egyptian:
2733 2729 2983 2801 videorin
3035 2733 3126 2800 afa
3187 2729 3511 2801 volutantem.
3567 2730 3664 2785 Af.)
3727 2733 3896 2801 pulvis

2299 2809 2384 2854 est
2407 2800 2594 2856 Graeca
2627 2800 3045 2870 significatione;
3077 2810 3161 2854 est
3199 2800 3342 2854 enim
3386 2801 3628 2855 Grziecum
3675 2800 3892 2869 numen,

2299 2876 2419 2942 ἁφὴ,
2453 2871 2642 2926 Latine
2673 2872 2953 2940 scriptum.
2983 2871 3243 2926 Solebant
3271 2880 3448 2925 autem
3482 2873 3686 2942 pugiles
3716 2888 3892 2929 certa-

2301 2944 2418 3013 turi,
2448 2944 2760 3012 inspergere
2803 2952 2960 2997 uncta
2991 2956 3218 3013 corpora
3245 2984 3257 3004 ,
3297 2943 3517 3013 pulvere
3541 2986 3555 3008 ,
3601 2945 3684 2998 vel
3731 2946 3780 2998 iu
3829 2962 3894 3000 eo

2303 3011 2450 3067 humi
2475 3011 2691 3083 jaCeute
2721 3028 2780 3067 se
2817 3011 3272 3068 volutareJOvid.
3321 3012 3670 3082 Metamorph.
3711 3032 3782 3069 Ix.
3826 3018 3894 3072 de

2301 3083 2510 3138 duobus
2550 3083 2861 3138 PalLBSll'lliS
2904 3084 3130 3139 invicem
3169 3084 3270 3138 sibi
3314 3085 3583 3152 pulverem
3627 3086 3694 3140 ad
3733 3088 3892 3142 istutn

2301 3169 2454 3208 usum
2487 3156 2940 3208 ministrantibus:

2425 3225 2515 3274 Ille
2541 3228 2670 3274 cavis
2692 3225 2866 3287 hausto
2886 3226 3075 3287 spargit
3091 3238 3169 3272 me
3197 3226 3402 3286 pulvere
3419 3226 3609 3287 palmis,

2423 3287 2578 3350 Inque
2605 3288 2766 3336 vicem
2791 3286 2935 3337 fulva:
2965 3288 3095 3350 jactu
3126 3288 3347 3338 ﬂavescit
3372 3286 3554 3337 arente.

2296 3369 2466 3437 Quam
2499 3386 2741 3445 arenam,
2770 3370 2914 3445 unde
2943 3369 3304 3445 ﬂavescebant
3335 3371 3437 3445 hoc
3465 3373 3626 3428 modo
3656 3375 3889 3445 pugilum

2296 3456 2546 3517 corpora,
2576 3442 2832 3497 Martialis
2857 3442 2950 3497 lib.
2981 3457 3068 3507 v1,
3115 3443 3296 3513 Epigr.
3337 3441 3426 3498 66.
3471 3454 3628 3500 vocat
3657 3441 3890 3517 'l-laphcu

2297 3511 2399 3568 hoc
2426 3528 2582 3568 versu
2603 3531 2614 3566 :
3164 3511 3173 3512 “
3223 3511 3241 3513 “
3723 3557 3726 3560 ,

2668 3583 2725 3632 Et
2754 3584 2974 3634 ﬂavescit
2996 3583 3190 3647 Haphe.

2294 3667 2431 3740 Agit
2447 3667 2516 3722 de
2547 3667 2770 3724 muliere
2801 3669 3027 3740 Philaeni
3047 3711 3061 3734 ,
3092 3670 3235 3740 viros
3268 3667 3507 3740 imitante
3537 3670 3586 3723 in
3616 3672 3882 3740 pugilatu,

2293 3737 2472 3806 quod,
2503 3753 2622 3792 cum
2649 3739 2914 3794 acerrime
2953 3748 3172 3808 arguat,
3211 3739 3374 3792 immo
3412 3737 3710 3795 detestetur
3752 3737 3889 3798 Mar-

2296 3809 2439 3862 tialis
2468 3810 2518 3883 in
2550 3809 2746 3864 femina
2771 3819 3040 3883 ,gapparet
3066 3824 3224 3883 quam
3255 3825 3320 3864 ex
3347 3809 3562 3883 decoro
3591 3811 3890 3883 Sril’crpe-
3938 3829 3942 3832 '

2294 3888 2414 3954 tua,
2447 3881 2621 3954 etiam
2639 3895 2735 3954 per
2764 3881 2934 3934 visum
2963 3881 3251 3954 commissa
3277 3896 3398 3934 cum
3425 3881 3601 3951 pugile
3630 3881 3888 3954 Egyptio

2291 3949 2935 4024 diabolumidesignante,
2961 3951 3013 4004 in
3037 3952 3330 4024 masculum
3354 3949 3551 4006 mutata
3577 3954 3665 4019 sit,
3693 3949 3754 4008 at
3773 3949 3888 4024 ipsa

2291 4020 2421 4092 dicit
2449 4021 2549 4076 hoc
2577 4023 2692 4091 ipso
2720 4020 2859 4089 loco,
2890 4022 2972 4076 his
2998 4022 3207 4077 verbis:
3243 4020 3309 4076 Et
3350 4027 3489 4092 facta
3529 4040 3640 4078 sum
3679 4020 3885 4080 mascu-

2292 4089 2391 4146 lus.
2422 4089 2628 4150 Possm.

2376 4161 2696 4236 Viriquidam
2740 4164 2883 4218 mira:
2935 4163 3320 4236 magnitudinis.
3371 4164 3446 4218 lta
3498 4166 3549 4219 in
3597 4167 3763 4236 prima
3805 4168 3885 4222 vi-

2290 4235 2441 4306 sione
2472 4235 2739 4289 hominem
2761 4250 2951 4288 canum
2977 4235 3241 4306 inrhabitu
3264 4235 3503 4290 Pastoris
3523 4235 3781 4306 grandem
3809 4240 3888 4292 vi-

2289 4305 2459 4378 derat,
2487 4321 2649 4360 unum
2672 4305 2875 4360 scilicet
2894 4305 3252 4378 eumdemque
3272 4305 3568 4378 Christum,
3592 4309 3680 4378 qui
3704 4309 3882 4374 isthic,

2292 4384 2348 4447 ut
2374 4376 2592 4447 Pastor,
2625 4391 2752 4430 oves
2781 4391 2904 4447 suas
2931 4375 3132 4431 refovet
3153 4375 3175 4441 ;“
3209 4377 3357 4442 heie,
3403 4387 3458 4431 ut
3500 4375 3793 4447 Imperator
3829 4391 3886 4437 et

597 4441 1303 4518 persuaderencquidquam
1325 4441 1833 4518 conatur._-l_t_eperio
1855 4442 2012 4518 etiam
2041 4442 2180 4518 apud
2207 4442 2259 4501 D
2285 4445 2652 4518 Agouothetes
2670 4488 2684 4513 ,
2714 4446 2973 4518 militibus
2997 4457 3051 4502 et
3085 4441 3352 4515 agonistis
3377 4441 3595 4518 praeuna
3621 4449 3881 4505 decernit.

592 4513 876 4567 Alcuiuum
923 4511 1085 4566 lib.’l
1129 4513 1195 4565 de
1230 4511 1344 4566 Vita
1371 4514 1532 4566 sancti
1563 4511 1925 4576 Willebrordi,
1960 4525 2078 4580 cap.
2120 4513 2176 4566 2.

593 4581 709 4634 haec
741 4583 934 4636 verba:
968 4582 1136 4635 Mater
1162 4584 1460 4652 intempesta
1487 4583 1648 4636 noctis
1675 4583 1866 4652 quiete,
1900 4582 2098 4637 caeleste
2124 4584 2179 4637 in

589 4655 780 4706 somnis
803 4653 925 4706 vidit
951 4653 1410 4714 Itorama..llor.sr.

665 4722 874 4778 [labens
925 4724 1228 4794 multiplices
1273 4723 1555 4794 colliculos.
1606 4723 1934 4778 Glossarium
1978 4735 2174 4781 vetus:

593 4793 865 4867 Calliculae
885 4838 898 4858 ,
932 4791 1198 4867 Tpozi‘garg.
1226 4795 1292 4867 Et
1313 4796 1363 4850 in
1389 4791 1594 4867 Glossis
1618 4795 1990 4850 Graccolatinis
2011 4837 2024 4859 ,
2049 4804 2142 4867 Τρο
2159 4829 2173 4842 .

594 4871 684 4936 χᾷς
709 4906 724 4930 ,
753 4864 1030 4923 Gallicula.
1068 4864 1179 4920 Non
1210 4866 1422 4921 videtur
1463 4865 1681 4921 dubium
1710 4907 1723 4931 ,
1761 4866 1887 4935 quin
1928 4864 2174 4936 gallicula

589 4935 730 4996 idem
759 4939 829 4991 sit
855 4937 995 5009 quod
1021 4937 1272 5009 Callicula
1304 4938 1406 4992 hoc
1435 4937 1586 5009 loco;
1629 4947 1684 4992 et
1722 4952 1842 5009 cum
1884 4935 2178 5006 explicetur

589 5022 721 5080 voce
745 5007 961 5080 Τροχᾶς,
990 5019 1212 5078 apparet
1241 5007 1406 5080 fuisse
1435 5008 1557 5080 quid
1603 5008 1888 5080 rotundum
1934 5018 1988 5062 et
2027 5009 2178 5062 volu-

585 5077 712 5134 bile.
748 5077 1006 5138 Videutur
1029 5077 1197 5135 fuisse
1239 5079 1528 5145 caniculae,
1557 5078 1880 5147 appendices
1909 5080 2172 5147 rutunda),

585 5161 800 5221 ornatus
822 5165 1008 5207 caussa
1038 5151 1231 5205 addita:
1252 5151 1514 5221 capitibus
1537 5149 1848 5204 militarium
1871 5151 2170 5216 thoracum,

582 5219 635 5273 iu
665 5236 888 5277 acumen
918 5219 1434 5278 desinentibusme
1460 5230 1706 5292 poterant
1735 5239 1797 5275 ex
1832 5223 2011 5290 bysso,
2044 5237 2177 5292 pur-

579 5305 714 5414 Pura
736 5303 828 5348 aut
858 5295 1020 5348 simili
1054 5295 1273 5350 materia
1305 5308 1460 5357 esse;
1490 5291 1757 5346 interdum
1786 5308 1816 5346 e
1849 5291 2087 5355 metallo,
2118 5302 2174 5347 ut

601 5362 806 5414 labetur
835 5365 1011 5414 naullo
1042 5364 1298 5414 inferius.
1325 5380 1379 5414 ν.
1411 5364 1502 5414 51.
1535 5361 1743 5414 Habeas
1764 5362 2026 5414 colliculus
2049 5364 2174 5414 ntul-

601 5362 806 5434 tabetur
835 5365 1011 5434 paullo
1042 5364 1298 5432 inferius,
1325 5380 1379 5418 v.
1411 5364 1502 5419 51.
1535 5361 1743 5418 Habeas
1764 5362 2026 5434 colliculus
2049 5364 2177 5417 mul-

583 5432 809 5506 tiformes
835 5432 897 5489 ea:
924 5451 1050 5489 auro
1077 5445 1122 5489 et
1153 5445 1360 5506 argento
1383 5439 1564 5506 factas.
1593 5435 1759 5504 Hujus
1779 5433 1995 5506 generis
2020 5444 2174 5489 erant

579 5503 932 5576 tintinnabula
955 5503 1312 5576 nialogranata
1337 5503 1392 5559 in
1411 5515 1650 5560 extrema
1671 5503 1763 5560 era
1786 5503 1951 5576 vestis
1978 5506 2171 5560 summi

581 5571 888 5629 Sacerdotis
915 5571 1122 5643 posita;
1147 5585 1202 5630 ut
1233 5575 1460 5630 habetur
1499 5581 1551 5629 in
1591 5576 1776 5631 Exodo
1813 5585 1869 5631 et
1908 5575 2163 5630 Levitico.

582 5645 792 5716 Possm.
823 5675 893 5684 —
919 5647 1000 5701 An
1036 5647 1295 5716 gallicula:
1338 5647 1445 5700 sint
1489 5661 1662 5713 parvae
1705 5647 1909 5716 ealigaz,
1941 5647 2050 5702 vid.
2083 5646 2171 5700 Li-

582 5724 716 5786 turg.
751 5714 1008 5771 Gallican.
1038 5714 1320 5781 Mabillou,
1351 5731 1406 5786 p.
1435 5716 1558 5786 475.
1587 5714 1855 5771 Romani.

654 5785 938 5858 Egyptius
985 5788 1150 5861 {wdus
1189 5788 1371 5858 specie.
1421 5785 1637 5842 Plautus
1681 5786 1946 5844 Poenulo:
1989 5786 2169 5860 Itaque

2285 4514 2418 4588 Nam
2449 4517 2498 4570 in
2526 4516 2952 4571 Christianorum
2977 4514 3168 4588 agone,
3194 4529 3253 4572 ut
3281 4519 3356 4573 ait
3378 4514 3630 4574 Clemens
3650 4520 3883 4575 Alexan-

2284 4584 2490 4661 driuus,
2520 4590 2809 4661 ἀγωνοθέτης
2837 4594 2859 4640 ὁ
2889 4584 3328 4661 Θεὸςξᾷβραϐευτὴς
3359 4596 3383 4643 ὁ
3414 4598 3508 4650 υἱὸς
3537 4594 3670 4661 9506,
3696 4599 3881 4661 -ᾂεαιταιέ

2285 4660 2332 4709 δὲ
2361 4666 2402 4710 οἱ
2430 4661 2652 4732 ειν-κελαι.Δ
2672 4657 2993 4732 Agonotlteta
3023 4657 3163 4715 Deus
3184 4703 3197 4725 ,
3233 4661 3523 4732 pt'wtttiator
3552 4659 3650 4714 Dei
3685 4659 3879 4731 Filius,

2283 4738 2593 4802 spectatores
2618 4729 2820 4798 Angeli.
2854 4730 3055 4802 HOLST.

2355 4798 2652 4868 Purpuram
2694 4802 2826 4873 inter
2871 4801 3000 4855 duos
3023 4802 3212 4858 clavos.
3258 4801 3376 4873 Hoc,
3414 4811 3878 4873 est,,purpuream

2281 4879 2485 4925 vestem
2514 4886 2737 4940 gerens,
2771 4871 2936 4926 clavis
2961 4873 3170 4928 duobus
3208 4875 3321 4928 sive
3360 4871 3876 4929 fasciis’disciuctam

2279 4941 2398 5012 sine
2428 4956 2583 5012 zona.
2632 4941 3180 5012 Gymnasiarcharum
3220 4953 3336 4999 erat
3370 4959 3636 5012 purpurea
3677 4947 3874 5012 vestis;

2280 5011 2424 5085 unde
2449 5011 2591 5080 apud
2617 5011 2910 5085 Lucianum
2931 5013 3141 5084 dialogo
3163 5014 3230 5070 de
3249 5011 3580 5085 Gymnasiis,
3603 5011 3877 5070 Anachar-

2279 5082 2451 5153 sisgcx
2480 5098 2714 5152 purpura
2745 5082 3225 5153 Gynmasiaréham
3253 5082 3513 5153 agnoscit.
3549 5086 3749 5141 HOLST.

2362 5151 2752 5226 Virgantiquasi
2787 5151 2994 5226 latiista.
3038 5155 3249 5224 Virgam
3290 5151 3498 5210 lanistae
3542 5172 3753 5226 quoque
3785 5158 3876 5211 tri-

2279 5222 2392 5277 buit
2444 5222 2754 5293 Xiphilinus
2807 5225 2858 5278 in
2904 5222 3201 5280 Commodo
3237 5244 3250 5278 :
3285 5222 3628 5293 aias-nyoavlgca‘o
3661 5222 3709 5280 δὲ
3746 5232 3876 5298 αὖτῷ

2277 5308 2546 5361 γυμναστής
2565 5320 2637 5356 τις
2660 5303 2688 5357 ἦ
2711 5300 2792 5349 καὶ
2811 5301 3097 5365 μον6μαχος,
3117 5301 3331 5367 νάρθηκα
3349 5306 3486 5366 ἔχων.
3507 5297 3739 5353 Certabat
3761 5297 3878 5352 cum

2277 5367 2546 5440 eo_lanist_a
2575 5368 2786 5440 aliquis,
2798 5377 2897 5440 aut
2923 5369 3176 5438 gladiator
3201 5369 3394 5440 virgam
3423 5369 3629 5434 habens,
3664 5369 3777 5422 sive
3801 5373 3877 5439 fe-

2275 5437 2464 5490 rulam.
2493 5437 2661 5494 Recte
2687 5437 2937 5492 additum
2956 5440 3107 5506 heie,
3138 5437 3306 5508 quasi.
3331 5439 3450 5494 Non
3481 5440 3623 5494 enim
3651 5441 3738 5506 qui
3771 5437 3873 5507 ap-

2277 5508 2537 5579 parebat,
2571 5523 2856 5578 personam
2885 5509 3093 5563 lanista:
3129 5509 3476 5579 praeferebat,
3509 5509 3604 5563 sed
3633 5509 3872 5578 Gymna-

2274 5577 2536 5641 siarehte,
2571 5579 2673 5632 hoc
2707 5587 2792 5634 est
2823 5577 3243 5635 Palaestritarum
3281 5577 3873 5647 Moderatorisrquem

2273 5649 2435 5721 etiam
2467 5649 2664 5721 virgam
2690 5660 2901 5721 gestare
2925 5651 3143 5707 solitum
3168 5651 3333 5706 docet
3351 5649 3605 5721 Sidonius
3632 5650 3872 5719 Apollin.

2273 5716 2368 5792 lib.
2403 5735 2478 5774 x1.
2507 5716 2607 5789 Ep.
2639 5716 2884 5790 quuam
2917 5722 3078 5776 etiam
3120 5720 3467 5792 magistralem
3511 5716 3782 5790 appellat:
3816 5733 3871 5776 et

2274 5788 2391 5860 ejus
2420 5788 2576 5848 usum
2613 5788 2767 5862 plane
2808 5794 3092 5851 honestum
3130 5802 3184 5850 et
3206 5788 3527 5850 censorium
3546 5788 3651 5849 his
3687 5792 3870 5853 verbis
