4190 6246
247 348 327 407 III

262 574 287 609 ἰ
327 556 427 612 Hic
452 555 729 626 Egyptius
757 555 803 607 si
830 553 973 607 hanc
998 552 1210 618 vicerit,
1240 550 1445 607 occidet
1484 550 1628 604 illam
1649 551 1863 620 gladio;

262 668 289 702 ι
331 654 452 705 etsi
477 651 613 704 hunc
632 649 841 715 vicerit,
890 648 1117 718 accipiet
1176 663 1381 701 ramum
1424 646 1604 699 istum.
1663 646 1727 700 Et
1780 661 1868 699 re-

266 761 289 793 t
325 745 505 799 cessit.
532 744 598 798 Et
623 742 953 797 accessimus
993 740 1059 795 ad
1086 740 1336 804 invicem,
1369 750 1423 793 et
1451 739 1712 808 cmpimus
1741 738 1868 791 mit-

262 856 284 888 ι
324 848 439 892 tere
468 820 699 907 pugnos.
742 834 837 890 Ille
875 834 1008 889 mihi
1042 834 1203 904 pedes
1229 832 1633 903 apprehendere
1658 846 1870 899 quaere-

261 948 283 981 α
323 930 415 983 bat
456 938 482 964 δι
535 948 548 983 :
603 945 706 999 ego
734 939 915 984 autem
945 927 1036 981 ille
1080 925 1313 980 calcibus
1353 925 1541 980 faciem
1574 922 1869 989 caedebam,

264 1040 284 1073 ‹
323 1033 380 1078 et
423 1022 631 1077 sublata
681 1036 803 1075 sum
844 1022 896 1075 in
943 1034 1090 1083 aere,
1137 1027 1191 1072 et
1218 1019 1358 1088 ccepi
1402 1034 1522 1073 cum
1554 1018 1631 1071 sic
1666 1015 1877 1072 cmdere

265 1136 290 1169 ‹
330 1116 486 1185 quasi
513 1125 711 1170 terram
742 1113 1089 1169 conculcans.
1123 1114 1191 1165 At
1220 1112 1308 1167 ubi
1341 1111 1445 1165 vidi
1488 1124 1693 1165 moram
1737 1109 1873 1175 lieri,

266 1228 290 1261 ι
323 1209 478 1280 junxi
530 1224 721 1263 manus
754 1250 770 1275 ,
817 1209 889 1261 ita
942 1217 1002 1261 ut
1049 1206 1243 1276 digitos
1284 1205 1337 1258 in
1364 1204 1559 1274 digitos
1588 1204 1873 1257 mitterem.

270 1320 288 1352 ‹
328 1303 395 1357 Et
434 1301 773 1371 apprehendi
818 1300 895 1354 illi
926 1308 1106 1370 caput,
1148 1309 1201 1354 et
1230 1297 1423 1353 cecidit
1460 1298 1512 1351 in
1557 1296 1779 1361 faciem;
1828 1304 1881 1350 et

275 1414 294 1446 ι
331 1396 535 1450 calcavi
568 1396 644 1448 illi
679 1403 858 1464 caput.
892 1393 961 1447 Et
984 1392 1147 1461 cmpit
1182 1392 1410 1462 populus
1438 1391 1692 1456 clamare,
1727 1399 1781 1445 et
1808 1389 1884 1442 ia-

280 1509 298 1541 ι
337 1491 541 1544 vitores
567 1489 672 1544 mei
713 1488 966 1559 psallere.
995 1488 1063 1541 Et
1124 1487 1328 1543 accessi
1379 1485 1447 1541 ad
1483 1486 1726 1539 lanistam
1759 1525 1775 1550 ,
1830 1492 1886 1538 et

284 1607 305 1639 ι
344 1586 530 1655 accepi
556 1600 777 1639 ramum.
817 1583 887 1637 Et
920 1583 1191 1638 osculatus
1221 1591 1305 1657 est
1330 1596 1438 1646 me,
1468 1590 1521 1635 et
1547 1580 1681 1634 dixit
1710 1577 1883 1633 mihi:

282 1698 305 1731 σ
346 1679 521 1739 Filia.
582 1692 685 1747 pax
734 1686 932 1731 tecum.
998 1674 1067 1729 Et
1116 1674 1254 1744 ccepi
1307 1672 1387 1728 ire
1438 1688 1560 1727 cum
1602 1672 1771 1743 gloria
1820 1669 1887 1725 ad

281 1790 302 1824 ι
343 1780 552 1840 portam
611 1768 1030 1824 Sanavivariam.
1102 1767 1167 1821 Et
1237 1774 1551 1836 experrecta
1605 1780 1724 1819 sum
1772 1782 1785 1816 :
1835 1772 1889 1819 et

1504 342 1820 400 PERPETU
1833 342 1891 397 ιιΕ
1929 342 2019 398 ΕΤ
2060 340 2507 399 FELICITATIS.

266 482 286 515 ι
328 474 486 519 erant
516 464 648 517 mala
675 472 858 515 attrea.
899 460 965 514 Et
999 457 1153 530 petiit
1210 458 1477 513 silentium
1506 501 1520 523 ,
1583 467 1637 513 et
1689 458 1822 512 dixit
1855 477 1867 513 :
1899 461 1949 519 A

3498 347 3576 402 42

2602 453 2830 511 CAPUT
2872 454 2959 509 IV.

1973 550 2366 607 Ancuueuruu.
2399 579 2470 588 —-
2492 548 2553 603 S.
2598 547 2852 613 Saturus,
2890 550 2945 602 in
2974 547 3163 601 visione
3199 548 3294 601 sibi
3343 553 3499 617 facta,
3525 560 3574 605 ct

2052 649 2111 703 S.
2155 648 2414 717 Perpetua
2451 648 2513 702 ab
2545 648 2751 718 Angelis
2800 650 2852 701 in
2891 649 3053 701 lucem
3091 664 3328 718 magnam
3352 650 3575 717 portati,

2046 741 2217 794 vident
2244 752 2530 810 martyres;
2558 740 2696 793 ducti
2722 741 2789 793 ad
2816 740 3054 793 thronum
3085 737 3209 804 Dei,
3245 740 3416 793 osculo
3444 743 3581 794 exci-

2051 833 2534 903 piuntur,0ptatum
2549 832 2843 903 episcopum
2860 842 2905 886 et
2927 831 3202 902 Aspasium
3230 833 3578 903 presbyterum

1982 974 1989 981 .
2049 926 2348 979 conciliant.

2054 1016 2094 1070 I.
2122 1017 2226 1072 Sed
2254 1027 2309 1071 et
2338 1016 2565 1073 Saturus
2606 1018 2921 1074 benedictus
2961 1018 3098 1073 hanc
3128 1018 3388 1074 visionem
3428 1034 3582 1076 suam

1981 1108 2177 1175 edidit,
2206 1126 2365 1180 quam
2410 1112 2526 1181 ipse
2561 1111 2903 1181 conscripsit.
2939 1130 2957 1164 (
2994 1112 3179 1177 Passi,
3213 1112 3412 1181 inquit,
3458 1130 3583 1170 era-

1991 1223 2010 1255 ‹
2050 1218 2199 1266 mus,
2244 1214 2299 1258 et
2334 1204 2599 1258 exis-imus
2640 1204 2709 1259 de
2748 1220 2943 1268 carne,
2985 1214 3041 1259 et
3079 1205 3343 1273 cmpimus
3390 1204 3520 1259 ferri
3555 1221 3587 1260 a

1992 1314 2010 1347 ι
2044 1304 2276 1366 quatuor
2336 1295 2553 1365 Angelis
2642 1296 2695 1350 in
2749 1298 3047 1361 orientem,
3124 1313 3351 1367 quorum
3396 1314 3589 1355 manus

1995 1406 2013 1439 ι
2048 1402 2145 1441 nos
2182 1402 2287 1441 non
2330 1387 2641 1458 tangebant.
2675 1387 2891 1442 Ibamus
2919 1398 3098 1444 autem
3127 1404 3233 1443 non
3261 1390 3436 1459 supini
3463 1406 3588 1446 sur-

1996 1498 2015 1531 (
2049 1495 2165 1534 sum
2206 1480 2370 1543 versi,
2409 1479 2507 1534 sed
2548 1480 2699 1550 quasi
2727 1480 2942 1535 mollem
2977 1482 3177 1536 clivum
3221 1494 3242 1519 (³
3286 1484 3593 1539 ascenden-

1998 1591 2016 1625 ι
2055 1583 2153 1629 tes.
2213 1574 2280 1627 Et
2330 1573 2537 1628 liberati
2594 1576 2819 1642 primam
2874 1575 2984 1644 jam
3040 1574 3272 1631 vidimus
3334 1574 3360 1613 ἀ
3411 1578 3589 1637 lucem

1999 1685 2017 1718 ‹
2054 1668 2403 1731 immensam;
2460 1678 2512 1722 et
2537 1668 2647 1721 dixi
2679 1685 2692 1721 :
2727 1669 2991 1738 Perpetua
3036 1670 3189 1741 (erat
3215 1672 3359 1727 enim
3393 1673 3509 1729 lucc
3536 1675 3594 1731 in

2001 1783 2019 1817 ‹
2058 1764 2223 1819 latere
2244 1764 2422 1837 meo),
2451 1765 2553 1821 hoc
2593 1777 2677 1821 est
2708 1767 2850 1837 quod
2876 1769 3030 1823 nobis
3075 1770 3329 1827 Dominus
3368 1775 3596 1842 promit-

278 1881 297 1913 ‹
335 1863 588 1918 intellexi
628 1877 713 1916 me
744 1876 852 1915 non
886 1860 951 1915 ad
992 1860 1213 1926 bestias,
1251 1858 1344 1913 sed
1392 1867 1577 1914 contra
1618 1856 1889 1912 diabolum
1923 1864 1971 1923 Β
2005 1874 2024 1909 ‹
2063 1857 2214 1912 tebat
2249 1874 2262 1911 :
2294 1859 2633 1928 percepimus
2671 1860 3105 1930 promissionem.
3152 1863 3217 1917 Et
3249 1864 3375 1918 dum
3416 1877 3599 1935 gesta-

276 1975 298 2008 ι
337 1971 471 2011 esse
528 1964 904 2025 pugnaturam;
948 1952 1043 2008 sed
1112 1952 1347 2007 sciebam
1418 1949 1551 2004 mihi
1608 1949 1889 2005 victoriam

288 2070 308 2101 ‹
351 2050 638 2104 imminere
664 2048 705 2101 δ.
734 2048 847 2104 Hoc
872 2062 1043 2118 usque
1073 2045 1126 2101 in
1147 2045 1569 2117 pridiemuneris
1584 2044 1670 2115 egi
1690 2062 1701 2098 :
1723 2044 1889 2113 ipsius

283 2161 306 2195 ‹
342 2151 525 2197 autem
554 2140 789 2197 muneris
842 2151 1043 2206 actum,
1083 2139 1127 2194 si
1155 2138 1274 2209 quis
1303 2136 1555 2205 voluerit,
1584 2135 1805 2192 scribat.
1843 2155 1862 2188 ι

2004 1967 2021 2001 ‹
2062 1966 2184 2004 mur
2212 1950 2279 2007 ab
2308 1951 2439 2021 ipsis
2483 1963 2715 2023 quatuor
2760 1953 3015 2021 Angelis,
3065 1955 3260 2009 factum
3314 1967 3395 2011 est
3440 1960 3597 2014 nobis

2004 2062 2025 2095 ‹
2064 2045 2295 2112 spatium
2334 2045 2574 2115 grande,
2606 2046 2754 2115 quod
2798 2046 2906 2102 tale
2945 2045 3042 2101 fuit
3086 2048 3241 2117 quasi
3289 2049 3604 2107 viridarium

2002 2153 2020 2187 ι
2057 2135 2278 2191 arbores
2322 2136 2527 2193 habens
2577 2153 2716 2194 rosa:
2770 2148 2792 2176 θ
2827 2181 2842 2207 ,
2895 2149 2949 2195 et
3003 2154 3166 2196 omne
3210 2156 3382 2213 genus
3422 2144 3592 2199 ﬂoris.

1601 2250 1985 2309 LECTIONES
2009 2250 2429 2309 VARIANTES.

344 2377 371 2405 ⁸
398 2374 611 2424 Volebat
654 2374 872 2425 Holslen.

344 2436 379 2475 ι
416 2438 536 2487 Esse
573 2433 798 2488 Holsten.

345 2504 371 2531 ε
410 2501 614 2551 Gtc-bam
665 2502 718 2549 C.
746 2500 911 2561 Coinp.

340 2564 371 2603 ἀ
398 2562 486 2615 Sic
510 2561 624 2614 cod.
649 2560 832 2613 Salisb.
860 2557 1084 2612 Ilolstcn.
1123 2558 1185 2610 Et
1229 2558 1423 2610 liberati
1448 2562 1603 2623 primo
1621 2559 1803 2610 mundo
1824 2561 1898 2609 vi-

2002 2369 2180 2438 dignus.
2196 2370 2539 2438 gompend._et
2556 2371 2753 2438 liberati
2779 2376 2988 2435 primum
3007 2374 3107 2438 jam
3152 2377 3334 2427 mundo
3368 2376 3598 2433 vidimus.

2004 2431 2130 2483 Olim
2156 2431 2387 2481 Liberato
2412 2436 2565 2485 primo
2590 2431 2789 2485 mundo:

2070 2497 2093 2524 θ
2128 2494 2306 2545 Rosam
2330 2494 2512 2547 Salisb.

1688 2645 2253 2704 COMMENTARIUS.

276 2743 578 2815 exprimit:
619 2739 878 2815 Juvenum
915 2742 1109 2815 luctas,
1152 2738 1196 2793 si
1240 2739 1895 2815 involvantur-obscenius,

277 2811 427 2870 casta
444 2815 713 2883 confestim
736 2811 1255 2883 Gymnasium/rarum
1272 2812 1411 2879 virga
1425 2811 1671 2864 dissolvit.
1698 2811 1894 2867 IIOLST.

361 2887 431 2941 Et
485 2887 628 2952 petiit
684 2886 960 2939 silentium.
992 2884 1047 2939 Id
1103 2897 1197 2951 per
1247 2896 1547 2950 pricconem
1574 2892 1666 2936 aut
1707 2884 1899 2937 tubici-

282 2974 425 3015 nem
452 2957 569 3011 fieri
597 2956 826 3010 solebat.
875 2955 1003 3024 Ejus
1040 2956 1116 3008 rei
1161 2953 1444 3008 formulam
1494 2954 1544 3006 in
1574 2952 1779 3008 Graecia
1811 2969 1899 3009 so-

281 3031 536 3085 lemnem
558 3026 715 3081 fuisse
738 3036 880 3081 ἄκουε
908 3036 1028 3091 πᾶς,
1051 3025 1194 3091 audi,
1216 3026 1439 3094 quisquis
1464 3041 1535 3089 es,
1564 3041 1627 3079 ex
1656 3024 1897 3081 Luciano

279 3111 343 3157 et
372 3101 497 3155 aliis
527 3098 800 3153 discimus.
833 3097 939 3153 Usu
970 3098 1069 3152 hoc
1097 3098 1147 3151 in
1176 3098 1364 3167 primis
1390 3096 1655 3159 veniebat,
1684 3098 1896 3166 quando

279 3156 666 3228 distribuenda
703 3171 880 3239 palam
919 3169 1137 3238 prannia
1176 3156 1351 3239 erant.
1394 3167 1571 3232 Quare
1615 3156 1892 3223 tali'occa-
1921 3156 1966 3219 C

280 3246 443 3298 sione
513 3238 821 3313 proconsuli
885 3254 1187 3313 praeconem
1232 3238 1501 3313 Apuleius
1550 3238 1793 3313 adjungit
1838 3241 1895 3294 in

281 3310 548 3371 ﬂoridis.
580 3314 658 3367 De
710 3313 946 3366 tubicine
973 3312 1334 3366 testimonium
1361 3319 1443 3365 est
1471 3312 1691 3365 Seneca:
1718 3310 1894 3381 Epist.

285 3388 382 3441 74.
417 3384 532 3439 Nos
555 3401 754 3454 quoque
778 3386 1061 3437 evincamus
1079 3383 1270 3445 omnia,
1295 3398 1511 3446 quarunt
1536 3383 1766 3450 praemia,
1798 3398 1901 3437 non

290 3474 518 3517 corona,
550 3472 642 3509 nec
673 3456 888 3524 pallium
916 3464 1025 3517 est;
1056 3470 1145 3507 nec
1186 3454 1384 3507 tubicen
1413 3454 1769 3523 prtedicationi
1806 3470 1901 3507 no-

291 3530 449 3583 minis
494 3529 655 3580 nostri
698 3527 957 3580 silentium
1002 3526 1230 3595 faciens;
1270 3526 1359 3579 sed
1391 3526 1549 3580 virtus
1588 3534 1639 3578 et
1682 3525 1901 3593 ﬁrmitas

288 3601 475 3654 animi.
508 3599 705 3655 HOLST.

370 3672 437 3726 Si
493 3674 626 3723 hunc
687 3669 896 3734 vicerit,
962 3668 1173 3737 accipiet
1225 3684 1427 3721 ramum
1464 3669 1637 3722 istum.
1696 3667 1900 3738 Nempe

298 3746 398 3798 hic
428 3759 539 3795 non
566 3742 733 3795 solum
784 3742 1231 3811 gymnasiarcbaz,
1264 3749 1322 3793 ut
1352 3740 1552 3794 dictum
1578 3750 1690 3804 est;
1723 3739 1817 3793 sed
1847 3750 1902 3795 et

307 3820 585 3885 βραϐευτρῦ
632 3811 953 3882 ρτίεηιὶαιονὶε
996 3827 1279 3881 personam
1325 3812 1561 3879 gerebat.
1610 3815 1897 3882 βραϐευταὶ,

306 3884 496 3953 inquit
526 3884 927 3953 Etymologicus,
960 3894 1124 3953 κυρίως
1152 3892 1390 3949 λέγονται,
1422 3892 1465 3937 οἱ
1491 3893 1580 3938 τηλν
1606 3887 1776 3952 ῥάϐδον
1803 3888 1901 3937 οἱπό

298 3979 522 4028 yet-uae;
550 3968 582 4017 ἦ
606 3980 720 4028 τεᾷ-ες
742 3961 882 4028 Elian
902 3958 1109 4015 διδόντες
1127 3959 1344 4022 σῦμϐολα
1362 3970 1446 4015 τῆς
1472 3964 1619 4028 viam,
1643 3958 1901 4025 ῥαϐδευσοιὶ

296 4026 427 4090 inn,-
456 4035 603 4090 διτες.
629 4026 911 4093 Brabeuttz,
935 4027 1038 4080 sive
1075 4028 1437 4094 prwmiatores,
1470 4026 1727 4087 dicuntur,
1756 4028 1903 4095 quasi

293 4100 645 4164 rhabdeusttz,
678 4100 772 4151 hoc
799 4108 874 4151 est
894 4124 913 4161 ,ο
939 4097 1196 4168 virgarum
1224 4107 1313 4151 aut
1344 4097 1668 4152 surculorum
1694 4099 1902 4168 largito-

298 4188 419 4225 res:
449 4172 505 4224 lsi
532 4173 667 4224 enim
700 4171 887 4238 palma:
921 4170 996 4222 vel
1030 4170 1213 4223 similis
1249 4169 1447 4223 arboris
1481 4184 1648 4221 ramos
1676 4168 1899 4234 dabant,

297 4244 522 4315 insignia
550 4242 797 4315 victoria.
843 4240 1011 4294 Porro
1038 4240 1278 4315 ejusdem
1311 4239 1698 4315 eratindicere
1726 4253 1901 4315 certa-

296 4310 423 4371 men
447 4358 463 4379 ,
487 4315 632 4385 quod
665 4314 755 4366 hic
783 4322 966 4366 noster
987 4312 1146 4385 paulo
1174 4314 1322 4381 prius
1353 4310 1509 4385 fecit,
1542 4320 1617 4385 et_
1623 4313 1901 4385 praemium

293 4382 841 4456 victori'porrigere.
890 4384 1048 4456 quod
1074 4398 1213 4437 nunc
1253 4382 1803 4456 promittit.__Tertull.
1836 4383 1903 4437 de

294 4458 449 4529 Fuga
478 4453 545 4512 in‘
564 4454 974 4529 persecutione:
1017 4454 1060 4508 A
1082 4471 1181 4524 quo
1207 4453 1717 4529 certamen_edicitur,
1748 4456 1847 4509 nisi
1872 4471 1905 4507 a

296 4525 407 4601 qua
432 4525 625 4583 corona
652 4539 697 4580 et
726 4528 993 4601 prtemium
1024 4527 1415 4601 proponuntur?
1454 4525 1523 4579 Et
1560 4526 1718 4601 paulo
1748 4534 1899 4595 post:

302 4596 393 4657 Ita
421 4616 665 4671 agnosces
693 4598 762 4651 ad
787 4596 1015 4671 eumdem
1044 4596 1412 4671 Agonothetam
1455 4599 1703 4671 pertinere
1734 4608 1900 4651 certa-

496 4671 761 4724 arbitrium
781 4710 797 4734 ,
831 4670 916 4739 qui
942 4670 1117 4722 invitat
1145 4670 1211 4722 ad
1241 4671 1525 4735 prwmium.
1558 4670 1755 4725 HOLST.

395 4741 560 4794 Junxi
619 4759 819 4807 manus,
881 4750 934 4793 ut
978 4741 1162 4811 digitos
1214 4743 1268 4794 in
1312 4742 1499 4809 digitos
1529 4741 1793 4794 mitterent.
1826 4741 1903 4797 Si-

313 4812 545 4887 gniﬁcat
568 4811 905 4893 Perpetuam
930 4812 984 4866 in
1016 4812 1474 4893 altumsublatatn
1495 4854 1510 4879 ,
1534 4822 1588 4866 ut
1608 4822 1903 4893 certantem

313 4883 509 4942 secum
556 4883 779 4953 pugilem
826 4884 879 4938 in
929 4895 1123 4937 terram
1168 4883 1454 4953 dejiceret,
1500 4885 1906 4953 compectinatis

314 4957 602 5027 utriusque
625 4972 813 5010 manus
844 4954 1052 5026 digitis,
1082 4954 1198 5024 ejus
1228 4956 1481 5027 verticem
1508 4956 1767 5010 ambabus
1795 4956 1907 5024 pal-

319 5028 431 5085 mis
458 5031 509 5081 in
538 5044 700 5081 unum
719 5029 915 5094 junctis
942 5040 1133 5097 magno
1158 5027 1358 5097 impetu
1379 5026 1738 5095 depressisse:
1764 5027 1908 5083 unde

578 5098 888 5169 Egyptium
918 5099 970 5153 in
998 5095 1187 5153 faciem
1216 5095 1428 5153 cadere.
1462 5097 1671 5152 Possm.

904 5170 1161 5224 lanistam.
1219 5170 1388 5237 Quem
1446 5169 1909 5239 gymnasiarcbam

314 5098 551 5169 contigit

397 5169 465 5223 Et
512 5172 705 5225 accessi
774 5171 842 5223 ad

322 5249 505 5311 potius
534 5253 587 5295 et
629 5242 943 5297 brabeutem
970 5241 1215 5311 superius
1236 5241 1505 5302 diximus,
1552 5241 1797 5296 lanistam
1824 5258 1915 5296 vo-

323 5323 413 5369 cat
435 5354 450 5374 ,
483 5328 588 5367 non
615 5316 731 5368 sine
757 5312 1050 5369 catachresi
1080 5312 1216 5367 forte
1242 5312 1491 5382 quadam.
1526 5312 1722 5367 I‘IOLST.

396 5385 481 5438 Ad
533 5394 735 5438 vortam
790 5384 1198 5438 Sanavivariam.
1257 5386 1363 5438 Res
1405 5385 1598 5438 exiait.
1627 5393 1683 5438 ut

318 5458 521 5512 batur:
551 5456 634 5510 Ad
657 5465 857 5524 portam
876 5456 1286 5517 Sanavivariam.
1314 5466 1370 5509 ut
1392 5454 1529 5509 infra

330 5528 603 5582 Beroeam:
627 5536 744 5581 sunt
773 5530 827 5580 in
851 5537 1049 5596 portam
1079 5526 1490 5581 Sanavivariam.

334 5599 512 5667 priori
538 5598 656 5651 loco
684 5598 1048 5667 reponendum
1076 5598 1149 5653 sit
1176 5598 1534 5665 Sanavivaria.
1566 5598 1647 5652 Ex
1680 5598 1762 5653 bis
1788 5614 1921 5654 cou-

332 5666 459 5739 Stat
490 5666 875 5739 iuisseportam
910 5671 961 5724 in
1010 5669 1437 5739 amphitheatro,
1468 5686 1586 5738 qua:
1606 5712 1620 5734 ,
1652 5671 1840 5725 saltem
1872 5671 1928 5724 in

327 5738 553 5797 Africa,
586 5738 948 5807 vulgariverbo
974 5738 1260 5796 vocaretur
1285 5740 1641 5796 Sanavivaria.
1674 5741 1931 5808 Quantam

319 5819 532 5867 autem
556 5810 677 5884 haec
698 5810 866 5879 fuerit,
896 5810 1279 5884 inquirendum
1295 5824 1395 5868 est.
1423 5814 1590 5869 Docet
1609 5813 1821 5884 Lipsius
1843 5814 1937 5868 lib.

326 5886 402 5941 de
424 5882 839 5953 Anipltit/teatro,
866 5899 989 5951 cap.
1010 5882 1103 5948 21,
1128 5894 1318 5951 praeter
1340 5886 1576 5955 portulas
1598 5882 1770 5943 varias
1786 5926 1801 5956 ,
1829 5885 1944 5942 sive

591 5977 873 6044 Panos.
914 5974 1029 6037 Ill.

530 5394 735 5453 portam
790 5384 1198 5439 Sanavivariam.
1257 5386 1363 5438 Res
1405 5385 1598 5454 exigit.
1627 5393 1683 5438 ut
1722 5385 1918 5439 rescri-

1628 5471 1721 5521 χχ,
1748 5472 1798 5509 ν.
1822 5456 1913 5511 ‘24.

1588 5529 1636 5582 bi
1682 5526 1820 5582 forte
1851 5542 1918 5582 ex

2006 2742 2233 2810 postica,
2259 2757 2379 2811 qua:
2405 2740 2649 2796 intimum
2678 2743 3058 2813 amphitheatri
3100 2746 3275 2802 locum
3304 2749 3607 2808 circumda-

2004 2814 2129 2867 bant
2160 2813 2227 2866 ad
2260 2814 2436 2867 varios
2465 2829 2626 2879 usus,
2663 2818 2961 2884 praesertim
3004 2819 3420 2875 emittendarum
3460 2823 3607 2879 fera-

2003 2900 2121 2938 rum
2142 2925 2155 2949 ,
2190 2884 2356 2939 fuisse
2382 2885 2515 2963 duas
2548 2886 2787 2963 n‘tajores
2809 2903 2839 2941 e
2867 2889 3085 2963 regione
3128 2891 3354 2946 invicem
3384 2898 3607 2963 Opposi-

2005 2966 2086 3009 tas
2105 2998 2118 3019 ,
2154 2971 2382 3025 quarum
2412 2957 2634 3010 alteram
2679 2957 3036 3013 Libitineusem
3066 2962 3228 3016 fuisse
3258 2957 3607 3021 dictant-sus-

2002 3027 2210 3096 picatur
2236 3038 2352 3107 ,ψει
2398 3028 2513 3097 ipse
2544 3028 2704 3097 paulo
2747 3040 2900 3097 post,
2940 3031 3247 3107 dlortualem
3277 3047 3465 3101 vocat,
3512 3054 3611 3107 per

2001 3113 2160 3172 quam
2188 3099 2405 3172 scilicet,
2425 3112 2635 3172 mortua
2676 3114 2903 3169 corpora
2942 3102 3296 3172 gladiatorum
3321 3148 3333 3168 ,
3363 3099 3459 3160 aut
3482 3099 3607 3163 bes-

2004 3170 2283 3225 tiariorum
2312 3171 2555 3239 reliquiae
2582 3170 3004 3226 extrahebantur
3029 3190 3092 3228 ex
3138 3190 3320 3229 arena.
3368 3179 3609 3235 Alterius

2005 3250 2191 3310 portat.
2220 3258 2361 3311 qum,
2393 3251 2449 3295 ut
2473 3243 2567 3302 ait.
2596 3243 2824 3297 ducebat
2848 3244 2913 3298 ad
2942 3244 3140 3310 forum,
3172 3262 3367 3303 nomen
3403 3252 3610 3305 nullum

2003 3312 2201 3389 prodit.
2235 3312 2353 3389 Non
2379 3312 2566 3367 dubito
2596 3315 2723 3389 quin
2751 3354 2767 3376 ,
2813 3316 2857 3369 si
2879 3316 3055 3389 __bunc
3105 3318 3284 3371 locum
3339 3320 3606 3389 vidisset,

2005 3384 2398 3462 Sanavivariam
2440 3399 2560 3439 eam
2598 3387 2799 3462 dictam
2838 3385 3185 3443 afﬁrmasset.
3226 3389 3338 3444 Nec
3388 3384 3610 3462 ctymon

2003 3455 2294 3509 obscurum
2322 3465 2451 3529 est;
2476 3471 2597 3511 cum
2626 3457 2768 3511 enim
2801 3473 2897 3526 per
2933 3474 3054 3514 eam
3094 3462 3182 3529 qui
3235 3463 3351 3515 sani
3394 3455 3460 3516 ρι’
3498 3466 3607 3520 vivi

2002 3541 2183 3581 arente
2235 3527 2486 3596 periculis
2539 3528 2951 3598 superfuerant,
2998 3527 3124 3585 foro
3162 3541 3214 3585 et
3256 3532 3371 3586 urbi
3414 3535 3610 3590 redde-

2002 3609 2209 3671 rentur,
2239 3598 2732 3671 jureSanavivaria
2762 3613 3065 3671 nuncupata
3096 3604 3183 3655 sit.
3216 3603 3281 3656 Et
3314 3604 3455 3659 lavet
3482 3606 3608 3664 huic

2003 3670 2328 3743 conjecturae
2358 3670 2554 3739 duplex
2588 3672 2674 3726 bic
2704 3671 2853 3726 locus
2878 3690 2892 3737 ;
2921 3670 3152 3743 quorum
3187 3675 3237 3727 in
3269 3676 3453 3742 priori,
3484 3678 3609 3733 Per-

2004 3750 2163 3818 petua
2191 3741 2384 3818 victrix
2418 3743 2655 3818 pugilatu
2679 3785 2693 3809 ,
2742 3741 2998 3818 superato
3038 3745 3089 3798 in
3139 3741 3302 3799 arena
3350 3741 3607 3818 [Egyptio

2005 3813 2337 3888 adversario,
2371 3815 2535 3888 cmpit
2563 3815 2662 3879 ire,
2695 3823 2754 3869 ut
2786 3816 3023 3888 ipsaait,
3053 3831 3174 3888 cum
3199 3817 3365 3884 gloria
3390 3813 3469 3872 adv
3488 3813 3607 3888 pore

2005 3891 2113 3937 tam
2140 3882 2566 3947 Sanavivariam,
2592 3900 2741 3938 more
2758 3886 3006 3942 videlicet
3028 3882 3355 3942 vincentium
3381 3890 3431 3942 in
3460 3882 3606 3948 b'isce

2005 3955 2429 4032 certaminibus,
2476 3960 2565 4025 qui
2609 3969 2729 4023 post
2764 3958 3187 4032 victorianrper
3230 3974 3439 4028 portam
3486 3980 3607 4032 quas

2004 4025 2234 4101 ducebat
2260 4026 2324 4078 ad
2355 4028 2524 4101 lorum
2550 4068 2564 4092 ,
2596 4028 2938 4101 cunrplausu
2970 4025 3207 4082 exibant.
3232 4025 3408 4085 ‘Alter
3452 4034 3479 4101 §
3505 4025 3601 4088 xx.

2006 4096 2204 4157 habet,
2256 4098 2509 4165 pOpulum
2560 4097 2926 4150 misericordia
2968 4108 3170 4150 motum
3215 4114 3340 4163 erga
3386 4096 3606 4160 sanctas

2006 4168 2326 4235 Perpetuam
2360 4176 2416 4221 et
2442 4165 2776 4221 Felicitatem
2804 4167 2913 4234 jam
2942 4182 2969 4220 a
3002 4167 3132 4223 feris
3174 4170 3313 4222 male
3357 4184 3598 4235 vexatas,

2006 4254 2289 4294 revocasse
2315 4239 2432 4294 illas
2453 4239 2517 4291 ad
2547 4246 2751 4308 portam
2774 4236 3198 4305 Sanavivariam,
3230 4256 3336 4309 quo
3358 4243 3606 4301 videlicet

2006 4310 2453 4384 gladiatoresaut
2472 4310 2718 4384 bestiarii
2744 4351 2757 4373 ,
2808 4310 2998 4384 quibus
3042 4311 3294 4384 parecbat
3337 4317 3561 4384 populus
3587 4359 3603 4383 ,

2007 4384 2138 4459 ejus
2154 4381 2760 4459 faventiacclamatioqe
2782 4382 3039 4437 admoniti
3067 4381 3489 4451 recedebant,'ut
3512 4381 3608 4459 pei-

2008 4453 2179 4509 riculo
2206 4470 2265 4507 se
2289 4453 2672 4507 subducerent.
2704 4453 2913 4511 Possm.

1926 4558 1982 4618 Β
2085 4523 2255 4593 Usque
2318 4524 2373 4577 in
2443 4524 2609 4593 pridie
2685 4527 2926 4579 muneris.
2960 4525 3052 4607 “Ita
3116 4526 3476 4583 Tertullianus
3536 4534 3606 4587 ad

2009 4596 2294 4652 Scapulam
2332 4610 2452 4652 can.
2495 4597 2526 4649 '7
2555 4613 2565 4649 :
2599 4596 2703 4652 Oui'
2727 4613 2815 4652 ver
2842 4595 3027 4651 Genios
3053 4614 3227 4651 eorum
3251 4605 3303 4652 in
3332 4604 3495 4652 vridie
3526 4622 3606 4652 us-

2082 4596 2294 4666 apulam
2332 4610 2452 4664 cap.
2495 4597 2526 4649 '7
2554 4613 2565 4667 ς
2599 4596 2703 4663 Qui
2726 4613 2815 4667 per
2842 4595 3027 4651 Genius
3053 4614 3227 4651 eorum
3251 4605 3303 4652 in
3330 4604 3495 4667 pridie
3526 4622 3612 4657 us-

2006 4685 2104 4739 que
2148 4669 2465 4735 iuraverant.
2533 4666 2733 4723 Cicero
2778 4686 2933 4739 usque
2966 4670 3035 4723 ad
3080 4666 3409 4796 pridiillt'at.
3452 4676 3607 4729 dixit.

3271 4758 3423 4796 OLST.

3248 4743 3423 4799 IOLST.

2084 4810 2253 4879 Ipsius
2298 4813 2522 4866 muneris
2566 4822 2753 4866 actum.
2802 4812 2948 4868 Infra
2984 4856 2998 4880 ,
3055 4815 3283 4867 ordinem
3329 4819 3551 4871 muneris
3586 4858 3600 4882 ,

2010 4890 2065 4939 et
2091 4884 2497 4938 conmiissionem
2531 4885 2835 4953 spectaculi,
2871 4894 3046 4940 vocat.
3090 4887 3354 4939 Caeterum
3398 4888 3463 4941 ad
3486 4888 3605 4941 lucc

2010 4956 2173 5009 verba
2203 4957 2261 5009 S.
2290 4955 2573 5026 Perpetua:
2597 4958 2831 5024 respexit
2859 4957 3098 5025 quisquis
3138 4956 3205 5008 sit
3240 4956 3430 5009 borum
3458 4966 3608 5010 acto-

2012 5042 2129 5099 rum
2176 5035 2393 5099 auctor,
2426 5043 2547 5082 cum
2577 5044 2637 5083 se
2668 5027 2794 5083 lidei
2832 5030 3179 5082 commissum
3224 5026 3340 5094 ejus
3384 5029 3608 5099 exsequi

2011 5097 2163 5153 dixit.
2188 5097 2387 5153 Hons'r.
2717 5137 2721 5141 η

2085 5169 2242 5223 CAP.
2312 5169 2401 5224 IV.
2454 5199 2524 5211 —-—
2594 5170 2633 5225 Ι.
2698 5169 2950 5240 primus
3023 5169 3147 5240 ferri
3184 5186 3215 5223 a
3257 5180 3474 5237 quatuor
3504 5172 3611 5227 An-

2017 5242 2163 5313 gelis,
2191 5257 2407 5311 quorum
2433 5257 2613 5313 manus
2649 5258 2740 5294 nos
2760 5239 2885 5313 _non
2922 5239 3212 5313 tangebam.
3249 5241 3471 5313 Videtur
3511 5259 3611 5298 ex-

2020 5310 2288 5383 primere,
2320 5312 2462 5380 quod
2511 5311 2705 5383 dicitur
2760 5310 2966 5383 Daniel.
3016 5327 3125 5379 xw,
3177 5314 3267 5367 55.
3314 5311 3379 5366 In
3418 5315 3613 5383 impetu

2021 5382 2233 5452 spiritus
2263 5382 2475 5459 s_ui._Et
2517 5382 2584 5459 de
2635 5382 2961 5459 Ezechiele,
3000 5383 3117 5449 ejus
3160 5384 3458 5459 prophetia}
3488 5403 3613 5459 cap.

2025 5469 2149 5521 vm,
2182 5469 2234 5508 v.
2265 5456 2319 5509 ὅ.
2352 5453 2705 5524 Apprelteudit
2726 5471 2805 5509 me
2832 5456 2886 5508 in
2916 5456 3150 5510 cincinuo
3180 5457 3364 5522 capitis
3388 5459 3504 5513 mei.

3209 5528 3418 5583 Possm.

2100 5595 2169 5651 Et
2247 5596 2465 5652 liberati.
2539 5597 2746 5669 Legere
2822 5600 3034 5654 mallem
3093 5597 3325 5663 liberati,
3379 5608 3436 5653 ut
3503 5613 3632 5654 seu-

2033 5684 2126 5726 sus
2156 5670 2260 5737 sit,
2309 5680 2716 5742 eospostquant
2747 5686 2777 5727 e
2824 5672 3051 5742 caligine
3100 5681 3168 5742 et
3200 5670 3451 5725 crassiori
3505 5685 3638 5728 aere

2038 5742 2267 5814 sphaerae
2315 5741 2623 5798 sublunaris
2660 5740 3042 5809 emersissent,
3085 5740 3289 5797 vidisse
3332 5741 3508 5800 lucem
3540 5742 3648 5798 im-

2045 5829 2290 5873 mensam
2312 5855 2327 5880 ,
2349 5826 2456 5869 etc.
2499 5814 2708 5870 POSSIN.

2128 5886 2252 5944 Tale
2317 5888 2445 5964 fuit_
2474 5888 2617 5965 quasi
2663 5884 2986 5944 viridarium.
3036 5887 3114 5940 De
3157 5887 3261 5942 hoc
3289 5885 3551 5950 viridario
3590 5886 3673 5943 ἴα-

3048 5979 3111 6040 2.
