4242 6270
426 139 501 201 ις
1586 140 1987 243 pauperum
2030 144 2117 204 ET
2156 149 2601 215 FELlClTATIS.
3668 164 3743 225 so

494 262 586 321 IV.
610 261 793 320 Pridie
806 274 1044 335 quoque,
1067 276 1191 319 cum
1221 262 1308 318 illa
1338 276 1492 319 coena
1520 263 1705 320 ultima
1754 280 1914 336 quam
1964 265 2029 320 li-
2057 267 2111 326 A
2209 271 2381 326 lactant
2407 274 2476 327 ad
2515 274 2737 345 bestias,
2765 276 3120 349 objiciuntur;
3152 278 3377 336 Saturus
3405 279 3479 336 bis
3504 280 3740 347 illtesus;

423 356 613 412 heram
657 361 891 420 vocant,
956 363 1214 425 quantum
1284 354 1335 409 in
1381 353 1509 425 ipsis
1561 365 1708 423 erat,
1770 371 1872 412 non
1920 371 2034 413 (εω-
2212 362 2522 436 dejiciuntur
2547 367 2657 423 SS.
2696 367 2950 441 Perpetua
2979 380 3025 425 et
3054 370 3656 439 Felicitas;revocantur
3685 377 3736 429 in

424 464 553 504 nam
627 446 850 538 liberm}
881 487 896 511 ν
956 445 1052 538 sed
1118 461 1323 517 agapen
1386 456 1662 504 οωηενῦηῐ
1717 457 1777 514 ⁸;
1847 449 2034 506 eadem
2210 468 2408 526 portam
2428 459 2833 518 Sanevivariam.
2866 463 2927 521 S.
2954 464 3196 534 Saturus,
3230 467 3735 538 aleopardolcesus.

423 537 852 635 constantia-ad.
883 537 1142 635 populum
1175 539 1337 635 verba
1382 540 1481 595 ista
1527 541 1838 612 jactabant,
1887 559 2034 599 com-
2208 552 2418 607 militem
2444 554 2787 620 adhortatur;
2825 571 2879 611 se
2923 557 3137 614 inuicem
3182 537 3516 624 osculantur;
3563 561 3736 635 gladio

422 632 696 686 minantes
740 628 1003 705 jpdicium
1058 630 1309 697 Domini,
1363 642 1735 690 contestantes
1794 637 2030 704 passioni
2211 644 2535 700 occiduntur.

419 738 536 780 sum
582 721 612 760 δ
685 721 1036 790 felicitatem,
1127 722 1413 780 irridentes
1484 737 1506 764 ο
1590 729 2028 784 concurrentium

415 816 818 882 curiositatem,
848 815 1062 873 dicente
1082 815 1280 873 Saturo
1307 836 1320 871 :
1365 836 1384 871 ι
1421 817 1703 876 Crastinus
1753 822 1868 879 dies
1897 823 2027 879 satis

411 912 567 969 vobis
591 927 697 967 non
721 923 822 979 est,
854 912 998 984 quod
1052 912 1288 969 libenter
1339 913 1554 982 videtis,
1618 916 1763 986 quod
1809 918 2023 974 odistis.

411 1006 588 1063 Hodie
616 1007 797 1074 amici,
831 1020 954 1062 eras
973 1004 1200 1062 inimici.
1226 1005 1417 1062 Notate
1438 1017 1614 1064 tamen
1637 1010 1793 1065 nobis
1809 1008 1836 1047 ἀ
1862 1011 2024 1067 iacies

411 1112 634 1157 nostras
657 1102 965 1172 diligenter,
1010 1109 1070 1156 ut
1101 1103 1499 1173 recognoscatis
1537 1118 1636 1158 nos
1675 1103 1727 1159 in
1779 1103 1871 1160 die
1925 1106 2020 1160 illo

405 1195 617 1268 judicii.
644 1214 665 1248 ›
698 1194 772 1250 Ita
812 1210 1003 1250 omnes
1034 1204 1059 1232 θ
1102 1194 1226 1251 inde
1270 1197 1487 1251 attoniti
1525 1196 1874 1255 discedebant
1908 1215 1923 1254 :
1952 1213 2018 1255 ex

409 1286 610 1359 quibus
633 1286 790 1342 multi
816 1286 1181 1343 crediderunt.

1024 1423 1251 1482 CAPUT
1292 1425 1380 1481 Vl.

412 1559 809 1618 Attenuatum.
853 1590 925 1599 —
961 1558 1007 1613 E
1026 1576 1229 1615 carcere
1264 1561 1319 1614 in
1356 1561 1789 1631 amphitheatrum
1827 1565 2015 1620 hilares

2205 735 2245 789 l.
2278 735 2459 793 Illuxit
2502 738 2618 795 dies
2663 739 2899 797 victoriae
2930 741 3143 803 illorum
3182 787 3198 812 ,
3241 754 3295 800 et
3358 756 3737 821 processerunt

2129 827 2198 883 de
2249 845 2466 887 carcere
2523 833 2573 888 in
2632 835 3087 905 amphitheatrum
3118 880 3132 903 ,
3188 837 3342 908 quasi
3385 839 3441 894 in
3494 839 3732 906 coelum,

2131 919 2363 988 hilares,
2417 925 2565 979 vultu
2650 926 2873 993 decori;
2928 927 2975 983 si
3041 928 3213 998 forte,
3265 929 3462 1001 gaudio
3537 947 3736 1001 paven-

2127 1025 2241 1084 tes,
2294 1034 2401 1073 non
2458 1020 2671 1076 timore.
2730 1021 3065 1093 Sequebatur
3123 1022 3391 1094 Perpetua
3442 1024 3652 1094 placido
3711 1023 3731 1063 ί

2126 1109 2277 1164 vultu
2341 1121 2397 1166 et
2423 1114 2619 1183 pedum
2666 1113 2914 1182 incessu,
2974 1125 3031 1171 ut
3089 1126 3332 1173 matrona
3385 1117 3584 1174 Christi
3636 1118 3735 1175 Dei

2123 1200 2316 1257 dilecta
2389 1213 2414 1250 8
2474 1223 2487 1257 :
2537 1206 2775 1276 vigorem
2841 1208 3119 1264 oculorum
3182 1224 3401 1264 suorum
3473 1209 3731 1281 dejiciens

2121 1294 2191 1349 ab
2228 1294 2467 1350 omnium
2513 1306 2826 1367 conspectu.
2892 1298 3023 1355 Item
3095 1299 3343 1355 Felicitas
3404 1300 3611 1356 salvam
3670 1316 3734 1356 se

2123 1385 2394 1455 peperisse
2426 1387 2691 1457 gaudens,
2722 1396 2786 1443 ut
2812 1388 2881 1444 ad
2925 1390 3124 1446 bestias
3174 1399 3463 1463 pugnaret,
3514 1407 3545 1446 a
3608 1406 3735 1446 san-

2119 1478 2318 1549 guine,
2385 1477 2453 1533 ab
2519 1477 2808 1534 obstetrice
2855 1479 2924 1535 ad
2974 1482 3287 1549 retiarium,
3353 1483 3529 1538 lotura
3606 1494 3732 1555 post

2120 1580 2333 1641 partum
2382 1570 2650 1641 baptismo
2693 1559 2955 1629 secuu'do.
3000 1572 3218 1629 Etcum
3267 1573 3429 1629 delati
3479 1573 3507 1611 ιι
3545 1585 3734 1631 essent

411 1682 424 1722 ι
484 1654 785 1719 educuntur.
814 1653 1036 1708 maxime
1064 1650 1320 1725 Ρενρειιια
1348 1663 1394 1709 ει
1415 1652 1699 1717 Felicitas:
1723 1674 1894 1713 omnes
1922 1675 2006 1713 re-
2036 1666 2083 1727 Β
2112 1664 2166 1719 in
2200 1671 2441 1733 portam,
2490 1674 2544 1718 et
2609 1673 2934 1735 cogerentur
2975 1664 3217 1720 habitum
3276 1666 3497 1722 induere
3561 1664 3576 1702 ί
3626 1666 3729 1723 viri

483 1756 656 1819 nuunt,
687 1755 845 1801 vestes
887 1749 1132 1819 profanas
1176 1746 1423 1812 induere;
1474 1748 1841 1819 ﬂagellantur;
1905 1767 2001 1806 an-

2105 1756 2320 1826 quidem
2387 1754 2727 1812 sacerdotum
2790 1756 3039 1825 Saturni,
3096 1758 3309 1814 femina:
3360 1774 3490 1815 vero
3547 1772 3730 1815 saera-

1637 1868 2016 1931 LECTIONES
2055 1875 2473 1935 VARIANTES.

470 1960 740 2029 {Agapen
782 1970 993 2029 cenare,
1040 1956 1392 2029 [anciliaris‘est
1441 1961 1740 2029 Ter-tulliano
1778 1961 2007 2029 loquendi

404 2020 613 2093 modus.“
632 2020 840 2093 Uterque
860 2027 1019 2072 tmnen
1041 2020 1154 2093 e94,
1291 2020 1432 2073 habet
1457 2025 1651 2093 adipem
1668 2039 1766 2093 pro
1794 2020 2009 2093 agapen.

471 2082 503 2122 b
535 2082 792 2134 Passione's
830 2097 946 2133 suas
984 2093 1037 2134 et
1071 2085 1362 2136 felicitatem
1388 2090 1499 2137 cod.
1527 2082 1706 2138 Salisb.

470 2150 496 2179 ο
533 2147 790 2197 Irritantes
814 2146 1033 2198 Holsten.

470 2210 497 2250 εἰ
536 2209 682 2259 Vobis
708 2209 825 2260 Cod.
851 2208 1033 2261 Salisb.

467 2276 491 2307 ε
526 2272 669 2324 Multi
694 2272 815 2323 Cod.
842 2270 1019 2326 Salisb.

2178 1970 2201 2008 τ
2237 1971 2437 2023 Placido
2459 1973 2660 2024 vultu...
2707 1982 2762 2024 ut
2801 1980 3019 2025 matrona
3042 1970 3320 2024 Holstenius
3356 1984 3469 2023 cum
3494 1970 3725 2025 Rolland.

2112 2034 2298 2083 Lucido
2326 2036 2633 2099 incessu,ﬂut
2662 2044 2901 2088 matrona.
2939 2037 2998 2087 Et
3034 2049 3148 2088 mox
3173 2048 3191 2087 :
3214 2035 3471 2099 Dejiciens
3502 2036 3725 2087 omnium

2121 2103 2438 2172 conspectum
2467 2098 2696 2151 Galltmd.
3004 2114 3033 2119 "
3074 2162 3084 2173 _
3137 2162 3149 2173 ,
3294 2098 3299 2099 ί
3362 2160 3374 2170 ,
3679 2160 3689 2172 .

2130 2159 2436 2238 μξριεείιρο
2481 2161 2721 2238 νυιξιι..ιξι
2743 2160 3179 2238 maneamne.
3203 2158 3718 2238 μεθειςριιςψονι-

2126 2232 2251 2283 gere
2273 2223 2527 2274 oculorum
2551 2226 2793 2288 dejiciens
2813 2226 3030 2275 omnium
3052 2228 3369 2288 conspectum
3393 2222 3612 2274 Holsten.

2173 2283 2205 2322 ιι
2237 2283 2384 2337 Ducti
2408 2286 2626 2339 Holslen.

1791 2362 2349 2427 COMMENTARIUS.

404 2470 508 2511 nus
533 2454 702 2525 Epist.
726 2453 787 2528 2.
823 2455 1071 2524 impletur
1105 2455 1159 2509 in
1184 2471 1389 2510 succum
1426 2457 1550 2513 cibis
1575 2458 1869 2528 fortioribus
1896 2477 2008 2515 cor-

399 2545 531 2598 pus,
559 2537 607 2581 et
626 2527 820 2601 arcium
841 2528 961 2601 toris
986 2528 1324 2581 membrorum
1360 2531 1517 2583 moles
1540 2527 1744 2586 robusta
1773 2533 2009 2601 pingues-

397 2600 509 2671 cit,
550 2608 606 2651 ut
632 2599 901 2671 saginatus
937 2598 991 2671 in
1020 2614 1223 2669 plenam
1253 2601 1420 2653 carius
1458 2613 1648 2669 pereat.
1691 2598 2004 2671 Et'Qu'inti-

397 2670 595 2744 lianus
628 2670 923 2744 Declamat.
950 2669 986 2725 9
1016 2687 1059 2744 :__
1087 2671 1262 2724 Alebat
1306 2671 1537 2744 devotum
1581 2690 1764 2743 corpus
1804 2669 2007 2744 qravior

398 2743 540 2796 omni
572 2743 709 2867 {)ame
736 2743 938 2810 sagina.
1017 2741 1218 2796 HOLsr.
1251 2773 1321 2783 —
1351 2742 1559 2799 Prmter
1583 2741 1885 2813 Opportune
1909 2761 2006 2801 no-

398 2822 508 2867 tata
536 2827 565 2866 a
638 2812 934 2867 Ilolstenin.
967 2813 1138 2867 videri
1169 2822 1345 2867 potest
1371 2814 1610 2867 alludere
1641 2816 1727 2867 hic
1753 2816 1901 2867 locus
1935 2817 2004 2867 ad

398 2822 508 2868 tata
536 2812 606 2867 ab
638 2812 934 2878 Ilolstenin,
967 2813 1138 2867 videri
1169 2822 1345 2883 potest
1371 2814 1610 2871 alludere
1641 2816 1727 2871 hic
1753 2816 1901 2871 locus
1935 2817 2004 2872 ad

400 2895 525 2939 vola
552 2883 941 2954 quorumdam,
973 2885 1026 2938 in
1060 2884 1215 2952 plena
1251 2887 1330 2939 sui
1376 2885 1690 2944 habitudine
1732 2891 1868 2942 mori
1911 2904 2006 2954 np—

404 2957 651 3084 ;alntigm,
683 2956 1116 3026 qualeexpressit
1143 2956 1196 3011 in
1230 2958 1440 3028 Europa
1469 2958 1745 3028 Horatius,
1777 2958 1877 3015 0d.
1910 2961 2003 3028 27,

432 3046 444 3081 ι
493 3068 505 3080 .
584 3067 598 3081 .

432 3046 505 3081 ΙΙ).
543 3046 598 3081 ι).

654 3146 937 3210 ᾼιιιθιιιιτιιιι
962 3148 1119 3210 turpis
1142 3147 1325 3197 macies
1347 3145 1595 3198 decentes

653 3207 873 3273 chupet
907 3207 1075 3273 malas,
1102 3219 1397 3273 teneraeque
1422 3224 1597 3261 succus

649 3269 853 3321 Deﬂuat
874 3271 1073 3335 praedm,
1100 3269 1326 3335 speciosa
1341 3285 1512 3334 quaero

996 3334 1209 3385 Pascere
1233 3335 1408 3397 tigres.
1554 3334 1747 3386 Possm.

479 3462 566 3519 iV.
618 3492 691 3504 —-
737 3465 783 3517 Α
819 3480 963 3519 emno
1006 3465 1189 3519 ultima
1240 3481 1394 3535 quam
1432 3465 1644 3520 liberam
1675 3473 1877 3520 vocant.
1907 3465 2009 3533 Qui

403 3535 656 3608 erantad
688 3536 889 3591 bestias
931 3535 1206 3603 damnati,
1263 3535 1435 3608 pridie
1484 3551 1675 3607 pagum
1723 3538 2009 3593 emanabant

402 3607 690 3662 laetissimi
732 3610 893 3678 idque
930 3609 1125 3677 palam.

480 3678 586 3750 Sed
651 3677 859 3750 Agapen
925 3688 1199 3734 raenarent.
1268 3677 1385 3750 Non
1455 3679 1816 3735 describimus
1888 3695 2010 3750 quae

407 3749 611 3819 passim
640 3749 709 3805 de
734 3750 917 3820 agapis
971 3759 1211 3806 veterum
1255 3749 1680 3807 Christianorum
1725 3751 1824 3806 viri
1867 3749 2011 3807 docti

412 3820 703 3892 observant
733 3838 747 3873 ε
778 3822 917 3876 inter
950 3821 1084 3876 alios
1120 3822 1512 3892 Albaspiumus,
1554 3823 1649 3878 lib.
1672 3839 1712 3878 ι.
1758 3822 2009 3877 Observa-

414 3890 672 3966 tigne_18.
702 3892 774 3966 De
797 3893 980 3966 iisdem
1012 3904 1175 3966 agunt
1203 3890 1483 3966 Chrysost.
1517 3912 1532 3966 ι
1563 3892 1682 3948 Cor.
1718 3910 1777 3949 χι
1808 3892 2008 3966 H_omil.

409 3962 520 4036 27;
555 3962 908 4036 Tertullianus
927 3962 1194 4036 Apologet.
1228 3962 1347 4036 cap.
1379 3966 1447 4018 δὲ)
1470 3981 1483 4029 ;
1507 3965 1805 4036 Cyprianus
1837 3963 2008 4036 Epist.

408 4035 505 4089 lib.
536 4049 628 4099 ut;
660 4035 944 4090 concilium
976 4034 1191 4106 ’Gan’gr.
1228 4034 1356 4090 Cau.
1400 4037 1488 4090 ll.
1522 4034 1701 4106 Erant
1733 4035 1970 4104 triplices
1990 4078 2003 4101 ,

404 4106 705 4177 natalitize,
746 4108 1048 4173 nuptiales,
1081 4105 1364 4162 funerales.
1398 4107 1622 4177 Gregor.
1662 4105 1915 4177 Nazianz.
1949 4106 2013 4160 de

414 4176 519 4231 Vit.
556 4176 751 4233 Distin.
789 4178 958 4233 Porro
990 4178 1180 4233 modus
1221 4179 1305 4235 hic
1336 4176 1586 4248 loquendi
1614 4178 1775 4233 etiam
1799 4176 2012 4232 Tertul-

404 4249 552 4304 liano
578 4250 809 4304 usitatus
835 4249 1053 4322 Apolog.
1083 4263 1207 4322 cap.
1234 4250 1325 4305 59.
1354 4249 1491 4322 lude
1518 4248 1795 4322 disceditur
1821 4265 1923 4322 non
1958 4249 2011 4302 in

405 4330 635 4375 catervas
658 4319 937 4376 ca'sionum
954 4364 967 4386 ,
1001 4319 1090 4375 sed
1114 4321 1183 4374 ad
1212 4321 1440 4375 eumdem
1461 4337 1638 4375 curam
1678 4319 1939 4374 modestia:
1966 4329 2011 4374 et

406 4392 705 4462 pudicitiae,
748 4402 804 4447 ut
839 4393 926 4463 qui
971 4409 1075 4447 non
1114 4402 1219 4447 tam
1263 4408 1459 4447 caenam
1504 4392 1807 4459 coenaverit,
1860 4408 2012 4463 quam

406 4465 757 4527 disciplinam.
824 4465 1022 4521 Hoasr.

486 4535 655 4590 Hodie
731 4536 916 4599 amici,
978 4552 1093 4590 cras
1152 4534 1367 4589 inimici.
1440 4535 1554 4592 Hoc
1609 4535 1741 4592 dicit
1785 4534 2016 4592 Saturus

407 4608 701 4677 gentilibus
725 4610 939 4679 curiose
966 4606 1347 4679 Spectantibus
1373 4617 1659 4679 martyres,
1690 4607 1815 4662 dum
1846 4607 2016 4677 pridie

415 4681 652 4749 muneris
675 4694 846 4734 caena:
874 4678 1053 4733 liberae
1075 4693 1295 4749 operam
1317 4677 1541 4749 darent;
1576 4679 1886 4749 signiﬁcans
1922 4694 2016 4734 eos

456 4748 511 4802 ni
535 4759 659 4803 tunc
687 4749 973 4820 tranquille
994 4759 1050 4805 et
1077 4748 1228 4821 quasi
1258 4748 1429 4804 amice
1452 4748 1793 4819 spectarent,
1819 4750 2015 4820 postri-

462 4821 513 4874 ie
547 4821 745 4875 insanis
772 4822 1097 4877 clanmribus
1136 4837 1322 4877 eorum
1353 4837 1537 4877 necem
1569 4821 1849 4888 petituros.
1884 4821 2015 4875 Nam

418 4891 509 4945 ubi
547 4891 765 4947 bestiarii
793 4895 843 4947 in
865 4910 1077 4948 arenam
1107 4893 1343 4963 producti
1366 4901 1515 4955 sunt,
1547 4893 1770 4961 populus
1793 4892 1855 4946 de
1876 4908 2019 4963 spec-

420 4974 584 5017 tatore
607 4963 660 5016 in
684 4964 1031 5019 adversarium
1068 4962 1294 5027 vertitur,
1329 4974 1381 5017 ut
1413 4964 1487 5018 ait
1516 4964 1741 5029 Seneca,
1773 4963 1865 5018 lib.
1898 4962 1915 5017 ι
1951 4962 2018 5019 de

419 5033 525 5100 Ira,
579 5050 694 5105 cap.
749 5035 817 5098 2,
877 5052 1037 5107 quem
1091 5036 1253 5091 etiam
1305 5035 1426 5090 vide
1486 5035 1549 5088 de
1602 5033 2017 5104 Tranquillitate,

417 5123 539 5175 cap.
574 5108 656 5162 10.
702 5107 899 5164 ΙΙοιδΤ.

484 5178 640 5234 C\P.
704 5178 791 5233 Vl.
827 5209 899 5218 —
961 5179 1000 5234 Ι.
1063 5177 1248 5235 Illuxit
1323 5179 1432 5233 dies
1492 5180 1755 5244 victorite,
1797 5185 1903 5233 etc.
1929 5176 2018 5232 Sie

418 5249 644 5307 Pontius
661 5251 806 5306 Diae.
825 5254 914 5321 qui
949 5252 1061 5306 haec
1086 5261 1201 5307 aeta
1222 5266 1326 5304 non
1353 5252 1517 5306 semel
1536 5250 1816 5320 exprimit:
1840 5249 2021 5321 Illueit

419 5322 633 5392 denique
674 5324 780 5376 dies
821 5318 989 5391 alius,
1030 5323 1117 5379 ille
1160 5325 1421 5393 signatus,
1459 5323 1546 5376 ille
1590 5318 1900 5393 promissus,
1934 5318 2022 5373 ille

416 5394 638 5449 divinus.
674 5394 873 5449 Hum.

490 5465 861 5520 Processerunl
926 5465 989 5520 de
1035 5482 1257 5520 carcere.
1323 5464 1395 5520 Ita
1446 5464 1669 5519 Pontius
1705 5463 1770 5518 de
1821 5461 2020 5536 S._Cy-

421 5539 612 5606 priano
643 5556 655 5591 :
691 5536 942 5592 Processit
972 5554 1089 5609 ergo
1120 5540 1233 5608 jam
1269 5546 1433 5591 certus
1470 5536 1723 5609 expungi,
1763 5534 1899 5605 quod
1934 5534 2023 5589 diu

427 5611 595 5678 fuerat
621 5610 933 5663 retardatum
961 5627 979 5663 :
1010 5606 1254 5678 processit
1295 5610 1464 5663 animo
1493 5606 1697 5661 sublimi
1729 5617 1775 5660 el
1819 5615 1982 5678 erecto
2001 5645 2017 5670 ,

428 5677 738 5733 hilaritatem
768 5677 1039 5745 prwferens
1073 5682 1212 5735 vultu
1230 5722 1244 5743 ,
1274 5690 1319 5736 et
1345 5681 1496 5734 corde
1521 5681 1779 5732 virtutem.
1817 5677 2017 5732 HbLS'r.

499 5748 573 5805 In
615 5751 1037 5819 amphitheatrum
1098 5752 1244 5823 quasi
1294 5752 1349 5806 in
1405 5751 1588 5807 calum
1651 5748 1855 5805 hilares.
1904 5747 2022 5806 Sei-

2112 2463 2362 2541 lieet,_ut
2388 2468 2687 2540 Cyprianus
2716 2471 2789 2525 ait
2834 2486 2955 2541 pag.
3000 2469 3106 2526 £66
3149 2486 3163 2524 :
3196 2468 3380 2541 Securi
3416 2469 3487 2541 de
3514 2467 3722 2538 praemio

2110 2538 2318 2613 cmlesti,
2347 2541 2409 2594 de
2428 2538 2624 2613 corona
2644 2538 3063 2613 niartyrii,'et'fde
3085 2557 3238 2609 regno
3273 2540 3383 2594 Dei.
3432 2539 3645 2613 _liot_.s1'.

2197 2606 2349 2663 Vultu
2401 2612 2589 2666 decori.
2661 2606 2899 2677 Euseb.,
2944 2612 3039 2667 lib.
3081 2606 3158 2669 v.—
3194 2626 3312 2674 cap.
3347 2627 3384 2672 Ιι
3413 2610 3482 2665 de
3510 2611 3715 2681 Mari!"

2108 2678 2260 2735 ribus
2314 2681 2705 2739 Viennensibus
2728 2695 2781 2739 et
2827 2682 3269 2754 Lugdunensibus
3304 2690 3389 2735 τοι
3429 2690 3513 2749 μὲν
3565 2678 3719 2750 ωιαροὲ

2105 2767 2392 2821 «pariterue,
2457 2759 2594 2826 δόξῃς
2637 2760 2717 2809 καὶ
2760 2762 2954 2826 χαὶριτος
2993 2762 3170 2816 πολλῆς
3215 2756 3320 2826 rati;
3371 2757 3528 2820 ὄψεσιν
3557 2756 3722 2826 scindis

2112 2833 2503 2895 aAUyttattpat‘ttivnc.
2530 2821 3178 2895 Hilareswprocesserunt,
3233 2825 3287 2876 in
3307 2839 3522 2894 quorum
3578 2821 3723 2876 uultu

2111 2893 2509 2967 decor'quidam
2540 2898 2705 2967 gratia
2739 2893 2799 2952 et.
2830 2904 3089 2967 venustate
3120 2895 3281 2967 multa
3323 2893 3562 2967 aspersus
3608 2894 3720 2947 eui-

2114 2966 2230 3019 luit.
2277 2966 2371 3021 Vel
2415 2980 2472 3023 ut
2508 2964 2733 3023 Rufinus
2758 2969 2917 3024 vertit
2958 2985 2970 3021 :
3026 2964 3445 3020 Producebantur
3488 2966 3553 3017 de
3597 2980 3722 3033 sup-

2035 3026 2081 3091 C
2114 3037 2281 3109 pliciis
2326 3039 2460 3106 (teli,
2503 3050 2550 3094 et
2594 3040 2819 3095 divinum
2859 3040 3027 3094 nescio
3066 3038 3279 3109 quidriu
3324 3036 3451 3109 ipsis
3489 3026 3717 3090 vultibus

2114 3107 2463 3178 praeferentes.
2533 3112 2575 3167 E
2647 3121 2864 3177 contra,
2926 3111 3015 3180 qui
3078 3107 3355 3163 Christum
3422 3116 3717 3178 negarant,

2112 3187 2336 3252 κατήφιῖς
2362 3186 2444 3237 nisi
2471 3187 2685 3238 ταπεινοὶ
2722 3193 2805 3237 nisi
2842 3186 3064 3246 δυσειδεῖς
3087 3224 3100 3244 ,
3135 3184 3217 3235 καὶ
3248 3184 3408 3241 πάσης
3431 3181 3720 3247 abruptae-J-

2112 3274 2194 3312 νης
2223 3255 2450 3308 ἀνέπλεοι
2477 3272 2490 3308 :
2519 3252 2732 3317 Tristes,
2791 3254 3025 3314 demissi,
3068 3253 3194 3322 ipsis
3233 3266 3431 3321 quoque
3467 3265 3715 3322 conspec-

2114 3322 2513 3450 tibusHhorridi,
2553 3337 2599 3381 et
2643 3327 2782 3380 omni
2813 3319 3144 3399 turpitudinis
3175 3319 3497 3394 deformitate
3531 3319 3717 3391 [mdio-

2114 3409 2212 3448 res.
2305 3410 2457 3450 oes'r.

2112 3409 2212 3448 νεε.
2257 3409 2457 3451 ιιοιετ.

2186 3464 2383 3522 Lucido
2423 3469 2641 3524 incessu.
2684 3468 2759 3524 Ita
2837 3466 3141 3536 Xenophon
3214 3465 3275 3536 in
3340 3462 3596 3535 Apologia
3657 3462 3720 3516 de

2113 3534 2328 3611 Socrate
2346 3554 2512 3611 ,rcum
2537 3541 2647 3611 jam
2676 3539 2835 3594 morti
2861 3534 3105 3594 addictus
3131 3553 3162 3591 e
3188 3535 3429 3607 judieum
3458 3534 3721 3611 conspec-

2114 3617 2167 3662 ιιι
2200 3608 2503 3667 discederet
2520 3608 2708 3685 ,véftjat
2743 3615 2824 3666 καὶ
2867 3618 3051 3680 disponat
3074 3619 3397 3678 καίσχήματι
3422 3610 3506 3663 καὶ
3539 3610 3719 3679 βαδίσ-

2111 3703 2234 3754 ματι
2282 3686 2494 3754 φαιδρός.
2546 3684 2744 3739 liOLS'l‘.

2187 3752 2229 3825 Α
2285 3749 2566 3825 sanguine,
2613 3755 2679 3809 ab
2726 3753 3006 3809 obstetrice.
3081 3750 3248 3825 Inde_
3281 3749 3721 3825 sanguinolentus

2113 3822 2346 3896 infames
2376 3819 2608 3896 appellat
2646 3826 2707 3880 L.
2732 3825 2789 3880 2.
2822 3825 2883 3881 C.
2912 3825 2976 3880 de
3000 3833 3136 3896 patr.
3161 3823 3248 3895 qui
3293 3819 3524 3896 lilfsuos
3565 3819 3718 3872 distr.

2114 3894 2345 3949 Eosdem
2375 3892 2622 3952 Juvenal.
2655 3896 2767 3951 Sat.
2796 3898 2851 3961 7,
2893 3892 3062 3950 adhuc
3103 3912 3136 3948 a
3174 3892 3341 3948 matre
3367 3892 3601 3947 rubentes
3629 3905 3724 3941 vn-

2114 3976 2221 4018 eat.
2256 3965 2325 4018 Et
2364 3966 2424 4021 L.
2459 3984 2495 4023 ι.
2524 3966 2650 4022 Cod.
2696 3966 2893 4023 Tlteod.
2924 3966 2991 4021 de
3023 3966 3160 4035 Exp.
3190 3983 3202 4018 :
3227 3964 3491 4035 Sanguine
3511 3961 3724 4016 materni

2113 4037 2242 4108 uteri
2264 4035 2434 4092 adhuc
2459 4040 2692 4108 perfusos
2711 4078 2727 4103 ,
2757 4048 2803 4092 et
2831 4053 3003 4091 recens
3031 4034 3198 4090 natos.
3244 4034 3442 4108 llots'r.

2185 4105 2381 4160 Lotura
2444 4102 2692 4174 baptismo
2770 4108 3013 4162 secundo.
3082 4105 3371 4174 Sanguinis
3424 4102 3628 4158 scilicet
3665 4110 3725 4157 et

2116 4178 2376 4253 martyrii.
2432 4174 2713 4233 Celeriuus
2766 4177 2909 4253 coni.
2961 4174 3101 4244 apud
3149 4174 3506 4253 Cyprianum,
3559 4174 3719 4253 epist.

2116 4264 2241 4303 XXI.
2257 4244 2335 4302 'Si
2364 4266 2467 4304 non
2496 4260 2613 4303 ante
2632 4265 2812 4303 cruore
2834 4247 2924 4302 illo
2946 4257 3122 4301 sancto
3142 4244 3328 4301 laberis
3351 4284 3366 4311 ,
3401 4260 3493 4314 pro
3517 4244 3724 4297 nomine

2116 4318 2326 4374 Domini
2352 4322 2510 4377 nostri
2545 4320 2674 4376 Jesu
2698 4319 2905 4376 Christi.
2950 4320 3151 4374 HOLST.

2036 4427 2090 4489 Β
2187 4389 2498 4461 Cogerentur
2523 4392 2777 4475 jtabitum
2842 4391 3092 4471 induere;
3145 4388 3241 4471 viri
3286 4386 3492 4472 quidem
3547 4400 3725 4441 sacer-

2119 4463 2297 4517 dotum
2319 4464 2554 4517 Saturni.
2596 4464 2729 4517 Nam
2761 4472 2818 4517 ut
2845 4462 3153 4517 Lactantius
3170 4467 3247 4515 ait
3270 4460 3363 4515 ltb.
3385 4474 3459 4517 v1.
3488 4470 3609 4517 can.
3631 4453 3725 4517 20,

2156 4481 2185 4518 ο

2190 4453 2297 4516 tum
2319 4464 2554 4519 Saturni.
2596 4464 2729 4518 Nam
2761 4472 2818 4518 ut
2845 4453 3153 4518 Lactantius
3170 4463 3247 4515 ait
3270 4453 3363 4515 lib.
3385 4474 3459 4522 v1,
3488 4470 3609 4525 cap.
3631 4453 3726 4521 20,

2119 4536 2409 4610 venationes
2432 4552 2552 4610 ante
2575 4536 2918 4610 appellantur:
2941 4550 3154 4587 munera
3179 4572 3192 4598 ,
3238 4531 3469 4610 Saturno
3494 4544 3617 4610 sunt
3642 4536 3727 4610 at-

2122 4607 2339 4662 tributas.
2372 4603 2630 4662 Ali-orum
2649 4603 2842 4662 autem
2887 4606 3178 4662 Saturnum
3200 4646 3213 4670 ,
3248 4603 3526 4658 hominum
3569 4603 3733 4653 vleni-

2121 4695 2205 4731 ma
2245 4678 2442 4747 placari
2488 4680 2703 4733 solitum
2749 4677 2886 4747 apud
2915 4676 3172 4731 smculum
3194 4716 3207 4737 ,
3239 4683 3467 4747 testatur
3496 4670 3728 4747 Tertull.

2123 4739 2344 4826 Scorp._,_
2364 4765 2465 4820 cap
2494 4750 2526 4804 7
2546 4791 2570 4826 ,_
2590 4749 2732 4826 quod
2757 4739 2954 4804 clarius
2995 4748 3225 4826 enplicat
3241 4739 3730 4826 ﬁpolog.,.eap.'9,

2120 4822 2199 4875 sic
2224 4811 2465 4876 scribens
2499 4839 2511 4874 :
2544 4811 2778 4892 Iit-[antes
2808 4837 2956 4884 penes
2981 4811 3207 4892 Africam
3235 4811 3465 4892 Saturno
3492 4811 3733 4892 immola-

2122 4892 2308 4945 bantur
2334 4893 2509 4962 palam
2532 4883 2689 4962 usque
2717 4893 2785 4946 ad
2807 4883 3224 4963 proconsulatum
3264 4886 3477 4963 Tiberii.
3510 4883 3737 4963 infanti-

2123 4963 2221 5018 bus
2249 4958 2519 5019 substituti
2551 4958 2970 5018 videntur'noxii
2993 4975 3128 5031 ,dne
3159 4958 3380 5011 humani
3420 4958 3628 5031 cruoris
3654 4958 3736 5031 vi:

2122 5035 2281 5089 etima
2328 5038 2589 5089 Saturnus
2622 5019 3267 5101 lraudareturfUndeet
3306 5024 3614 5101 sacerdotes
3647 5019 3734 5073 dei

2122 5105 2465 5179 sanguinarii
2494 5107 2750 5179 coccineo
2782 5103 2957 5179 pallio
3008 5113 3132 5155 usos
3148 5097 3324 5179 Aidani.
3370 5093 3737 5179 Tertulliatuts

2122 5168 2278 5232 docét
2305 5177 2397 5231 lib.
2430 5176 2494 5231 de
2522 5175 2728 5231 Testim.
2766 5168 2975 5234 A'nimte,
3001 5185 3118 5239 cap.
3146 5168 3202 5234 ἓ,
3238 5168 3327 5239 ubi
3350 5168 3542 5239 varios
3559 5168 3737 5239 genti-

2124 5248 2252 5302 lium
2280 5246 2621 5301 sacerdotum
2651 5246 2864 5300 habltus
2890 5234 3180 5311 designans
3215 5257 3228 5293 :
3260 5237 3329 5292 Et
3350 5238 3475 5293 vitta
3503 5234 3732 5311 Cereris,
3822 5240 3829 5244 θ

2124 5319 2329 5388 inquit,
2361 5317 2601 5388 redimita
2626 5357 2640 5379 ,
2669 5303 3159 5388 etpallio_Sa_Vt_urni
3184 5311 3445 5388 coccinum
3464 5349 3484 5388 ,I
3505 5303 3740 5388 et.lsidis

2124 5378 2352 5455 linieata,
2381 5397 2485 5442 etc.
2520 5378 2655 5442 Tum
2683 5378 2776 5440 lib.
2810 5387 2872 5439 de
2898 5382 3093 5448 Pallio,
3126 5397 3245 5452 cap.
3279 5378 3593 5455 baLatioris
3616 5391 3742 5444 pur-

2124 5475 2267 5530 pura:
2285 5450 2492 5513 ambitio
2511 5500 2527 5525 ,
2556 5467 2602 5512 et
2622 5457 2859 5529 galeatici
2878 5456 3080 5510 ruboris
3103 5450 3393 5525 superstitio
3409 5492 3423 5517 ,
3450 5450 3740 5507 Saturnum

2122 5530 2459 5585 commendat.
2539 5530 2735 5585 Housr.

2198 5600 2427 5656 Femina:
2494 5618 2607 5657 vero
2655 5610 2972 5656 sacratorum
3026 5596 3216 5653 Cereri.
3247 5594 3316 5651 Ut
3354 5595 3497 5648 viros
3524 5591 3588 5645 all
3620 5589 3742 5644 bes—

2127 5674 2229 5747 tias
2277 5673 2558 5747 damnatos
2588 5673 2751 5747 pallio
2790 5673 3079 5747 coccineo,
3113 5684 3233 5737 qua:
3264 5667 3427 5747 vestis
3463 5671 3582 5747 erat
3612 5675 3743 5747 pro-

2133 5744 2245 5817 pria
2275 5732 2616 5802 sacerdotum
2642 5744 2891 5812 Saturni,
2926 5752 2982 5800 ut
3023 5732 3226 5798 dictum
3260 5746 3377 5805 est,
3405 5732 3743 5799 induebant;
