4190 6246
545 202 623 267 55
1844 200 2085 259 PASSIO
2122 202 2219 261 SS.
2265 202 2652 261 MARTYRUM
3790 204 3866 265 56

553 326 647 398 qui
668 326 717 385 ei
745 326 1075 394 adhaerebat,
1122 332 1392 398 suscepta,
1420 332 1475 380 et
1498 324 1649 395 quasi
1692 340 1720 381 a
1747 339 1939 381 somno
1960 340 2155 395 exper-
2184 327 2232 386 A
2259 340 2385 381 vum
2407 323 2808 390 lotum,salvum
2838 322 3025 379 lotum.
3059 343 3078 377 ι
3111 323 3277 381 Plane
3305 323 3488 395 utique
3508 322 3689 379 salvus
3720 330 3861 392 erat,

555 423 686 494 gita,
712 422 864 479 'adeo
909 423 963 478 iu
991 421 1181 493 spiritu
1230 430 1285 477 et
1331 424 1383 475 in
1425 419 1618 475 ecstasi
1668 419 1877 486 fuerat,
1925 420 2154 475 circum-
2259 420 2350 489 qui
2380 420 2482 474 hoc
2510 418 2816 488 spectaculo
2850 417 3119 473 claruerat
3158 428 3206 472 ο.
3244 417 3393 474 Tunc
3422 417 3649 474 Pudenti
3676 417 3864 472 militi:

559 516 776 587 spicere
791 516 974 584 cmpit,
998 523 1052 570 et
1074 512 1412 583 stupentibus
1438 512 1688 567 omnibus
1728 512 1805 567 ait
1834 531 1847 565 :
1878 511 2153 580 «Quando,
2266 531 2285 565 ‹
2319 512 2468 589 Vale,
2510 512 2699 577 inquit,
2751 518 2806 566 et
2830 525 3036 566 memor
3061 520 3178 567 esto
3218 511 3340 568 fidei
3376 527 3552 576 meas;
3584 519 3639 566 et
3670 510 3786 566 iure
3817 521 3869 567 te

551 608 750 679 inquit,
801 606 1150 678 producimur
1201 604 1266 661 ad
1316 620 1535 661 vaccam
1561 605 1705 660 illam
1737 605 1922 660 nescio
1950 613 1999 657 ιι.
2038 622 2056 655 ι
2092 603 2161 658 Et
2262 618 2368 659 non
2399 602 2742 666 conturbent,
2768 601 2863 658 sed
2890 603 3263 658 confirment.»
3285 602 3565 674 Simulque
3582 603 3865 660 ansulamf

555 715 681 756 cum
708 697 943 753 audisset
971 697 1114 767 quod
1139 698 1248 767 jam
1274 706 1548 762 evenerat,
1582 712 1691 752 non
1716 696 1865 767 prius
1891 694 2158 762 credidit,
2264 696 2333 752 de
2362 695 2528 767 digito
2548 695 2665 765 ejus
2685 695 2859 766 petiit,
2877 697 3149 752 etvulneri
3170 711 3269 751 suo
3284 712 3517 752 mersam
3538 696 3770 753 reddidit
3798 696 3872 766 ei,

559 792 664 849 nisi
712 789 969 861 quasdam
1022 799 1177 845 notas
1222 790 1519 846 vexationis
1560 789 1612 844 iu
1641 802 1868 859 corpore
1894 797 1948 844 et
1978 785 2163 841 habitu
2266 788 2633 845 haereditatem
2689 788 2927 859 pignoris
2964 788 3284 861 relinquens
3322 799 3347 837 8
3397 788 3499 858 illi,
3549 798 3604 844 et
3664 803 3873 844 memo-

564 884 1100 953 suorecognovisset,
1134 893 1188 939 et
1223 882 1370 937 illum
1403 881 1831 938 catechuminum
1871 876 2165 953 b._Exinde
2268 880 2401 937 riam
2442 880 2737 952 sanguinis.
2771 880 2983 937 Exinde
3030 881 3141 951 jam
3196 882 3461 939 exanimis
3520 883 3878 954 prosternitur

565 978 886 1033 accersitum
942 976 1159 1031 fratrem
1207 990 1390 1043 suum,
1437 984 1490 1031 ‘et
1547 974 1697 1030 illum
1729 972 2168 1030 catechuminum
2269 990 2393 1031 cum
2439 976 2649 1031 caeteris
2687 975 2753 1029 ad
2790 974 3178 1047 jugulationem
3221 976 3381 1032 solito
3436 976 3576 1033 loco.
3633 977 3701 1032 Et
3753 991 3878 1034 cum

566 1068 794 1123 allocuta
817 1078 900 1124 cst
923 1068 1228 1134 eos,dicens

568 1177 762 1218 omnes
812 1160 1047 1232 diligitcs
1073 1178 1090 1227 ;
1121 1170 1178 1218 et
1216 1160 1559 1232 passionibus
1588 1160 1788 1217 nostris
1809 1175 1879 1216 ne
1900 1157 2172 1215 scandali-

571 1254 789 1309 zemini.
829 1272 849 1305 ι

642 1344 734 1400 1V.
776 1345 922 1402 Idem
971 1346 1196 1402 Saturus
1241 1348 1293 1403 in
1347 1347 1449 1403 alia
1513 1357 1666 1417 porta
1718 1346 1941 1401 militem
1989 1356 2009 1383 (-
2068 1342 2175 1397 Pu-

573 1438 790 1493 dentem
820 1438 1202 1495 exbnrtabatur
1243 1440 1428 1496 dicens
1456 1460 1470 1496 :
1502 1458 1520 1493 ι
1560 1441 1761 1501 Adsum
1788 1434 1815 1475 ἀ
1840 1448 2009 1502 certe,
2040 1436 2181 1492 sicut

578 1532 800 1600 promisi
851 1543 905 1586 et
956 1533 1219 1602 prmdixi;
1278 1532 1481 1587 nullam
1533 1546 1701 1603 usque
1728 1531 1903 1586 adhuc
1956 1530 2181 1585 bestiam

579 1624 746 1677 sensi.
769 1622 835 1677 Et
863 1637 1003 1676 nunc
1030 1622 1096 1679 de
1125 1633 1237 1677 toto
1263 1623 1426 1679 corde
1445 1624 1653 1679 credas.
1676 1623 1815 1678 Ecce
1836 1622 2039 1693 prodeo
2066 1620 2181 1689 illo,

1273 1086 1289 1122 :
1330 1086 1348 1119 t
1378 1066 1435 1123 In
1476 1065 1584 1122 ﬁde
1613 1074 1752 1122 state
1780 1109 1796 1132 ,
1842 1076 1897 1121 et
1940 1066 2169 1119 invicem
2251 1067 2503 1152 'populus
2528 1067 2648 1122 illos
2676 1067 2729 1122 in
2759 1067 2992 1124 medium
3021 1068 3361 1138 postularet,
3417 1078 3473 1123 ut
3497 1110 3514 1134 ,
3564 1067 3742 1140 gladio
3787 1082 3883 1137 pe-

2276 1169 2521 1216 netrante
2561 1161 2613 1216 in
2644 1175 2832 1217 eorum
2857 1176 3109 1232 corpore,
3150 1162 3340 1218 oculos
3370 1176 3500 1218 suos
3528 1163 3756 1218 comites
3781 1161 3883 1217 ho-

2277 1251 2479 1308 micidii
2527 1252 2875 1323 adjungeret,
2936 1254 3081 1310 ultro
3134 1263 3489 1311 surrexerunt
3557 1264 3612 1311 et
3674 1269 3736 1310 se
3775 1268 3884 1324 quo

2280 1343 2495 1399 volebat
2520 1344 2748 1414 populus
2774 1345 3169 1429 transtulerunt
3185 1363 3200 1399 :
3232 1347 3487 1417 anteiam
3505 1345 3731 1403 osculati
3751 1345 3890 1399 invi-

2284 1450 2423 1505 cem,
2457 1443 2517 1491 ut
2561 1436 2879 1509 martyrium
2924 1453 3020 1509 per
3069 1439 3509 1512 solemnia'pacis
3547 1454 3891 1496 consumma-

2286 1540 2429 1586 rent.
2473 1530 2666 1587 Caeteri
2698 1532 2915 1602 quidem
2945 1533 3250 1588 immobiles
3277 1542 3335 1589 et
3373 1549 3495 1589 cum
3539 1534 3755 1589 silentio
3785 1532 3890 1588 fer-

2287 1641 2406 1681 rum
2448 1636 2771 1695 receperunt
2815 1644 2829 1679 :
2877 1627 3047 1681 multo
3073 1628 3244 1699 magis
3278 1627 3527 1692 Saturus,
3551 1628 3719 1699 quiet
3743 1628 3892 1698 prior

575 1716 721 1770 etab
747 1730 853 1770 uno
899 1731 1080 1771 morsu
1127 1716 1370 1785 leopardi
1416 1731 1722 1772 consumar.
1759 1733 1779 1767 ι
1830 1715 1897 1770 Ει
1925 1717 2104 1771 statim
2132 1716 2182 1769 in
2215 1731 2263 1791 Β
2290 1718 2487 1774 scalam
2514 1718 2852 1786 ascenderat,
2900 1720 3047 1790 prior
3095 1719 3328 1775 reddidit
3352 1720 3797 1791 spiritum;nam
3839 1729 3895 1775 et

582 1805 689 1861 fine
735 1808 1047 1877 spectaculi,
1074 1807 1329 1876 leOpardo
1370 1807 1713 1877 objectus,de
1742 1821 1848 1861 uno
1870 1822 2051 1862 morsu
2070 1803 2187 1876 ejus

580 1908 731 1954 tanto
752 1900 999 1970 perfusus
1024 1910 1107 1954 est
1133 1900 1409 1970 sanguine,
1439 1911 1494 1954 ut
1525 1900 1754 1971 populus
1777 1900 2063 1955 revertenti
2108 1899 2187 1954 illi

584 1992 808 2048 secundi
830 1992 1167 2063 baptismatis
1188 1992 1553 2049 testimonium
1575 1992 1949 2049 reclamaverit
1976 2011 1989 2046 :
2020 2010 2038 2045 ι
2068 1992 2187 2049 δεμ

2290 1813 2609 1883 Perpetuam
2665 1813 2982 1868 sustinebat.
3043 1813 3309 1884 Perpetua
3356 1823 3557 1878 autem,
3593 1824 3650 1869 ut
3694 1813 3895 1883 aliquid

2290 1903 2491 1959 doloris
2523 1913 2784 1975 gustaret,
2843 1904 2983 1959 inter
3032 1914 3211 1959 costas
3245 1901 3273 1941 ιι
3307 1915 3498 1974 puncta
3554 1905 3847 1981 gxululavit
3879 1920 3895 1967 ;

2291 2006 2346 2052 et
2394 2007 2663 2052 errantem
2718 1996 2993 2053 dexteram
3050 1998 3299 2055 tirunculi
3328 1998 3639 2069 gladiatoris
3690 1999 3804 2069 ipsa
3844 1997 3897 2053 in

1792 2127 2176 2187 LECTIONES
2211 2130 2634 2189 VARIANTES.

649 2249 675 2313 ἕ
705 2246 830 2313 βοά.
864 2258 979 2300 mss.
1015 2246 1194 2313 Nescio
1233 2245 1522 2313 guamﬂibi
1546 2253 1672 2305 erat,
1696 2243 1849 2312 inquit
1870 2249 2000 2313 Aug.
2026 2248 2190 2297 Serm.

577 2310 676 2361 280
698 2309 897 2361 laudato
916 2350 929 2367 ,
957 2312 1151 2372 quando
1187 2309 1265 2359 ad‘
1284 2311 1605 2373 aSperrimam
1637 2309 1835 2360 vaccam
1872 2323 1931 2360 se
1951 2309 2191 2372 'pugnare

584 2386 686 2423 non
711 2373 909 2422 sensit?
935 2382 1030 2423 etc.

582 2431 685 2549 mf:
711 2436 775 2484 In
791 2433 938 2486 codd.
984 2449 1099 2486 mss.
1148 2434 1319 2486 desunt
1358 2432 1465 2485 lucc
1488 2434 1634 2486 verba
1663 2447 1680 2486 :
1704 2433 1769 2485 Et
1792 2434 1930 2484 illum
1955 2436 2189 2487 catechu-

639 2511 669 2545 ιι
691 2512 790 2546 um.

652 2563 675 2591 ο
711 2560 859 2625 Apud
904 2557 1122 2632 Holsten.
1168 2572 1263 2612 non
1286 2557 1581 2623 exprimitur
1595 2560 1838 2611 Pudentis
1860 2572 2048 2613 nomen.

2358 2248 2388 2289 ὰ
2419 2249 2492 2299 Ad
2515 2263 2757 2300 summum
2779 2249 2999 2303 Holsten.

2360 2317 2385 2345 ⁸
2421 2312 2565 2364 Modo
2590 2313 2779 2363 laverat
2802 2311 3023 2366 Holsten.

2361 2373 2382 2412 ί
2420 2376 2666 2427 Annulum
2689 2376 2802 2427 cod.
2829 2374 3009 2427 Salisb.

2360 2440 2388 2511 ﬁ
2422 2438 2542 2490 Cod.
2583 2435 2763 2511 Salisb.
2803 2436 3236 2511 habet:Reddi'dit
3251 2438 3300 2511 ei
3324 2438 3520 2511 beatam
3539 2437 3903 2511 ingreditatem,

2292 2500 2588 2565 relinquens
2613 2503 2663 2551 ei
2689 2502 2866 2563 pignus
2890 2511 2941 2551 et
2959 2502 3251 2565 memoriam
3276 2504 3400 2553 tanta
3423 2502 3698 2565 sanguinis.

2348 2559 2379 2600 ιι
2414 2559 2539 2613 Ossa
2560 2559 2852 2628 compuncta
2870 2561 3092 2616 Holsten.

1980 2694 2546 2753 COMMENTARIUS.

666 2848 825 2917 Quasi
886 2863 916 2899 a
955 2862 1129 2901 somno
1175 2844 1452 2915 expergita.
1514 2841 1604 2897 Sic
1647 2840 1716 2895 de
1763 2838 2004 2917 Ilibliade
2032 2854 2179 2895 mar-

594 2911 714 2994 tyre
741 2919 1008 2994 Eusebius
1039 2937 1065 2994 εΔ
1086 2927 1114 2994 ἡ
1135 2919 1175 2972 δ’
1207 2911 1361 2994 deus}
1390 2922 1740 2994 ἐξαναννῖψοεσκ.
1762 2911 1991 2994 Ηοείςτη

2284 2838 2538 2912 Tertul|.,
2574 2839 2748 2912 Apol.,
2773 2854 2893 2910 cap.
2923 2837 3031 2912 25.
3055 2836 3257 2912 ﬂons'r.

2362 2904 2551 2966 Oculos
2598 2904 2802 2965 c'mnitcs
2842 2904 3127 2965 homicidii.
3159 2907 3219 2963 S.
3260 2904 3582 2975 Cyprianus,
3629 2904 3798 2975 Epist.
3825 2922 3907 2962 ηε

1211 2966 1603 3041 'é'zmi’n'iisiaii
1629 2966 2005 3059 fuerat.Quas'i
2041 2982 2188 3038 dice—
2217 2993 2263 3054 ρ
2298 2981 2528 3059 Paratur
2553 2983 2890 3059 gladiator-ius
2912 2982 3099 3059 ludus:
3133 2987 3189 3034 ut
3217 2966 3480 3059 libidinem
3503 2966 3787 3059 crudelium
3831 2983 3912 3032 ln-

594 3074 681 3120 ret
724 3082 745 3129 :_
789 3063 925 3117 adeo
972 3056 1119 3115 citra
1164 3072 1417 3114 sensuum
1459 3072 1623 3129 usuin
1643 3056 1848 3129 elevata
1887 3069 1950 3108 ac
1978 3065 2188 3129 rapta,

597 3150 721 3190 nam
741 3126 855 3187 'lme
883 3142 1105 3186 vocatur
1124 3145 1244 3184 esse
1272 3132 1323 3183 in
1355 3127 1564 3197 spiritu.
1590 3126 1648 3183 S.
1673 3126 1929 3188 Joannes,
1953 3124 2197 3196 Apocal.,

599 3222 719 3272 cap.
754 3221 829 3260 ιν.
864 3204 927 3258 Et
955 3204 1125 3255 statim
1160 3203 1236 3273 [ui
1264 3202 1313 3273 in
1340 3200 1543 3273 spiritu.
1589 3199 1790 3273 IIpLST_.

666 3266 756 3332 IV.
829 3307 900 3316 —
965 3266 1181 3328 Militem
1262 3266 1564 3325 Pudentem.
1619 3270 1775 3337 Apud
1861 3266 2198 3322 Holstenium

601 3365 709 3403 non
756 3348 1072 3417 exprimitur
1104 3343 1353 3398 Pudentis
1405 3341 1816 3417 nonteu.__llunc
1855 3349 2035 3394 autem
2082 3353 2202 3417 esse

601 3410 856 3480 arbitror,
913 3419 1003 3487 qui
1051 3431 1211 3486 supra
1242 3412 1744 3487 cum_martyribus
1788 3410 2043 3487 humane
2068 3410 2198 3487 egit.

604 3492 821 3547 Pudens
861 3482 1065 3561 martyr
1092 3482 1287 3561 colitur
1384 3484 1491 3561 kal:
1530 3482 1666 3561 mpii
1688 3484 1742 3561 in
1768 3490 1979 3536 vetusto
2004 3482 2200 3561 Calen-

602 3562 756 3619 dario
782 3552 1226 3631 Carthaginiensi:
1259 3555 1603 3631 anistelvel
1632 3554 1845 3608 Pudens
1873 3564 2110 3631 senator,
2134 3552 2203 3631 de

603 3650 711 3705 quo
742 3634 938 3688 Paulus
962 3624 1118 3700 ,VEp.
1159 3629 1298 3705 Ilgad
1327 3626 1700 3705 Timotheum,
1742 3641 1791 3679 c.
1825 3640 1905 3705 tv,
1936 3624 2199 3705 meminit,

605 3695 699 3759 :iut
725 3705 940 3759 tandem
970 3695 1172 3772 martyr
1200 3698 1615 3764 Alexandrinus,
1647 3697 1715 3752 de
1740 3711 1844 3766 quo
1866 3695 2201 3751 Bollandiani

603 3776 703 3831 hac
736 3777 823 3830 die
852 3776 1038 3845 agunt?
1068 3774 1335 3827 Rumsnr.

680 3838 912 3903 Salva-ui
978 3846 1157 3899 totum.
1239 3842 1571 3897 Acclamatio
1644 3838 1826 3910 populi
1900 3838 2204 3908 petulanter

607 3919 882 3973 illttdeutis
912 3914 1219 3971 Christianis
1245 3915 1432 3968 sacris.
1472 3912 1608 3968 Cum
1639 3909 1780 3966 enim
1812 3909 1971 3979 vulgo
2015 3918 2199 3963 notum

607 4000 772 4049 esset.
790 3987 1126 4043 Christianos
1146 3986 1453 4040 existimare
1483 3984 1661 4037 salvos
1685 3984 1798 4037 fieri
1832 3981 2078 4037 homines
2106 3996 2200 4050 per

606 4060 935 4129 baptismum
968 4078 980 4112 :
1014 4058 1242 4128 populus
1267 4072 1298 4111 e
1324 4058 1534 4111 theatro
1561 4064 1813 4129 spectans
1840 4052 2200 4129 Cliristianum

605 4123 865 4200 sanguine
892 4123 1162 4199 pertusum
1188 4172 1204 4197 ,
1244 4128 1451 4183 salvum
1472 4123 1986 4196 eum‘proclamabat
2008 4125 2098 4195 qui
2126 4125 2205 4179 sic

604 4203 748 4257 lotus
774 4214 935 4258 esset.
971 4202 1174 4257 Possm.
1897 4216 1901 4220 '

676 4273 1041 4329 ereditatem
1110 4272 1336 4343 pignoris
1394 4270 1684 4339 relinquens
1741 4269 1856 4333 illi,
1896 4276 1952 4343 et_
2013 4282 2203 4343 memo-

608 4347 742 4401 riam
779 4347 1062 4416 sanguinis.
1092 4338 1228 4412 Quid
1261 4344 1418 4416 igitur
1455 4352 1859 4416 conqueruntur
1887 4338 2200 4416 adversarii,

604 4418 748 4484 quod
811 4410 1133 4473 Sanctorum
1201 4412 1454 4482 reliquias
1522 4412 1785 4484 religiose
1827 4410 2281 4484 asservamus?D

604 4480 875 4557 Numquid
908 4485 1139 4557 anuulps
1167 4484 1259 4539 ille
1286 4480 1545 4554 sanguine
1568 4482 1820 4552 martyris
1847 4480 2041 4536 tinctus
2069 4495 2200 4550 pro-

602 4555 870 4627 jiciendus
899 4567 1015 4611 erat
1033 4556 1055 4610 ?
1073 4555 1339 4627 Romam.

675 4629 755 4682 Ad
793 4629 1167 4699 iugulationem
1232 4626 1383 4679 solito
1438 4625 1568 4678 loco.
1625 4622 1949 4699 Spoliarium
1996 4623 2193 4699 intelli-

611 4699 711 4769 git,
747 4699 833 4752 ubi
852 4696 1285 4754 Veonliciebantur
1309 4710 1637 4769 quosarena
1667 4697 1958 4769 semiviros
1982 4696 2205 4752 dimise-

609 4766 711 4825 rat.
750 4771 913 4827 Docet
955 4770 1057 4825 hoc
1098 4766 1339 4835 Seneca,
1368 4768 1539 4838 Epist.
1569 4769 1659 4823 94.
1694 4766 1959 4835 Numquid
1987 4769 2207 4838 aliquem

610 4843 700 4913 tim
724 4843 874 4897 stulte
900 4842 1141 4913 cupidum
1185 4857 1292 4895 esse
1323 4841 1436 4894 vita:
1461 4849 1609 4913 putas
1631 4882 1644 4899 ,
1676 4849 1729 4893 ut
1751 4840 1984 4913 jugulgri
2013 4842 2063 4892 in
2088 4856 2208 4913 spo-

607 4912 739 4967 lario
763 4956 775 4978 ,
825 4910 978 4985 quam
1008 4915 1062 4968 in
1111 4928 1266 4985 arena
1306 4912 1491 4985 malith
1537 4912 1608 4966 Ita
1642 4910 1856 4985 mortuo
1884 4910 2203 4985 Commodo,

607 4980 958 5040 acclamatum
1000 4983 1188 5040 scribit
1223 4982 1564 5052 Lampridius
1595 5001 1607 5037 :
1651 4980 1823 5037 Ilostis
1851 4982 2055 5052 patriw,
2088 4999 2210 5051 par-

606 5057 773 5111 ricida
797 5098 812 5121 ,
859 5058 1117 5127 gladiator
1154 5057 1207 5110 in
1252 5052 1507 5127 spoliario,
1528 5055 1768 5110 lanietur.
1803 5054 2001 5127 IlOI.sT.
2032 5083 2104 5093 —
2131 5052 2207 5108 Ibi

604 5134 825 5197 tyrones
856 5125 1074 5183 athletae
1119 5143 1241 5181 reos
1268 5126 1666 5192 conficiebant,
1698 5135 1755 5177 ut
1784 5126 1861 5179 sic
1881 5125 1946 5179 ad
1978 5140 2205 5197 pygnam

605 5196 990 5255 adsuescerent
1038 5218 1051 5252 :
1100 5198 1225 5254 hinc
1252 5197 1572 5267 juvenculus
1603 5197 1690 5252 hic
1728 5207 1965 5251 sanctam
2005 5196 2206 5264 Perpe-

604 5276 750 5340 tuam
785 5272 1074 5340 pupugisse
1099 5270 1313 5324 dicitur.
1766 5337 1774 5340 _
1870 5268 2133 5340 Iturium.

671 5337 798 5394 Cum
848 5337 1068 5412 populus
1116 5341 1232 5412 illos
1275 5342 1329 5394 in
1382 5340 1548 5395 medio
1604 5337 1904 5412 postularet.
1937 5338 2026 5412 Sic
2060 5337 2208 5412 Rufig

605 5426 730 5475 nus,
750 5413 839 5474 lib,
859 5410 948 5472 vui
982 5412 1118 5467 His'.
1138 5411 1311 5474 Eccl.,
1331 5413 1398 5466 de
1432 5412 1608 5466 Attalo
1636 5424 1687 5466 et
1726 5410 2028 5465 Alt-xandro
2058 5426 2071 5465 :
2104 5410 2211 5465 Sed

605 5498 719 5533 cum
743 5485 966 5549 ferarum
998 5486 1141 5538 nulla
1170 5485 1477 5541 Sanctorum
1505 5499 1720 5551 corpora
1752 5483 2059 5552 contigisset,
2097 5498 2209 5535 om-

605 5552 752 5606 nibus
800 5572 883 5608 ros
923 5557 1179 5610 verberum
1210 5566 1602 5624 cwterarumqne
1650 5570 1912 5623 poenarum
1949 5555 2211 5624 suppliciis

604 5625 879 5691 cruciatos,
926 5628 995 5679 ad
1041 5629 1278 5682 ultimum
1316 5628 1369 5680 in
1414 5636 1684 5695 conspectu
1723 5625 1919 5696 populi,
1952 5626 2003 5679 in
2046 5625 2211 5679 medio

607 5711 781 5773 arena:
798 5698 1041 5773 jugulari
1076 5701 1241 5773 jub_e_t_.
1297 5695 1609 5773 Postulaudi
1654 5695 1969 5773 porrg‘v‘ott
2000 5696 2211 5766 amphi-

599 5765 816 5827 theatri
852 5765 1115 5840 propria:
1160 5769 1297 5826 Hinc
1338 5765 1741 5841 depostulatores
1779 5765 2208 5838 Christianorum,

2307 3055 2500 3108 minum
2542 3047 2749 3124 s'anguis
2790 3054 3017 3108 oblectet.
3051 3051 3118 3106 Et
3158 3065 3283 3124 mox
3311 3067 3324 3102 :
3359 3047 3427 3102 In
3458 3058 3559 3101 tam
3589 3050 3764 3116 impiis
3796 3067 3913 3119 spe-

2308 3127 2551 3191 ctaculis,
2594 3123 2795 3192 tamque
2828 3125 2952 3178 diris
2988 3133 3038 3179 et
3079 3123 3314 3195 funestis,
3361 3134 3467 3174 esse
3506 3135 3561 3173 se
3596 3137 3696 3195 non
3733 3132 3914 3189 putant

2307 3200 2468 3252 oculis
2496 3198 2799 3266 parricidas.
2832 3196 2978 3250 Hanc
2998 3193 3366 3266 crudelitatem
3386 3206 3491 3244 non
3515 3206 3623 3266 uno
3647 3193 3763 3247 loco
3788 3207 3916 3247 exa-

2307 3263 2675 3337 gitatSeneca,
2692 3268 2859 3336 Epist.
2880 3283 2974 3330 vn,
3019 3265 3175 3337 Mane
3201 3263 3424 3337 leonibus
3450 3271 3496 3316 et
3518 3264 3650 3337 ursis
3664 3266 3913 3337 homines,

2308 3334 2517 3394 meridie
2546 3334 2911 3409 spectatoribus
2950 3338 3054 3393 suis
3094 3336 3424 3409 objiciuntur.
3467 3344 3574 3409 etc.
3610 3334 3784 3409 Idem,
3815 3336 3912 3403 Ep.

2308 3411 2397 3467 87.
2433 3412 2500 3465 Et
2528 3404 2767 3465 omnium
2800 3404 3199 3479 elegantissime
3239 3405 3565 3470 Lactantius,
3598 3404 3713 3459 Div.
3744 3407 3912 3462 Insti-

2308 3492 2400 3536 tut.
2436 3484 2527 3538 lib.
2564 3499 2647 3549 vr,
2681 3497 2799 3552 eap.
2824 3481 2880 3535 2.
2905 3481 3104 3535 Ηοιετ.

2380 3575 2487 3631 Per
2524 3578 2772 3631 solemnia
2797 3577 2959 3645 pacis,
2986 3585 3090 3631 etc.
3149 3574 3206 3629 In
3252 3572 3525 3645 Glossarjo
3574 3574 3764 3645 veteri,
3825 3588 3919 3630 so-

2307 3646 2504 3703 lemnia
2550 3650 2695 3717 pacis
2726 3641 2985 3713 instead,
3012 3646 3290 3703 Osculum.
3327 3644 3409 3717 _Id_
3449 3641 3693 3698 Osculum
3720 3656 3919 3700 sancta:

2309 3721 2449 3789 pacis
2471 3764 2485 3785 ,
2521 3715 2678 3774 vocat
2724 3720 3000 3774 Paulinus.
3056 3718 3167 3773 lloe
3198 3715 3448 3790 symbolo
3469 3717 3631 3790 pacis
3661 3726 3809 3790 recte
3846 3719 3917 3790 ad

2309 3786 2624 3862 martyrium
2658 3790 3121 3860 praeparabantur.
3171 3786 3434 3847 Eusebius
3468 3786 3588 3840 loco
3607 3788 3808 3856 saepius
3834 3789 3916 3843 ci-

2312 3870 2421 3916 tato
2452 3878 2463 3915 :
2498 3867 2687 3932 εὶρνξνην
2712 3868 3047 3929 ἀγαπήσαντες
3073 3865 3211 3918 abi-si
3229 3903 3243 3927 ,
3285 3864 3366 3916 καὶ
3395 3863 3581 3932 sipulum
3607 3864 3723 3926 ἡμῖν
3748 3884 3920 3931 παρτνο

2307 3928 2582 4005 γυήσαντιξ,
2612 3936 2718 4004 μετ’
2740 3928 2927 4005 εἰρήνης
2946 3941 3194 4005 ἐχωρησιν
3214 3943 3328 4003 πρὸς
3349 3938 3486 3986 Θεὸν.
3513 3928 3644 4005 QII;
3668 3932 3739 4005 ita
3761 3928 3918 3985 γένυι

2308 4004 2536 4060 Rufinus
2577 4000 2621 4060 τ’
2647 4000 2817 4076 Super
2847 4000 3019 4077 omnia
3046 4000 3257 4077 pacem
3288 4012 3339 4058 et
3362 4004 3482 4077 ipsi
3526 4000 3836 4077 diligebant.
3867 4012 3918 4055 et

2307 4079 2450 4132 nobis
2506 4093 2704 4131 servare
2729 4071 3074 4130 'mandabant'
3106 4092 3125 4130 :
3173 4091 3262 4129 nec
3317 4074 3474 4129 aliam
3519 4071 3637 4137 sibi,
3682 4074 3779 4128 nisi
3828 4090 3919 4141 per

2310 4165 2517 4216 pacem,
2549 4151 2683 4202 viam
2726 4148 2795 4201 ad
2824 4148 3128 4219 martyrium
3175 4145 3564 4219 construebant.
3601 4145 3736 4199 Hinc
3772 4144 3916 4199 forte

2304 4221 2695 4277 Tertullianus.
2741 4219 2804 4273 de
2836 4217 3084 4283 Patient.,
3111 4232 3231 4289 cap.
3268 4217 3357 4289 l2.
3387 4217 3731 4274 dilectionem
3762 4227 3917 4289 vocat

2309 4309 2561 4347 summum
2594 4291 2712 4359 ﬁdei
2740 4301 3142 4357 sacramentum,
3173 4287 3220 4345 et
3250 4287 3526 4345 Christiani
3555 4289 3775 4343 nantiais
3800 4287 3913 4342 tlte-

2305 4381 2535 4419 saurum.
2568 4364 2763 4419 llOLs'r.

2379 4458 2817 4514 Consummarent.
2879 4456 2995 4511 Vox
3068 4457 3285 4527 propria
3351 4455 3571 4527 perfecti
3642 4453 3907 4525 martyrii.

2307 4528 2397 4587 Sic
2428 4529 2786 4585 ’I‘erlullianus
2817 4527 2881 4582 de
2911 4526 3318 4598 Patient.,icap.
3354 4528 3423 4583 15
3446 4546 3460 4582 :
3482 4526 3741 4582 Patientia
3771 4542 3916 4578 mar-

2311 4602 2444 4673 tyrio
2464 4611 2805 4655 consummat.
2836 4600 2904 4656 Et
2925 4598 3267 4673 CyprianusL
3286 4599 3457 4670 Epist.
3488 4600 3913 4673 Itl,_martyri_um

2310 4669 2795 4727 consummationem
2838 4669 3089 4740 appellat.
3139 4672 3202 4725 Et
3231 4669 3400 4741 Epist.
3430 4687 3484 4737 v,
3513 4670 3661 4741 jubet
3698 4669 3915 4741 confes-

2308 4759 2462 4799 sores
2484 4743 2714 4799 humiles
2738 4752 2791 4799 et
2820 4738 3093 4797 modestos
3122 4752 3176 4799 et
3204 4738 3415 4813 quietos
3437 4738 3580 4810 esse,
3611 4738 3677 4796 Ut
3702 4740 3759 4793 in
3795 4756 3911 4793 om-

2310 4814 2456 4869 nibus
2513 4814 2784 4869 Dominum
2833 4824 3172 4886 promerentes
3204 4855 3219 4879 ,
3275 4813 3344 4866 ad
3387 4815 3633 4869 coalestetn
3670 4826 3915 4886 coronam

2310 4887 2478 4942 laudis
2504 4904 2598 4942 sua
2636 4883 3069 4941 consunimatione
3103 4886 3413 4956 perveniant.
3459 4883 3767 4953 Respondet
3790 4898 3916 4935 eon-

2309 4974 2565 5013 summare
2594 4957 2785 5015 Graeco
2812 4966 3138 5022 τελειοῦσθαι,
3169 4971 3276 5027 quo
3304 4958 3421 5025 ejus
3447 4957 3640 5024 [iugum
3659 4962 3913 5009 auctores

2311 5031 2364 5084 in
2394 5030 2689 5085 referendis
2715 5030 2987 5102 martyriis
3011 5031 3209 5099 passim
3240 5037 3480 5084 utuntur.
3517 5027 3711 5083 llossr.

2384 5120 2647 5177 Tirunculi
2710 5120 3032 5193 gladiatoris.
3072 5119 3173 5189 Qui
3230 5134 3408 5175 arenas
3460 5114 3912 5193 victima__desti-

2312 5193 2557 5273 nubatur,
2590 5203 2647 5273 ut
2674 5188 2909 5273 cfedibus
2935 5188 3290 5273 assuesceret,
3322 5190 3569 5273 tyrocinii
3614 5188 3913 5273 rudimenta

2314 5267 2368 5319 in
2394 5264 2647 5334 spoliario
2668 5264 2919 5332 ponebat,
2940 5264 3119 5332 ibique
3146 5258 3430 5334 bestiarios
3454 5262 3652 5332 quibus
3673 5258 3911 5334 ferarum

2314 5331 2619 5391 immanitas
2648 5331 2812 5389 vitam
2846 5350 2950 5388 non
2987 5335 3292 5403 eripuerat,
3316 5331 3636 5404 jugulabat,
3666 5340 3724 5385 ut
3746 5331 3914 5404 semii-

2313 5408 2540 5462 mortuis
2589 5416 2646 5463 et
2696 5407 2988 5461 inermibus
3040 5400 3403 5461 conficiendis
3440 5403 3800 5463 exercitatus,
3844 5400 3913 5455 ad

2309 5480 2451 5550 justa
2497 5479 2787 5550 certamina
2843 5475 3249 5545 produceretur.
3307 5474 3690 5550 Quintilianus,
3719 5472 3912 5550 Decla-

2315 5545 2445 5606 inat.
2494 5550 2551 5617 9,
2579 5547 2855 5604 Cruentum
2897 5550 3233 5616 coniectorem
3278 5556 3477 5603 vocat:
3530 5546 3739 5616 hocque
3776 5545 3917 5599 adeo

2317 5622 2588 5692 proprium
2621 5622 2775 5675 istius
2807 5620 3090 5692 ministerii
3119 5635 3312 5675 nomen
3331 5626 3490 5692 erat,
3523 5628 3580 5692 u_t
3616 5619 3920 5692 Smyrnenf

2315 5687 2403 5750 ses
2420 5687 2569 5763 apud
2596 5692 2885 5748 Eusebium
2906 5733 2922 5760 ,
2955 5691 3144 5763 lib.rl,.
3172 5705 3289 5759 cap.
3323 5689 3424 5758 l4,
3456 5688 3509 5744 in
3538 5689 3595 5747 S.
3630 5687 3917 5760 Polycarpi

2314 5764 2574 5836 martyrio
2601 5764 2654 5822 id
2680 5765 3015 5823 retiuucriut.
3059 5762 3255 5817 Ηοιςτ.
