4242 6270
326 251 394 318 Si
878 252 1195 319 UISSERT.
1240 254 1533 320 APOLOG.
1581 256 1716 317 PRO
1740 257 1837 318 SS.
1875 256 2262 331 l‘ERPETUA,
2305 258 2715 322 FELICITATE
2753 260 2842 320 ET
2866 260 3100 322 SOCIIS.

322 442 614 456 —-—..——

2508 446 3505 475 _.=.__________.__:
3532 452 3599 479 πη

1247 650 2785 808 DISSERTATIO

1592 991 1813 1065 APO
1824 992 2357 1073 LOGETICA

462 1202 704 1301 Ι)Βο
781 1206 938 1302 ss.
1019 1208 1734 1341 PERPETUE,
1821 1220 2541 1318 FELICITATIS
2626 1182 2779 1321 ET
2872 1220 3501 1326 SOCIORUM

1701 1471 2244 1540 OBTHODOXIA
2275 1520 2292 1553 ,
2374 1529 2378 1532 .

597 1684 915 1760 AUCTORE
954 1678 1255 1760 IUSEi’alO
1295 1688 1685 1764 AUGUSTINO
1723 1707 1878 1767 ORSI
1919 1710 1982 1767 Ο.
2016 1709 2078 1768 Ρ.
2121 1711 2177 1769 S.
2222 1713 2286 1769 Β.
2334 1713 2394 1769 Ε.
2443 1710 2901 1776 PRESBYTERO
2939 1712 3329 1777 CARDINALI.

1442 1902 2490 1942 ἢεῖ»-

790 2081 1018 2141 CAPUT
1061 2062 1351 2141 punivit.

394 2283 640 2340 Exteruis
669 2285 981 2356 argumentis
1006 2300 1071 2360 ea:
1120 2278 1364 2354 Ecclesiae
1392 2294 1440 2339 et
1465 2296 1688 2342 ueterum
1717 2285 1932 2343 Patrum

310 2377 623 2433 auctoritate
648 2378 840 2448 petitis,
865 2376 972 2434 SS.
994 2374 1283 2448 Perpetuaz,
1311 2376 1592 2434 Felicitatis
1610 2389 1657 2434 et
1676 2380 1929 2435 sociorum

311 2479 605 2540 martyrum
625 2469 931 2524 orthodoxia
954 2468 1258 2524 vindicatur.

390 2560 432 2616 ι.
470 2560 773 2615 Tertulliani
789 2564 944 2616 coann’
973 2562 1237 2633 scriptoris
1260 2579 1354 2634 pro
1383 2562 1641 2634 Perpetua
1675 2564 1925 2638 sociisque

306 2654 627 2725 martyribus
650 2654 1010 2708 testimonium.

388 2746 454 2802 ll.
483 2745 701 2801 Pontius
736 2748 987 2802 diaconus
1028 2746 1322 2804 corumdem
1360 2757 1640 2821 martyrum
1672 2760 1786 2805 acta
1819 2769 1921 2807 non

308 2841 528 2897 obscure
549 2841 797 2895 laudavit.
1275 2910 1283 2915 _

390 2936 480 2990 ill.
516 2936 784 3005 Perpetua:
818 2945 866 2990 et
912 2935 1197 2991 Felicitatis
1227 2938 1633 3006 antiquissimum
1675 2940 1832 3009 fuisse
1868 2940 1922 2994 in

308 3029 554 3086 Ecclesia
581 3031 803 3087 Romana
829 3030 1023 3086 cultum
1043 3072 1058 3099 ,
1085 3047 1149 3086 ea:
1173 3029 1414 3087 Buclterii
1447 3043 1729 3103 pervetusto
1749 3033 1920 3089 calen-

308 3125 467 3180 dario
486 3125 879 3179 demonstratur.

386 3215 478 3271 Ν.
508 3216 730 3272 Sanctus
763 3216 1081 3288 Augustinus
1118 3217 1411 3273 earumdem
1451 3230 1735 3287 martyrum
1768 3221 1920 3275 rariis

308 3311 366 3365 in
389 3311 513 3365 locis
539 3327 656 3364 cum
683 3311 836 3365 laude
861 3312 1105 3381 meminit,
1137 3329 1198 3367 ac
1223 3314 1383 3367 tribus
1403 3329 1488 3368 eas
1512 3314 1813 3368 tractatibus
1840 3332 1921 3369 ce-

309 3407 561 3471 lebravit;
583 3424 801 3476 quorum
836 3408 1060 3479 priorem
1099 3409 1151 3463 in
1183 3408 1334 3464 editis
1369 3409 1466 3463 levi
1487 3409 1763 3463 admodum
1789 3426 1918 3464 con-

310 3499 511 3566 iectura
529 3510 704 3555 sancto
739 3500 948 3555 Doctori
973 3498 1269 3572 Basnagius
1295 3502 1555 3572 abjudicat
1578 3512 1621 3558 et
1662 3504 1805 3558 irrito
1835 3520 1919 3559 co-

310 3603 439 3647 nata
461 3593 656 3648 elevare
680 3602 726 3648 et
754 3593 1062 3665 labefactare
1080 3596 1359 3652 contendit.

386 3687 456 3743 γ.
499 3686 849 3743 Ecclesiarum
914 3688 1394 3761 Carthaginensium
1469 3691 1796 3747 celeberrima
1869 3703 1917 3746 et

1953 2090 2007 2150 Α
2033 2104 2164 2145 nece
2195 2086 2360 2147 fuisse
2392 2102 2648 2164 perpetua
2685 2104 2743 2152 et
2775 2110 2881 2152 non
2911 2097 3203 2167 interrupta
3237 2096 3490 2159 Ecclesia:
3525 2094 3635 2158 tra-

2029 2181 2231 2238 ditione
2265 2200 2360 2255 pro
2394 2188 2533 2242 veris
2578 2190 2902 2261 martyribus
2934 2188 3161 2259 habitas,
3192 2192 3433 2267 adeoque
3458 2194 3510 2251 in
3537 2197 3637 2253 Ec-

2031 2277 2212 2335 clesize
2238 2281 2517 2336 catholicae
2558 2300 2686 2353 pace
2715 2288 2770 2339 et
2796 2284 3171 2342 communione
3198 2289 3417 2347 oh'iisse.

2108 2369 2146 2423 Ι.
2179 2356 2560 2441 Tertulliauus,
2590 2376 2675 2446 qui
2705 2372 2984 2447 Perpetua:
3020 2394 3233 2435 coaevus
3272 2364 3369 2436 fuit
3418 2366 3474 2437 et
3503 2379 3631 2437 (Zar-

2032 2462 2263 2535 thagiuis
2291 2467 2484 2531 incola,
2514 2470 2599 2523 ubi
2631 2468 2890 2541 Perpetua
2922 2474 3163 2543 sociique
3202 2483 3466 2549 martyres
3513 2477 3632 2532 neci

2028 2557 2205 2611 traditi
2232 2564 2373 2621 sunt,
2404 2560 2519 2629 ejus
2548 2566 2597 2614 in
2621 2562 2752 2615 libro
2777 2562 2840 2617 de
2857 2563 3196 2635 Anima,cap.
3218 2565 3307 2633 55,
3339 2567 3421 2622 bis
3449 2570 3627 2625 verbis

2027 2649 2296 2706 meminit:
2320 2653 2639 2722 «Perpetua,
2674 2650 2965 2711 fortissima
3001 2668 3227 2729 martyr,
3261 2650 3362 2713 sub
3390 2658 3480 2714 die
3510 2675 3630 2729 pas--

2023 2743 2213 2811 sionis,
2245 2743 2298 2800 iu
2328 2746 2661 2825 revelatione
2694 2748 2922 2816 paradisi
2947 2747 3091 2805 solos
3112 2750 3215 2804 illic
3237 2760 3630 2823 commartyres

2025 2852 2151 2892 suos
2181 2838 2328 2893 vidit.
2346 2860 2365 2892 ι
2389 2839 2465 2896 Ne
2486 2841 2646 2901 verbo
2670 2841 2881 2912 ‘quidem
2908 2842 3102 2899 indicat
3123 2832 3286 2900 fuisse
3310 2845 3451 2899 illam
3470 2856 3630 2901 secta:

2023 2932 2415 2988 montanistiCa:
2450 2932 2713 2990 addictam
2749 2956 2760 2991 :
2788 2935 2927 3006 quod
2959 2944 3105 2991 certe
3127 2934 3446 2993 vanissimas
3469 2936 3630 2992 homo

2023 3038 2358 3094 nequaquam
2380 3024 2832 3095 praetermisisset,
2878 3029 3067 3084 solitus
3090 3029 3285 3086 inﬂatis
3308 3032 3488 3087 buccis
3507 3047 3629 3088 sce-

2024 3118 2207 3174 lerata:
2240 3112 2485 3175 factionis
2514 3112 2706 3177 decora
2744 3138 3021 3179 resonare.
3068 3123 3310 3181 Meminit
3345 3125 3397 3180 in
3437 3125 3626 3182 eodem

2022 3208 2177 3277 libro,
2211 3226 2326 3282 cap.
2354 3213 2407 3279 9,
2436 3212 2679 3269 fanatica:
2705 3203 2978 3286 cujusdam
3008 3218 3248 3273 lllllilt'l‘is
3277 3220 3625 3289 Angelorum,

2022 3316 2078 3361 ut
2110 3300 2359 3378 putabat,
2399 3316 2454 3362 et
2481 3306 2646 3378 ipsius
2677 3311 2885 3364 Domini
2919 3302 3217 3366 ViriOIliiJIIS
3246 3308 3508 3379 assuetae;
3535 3328 3633 3368 ne-

2021 3416 2126 3473 que
2156 3419 2376 3459 monere
2400 3406 2598 3460 omittit
2629 3423 2740 3461 suae
2786 3408 2930 3463 illam
2977 3406 3140 3465 fuisse
3187 3408 3583 3464 communionis
3615 3427 3629 3465 :

2028 3513 2047 3547 ι
2088 3494 2183 3550 Est
2213 3539 2228 3563 ,
2286 3497 2456 3568 inquit
2479 3541 2493 3564 ,
2558 3496 2716 3555 hodie
2747 3518 2900 3556 soror
2926 3502 3065 3572 apud
3100 3518 3197 3557 nos
3234 3483 3625 3558 revelati‘o‘nmn

2020 3588 2345 3646 charismata
2397 3584 2586 3649 sortita
2611 3637 2626 3661 ,
2666 3615 2685 3648 ι
2718 3603 2823 3651 etc.
2863 3598 3098 3653 Alterius
3123 3596 3366 3652 meminit
3403 3592 3539 3651 libro
3561 3596 3629 3651 de

2032 3679 2321 3754 Virginibus
2338 3685 2563 3740 vetandis
2588 3704 2753 3758 prope
2775 3690 2956 3758 liuent,
2981 3707 3137 3762 quam
3171 3695 3368 3762 pariter
3384 3706 3624 3746 sororem

310 3789 617 3834 cancrorum
658 3774 897 3847 matrix,‘
921 3780 1194 3853 Perpetua;
1236 3793 1284 3837 ει
1350 3781 1636 3838 Felicitati;
1687 3785 1915 3855 reliquiis
1945 3805 1992 3863 Β
2023 3777 2298 3832 nominat:
2327 3788 2381 3833 ct
2404 3780 2780 3835 montanistatn
2806 3784 2987 3847 fuisse,
3009 3784 3306 3854 perspicuis
3334 3782 3624 3840 verbisde-

312 3874 581 3927 ilt'ustrata
605 3881 695 3939 est,
720 3883 766 3928 et
794 3890 856 3928 ea:
879 3891 1059 3929 earum
1084 3874 1369 3931 nominibus
1398 3890 1714 3943 nuncupata.

393 3965 481 4020 γι.
524 3964 592 4020 In
622 3964 795 4021 Missa:
819 3984 1014 4022 canone
1040 3968 1337 4038 quotidiana
1386 3969 1679 4025 earumdem
1710 3972 1918 4026 nomina
1963 4030 1971 4036 ,

1956 4084 1961 4093 ι
2023 4052 2258 4107 visiones
2286 4055 2747 4128 revelationesque
2766 4059 3438 4127 suscipiums,tDominus,
3467 4061 3630 4116 etiam

307 4060 446 4113 inter
471 4060 772 4115 celebriora
792 4072 1041 4133 martyres
1066 4075 1409 4119 recensentur.

383 4152 496 4209 VII.
536 4153 928 4226 Argumentum,
952 4157 1090 4227 quod
1111 4173 1172 4213 ea:
1198 4159 1276 4212 Iris
1304 4159 1602 4214 testimoniis
1624 4160 1911 4231 con/icitur,

304 4246 504 4317 frustra
534 4246 847 4321 Basnagius.

379 4339 602 4397 Νειιυιι
629 4342 855 4396 omnino
891 4351 972 4398 est
1000 4342 1233 4413 religiosi
1264 4345 1436 4400 cultus
1465 4354 1519 4400 et
1557 4343 1911 4400 observantire

303 4430 516 4500 signum
544 4474 559 4497 ,
600 4431 747 4503 quod
775 4447 882 4488 non
910 4435 1019 4502 jam
1056 4432 1179 4489 inde
1215 4435 1283 4489 ab
1311 4436 1544 4507 antiquis
1585 4437 1914 4506 temporibus

305 4524 593 4577 confestim
632 4524 684 4578 in
713 4532 927 4580 sanctas
952 4524 1112 4582 hasce
1147 4542 1211 4583 ac
1239 4527 1615 4585 celeberrimas
1647 4541 1911 4604 martyres

303 4619 593 4673 contulerit
636 4618 894 4675 Ecclesia!
940 4620 1220 4676 catholicae
1267 4622 1454 4690 pietas.
1518 4634 1573 4679 et
1643 4624 1909 4681 unanimis

302 4709 509 4778 ubique
535 4720 792 4791 terrarum
816 4711 871 4767 in
903 4728 995 4769 eas
1034 4710 1341 4768 christiana:
1383 4715 1657 4785 religionis
1687 4715 1911 4772 aliectus

307 4800 736 4870 pepulerumque
761 4804 996 4860 devotio.
1031 4804 1232 4861 Earum
1255 4805 1463 4862 scilicet
1491 4808 1702 4863 nomina
1726 4819 1905 4864 vetus-

302 4890 516 4946 tissima
545 4894 890 4952 ecclesiarum
933 4898 1190 4952 tabularia
1220 4899 1476 4953 exhibent
1498 4910 1550 4955 et
1582 4901 1632 4956 in
1660 4901 1909 4957 omnibus

303 4998 448 5052 pene
472 4987 864 5058 martyrologiis
903 4988 1168 5057 descripta
1200 5000 1355 5044 sunt:
1384 5005 1568 5047 earum
1599 4992 1909 5049 solemnitas

300 5085 358 5132 et
395 5078 585 5134 natalis
610 5080 722 5135 dies
751 5098 945 5149 magno
984 5081 1294 5137 christiana:
1325 5085 1493 5154 plebis
1527 5102 1790 5141 concursu
1812 5104 1903 5142 ce-

300 5171 540 5227 lebrata:
571 5188 756 5229 earum
787 5176 918 5230 Acta
944 5175 995 5229 in
1021 5176 1263 5231 ecclesiis
1294 5176 1501 5245 publice
1525 5178 1657 5234 lceta
1689 5197 1702 5234 :
1734 5179 1786 5234 in
1818 5195 1909 5237 ea-

2020 3869 2218 3921 ciarat:
2257 3886 2274 3920 t
2306 3867 2521 3935 Nobis,»
2552 3871 2601 3925 id
2625 3886 2707 3926 εει
2727 3871 2992 3929 Paracleti
3020 3872 3321 3945 discipulis,
3344 3870 3431 3944 qui
3457 3890 3621 3928 novas

2023 3974 2129 4012 non
2152 3960 2456 4029 spernimus
2485 3962 2816 4033 prophetias,
2844 3966 3165 4020 charismata
3198 3966 3547 4034 honoramus,
3570 3977 3626 4021 et

2026 4147 2462 4215 revelationibus,
2488 4149 2770 4204 velamiuis
2798 4150 2965 4219 spatia
2987 4159 3217 4205 metatus
3231 4158 3334 4206 est.
3361 4152 3491 4206 Nam
3519 4153 3633 4207 cui-

2025 4239 2149 4293 dam
2179 4240 2351 4293 sorori
2380 4246 2578 4296 nostra:
2605 4242 2825 4313 angelus
2845 4242 2894 4296 in
2910 4241 3167 4311 somnis,»
3189 4249 3291 4298 etc.
3314 4242 3455 4297 Nihil
3484 4243 3630 4313 ejus-

2023 4330 2169 4387 modi
2203 4333 2363 4388 tradit
2392 4334 2479 4388 ubi
2509 4332 2575 4390 de
2601 4333 2862 4407 Perpetua
2909 4334 3163 4404 loquitur,
3205 4321 3337 4390 nihil
3364 4332 3626 4406 ejusmodi

2020 4426 2210 4498 jac-tat.
2269 4426 2557 4500 Martyrem
2623 4427 2993 4484 tantummodo
3059 4429 3331 4497 nominat,
3391 4438 3447 4484 et
3523 4428 3632 4483 for-

2019 4522 2317 4575 tissimam:
2355 4538 2461 4577 non
2501 4522 2644 4577 illam
2692 4538 2932 4578 sororem
2968 4538 3117 4577 suam
3144 4564 3157 4588 ,
3193 4538 3297 4576 non
3327 4528 3621 4595 martyrem

2016 4630 2167 4671 snam
2193 4616 2467 4687 ptu'dicat.
2498 4622 2552 4673 et
2582 4634 2648 4674 ne
2681 4617 2844 4673 verbo
2899 4617 3114 4687 quidem
3144 4614 3409 4689 signiﬁcat
3456 4616 3624 4671 fuisse

2021 4709 2164 4763 illam
2186 4709 2624 4766 Montanistarum
2654 4711 3124 4782 superstitionilnts
3156 4725 3219 4765 ac
3253 4710 3629 4766 deliramentis

2016 4803 2295 4861 imbutam.
2320 4807 2509 4863 list-ne
2534 4825 2658 4863 vero
2681 4806 2935 4863 credibile
2976 4806 3111 4861 adeo
3150 4804 3419 4876 singulare
3466 4814 3629 4859 secta:

2018 4913 2131 4953 sua:
2152 4909 2532 4957 ornamentum
2568 4902 2667 4956 sibi
2698 4903 2914 4971 suisque
2948 4899 3242 4967 perspicuis
3269 4896 3449 4951 verbis
3480 4910 3629 4951 asse-

2015 4986 2470 5063 rereueglexisse,
2503 4994 2591 5064 qui
2625 5006 2729 5048 tam
2762 4993 2987 5047 Sollicito
3016 4990 3247 5044 monitos
3262 5004 3360 5044 nos
3381 5002 3501 5042 esse
3531 5003 3624 5041 vo-

2014 5084 2111 5140 luit
2140 5086 2354 5142 insanas
2399 5086 2558 5140 etiam
2585 5086 2959 5143 mulierculas,
2982 5082 3126 5137 nulla
3149 5084 3348 5136 virtute
3367 5082 3617 5150 insignes,

2014 5180 2106 5235 sed
2132 5176 2409 5235 insomniis
2436 5178 2836 5243 unieedt-ditas,
2863 5196 2892 5233 e
2920 5178 3151 5231 Montani
3177 5172 3359 5230 schola
3385 5166 3437 5229 et
3469 5173 3619 5229 insti-
3694 5174 3695 5177 “

298 5280 421 5319 rum
453 5265 710 5323 honorem
753 5277 807 5322 et
856 5283 1019 5339 super
1047 5284 1229 5325 earum
1250 5267 1497 5339 reliquias
1528 5273 1722 5341 templa
1744 5282 1798 5326 et
1821 5274 1902 5327 al-
1934 5275 1979 5336 C
2017 5262 2217 5329 iutione
2246 5274 2543 5345 prodii~se?
2563 5262 2694 5343 Qua:
2723 5283 2905 5329 contra
2926 5266 3081 5325 affert
3108 5268 3420 5341 Basnagius,
3449 5277 3502 5324 et
3527 5284 3617 5321 ar-

297 5359 431 5413 taria
460 5359 570 5415 Deo
598 5371 946 5417 consecrata:
980 5360 1314 5433 pancgyricae
1341 5363 1612 5417 orationes
1637 5362 1688 5417 in
1718 5379 1900 5419 eat-mn

292 5454 662 5510 anniversaria
689 5455 1025 5511 h-stivitatea
1056 5456 1301 5513 Patribus
1333 5438 1563 5512 habite:
1595 5473 1776 5513 earum
1806 5436 1901 5513 de-

293 5547 461 5617 nique
489 5550 737 5618 specialis
757 5591 773 5616 ,
808 5551 949 5605 inter
973 5551 1282 5622 quotidiana
1324 5552 1586 5608 sacriﬁcia
1608 5594 1621 5614 .
1655 5567 1894 5607 comme~

293 5640 531 5696 mentio
573 5642 638 5695 ad
684 5654 861 5699 nostra
902 5659 1071 5716 usque
1105 5654 1343 5716 tempora
1382 5644 1720 5716 personavit.
1769 5644 1897 5701 ch

290 5733 477 5788 omnia
503 5733 810 5791 clarissimis
832 5737 1154 5795 testimoniis
1179 5740 1490 5808 ostendam,
1523 5748 1643 5810 quae
1671 5739 1737 5794 ita
1779 5726 1893 5792 dis-

287 5840 515 5900 ponam,
537 5834 591 5885 ut
615 5826 771 5901 plane
794 5834 847 5891 et
872 5824 1059 5905 aperte
1102 5842 1313 5895 constet
1334 5834 1445 5907 jam
1471 5831 1596 5893 inde
1620 5831 1687 5893 ab
1709 5846 1894 5894 earum

2005 5379 2317 5439 gumentum
2387 5367 2527 5437 quod
2570 5384 2633 5421 ex
2683 5366 2763 5420 his
2807 5346 3119 5420 Tertulliani
3174 5364 3354 5420 verbis
3404 5364 3458 5419 in
3505 5379 3617 5419 sua:

2004 5458 2271 5528 opinionis
2298 5459 2755 5513 conﬁrmationem
2786 5454 3068 5530 exsculpit.
3103 5456 3324 5513 inferius
3353 5466 3614 5514 evertam.

2081 5549 2141 5605 II.
2177 5548 2397 5607 Pontius
2425 5550 2683 5607 diaconus
2707 5593 2723 5619 ,
2756 5553 2844 5623 qui
2879 5562 2996 5621 post
3020 5550 3299 5623 Perpetua:
3338 5563 3391 5608 et
3418 5551 3613 5609 Felici-

2005 5646 2136 5702 tatis
2187 5645 2392 5702 obitum
2437 5648 2822 5719 quinquaginta
2855 5649 3073 5705 cit'eiter
3119 5650 3274 5705 annis
3305 5649 3520 5712 “eruit,
3560 5653 3613 5704 in

2000 5739 2121 5795 Vita
2152 5741 2211 5795 S.
2253 5739 2502 5814 Cypriani
2528 5745 2642 5804 haec
2662 5746 2846 5813 habet,
2879 5762 2998 5818 qua:
3024 5745 3089 5801 ad
3112 5738 3297 5801 eardm
3321 5747 3460 5811 acta,
3494 5758 3613 5799 mea

1998 5832 2216 5904 quidem
2237 5836 2521 5908 sententia,
2548 5836 2829 5899 manifeste
2850 5837 3166 5911 respiciunt,
3196 5837 3270 5895 uti
3310 5835 3471 5897 etiam
3492 5836 3609 5894 viro
