4190 6246
655 247 726 303 55
1885 235 2334 299 mssanrmo
2372 238 2850 298 APOLOGETICA
3889 249 3952 308 δι

653 358 952 417 clarissimo
998 359 1153 415 Luca:
1197 359 1473 415 Holstenio
1506 358 1829 430 jampridem
1865 371 1947 414 est
1992 359 2241 414 obscrva-
2268 355 2319 414 A
2346 372 2503 427 quam
2533 357 2738 413 scilicet
2768 359 3117 430 Pontiusipse
3143 369 3472 428 nasceretur,
3502 373 3643 420 eteo
3679 367 3822 436 quod
3847 368 3952 440 ipse

653 454 852 526 tum“)
874 473 887 507 :
912 472 930 506 ι
955 452 1185 520 Majores
1213 452 1383 506 nostri
1400 451 1600 523 plebeis
1618 463 1671 507 et
1690 452 2090 506 catechumeuis
2109 465 2250 505 mar-

656 548 854 619 tyrium
881 547 1186 600 consecutis
1208 554 1412 599 tantum
1437 545 1683 607 honoris,
1703 560 1798 615 pro
1817 544 2057 616 martyrii
2086 544 2251 614 ipsius

655 636 1326 702 veneratione,dederunt,
1349 637 1484 692 utde
1500 637 1839 707 passionibus
1853 652 2035 690 eorum
2062 635 2246 698 multa,

653 739 748 785 aut
779 745 946 801 prope
973 729 1225 797 dixerim,
1258 745 1396 800 pene
1416 741 1604 785 cuneta
1636 728 2076 800 conscripserint,
2103 737 2158 782 ut
2183 727 2251 782 ad

654 832 891 879 nostram
920 838 1136 895 quoque
1162 824 1426 890 notitiam,
1456 826 1547 895 qui
1587 825 1822 880 nondum
1854 824 1960 877 nan
2007 823 2201 876 fuimus
2232 865 2248 890 ,

653 916 1019 987 pervenirent.
1036 936 1053 969 ι
1064 916 1192 972 Haec
1207 915 1382 972 Pontii
1403 919 1567 974 verba
1593 917 1872 988 Perpetum
1885 926 1937 972 et
1957 915 2249 971 Felicitatis

654 1020 771 1066 acta
804 1008 973 1080 digito
987 1009 1153 1064 veluti
1171 1010 1481 1078 ostendunt,
1507 1020 1562 1067 et
1589 1013 1642 1066 in
1663 1028 1724 1067 ea
1739 1014 1941 1083 optime
1963 1011 2246 1082 quadrant.

725 1103 930 1159 Plebeii
958 1103 1059 1159 hoc
1075 1105 1215 1170 loco,
1244 1114 1300 1159 ut
1321 1105 1458 1160 idem
1491 1107 1792 1162 observavit
1815 1107 2139 1172 Holstenius,
2162 1120 2253 1161 ac—

655 1195 886 1268 cipiendi
919 1196 1186 1252 suntlaici
1210 1239 1223 1263 ,
1259 1198 1464 1253 nullum
1496 1200 1549 1255 in
1577 1201 1723 1256 clero
1753 1200 1998 1256 ordinem
2029 1197 2206 1268 adepti
2234 1216 2248 1264 ;

652 1293 732 1348 sic
755 1293 899 1348 enim
930 1293 1088 1362 paulo
1111 1293 1331 1349 inferius
1363 1295 1501 1349 idem
1524 1295 1778 1350 Pontius:
1806 1296 1974 1351 Multa
2002 1305 2118 1351 sunt
2139 1309 2254 1365 qua:

653 1388 820 1443 aditus
847 1388 1089 1460 plebeius,
1123 1389 1283 1442 multa
1307 1404 1422 1459 quae
1437 1393 1552 1460 jam
1585 1389 1844 1460 presbyter
1870 1392 2008 1462 fecit.

727 1483 1151 1539 Catechumenas
1175 1483 1338 1538 fuisse
1364 1494 1472 1538 tum
1503 1485 1666 1554 ipsas,
1695 1495 1804 1538 tum
1835 1500 2018 1539 carum
2048 1485 2098 1538 in
2132 1498 2253 1552 pas-

653 1575 806 1631 sione
826 1575 1023 1642 socios,
1071 1579 1326 1631 Actorum
1366 1578 1658 1638 collectori,
1695 1578 1811 1647 ipso
1849 1578 2027 1632 statim
2077 1579 2247 1643 iuit'o,

652 1667 937 1739 diligentes
975 1677 1059 1723 est
1109 1669 1421 1724 adnotatum
1454 1688 1466 1722 :
1506 1689 1524 1720 ‹
1561 1670 1896 1740 Apprehensi
1947 1681 2069 1725 sunt
2115 1672 2248 1727 ado-

2355 451 2609 506 (lescribit
2650 453 2826 508 studio
2880 453 3099 510 fuerunt
3147 470 3211 512 ac
3277 456 3550 528 diligentia
3590 461 3949 520 concinnata:

2354 543 2597 614 adeoque
2625 545 2803 600 medio
2831 546 3029 601 saeculo
3069 548 3226 604 tertio
3268 547 3432 604 fuisse
3469 551 3790 623 Perpetuam
3817 555 3953 626 ejus—

2353 651 2458 706 que
2494 639 2671 690 socios
2715 638 3058 708 Carthagine,
3091 640 3178 696 ubi
3204 643 3520 712 sanguinem
3561 644 3828 716 fuderant,
3863 665 3953 719 pro

2354 729 2495 786 veris
2540 734 2862 803 martyribus
2905 733 3134 803 habitos,
3179 735 3392 792 laudata
3429 737 3605 794 Pontii
3647 741 3810 797 verba
3851 759 3950 800 non

2355 821 2587 878 obscure
2629 824 2873 879 suadent.

2425 911 2512 968 Ill.
2555 914 2610 969 ld
2645 931 2774 970 vero
2802 932 2961 973 nemo
2989 917 3269 975 mirabitur
3317 921 3409 991 qui
3439 937 3622 980 secum
3657 926 3838 983 animo
3874 945 3956 985 rc-

2357 1010 2619 1078 putaverit
2655 1012 2945 1080 sequenti,
2984 1011 3036 1068 id
3091 1021 3173 1068 est
3211 1024 3404 1085 quarto
3440 1015 3696 1073 Ecclesia:
3737 1023 3949 1088 saeculo,

2354 1103 2622 1158 celebrem
2645 1120 2858 1176 quoque
2882 1105 3069 1160 Romae
3096 1105 3266 1163 fuisse
3286 1107 3567 1180 Perpetua.-
3591 1122 3646 1166 et
3665 1111 3954 1172 Felicitatis

2356 1194 2720 1254 festivitatem.
2785 1198 2838 1253 Id
2896 1209 3108 1254 constat
3157 1215 3230 1256 ex
3281 1203 3644 1260 vetusﬁssimo
3698 1206 3950 1264 Ecclesia:

2355 1287 2612 1344 Romanm
2633 1290 2958 1357 calendario,
3003 1291 3143 1362 quod
3167 1293 3463 1350 Bucherius
3487 1295 3694 1366 publica
3721 1298 3838 1355 luce
3860 1299 3953 1354 do-

2356 1382 2523 1448 navit,
2553 1395 2606 1439 et
2632 1382 2699 1438 ad
2717 1383 2916 1440 Liberii
2946 1394 3184 1455 tempora
3216 1389 3488 1457 pertinere
3540 1392 3805 1448 unanimis
3836 1409 3952 1449 esse

2355 1475 2566 1530 videtur
2603 1477 2965 1532 eruditorum:
2982 1479 3265 1534 sententia.
3320 1479 3378 1535 In
3421 1481 3521 1538 hoc
3571 1483 3752 1553 itaque
3793 1500 3954 1542 vene-

2355 1569 2538 1625 randae
2565 1571 2895 1641 antiquitatis
2917 1581 3289 1641 monumento,
3324 1573 3493 1629 Nonis
3533 1576 3730 1644 Martii,
3763 1577 3953 1650 Perpe-

2355 1674 2453 1719 tua:
2475 1674 2519 1719 et
2550 1663 2835 1721 Felicitatis
2856 1666 3066 1737 Africa},
3098 1669 3313 1724 nomina
3347 1670 3605 1741 inscripta
3636 1682 3777 1728 sunt.
3802 1673 3952 1743 Quod

653 1759 920 1814 lescentes
963 1759 1344 1826 catechumiui,
1374 1760 1690 1816 ’Revocatus
1743 1771 1797 1816 ct
1843 1761 2092 1817 Felicitas
2123 1778 2250 1818 cou-
2279 1755 2329 1815 B
2357 1768 2504 1814 certe
2531 1757 2805 1814 indubium
2839 1771 2921 1815 est
2947 1761 3294 1817 vetustissimi
3323 1763 3372 1817 in
3403 1763 3643 1820 Ecclesia
3675 1767 3848 1823 cultus
3869 1786 3954 1824 ar-

653 1867 806 1907 serva
835 1853 991 1922 ejus,
1040 1853 1361 1909 Saturninus
1417 1865 1469 1909 et
1525 1854 1883 1921 Secundulus,
1932 1855 2070 1911 inter
2117 1872 2254 1926 quos

624 1945 883 2002 -etVivia
925 1947 1208 2018 Perpetua,
1265 1949 1490 2004 honeste
1545 1959 1664 2004 nata
1692 1991 1706 2016 ,
1756 1950 2051 2005 liberaliter
2097 1952 2252 2004 insti-

654 2050 790 2106 tuta,
845 2041 1215 2097 matronaliter
1262 2053 1449 2112 nupta,
1515 2042 1719 2098 habens
1785 2053 1988 2114 patrem
2041 2053 2094 2098 et
2138 2060 2253 2098 ma-

654 2141 792 2188 trem
832 2143 887 2190 et
932 2134 1128 2192 fratres
1177 2135 1352 2201 duos,
1417 2136 1644 2193 alterum
1713 2152 1866 2209 atque
1915 2138 2250 2194 catechumi-

653 2243 803 2295 num,
831 2249 850 2281 ι
883 2239 993 2286 etc.
1026 2231 1124 2287 Hic
1150 2246 1271 2287 esse
1298 2232 1510 2287 videtur
1539 2231 1800 2298 Saturus,
1833 2248 1991 2303 quem
2031 2231 2251 2286 fratrem

652 2335 806 2377 suum
838 2321 1103 2394 Perpetua
1136 2327 1188 2381 in
1216 2326 1364 2382 hisce
1395 2327 1540 2381 Actis
1574 2325 1848 2397 appellat:
1876 2344 1894 2377 ι
1934 2325 2084 2380 'l'unc
2113 2323 2255 2378 dixit

651 2413 782 2469 mihi
811 2413 978 2471 frater
1007 2433 1158 2472 meus
1187 2435 1201 2472 :
1234 2419 1458 2474 Domina
1489 2433 1643 2472 soror
1668 2460 1682 2484 ,
1723 2437 1742 2469 ι
1794 2428 1899 2472 etc.
1954 2416 2023 2471 Et
2070 2414 2205 2470 infra
2236 2432 2248 2467 :

658 2525 678 2558 ‹
711 2507 776 2562 Et
803 2509 964 2564 retuli
1008 2511 1188 2565 statim
1234 2511 1380 2566 fratri
1426 2526 1581 2577 meo,
1627 2520 1680 2566 et
1734 2511 2097 2566 intelleximus
2132 2522 2252 2577 pas-

651 2601 858 2655 sionem
891 2618 1011 2659 esse
1040 2603 1293 2660 futuram.
1335 2626 1354 2659 »
1410 2606 1670 2678 Loquitur
1713 2617 1890 2661 autem
1929 2606 1996 2663 de
2033 2605 2248 2671 Saturo,

651 2695 891 2766 ejusdem
922 2699 1107 2768 agonis
1136 2700 1523 2755 commilitone.
1562 2700 1697 2756 Sunt
1730 2699 1959 2770 denique
1988 2699 2250 2767 ejusmodi

650 2789 782 2842 Acta
828 2804 889 2843 ea
937 2790 1208 2862 diligentia
1252 2795 1575 2864 conscripta,
1618 2811 1777 2866 quam
1825 2795 2045 2850 Pontius
2075 2794 2252 2850 verbis

651 2884 1021 2953 superioribus
1051 2887 1425 2942 landat.l\lulta
1455 2892 1621 2958 cnim,
1652 2900 1764 2957 aut,
1802 2906 1965 2961 prope
1995 2891 2247 2956 dixerim,

650 2989 786 3045 pene
823 2986 1014 3032 cuncta
1044 2993 1162 3048 qum
1186 2978 1254 3033 ad
1275 2994 1461 3034 eorum
1486 2982 1763 3051 passiones
1792 2984 2078 3052 pertinent,
2103 3000 2250 3038 com-

649 3067 974 3136 plectuntur,
1027 3071 1092 3123 ad
1140 3071 1280 3141 ipsas
1322 3088 1488 3142 usque
1535 3075 1851 3131 minutiores
1893 3077 2246 3132 circumstan«

2356 1859 2688 1920 gumeutum.
2729 1850 2861 1906 Cum
2893 1855 3036 1908 enim
3066 1854 3163 1909 viri
3192 1855 3386 1910 eruditi
3423 1857 3816 1916 Bucheranium
3861 1878 3952 1918 ca-

2358 1941 2656 1997 lendarium
2691 1945 2740 1998 iu
2782 1945 2977 2000 Liberii
3017 1957 3256 2017 tempora
3296 1948 3596 2017 conferunt,
3627 1966 3731 2032 non
3762 1967 3824 2008 ea
3869 1955 3950 2024 ip-

2355 2050 2538 2091 sorum
2566 2053 2718 2093 meus
2741 2047 2842 2105 est,
2869 2039 3054 2095 Romae
3084 2049 3195 2096 tum
3220 2041 3449 2112 primum
3475 2043 3742 2100 institutas
3764 2045 3950 2114 fuisse,

2355 2143 2475 2198 qure
2505 2129 2556 2182 in
2592 2145 2658 2185 eo
2694 2140 3061 2201 recensentur,
3095 2143 3386 2206 martyrum
3417 2135 3787 2194 solemnitates
3816 2156 3829 2192 :
3859 2141 3954 2194 ab-

2356 2221 2516 2277 surda
2549 2224 2692 2278 enim
2721 2234 2865 2280 esset
2893 2225 3155 2296 ejusmodi
3182 2228 3454 2298 cogitatio.
3497 2229 3629 2284 Nam
3662 2230 3953 2288 Bucberia-

2355 2333 2457 2372 nus
2499 2317 2619 2384 iste,
2661 2333 2754 2373 seu
2799 2319 3116 2376 Liberianus
3152 2321 3421 2378 indiculus
3455 2338 3520 2379 ex
3562 2325 3956 2394 antiquioribus

2355 2410 2585 2482 dypticis
2630 2422 2682 2466 et
2714 2411 2988 2467 tabulariis
3015 2412 3314 2485 descriptus
3351 2426 3454 2482 est,
3514 2432 3671 2487 quam
3701 2432 3809 2472 non
3842 2427 3950 2472 tum

2357 2504 2583 2573 primum
2615 2502 2890 2568 Ecclesiae,
2935 2507 3231 2575 praesertim
3261 2505 3602 2577 Apostolicae,
3643 2518 3696 2565 et
3721 2510 3952 2566 maxime

2355 2604 2512 2665 atque
2541 2596 2801 2666 imprimis
2829 2596 3090 2664 Romana,
3115 2599 3206 2654 sed
3228 2600 3336 2667 jam
3367 2601 3490 2656 inde
3510 2602 3577 2657 ab
3602 2602 3774 2669 initio,
3811 2613 3862 2656 ut
3885 2619 3952 2658 rx

2356 2689 2683 2744 Tertulliano
2734 2689 2816 2761 (l)
2853 2691 3076 2764 aliisque
3113 2695 3423 2751 auctoribus
3455 2696 3729 2764 discimus,
3768 2712 3952 2752 sacros

2354 2784 2517 2838 fastos
2548 2782 2853 2850 habuerint,
2897 2801 2993 2855 pro
3035 2787 3246 2842 illorum
3287 2798 3586 2860 temporum
3619 2791 3949 2860 conditione,

2353 2877 2754 2932 accuratissime
2787 2877 3040 2948 digestos.
3066 2879 3207 2935 Fieri
3243 2881 3423 2952 itaque
3452 2884 3654 2952 Optime
3680 2887 3866 2954 potuit,
3895 2897 3952 2942 ut

2352 2968 2554 3037 aliquot
2593 2979 2716 3026 ante
2753 2969 3024 3026 Liberium
3066 2973 3220 3028 annis
3255 2973 3535 3043 Perpetua:
3575 2988 3629 3032 et
3663 2976 3952 3034 Felicitatis

2354 3062 2530 3115 natale
2560 3071 2794 3132 emptum
2835 3063 2993 3119 fuerit
3033 3065 3085 3120 in
3123 3067 3253 3121 urbe
3290 3067 3552 3123 celebrari
3585 3086 3597 3122 :
3628 3069 3951 3140 Carthagine

649 3163 770 3227 tias,
797 3172 857 3218 ut
882 3164 1040 3234 plane
1072 3168 1305 3222 nesciam
1344 3183 1411 3222 an
1463 3169 1640 3240 aliqua
1673 3171 2014 3240 antiquorum
2047 3183 2245 3245 marty.
2274 3150 2321 3214 Ο
2353 3164 2529 3209 imm“
2566 3156 2873 3226 ιπὶιιείιυειη
2903 3157 3089 3212 Romi“
3117 3169 3389 3230 νοοθΡῑυῐη
3417 3161 3581 3219 ἷυίεεθ
3603 3173 3658 3219 et
3681 3165 3948 3236 νυιεειιιιητ

647 3272 767 3311 rum
803 3259 932 3313 Acta
971 3260 1159 3328 majori
1197 3260 1539 3316 accuratione
1577 3277 1640 3317 ac
1679 3262 1948 3334 diligentia
1981 3264 2247 3335 descripta

649 3347 774 3402 sint.
801 3349 973 3404 Pontii
1001 3350 1176 3421 itaque
1205 3352 1366 3406 verba
1399 3353 1450 3408 in
1478 3369 1562 3421 ea,
1590 3370 1707 3423 quzc
1741 3372 1848 3425 pne
1879 3357 2125 3412 manibus
2154 3356 2247 3411 ha-

647 3440 858 3512 bemus,
907 3445 1036 3498 Acta
1083 3446 1151 3498 ita
1201 3445 1338 3500 belle
1377 3448 1722 3512 conveniunt,
1766 3459 1821 3501 ut
1867 3449 2024 3504 nullis
2061 3465 2244 3504 eorum

645 3548 766 3603 quzc
811 3535 974 3589 modo
1012 3545 1245 3598 exstant,
1289 3537 1498 3591 melius.
1532 3538 1613 3592 An
1654 3549 1830 3593 autem
1877 3541 2050 3595 Pontii
2091 3551 2248 3596 actate

646 3625 822 3695 aliqua
851 3628 1178 3693 exstiterint,
1216 3627 1280 3682 ad
1319 3645 1438 3700 qutc
1486 3631 1663 3700 aptius
1692 3631 1808 3701 ejus
1851 3633 2010 3687 verba
2058 3634 2244 3689 referri

645 3730 888 3788 possent,
916 3720 1073 3775 valde
1101 3722 1347 3790 equidem
1374 3723 1557 3778 dubito
1583 3742 1595 3778 :
1619 3739 1741 3779 cum
1767 3741 1870 3780 non
1905 3728 2042 3782 adeo
2077 3727 2127 3782 in
2158 3745 2248 3783 vc-

647 3816 885 3870 tustioris
932 3817 1028 3870 :cvi
1077 3817 1314 3872 moribus
1364 3820 1594 3888 positum
1650 3818 1811 3875 fuisse
1870 3822 2133 3888 videatur,
2192 3833 2248 3878 ut

644 3919 792 3976 gesta
824 3919 1120 3981 martyrum
1157 3911 1292 3966 adeo
1318 3914 1578 3982 exquisita
1611 3912 1884 3985 diligentia
1921 3916 2112 3971 litteris
2140 3925 2246 3971 tra-

645 4001 918 4056 derentur.
952 4002 1174 4057 Fallitur
1206 4004 1345 4058 enim
1394 4005 1697 4061 Dodwellus
1727 4025 1846 4061 cum
1897 4025 1962 4064 ex
2018 4009 2247 4066 laudatis

646 4093 1407 4168 vcrbiscont-ludit(‘2),cadco
1429 4099 1645 4154 sedulos
1674 4099 1839 4156 fuisse
1867 4102 1916 4156 in
1947 4113 2242 4175 martyrum

643 4188 810 4256 gestis
832 4189 1106 4243 memoriae
1139 4190 1411 4246 tradendis
1440 4200 1671 4258 veteres,
1704 4203 1762 4248 ut
1805 4194 1934 4249 nihil
1961 4196 2083 4251 illos
2133 4197 2244 4252 fere

643 4280 844 4352 fugerit
879 4300 893 4347 ;
934 4301 952 4334 ι
991 4291 1045 4335 ut
1076 4297 1140 4336 ex
1173 4291 1416 4338 actorum
1450 4287 1713 4354 paucitate
1770 4305 1888 4356 quae
1931 4299 2241 4359 supersunt,

645 4375 965 4444 paucitatem
990 4389 1202 4443 quoque
1221 4378 1759 4449 martyrumcolligat.
1783 4378 1895 4433 Non
1928 4381 2068 4434 enim
2095 4397 2246 4437 asse-

644 4469 713 4522 rit
748 4467 969 4521 l’outius
1014 4468 1065 4521 in
1102 4467 1436 4537 singulorum
1466 4481 1756 4541 martyrum
1780 4473 1945 4541 gestis
1968 4476 2242 4530 memoria:

647 4559 921 4613 tradendis
949 4562 1060 4630 pari
1085 4560 1356 4631 diligentia
1391 4573 1600 4616 veteres
1627 4562 1792 4620 fuisse
1817 4579 2057 4623 versatos
2085 4586 2098 4621 :
2127 4569 2243 4638 ejus

649 4667 878 4720 namque
901 4654 1173 4722 ιηόιὶοείῑο
1195 4655 1325 4708 satis
1346 4666 1455 4708 crat
1482 4655 1962 4713 luculentissimum
1988 4660 2242 4717 horumce

643 4744 900 4801 Actorum
939 4749 1244 4816 exetnplum
1295 4749 1444 4818 queis
1499 4759 1603 4803 tam
1651 4752 1839 4806 sedulo
1887 4753 1952 4807 ad
1999 4769 2243 4822 pOSteros

645 4839 956 4893 transmissa
1023 4837 1195 4894 fuerat
1250 4841 1580 4910 plebeiorum
1635 4854 1688 4898 et
1732 4845 2239 4902 eatrchnmenorum

645 4942 938 5004 martyrum
977 4937 1254 4990 memoria.
1304 4936 1433 4991 Inde
1471 4939 1614 4992 enim
1646 4925 2020 4996 facile'omues
2047 4942 2244 4998 intelli-

646 5029 862 5099 gebant.
891 5045 1050 5100 quam
1095 5047 1199 5085 non
1242 5033 1542 5102 segniorem
1573 5050 1790 5104 operam
1835 5036 2090 5092 adhibere
2127 5038 2242 5108 ipse

643 5120 865 5174 deberet
905 5121 958 5175 in
995 5123 1231 5194 episcopi
1262 5134 1314 5179 et
1355 5129 1602 5198 martyris
1631 5127 2054 5198 praeclarissimis
2077 5132 2241 5198 gestis

642 5213 938 5270 litterarum
985 5219 1346 5274 monumentis
1385 5223 1783 5293 consignandis.
1829 5225 2013 5281 Nullus
2060 5227 2240 5298 itaque

643 5305 849 5368 dubito,
878 5308 1007 5376 quin
1033 5307 1331 5378 Pcrpetum,
1362 5311 1657 5370 Felicitatis
1711 5325 1765 5372 et
1811 5319 2082 5374 sociorum
2108 5325 2237 5377 Acta

641 5414 750 5467 pra:
772 5400 940 5456 oculis
971 5400 1193 5457 Pontius
1219 5403 1482 5461 habuerit.
1503 5409 1632 5462 Nam
1665 5419 1718 5464 et
1745 5410 1808 5465 ad
1843 5411 2080 5482 plebeios
2116 5431 2238 5485 per-

641 5491 813 5546 tinent
833 5503 888 5548 et
912 5495 1349 5563 catechumenos,
1379 5505 1432 5554 et
1458 5512 1588 5556 aetas
1614 5502 1770 5559 facile
1799 5508 2066 5574 convenit,
2087 5517 2237 5563 ante-

629 5706 656 5774 ε
697 5634 756 5763 l(l1
773 5635 1033 5765 )vggh'iot.
1065 5639 1136 5693 ad
1161 5637 1402 5695 Passion.
1429 5641 1537 5698 SS.
1557 5642 1846 5717 Perpetuos,
1877 5645 2106 5717 Felicit.,
2129 5659 2234 5710 etc.

697 5780 774 5853 (‘2)
801 5781 1034 5838 Dissert.
1056 5797 1109 5838 x1
1138 5781 1413 5852 Cyprian,,
1436 5785 1498 5840 de
1521 5785 1966 5860 .‘llartyr.Pmtcit.
1986 5791 2012 5864 §
2036 5795 2089 5859 5,
2107 5803 2160 5852 ct
2179 5796 2232 5851 5.

2353 3262 2536 3303 earum
2571 3250 2794 3313 cultum,
2825 3267 3000 3307 ann0n
3027 3268 3154 3308 vero
3185 3270 3440 3325 perquam
3467 3255 3796 3313 simillimum
3831 3261 3952 3315 est?

2350 3340 2483 3395 Cum
2517 3343 2674 3412 igitur
2719 3345 2919 3401 medio’
2941 3348 3139 3402 sa'culo
3173 3357 3365 3417 quarto
3401 3349 3666 3418 Liberius,
3706 3354 3805 3407 sub
3845 3369 3952 3424 quo

2353 3431 2623 3488 laudatmn
2660 3437 3022 3492 calendarium
3081 3439 3352 3494 conditum
3393 3453 3508 3507 est,
3550 3443 3740 3500 sedere
3767 3461 3952 3514 coepe-

2350 3525 2437 3589 rit,
2497 3530 2692 3582 morosi
2742 3531 2964 3585 nimium
3006 3533 3173 3588 critici
3219 3545 3384 3602 esset,
3431 3536 3633 3591 inficias
3702 3540 3779 3594 ire
3819 3541 3953 3596 Car-

2353 3616 2587 3685 thagine,
2634 3621 2822 3677 saltem
2869 3623 3086 3681 ineunte
3130 3627 3326 3682 sacculo
3371 3639 3579 3700 quarto,
3629 3630 3950 3690 Nostrarum

2349 3711 2617 3767 celebrem
2649 3714 2814 3771 fuisse
2844 3720 3181 3775 memoriam.
3330 3787 3354 3810 ο

2424 3805 2518 3860 Est
2553 3807 2719 3875 aliud,
2749 3809 2891 3880 quod
2919 3813 3059 3866 circa
3092 3805 3432 3870 Liberian'um
3453 3809 3618 3872 istum
3652 3831 3947 3891 martyrum

2350 3900 2666 3957 latcrculum
2715 3905 3000 3976 diligenter
3029 3909 3183 3962 velim
3209 3910 3663 3977 animadverti,ex
3693 3930 3798 3984 quo
3821 3930 3950 3969 nos-

2351 4002 2550 4050 trartnn
2579 4008 2874 4070 martyrum
2905 4000 3080 4056 cultus
3107 4017 3211 4056 non
3253 4013 3488 4058 vetustas
3530 4005 3708 4072 modo,
3755 4009 3846 4061 sed
3896 4019 3955 4064 et

2348 4089 2631 4145 celebritas
2661 4091 2881 4164 intelligi
2927 4094 3081 4150 facile
3109 4105 3317 4164 potest:
3347 4095 3608 4169 Martyres
3646 4099 3850 4155 scilicet
3896 4102 3950 4155 in

2348 4197 2412 4234 eo
2443 4184 2750 4239 calendario
2795 4187 3094 4256 descriptos
3114 4230 3127 4254 ,
3162 4198 3358 4258 praeter
3385 4188 3606 4245 Nostras
3635 4202 3692 4246 et
3719 4191 3951 4265 Cypria.

2349 4291 2496 4340 num,
2545 4293 2732 4332 omnes
2777 4294 2897 4334 esse
2942 4279 3213 4335 Romanos
3249 4299 3260 4334 :
3296 4297 3489 4351 neque,
3535 4283 3618 4337 his
3649 4287 3816 4339 tribus
3850 4303 3957 4341 cx-

2347 4369 2538 4437 ccptis,
2574 4369 2738 4423 ullum
2777 4372 2828 4424 in
2859 4387 2922 4426 eo
2953 4374 3150 4428 exteris
3199 4374 3525 4445 martyribus
3574 4377 3750 4432 locum
3799 4387 3949 4434 esse.

2346 4461 2496 4528 Quod
2529 4465 2762 4531 profecto
2795 4465 2939 4521 clare
2969 4477 3023 4522 et
3058 4477 3240 4537 aperte
3287 4469 3638 4537 demonstrat,
3681 4487 3840 4542 quam
3881 4472 3957 4527 ab

2269 4553 2322 4613 D
2349 4555 2581 4625 antiquis
2627 4559 2956 4628 temporibus
2997 4561 3048 4614 in
3088 4576 3183 4616 ore
3221 4561 3374 4616 fama:
3414 4562 3649 4632 prardit'ti
3683 4573 3956 4633 martyres

2347 4639 2709 4706 vcrsarbntur.
2732 4651 2958 4708 Sanctos
2983 4653 3196 4724 quidem
3225 4663 3508 4727 martyres,
3539 4670 3642 4710 non
3667 4655 3757 4709 nni
3786 4657 3957 4711 alicui

2349 4738 2623 4809 Ecclesizn,
2659 4745 2750 4799 sed
2782 4746 3052 4813 omnibus,
3087 4763 3115 4802 a
3143 4747 3332 4818 primis
3358 4748 3662 4804 christianm
3697 4748 3817 4803 fidei
3847 4767 3958 4803 sa!-

2347 4836 2503 4902 culis,
2546 4837 2706 4893 fuisse
2747 4838 3052 4909 deputatus,
3097 4841 3234 4896 haud
3275 4843 3463 4897 inscite
3493 4843 3810 4898 Oxoniensis
3837 4841 3955 4914 Cy-

2347 4931 2518 5001 priani
2547 4933 2778 5002 Operum
2813 4933 3000 4990 Editor
3028 4937 3364 4999 observavit;
3411 4946 3491 4991 est
3536 4945 3710 4990 tamen
3743 4937 3954 5006 aliquid

2348 5026 2400 5078 in
2428 5025 2544 5094 ejus
2571 5026 2766 5092 verbis,
2803 5043 2900 5098 pro
2927 5029 3159 5097 illorum,
3192 5029 3258 5085 de
3289 5031 3482 5101 quibus
3526 5030 3780 5101 loquitur,
3812 5040 3959 5085 tem-

2348 5134 2535 5188 porum
2578 5120 2902 5183 conditione.
2952 5137 3054 5176 noa
3111 5125 3241 5176 satis
3285 5131 3532 5178 accurate
3569 5123 3766 5178 dictum
3809 5142 3821 5176 :
3860 5123 3958 5176 γε-

2346 5211 2523 5265 demus
2553 5212 2706 5276 enim,
2739 5213 2898 5284 inquit
2929 5213 3033 5285 (Ξ),
3064 5214 3186 5267 Acta
3210 5225 3495 5286 martyrum
3530 5216 3593 5269 ab
3630 5233 3729 5268 una
3763 5215 3953 5270 Eccle-

2343 5308 2420 5361 sia
2438 5309 2505 5360 ad
2524 5309 2654 5362 alias
2680 5311 3008 5373 transmissa;
3039 5319 3084 5362 et
3103 5310 3424 5379 singularum
3465 5310 3788 5365 ecclesiarum
3809 5328 3958 5363 mur-

2346 5404 2597 5475 tyrologia
2643 5420 2742 5457 non
2785 5420 2992 5458 suorum
3036 5406 3208 5471 modo,
3254 5405 3344 5460 sed
3384 5416 3429 5460 et
3469 5409 3619 5477 longe
3652 5405 3954 5459 dissitorum

2345 5496 2605 5552 hominum
2632 5498 2839 5552 nomina
2864 5499 3140 5553 continere.

2528 5657 2647 5713 Lib.
2693 5657 3108 5742 d_e_Pra:script.,
3141 5676 3258 5732 cap.
3291 5661 3382 5728 52,
3435 5671 3488 5716 et
3512 5661 3604 5717 lib.
3634 5662 3698 5716 de
3741 5661 3954 5719 Corona

2346 5728 2527 5795 Milit.,
2562 5746 2680 5826 cap.
2711 5732 2799 5814 μδ.
2907 5805 2928 5819 Ἴ
2969 5728 3019 5818 ,⁷
3109 5804 3119 5820 ν
3210 5728 3240 5816 '_
3286 5804 3297 5817 .
3350 5804 3360 5814 .
3669 5805 3681 5816 .
3757 5806 3769 5818 .

2417 5802 2495 5873 (2)
2532 5802 2748 5859 Iubam
2771 5804 2839 5859 ad
2877 5805 3047 5875 Epist.
3078 5804 3318 5873 Lelermt,
3349 5813 3488 5862 inter
3523 5803 3817 5876 Cypnamc.
3850 5805 3951 5864 ει.
