4190 6246
650 346 720 413 67
1822 348 2272 415 DlSSEBTATlO
2312 350 2784 412 Al’ULOGETlCA
3888 351 3960 411 68

647 486 940 542 auctorem,
985 474 1303 546 quicumque
1335 475 1422 533 ille
1457 474 1648 543 fuerit,
1687 475 2114 546 etAugnstiuum
2156 487 2252 543 op—
2279 470 2331 530 A
2358 471 2469 530 loco
2494 473 2665 536 suain
2695 488 2793 541 quo
2811 470 3015 543 paciﬁci
3042 470 3266 543 episcOpi
3306 478 3440 526 retro
3479 468 3720 543 temporis
3759 469 3954 524 obtule-

648 569 774 623 time
805 568 1053 624 convenit
1086 586 1098 622 :
1141 585 1312 640 reque
1351 578 1455 625 tam
1490 570 1590 624 lcvi
1649 569 1900 637 inanique
1937 568 2246 637 conjectura

643 661 891 715 laudatus
921 677 1102 717 sermo
1125 663 1420 734 Augustino
1445 661 1615 716 fuerat
1649 662 2061 731 abjudicaudus.

712 755 1052 810 Conc‘rdatur
1083 769 1260 811 tamen
1307 771 1482 826 neque
1539 757 1714 822 hunc,
1751 771 1925 826 neque
1973 755 2109 809 duos
2154 769 2244 808 se-

641 858 866 916 quentes
891 863 1169 904 sermones
1197 851 1251 903 in
1286 849 1463 904 Natali
1493 859 1772 919 martyrum
1800 847 2065 916 Perpetua:
2083 847 2247 903 ctl’e-

643 941 848 995 licitatis
869 983 883 1004 ,
916 943 1005 1012 qui
1039 943 1199 997 modo
1241 945 1380 997 inter
1411 943 1527 1012 ejus
1566 951 1620 996 et
1648 957 1810 1010 Opera
1839 951 2054 998 exstant
2077 983 2093 1007 ,
2130 943 2241 998 Au-

640 1034 835 1102 gustini
878 1049 1036 1089 esse:
1069 1049 1138 1089 an
1166 1043 1350 1089 contra
1389 1045 1632 1103 apertum
1665 1033 1894 1088 Possidii
1935 1049 2056 1090 cs-e
2089 1033 2244 1088 testi-

647 1127 883 1180 mouimn
904 1127 1138 1196 negabit,
1157 1123 1258 1181 tre!
1278 1127 1333 1182 Β.
1365 1127 1646 1182 Ductorem
1678 1127 1742 1180 de
1770 1126 1947 1180 Natali
1977 1126 2247 1197 Perpetua:

642 1229 690 1272 et
744 1217 1026 1274 Felicitatis
1071 1229 1318 1275 tractatus
1360 1218 1644 1284 habuisse?
1690 1219 1948 1289 Adeoque
1996 1234 2087 1273 cas
2149 1233 2246 1288 pro

643 1313 784 1366 veris
801 1311 1187 1382 (-atholicisque
1213 1311 1539 1382 martyribus
1562 1325 1591 1364 a
1611 1319 1796 1366 sancto
1823 1311 2051 1368 ltoctorc
2079 1310 2244 1366 fuisse

646 1406 890 1470 habitas,
923 1415 978 1461 et
1017 1408 1207 1476 quinto
1248 1407 1468 1460 ineunte
1514 1405 1711 1460 siccqu
1757 1404 2028 1461 celebrem
2079 1403 2244 1460 fuisse

644 1517 828 1556 earum
882 1501 933 1555 in
973 1502 1151 1556 Africa
1191 1499 1613 1556 solemnitatem?
1653 1499 1736 1554 An
1783 1499 1995 1569 negabit
2034 1499 2244 1569 Augus-

646 1595 741 1648 tini
796 1612 918 1652 esse
989 1595 1388 1651 enarrationem
1451 1595 1504 1648 in
1579 1595 1845 1648 l’salmum
1904 1609 2093 1660 xuu,
2152 1593 2245 1648 ubi

645 1689 704 1745 S.
734 1690 1016 1763 Perpetua;
1045 1692 1290 1746 meminit
1314 1735 1326 1754 ,
1359 1700 1414 1744 et
1440 1689 1556 1759 ejus
1584 1701 1701 1744 acta
1733 1690 1942 1759 pullilit'e
1970 1689 2022 1744 in
2054 1690 2243 1744 Eccle-

641 1787 738 1841 siis
763 1788 898 1841 lecta
929 1786 1093 1842 fuisse
1135 1784 1440 1856 signiﬁcat?
1489 1783 1632 1840 Sicut
1664 1786 1914 1849 nouimus,
1950 1785 2154 1855 inquit,
2191 1795 2240 1840 et

2352 577 2508 632 runt,
2544 564 2835 637 Cyprianus
2860 610 2874 634 ,
2919 564 3179 620 Lucianus
3208 576 3256 621 et
3296 566 3486 620 caeteri.
3546 563 3635 620 Sic
3664 564 3854 618 exitum
3885 573 3954 618 est

2353 661 2516 730 foras,
2549 669 2597 714 et
2625 660 2788 714 altare
2818 669 2994 716 contra
3024 659 3187 714 altare
3214 668 3435 716 erectum
3462 667 3554 723 est,
3584 668 3692 713 etc.
3726 657 3802 712 De
3832 656 3952 724 hac,

2353 751 2606 822 inquam,
2638 749 2856 807 basilica
2891 767 2986 807 seu
3028 753 3282 824 majorum
3307 793 3323 819 ,
3357 766 3452 806 seu
3498 751 3732 806 restituta
3760 792 3772 814 ,
3806 748 3955 821 loqui

2352 844 2454 900 hoc
2484 845 2601 901 loco
2628 856 2870 902 sanctum
2898 844 3148 915 Optatum
3179 843 3452 912 exisdmo,
3487 852 3773 915 propterea
3810 843 3954 914 quod

2350 952 2380 991 a
2410 936 2624 993 Victore
2656 937 2854 996 \itcnsi
2885 939 3160 994 memoria:
3187 937 3459 1012 proditum
3483 937 3573 993 fuit
3601 935 3704 1010 (l),
3734 936 3956 992 Cartha-

2350 1031 2650 1102 ginensium
2697 1035 3075 1105 episcoporum
3117 1032 3303 1100 sedem
3350 1033 3459 1088 illic
3501 1049 3716 1104 semper
3747 1033 3910 1088 fuisse
3936 1073 3952 1098 ,

2349 1141 2412 1180 ac
2439 1124 2791 1181 domicilium.
2837 1129 3004 1183 Porro
3042 1127 3095 1182 in
3128 1126 3228 1184 hac
3253 1127 3480 1184 ecclesia
3511 1144 3670 1198 quatn
3715 1127 3956 1184 omnium

2348 1216 2847 1289 Carthaginensium
2877 1231 3112 1284 statuere
3135 1220 3259 1292 jure
3281 1219 3484 1292 optimo
3504 1236 3789 1292 possumus
3804 1220 3952 1275 cclc-

2350 1312 2639 1376 berrimam
2664 1314 2817 1385 juxta
2860 1324 3021 1385 atque
3062 1314 3531 1386 antiquissimam,
3579 1316 3859 1388 Perpetua:
3900 1322 3956 1369 et;

2351 1405 2646 1463 Felicitatis
2675 1407 2887 1466 condita
2937 1407 3105 1474 fuisse
3129 1450 3145 1477 ,
3193 1424 3418 1481 corpora
3447 1452 3462 1480 ,
3497 1410 3742 1466 laudatus
3769 1408 3955 1465 Victor

2350 1496 2584 1552 Viteusis
2603 1499 2751 1554 testis
2768 1499 3220 1572 locupletissimus
3247 1512 3329 1556 est
3359 1500 3436 1577 (2)
3458 1520 3469 1556 :
3489 1500 3766 1556 Basilicam
3790 1502 3953 1572 majo-

2348 1609 2475 1664 rem,
2509 1596 2592 1651 ubi
2621 1610 2838 1664 corpora
2858 1602 3162 1648 sanctarum
3191 1604 3477 1666 martyrum
3507 1595 3778 1666 Perpetua:
3805 1605 3953 1662 atque

2352 1692 2636 1754 Felicitatis
2665 1691 2866 1763 sepulta
2895 1698 3108 1744 sunt....
3143 1689 3267 1744 Sua:
3308 1690 3542 1762 religioni
3568 1689 3838 1763 (Vandali)
3883 1691 3952 1745 li-

2349 1787 2513 1844 contio
2539 1783 2808 1855 tyrannica
2843 1783 3221 1851 manciparunt.
3253 1782 3366 1840 Imo
3393 1799 3456 1838 cx
3489 1783 3771 1858 Perpetua:
3802 1800 3952 1840 cam-

644 1881 856 1951 legimus
886 1882 939 1934 in
970 1880 1204 1948 passione
1242 1879 1402 1932 beatis
1447 1876 1738 1948 Perpetua.
1781 1877 1886 1935 Sed
1917 1887 1974 1932 et
2005 1878 2056 1932 iu
2091 1878 2242 1934 libris
2273 1875 2323 1938 Β
2352 1877 2472 1932 dem
2525 1861 2800 1945 basilicam
2867 1875 3193 1948 appellatam
3253 1874 3418 1930 fuisse
3479 1875 3695 1932 nomine
3719 1918 3734 1945 ,
3807 1876 3952 1932 haud

643 1975 708 2027 de
757 1974 942 2028 Anima
989 1984 1035 2027 et
1079 1975 1189 2040 eius
1239 1972 1434 2044 origine
1499 1972 1578 2044 (1)
1652 1971 1970 2041 Perpetuam
2045 1971 2242 2042 ubique

646 2078 884 2121 sanctam
932 2065 1208 2136 appellat:
1249 2075 1306 2120 et
1348 2065 1596 2136 quamvis
1644 2064 1761 2135 ejus
1794 2065 2060 2134 passionis
2109 2067 2242 2123 Acta

642 2160 1038 2230 Scripturarum
1071 2173 1278 2214 canone
1319 2161 1555 2226 eximat,
1592 2174 1765 2228 neque
1789 2174 1854 2213 ex
1884 2159 1962 2214 eis
1995 2161 2242 2216 testimo-

643 2254 727 2307 nia
758 2253 979 2322 proferri
1009 2252 1135 2307 velit
1159 2252 1420 2307 adversus
1447 2251 1565 2306 ﬁdei
1610 2254 1901 2324 mysteria;
1933 2253 2125 2310 eodem
2157 2264 2240 2308 ta-

646 2360 766 2400 men
794 2359 1021 2400 numero
1049 2359 1113 2399 ac
1142 2343 1314 2414 pretio
1350 2343 1510 2399 habet
1533 2361 1639 2414 quo
1691 2355 2011 2402 cancrorum
2041 2358 2242 2419 marty-

644 2455 760 2494 rum
793 2451 930 2506 acta,
958 2437 1203 2494 eamdem
1242 2438 1346 2494 illis
1390 2453 1453 2492 ac
1497 2443 1712 2495 castoris
1762 2441 1920 2495 ﬁdem
1981 2441 2242 2511 adhibet,

641 2549 818 2603 neque
857 2533 1006 2588 ullibi
1052 2531 1333 2603 Perpetuac
1380 2533 1616 2589 visiones
1669 2549 1765 2604 pro
1803 2537 2240 2595 muliercularum

642 2627 924 2682 insomniis
981 2625 1179 2689 habet,
1228 2626 1386 2683 veluti
1431 2627 1876 2685 Montanistarum
1943 2631 2194 2700 ﬁgmenta
2224 2676 2238 2699 ,

641 2731 728 2773 aut
763 2717 980 2772 humani
1011 2720 1229 2788 spiritus
1277 2718 1669 2775 ludilicationes
1692 2720 1931 2792 explodit
1957 2739 1970 2775 :
1999 2723 2242 2794 adeoque

639 2826 668 2865 a
711 2812 826 2865 Deo
857 2811 1121 2865 immissas
1151 2809 1314 2865 fuisse
1356 2820 1411 2866 et
1466 2813 1567 2866 hoc
1599 2825 1759 2867 sensu
1791 2815 2010 2881 divinas,
2044 2831 2105 2868 ea
2137 2815 2241 2872 ﬁde

641 2904 848 2964 credit.
880 2919 1037 2974 quam
1073 2903 1374 2972 hujusmodi
1424 2905 1787 2959 monumentis
1834 2907 2091 2962 adhibere
2139 2910 2236 2965 viri

639 2998 919 3068 prudentia
948 2997 1216 3066 etjudieio
1246 2996 1452 3067 prmditi
1481 3007 1896 3054 consueverunt.

718 3090 780 3142 γ.
830 3090 934 3146 Sed
966 3092 1247 3157 ou'mibus,
1283 3106 1399 3160 qua:
1430 3090 1687 3145 hactenus
1721 3092 2102 3160 produximus,
2149 3112 2239 3150 ar-

643 3187 908 3258 gumentis
938 3185 1256 3240 luculentius
1279 3195 1362 3240 est
1380 3185 1530 3252 illud,
1549 3186 1688 3255 quod
1717 3203 1782 3242 ex
1804 3187 2044 3243 Basilica:
2062 3190 2236 3260 digiti-

2349 1972 2579 2032 obscure
2616 1969 2885 2041 colligitur
2932 1985 2995 2026 ex
3041 1970 3173 2025 actis
3201 1969 3424 2026 secundi
3455 1969 3681 2026 Coucilii
3726 1970 3953 2027 Cartha.

2348 2065 2586 2134 gincusis
2613 2065 2754 2134 quod
2797 2062 3036 2117 habitum
3071 2063 3235 2118 fuisse
3276 2063 3475 2119 dicitur
3500 2064 3553 2117 in
3580 2063 3789 2119 basilica
3821 2064 3954 2120 Pcr-

2350 2168 2498 2227 petua
2543 2157 2706 2231 (forte
2735 2172 2801 2212 au
2837 2156 3134 2230 Pet-petum)
3179 2158 3444 2214 restituta.
3480 2159 3593 2215 lloc
3621 2168 3800 2216 autem
3828 2174 3952 2215 esse

2348 2262 2476 2322 puto
2507 2251 2860 2321 antiquissimi
2887 2261 2940 2306 et
2968 2253 3312 2319 celeberrimi
3340 2255 3534 2320 cultus,
3563 2263 3617 2310 ct
3637 2270 3820 2310 earum
3851 2270 3949 2311 or-

2351 2344 2623 2410 thodoxia‘:
2653 2342 3118 2404 evidentissimum
3144 2356 3537 2417 argumentum.

2425 2438 2854 2492 Vetustissimqu
2910 2438 3077 2494 fuisse
3104 2441 3156 2494 iu
3203 2440 3443 2496 Ecclesia
3477 2457 3678 2498 morem
3708 2485 3720 2506 ,
3763 2453 3816 2497 et
3848 2441 3952 2511 ipsi

2356 2547 2490 2602 pene
2551 2530 2858 2585 christiana:
2915 2532 3158 2602 religioni
3215 2549 3497 2602 coau'um,
3558 2545 3614 2590 ut
3682 2535 3952 2590 catholica

2350 2623 2506 2693 plebs
2534 2623 2600 2676 ad
2627 2623 2915 2678 memorias
2955 2634 3247 2696 martyrum
3276 2627 3608 2693 conveniret,
3662 2637 3715 2681 ct
3741 2643 3804 2682 ca
3829 2628 3950 2683 loca

2348 2715 2750 2787 (rcquentarct,
2807 2731 2868 2770 ac
2917 2717 3162 2786 religiosa
3228 2720 3515 2776 devotione
3558 2720 3799 2785 eolcrct,
3851 2720 3945 2775 ubi

2347 2827 2512 2868 sacra:
2563 2813 2799 2880 ipsorum
2849 2811 3055 2866 exuvias
3086 2812 3316 2874 condita:
3367 2812 3611 2882 fuerant,
3671 2829 3827 2868 nemo
3855 2814 3945 2884 qui

2347 2905 2624 2963 historiam
2689 2905 3108 2962 ecclesiasticam
3165 2907 3247 2962 vel
3305 2922 3336 2962 a
3411 2908 3592 2970 limine
3660 2907 3946 2976 salutarit,

2346 3000 2575 3069 ignorat.
2609 2998 2684 3052 De
2732 2999 2970 3053 romanis
3019 3001 3383 3056 monumentis
3409 3043 3430 3072 ,ἢ
3472 3002 3522 3056 111
3555 3003 3749 3074 quibus
3792 3017 3952 3057 sacra

2346 3090 2727 3161 Apostolorum
2754 3106 2980 3162 corpora
3020 3091 3263 3162 deposita
3303 3093 3543 3161 fuerant,
3581 3095 3630 3148 id
3666 3095 3948 3150 manifeste

2347 3193 2572 3238 testatur
2600 3183 2904 3256 Zephyriou
2931 3187 3154 3255 aequalis
3179 3185 3420 3258 adeoque
3449 3184 3800 3262 Tertulliauo,
3825 3189 3951 3245 Per-

643 3289 750 3334 tate
772 3322 785 3346 ,
837 3295 898 3333 ac
926 3287 1186 3334 vetustate
1212 3279 1520 3342 conﬁcitur,
1573 3296 1732 3349 quam
1762 3281 2083 3353 Carthagine
2111 3285 2238 3338 l—‘cr-
2266 3273 2313 3340 C
2348 3288 2521 3347 Delum
2562 3288 2616 3332 Cl
2672 3276 2934 3334 Felicilali
2986 3279 3326 3351 synchronus
3383 3279 3545 3335 Caius
3575 3299 3587 3334 :
3623 3281 3730 3354 Ego
3777 3298 3893 3336 vero
3927 3324 3946 3350 ,

637 3367 794 3442 peiua
825 3387 888 3426 ac
921 3369 1170 3426 Felicitas
1199 3371 1518 3427 habuerunt.
1553 3371 1919 3430 Celeberrima
1965 3378 2232 3448 siquidem

638 3475 692 3520 et
735 3465 1105 3536 antiquissima
1156 3466 1398 3520 omnium
1438 3467 1790 3522 ecclesiarum
1841 3469 2236 3543 Garthaginen-

636 3561 795 3627 sium,
829 3569 902 3627 et,
937 3569 993 3614 ut
1024 3559 1182 3615 modo
1208 3560 1425 3626 dicitur,
1451 3560 1650 3616 Matris
1685 3563 1774 3617 illa
1806 3563 1970 3619 fuisse
2025 3568 2238 3627 videtur

636 3669 754 3723 qua:
773 3654 824 3708 111
842 3652 1076 3723 antiquis
1099 3652 1458 3707 monumentis
1479 3654 1640 3709 modo
1653 3656 1860 3709 basilica
1882 3659 2114 3714 restituta
2133 3663 2231 3734 (2),

638 3745 796 3799 modo
822 3745 1031 3799 basilica
1062 3746 1312 3814 majorum
1343 3744 1444 3818 (ὅ),
1472 3747 1631 3801 modo
1666 3749 1877 3804 basilica
1908 3755 2072 3823 major
2111 3756 2189 3828 (4)
2218 3800 2232 3826 ,

636 3837 794 3893 modo
823 3838 890 3890 ad
919 3838 1138 3908 majores
1183 3835 1298 3910 (5),
1331 3851 1691 3909 nuncupatur.
1723 3842 1777 3896 lu
1811 3859 1871 3896 ea
1902 3856 2086 3915 utpote
2116 3864 2234 3902 ma-

570 3988 578 3993 .
631 3930 734 4000 jori
769 3931 938 4000 plebis
963 3929 1402 4002 Carthaginensis
1432 3948 1694 3989 concursu
1723 3935 2084 4007 frequentata,
2123 3942 2236 4010 ple-

633 4025 786 4095 rique
827 4026 1105 4095 Augustiui
1147 4041 1429 4082 sermones
1473 4026 1636 4082 habiti
1683 4040 1806 4083 sunt
1839 4048 2024 4086 eorum
2053 4075 2065 4094 ,
2100 4048 2236 4104 quos

635 4128 858 4173 sanctus
886 4117 1078 4174 doctor
1105 4117 1429 4191 Carthagine
1459 4105 1720 4176 recitavit.
1753 4122 1808 4177 In
1840 4142 1899 4179 ea
1932 4126 2233 4183 Concilium

633 4210 931 4266 secundum
959 4209 1388 4282 Carthaginense
1439 4215 1538 4268 sub
1583 4214 1830 4271 Geuetlio
1860 4235 1999 4272 anno
2027 4236 2194 4275 cccxc
2217 4264 2230 4287 ,

633 4314 682 4359 et
717 4316 931 4361 caetera:
953 4305 1209 4376 deinceps
1231 4307 1684 4377 Carthaginienses
1717 4311 1907 4380 synodi
1946 4313 2233 4370 celebratae

631 4410 777 4453 sunt.
813 4401 883 4454 De
907 4400 1006 4453 hac
1046 4399 1232 4453 eadem
1263 4401 1483 4455 basilica
1517 4403 1918 4471 intelligendum
1952 4415 2075 4475 puto
2104 4425 2230 4464 san-

634 4502 778 4546 ctum
856 4495 1106 4562 Optatum
1178 4492 1578 4562 Milevitanum,
1631 4497 1716 4551 ubi
1769 4498 1836 4552 dc
1884 4500 2228 4558 schismatica

633 4585 876 4652 Majoriui
925 4585 1262 4643 ordinatione
1309 4588 1570 4659 loquens,
1609 4590 1724 4646 Irrc
1757 4591 1915 4649 habet
1947 4593 2024 4667 (6)
2075 4613 2091 4648 ι
2139 4595 2229 4649 In.

2343 3370 2510 3440 inquit
2535 3369 3016 3442 (5),Apostolorum
3044 3384 3235 3444 tropica
3252 3391 3459 3443 possunt
3492 3375 3774 3442 ostendere.
3805 3374 3948 3428 Nam

2342 3467 2442 3520 sive
2471 3467 2522 3518 in
2553 3463 2875 3534 Vaticanum,
2905 3468 3006 3522 sive
3026 3467 3093 3522 ad
3114 3467 3392 3521 Ostiensem
3424 3469 3554 3521 viam
3579 3485 3786 3539 pergere
3799 3468 3945 3533 libet,

2341 3567 2608 3611 occurrent
2637 3559 2724 3616 tibi
2764 3569 2957 3630 tropaza
2984 3577 3158 3615 eorum
3178 3601 3193 3627 ,
3223 3562 3311 3632 qui
3341 3561 3598 3614 ecclesiam
3629 3560 3771 3613 illam
3813 3563 3948 3630 [un-

2342 3648 2609 3703 davcrunt.
2682 3650 2740 3705 In
2799 3652 2984 3707 iisdem
3044 3652 3178 3707 locis
3227 3652 3545 3722 ampliﬁcata
3594 3651 3947 3722 postmodum

2342 3741 2600 3812 religione
2619 3783 2634 3808 ,
2662 3754 2716 3797 et
2743 3743 2980 3798 Ecclesia
3025 3760 3056 3800 a
3096 3745 3563 3815 persecutionibus
3593 3745 3899 3815 respirante
3925 3788 3946 3814 ,

2341 3843 2640 3890 exstructas
2671 3835 2833 3890 fuisse
2878 3835 3166 3910 basilicas,
3231 3852 3522 3907 sacrasque
3568 3835 3760 3891 domos
3808 3837 3946 3891 reli-

2338 3927 2502 3998 giosis
2539 3930 2718 3990 usibus
2750 3929 3078 4000 mancipatus
3103 3970 3118 3995 ,
3161 3930 3325 3985 etiam
3357 3937 3586 3985 constat.
3627 3928 3755 3984 illud
3787 3928 3945 3983 deni-

2339 4037 2443 4091 que
2469 4037 2532 4076 ex
2559 4022 2790 4094 antiquis
2833 4023 3192 4080 monumentis
3218 4033 3555 4095 compertum
3580 4033 3684 4090 cst,
3711 4030 3764 4078 et
3798 4021 3944 4077 ratio

2340 4114 2453 4186 ipsa
2481 4116 2709 4182 suadet,
2756 4117 3083 4172 celebriores
3126 4126 3288 4188 atque
3334 4117 3652 4188 insigniores
3690 4114 3943 4170 basilicas

2341 4208 2724 4282 ittsiguioribus
2774 4221 2935 4280 atquc
2986 4201 3365 4264 illustriOribus
3411 4209 3574 4264 fuisse
3612 4207 3944 4278 martyribus

2339 4299 2661 4365 adiﬁcatas;
2687 4309 2779 4356 aut
2799 4302 2986 4356 saltem
3013 4301 3366 4356 celebriormu
3396 4311 3555 4371 atque
3585 4301 3940 4371 insignioruui

2340 4403 2634 4464 martyrum
2667 4403 2865 4463 λείψαγκ
2912 4395 2962 4449 111
2993 4394 3318 4450 cclcbriows
3349 4404 3398 4448 ct
3427 4395 3744 4465 insigniores
3790 4392 3937 4445 basi-

2336 4487 2468 4542 licas
2495 4488 2656 4546 fuisse
2702 4488 2980 4544 translata.
3033 4490 3340 4544 l’ratstsrtim
3395 4505 3522 4543 vero
3556 4486 3786 4557 majores
3829 4486 3940 4539 Ec-

2336 4577 2514 4634 clesia:
2560 4592 2617 4635 ut
2667 4583 3058 4652 pi'wcipuorum
3109 4593 3405 4653 martyrmu
3441 4578 3937 4652 reliquiisdecora-

635 4690 768 4733 terea
792 4679 860 4732 ad
878 4676 1160 4740 basilicam,
1188 4680 1276 4734 ubi
1295 4698 1407 4734 cum
1436 4681 1710 4736 (th'iliano
1733 4695 1836 4737 tota
1859 4687 2034 4740 civitas
2061 4688 2110 4740 in
2128 4692 2233 4758 [re-
2256 4675 2312 4737 ι)
2341 4682 2524 4726 remur
2548 4714 2561 4739 1
2591 4688 2716 4728 cum
2750 4676 3122 4745 episcoporum
3172 4674 3271 4729 fu”
3297 4694 3306 4727 ³
3334 4675 3493 4754 idque
3544 4684 3652 4728 mm
3715 4681 3940 4742 ιποριετ

632 4772 835 4843 quentia
849 4775 1035 4840 fuerat,
1063 4770 1235 4825 nullus
1256 4772 1319 4826 de
1344 4791 1499 4844 supra
1519 4775 1667 4829 dictis
1697 4780 1928 4832 accessit.
1961 4779 2024 4833 Et
2071 4780 2230 4848 paulo

635 4874 788 4930 post:
812 4863 903 4918 illo
919 4872 1159 4934 tempore
1173 4874 1263 4918 aut
1279 4881 1401 4920 rcus
1419 4865 1778 4939 (Carciliauus)
1800 4869 2007 4924 debebat
2020 4873 2226 4940 expelli,

631 4969 718 5014 aut
745 4958 1108 5013 communicari
1137 4958 1304 5012 debuit
1332 4961 1606 5015 innocenti.
1642 4961 1886 5036 Conferta
1914 4976 2020 5018 erat
2049 4963 2229 5019 Eccle-

630 5057 706 5110 sia
726 5055 966 5126 populis:
991 5052 1142 5123 plena
1159 5064 1268 5109 erat
1298 5056 1540 5110 cathedra
1571 5057 1912 5130 episcopalis:
1938 5070 2043 5113 erat
2065 5061 2230 5115 altare

703 5192 780 5264 (Ι)
809 5193 929 5267 Yid.
956 5194 1049 5250 lib.
1077 5208 1116 5262 1,
1137 5208 1254 5263 cap.
1289 5193 1462 5260 10;et
1483 5193 1576 5262 lib.
1600 5210 1828 5267 m,.cap.
1852 5196 1938 5262 ll,
1959 5207 2013 5254 et
2043 5197 2225 5267 lib.1v,

627 5265 1038 5411 fdiéiiﬁIAcus
1066 5335 1256 5411 Conc.’
1280 5337 1591 5409 Carthagin.
1624 5355 1681 5404 u,
1724 5348 1776 5394 et
1811 5339 1951 5411 apud
1976 5342 2223 5410 AttguSt.,

625 5409 802 5482 Serm.
830 5410 920 5482 19,
949 5411 1172 5482 stt-apud
1201 5409 1401 5466 Victor.
1435 5411 1668 5480 Viteus.,
1689 5411 1782 5466 lib.
1807 5409 1939 5467 lfdc
1959 5409 2224 5468 Persecut.

635 5478 960 5678 ζὲἓῖαὲἓῖά
982 5553 1232 5627 August.,
1262 5553 1356 5610 lib.
1387 5554 1450 5610 de
1475 5554 1639 5618 aenis
1681 5554 1886 5634 Pelag»
1911 5572 2030 5629 (³³1)·
2061 5559 2148 5626 ¹¹ν
2173 5567 2226 5614 θ’

989 5698 1385 5763 eumd.,Serm.
1411 5697 1538 5764 958,
1570 5699 2218 5772 etapudVictor.Vitcits.,

693 5839 768 5914 (ξ)
797 5838 955 5914 _.-\_pud
978 5842 1236 5914 August.,
1289 5857 1455 5914 scrm.
1483 5843 1571 5903 δῖ.

681 5908 756 5988 (ὁ)
785 5908 914 5970 Lib.
944 5925 964 5968 1
987 5908 1180 5980 mitra
1208 5913 1544 5978 Pannonian.

2338 4766 2593 4836 majorem
2642 4769 2877 4840 ipsorum
2926 4781 3220 4841 martyrum
3263 4771 3518 4840 gloriam,
3554 4779 3666 4824 tum
3715 4777 3941 4838 propter

2336 4860 2696 4917 Ecclesiarum
2730 4864 3093 4932 Splendorem,
3127 4875 3236 4920 tum
3267 4865 3499 4935 denique
3523 4864 3645 4936 quia
3681 4861 3941 4932 frequen-

2336 4956 2441 5008 tior
2471 4966 2586 5009 erat
2607 4954 2920 5010 christiana:
2950 4956 3120 5027 plebis
3141 4957 3208 5011 ad
3239 4957 3490 5014 matrices
3517 4954 3774 5012 ecclesias
3800 4967 3940 5008 con-

2330 5069 2560 5120 Clll‘SllS,
2631 5066 2790 5124 atque
2820 5066 2876 5109 ut
2923 5071 2987 5110 co
3039 5057 3199 5116 etiam
3247 5055 3577 5127 frequentius
3630 5052 3941 5124 praecipuo-

2329 5161 2450 5212 rum
2504 5157 2799 5218 martyrum
2857 5147 3144 5212 dcvotionc
3188 5148 3380 5205 allecta
3428 5145 3744 5204 conﬂueret.
3792 5143 3938 5199 Cum

2327 5239 2492 5309 igitur
2541 5241 2817 5310 Perpetua:
2860 5255 2911 5296 et
2960 5241 3253 5308 Felicitatis
3295 5257 3519 5313 corpora
3565 5242 3617 5316 in
3671 5237 3938 5309 majorem

2329 5336 2612 5402 ecclesiam
2658 5336 3133 5407 (jartbagincuscm
3182 5338 3324 5392 illata
3371 5337 3572 5402 fuisse,
3617 5350 3682 5394 ex
3711 5333 3938 5389 Victore

2403 5491 2482 5566 (ri)
2655 5507 2671 5547 1
2699 5491 2757 5546 tlc
2774 5489 3037 5548 Pcrsccut.
3058 5493 3321 5566 Africana.

2404 5564 2480 5635 (2)
2513 5563 2650 5635 Ibid.
3104 5563 3112 5566 '
3721 5603 3740 5622 .

2403 5627 2482 5706 (ὃ)
2520 5627 2626 5707 ἐγὼ
2659 5641 2707 5690 δὲ
2730 5641 2794 5692 τὰ
2827 5646 3043 5709 «petram:
3077 5651 3166 5693 τῶν
3202 5641 3474 5693 simas-610w
3503 5644 3597 5704 ἔχω
3626 5639 3812 5702 διὶξαι⁹
3850 5637 3935 5688 ἂν

2327 5713 2423 5779 ’γὰρ
2465 5717 2660 5786 θελχθῇς
2703 5715 2920 5773 ἀπελθεῖν
2951 5715 3028 5764 ἐπὶ
3073 5721 3151 5764 τὸν
3193 5722 3475 5782 tantum“,
3513 5721 3540 5769 ἢ
3570 5715 3646 5763 ἐπὶ
3673 5719 3760 5763 τὶν
3788 5710 3930 5770 ὁδὶν,

2325 5792 2417 5835 τὶν
2444 5793 2645 5841 Ωστίαν,
2680 5785 2878 5850 εὖρὲσεις
2919 5789 2980 5836 τὰ
3016 5793 3227 5850 cpe-rata
3266 5796 3354 5838 τῶν
3394 5791 3572 5842 ταύτην
3613 5785 3933 5850 ἱδρυσειμέςίωυ

2327 5864 2414 5927 τιξν
2444 5856 2708 5927 ἕηκληλξίαγ.
2730 5848 2948 5927 ὀἰδριῃἶ
2979 5848 3220 5907 adversus
3237 5853 3498 5927 lfroclum,
3524 5848 3668 5924 apud
3692 5848 3892 5908 Euseb.
3908 5887 3929 5927 ³

2327 5924 2527 5981 Hister.
2564 5922 2863 5980 Ecclesiast.
2897 5925 2989 5981 lib.
3021 5940 3077 5994 11,
3106 5939 3224 6002 cap.
