4242 6270
303 353 385 418 69
1269 365 1402 428 ι»Βο
1440 371 1537 429 SS.
1585 371 1975 442 PERPETUA,
2021 373 2430 436 FELICITATE
2475 378 2560 438 ΕΤ
2603 381 2838 443 SOCIIS.
3561 389 3629 450 70

301 481 516 538 Vitensi
561 482 902 552 habeamus;
938 486 1064 556 quin
1106 486 1249 544 inter
1279 490 1600 548 illustriores
1633 505 1914 567 martyres,
1947 498 1997 556 Α
2027 495 2256 565 denique
2284 499 2544 556 solemnis
2589 503 2837 560 sacriﬁcii
2870 505 3042 571 locus.
3075 506 3280 564 Caetera
3320 509 3532 571 altaria,
3572 521 3629 566 ut

298 585 590 647 antequam
613 593 678 634 eo
697 578 1047 651 inferrentur,
1107 584 1305 641 fuerint
1327 598 1622 645 numerata:
1643 592 1915 661 ambigere

302 687 418 725 non
450 671 734 732 debemus.

381 767 490 823 Sed
530 773 897 830 translationis
927 786 1166 846 tempus,
1201 787 1260 833 ut
1297 779 1366 834 de
1391 779 1569 836 cultus
1596 779 1913 851 antiquitate

303 861 713 954 etiamifonstet
738 909 752 932 ,
776 870 1073 924 eruendum
1113 883 1216 925 est.
1249 874 1404 927 Anno
1449 890 1614 931 cccxc
1641 918 1656 942 ,
1688 893 1795 947 quo
1821 893 1909 932 se-

303 955 539 1010 cundum
572 959 866 1014 concilium
893 960 1318 1033 Carthaginense
1341 965 1576 1021 habitum
1601 979 1704 1036 est,
1741 971 1910 1038 major

301 1047 528 1101 ecclesia
558 1049 999 1121 Carthagincnsis
1029 1070 1093 1126 ex
1142 1057 1420 1125 l’erpetuze
1452 1062 1690 1125 nemine,
1725 1073 1782 1116 ut
1827 1064 1908 1117 vi-

302 1141 525 1209 dimus,
555 1147 983 1215 nuncupabatur.
1024 1149 1101 1203 Eo
1153 1150 1312 1220 igitur
1356 1168 1502 1207 anno
1549 1156 1904 1225 antiquiorem

301 1245 544 1293 statuere
563 1241 824 1295 debemus
853 1258 1132 1298 sacrorum
1165 1246 1445 1314 pignorum
1477 1251 1905 1308 translationem.

298 1333 410 1390 Sub
451 1334 666 1391 Liberio
696 1336 1092 1393 Bucherianum
1124 1341 1486 1397 calendarium
1513 1386 1526 1408 ,
1557 1356 1612 1399 ut
1643 1345 1904 1414 diximus,

300 1427 684 1483 concinnatum
713 1439 817 1485 est.
850 1431 905 1485 In
936 1448 1023 1496 eo,
1055 1442 1190 1488 utet
1219 1434 1269 1488 itt
1298 1437 1548 1491 omnibus
1589 1442 1911 1510 martyrolo-

298 1520 423 1591 giis,
448 1521 730 1591 Perpetua:
753 1535 808 1578 et
833 1523 1128 1580 Felicitatis
1154 1526 1349 1584 festum
1377 1531 1530 1584 nonis
1554 1533 1758 1586 martiis
1783 1549 1911 1587 con-

300 1614 561 1683 signatur.
620 1615 771 1670 llnnc
824 1629 1004 1673 autem
1070 1637 1176 1674 nou
1246 1640 1430 1678 earum
1481 1628 1757 1698 martyrii,
1812 1629 1907 1684 sed

301 1707 664 1764 translationis
704 1725 824 1764 esse
854 1710 996 1766 diem
1023 1754 1037 1774 ,
1093 1712 1175 1768 Cl.
1209 1715 1398 1787 Pagius
1447 1717 1546 1772 hoc
1591 1731 1908 1789 at'gmuento

303 1799 502 1866 probat
531 1797 628 1870 (l).
663 1800 841 1856 Passw
868 1814 994 1858 sunt
1022 1804 1118 1860 SS.
1151 1807 1413 1878 Martyres
1453 1827 1560 1880 quo
1609 1812 1698 1867 die
1733 1817 1906 1870 natale

2021 589 2161 645 idem
2190 594 2441 648 observat
2465 597 2846 667 Albaspineus,
2875 601 2924 653 in
2955 602 3251 658 subsidium
3281 608 3621 659 communio-

2019 683 2102 735 nis
2132 695 2400 740 crstructa
2434 698 2578 752 sunt,
2605 690 2775 759 cujus.
2810 700 2865 744 ut
2895 693 3097 748 dictum
3123 705 3224 757 est,
3249 706 3492 750 centrum
3522 713 3614 752 cc-

2017 775 2180 831 clesia
2237 788 2290 833 et
2331 782 2502 835 altare
2545 783 2779 852 episcopi
2823 784 3175 840 habebantur.
3223 787 3278 840 lu
3323 788 3425 843 hoc
3468 789 3624 844 altari

2016 885 2099 938 qtr
2126 886 2173 924 tn
2216 870 2524 942 frequentes
2566 873 2829 931 Catholici
2871 883 3364 948 couunmticabant,
3403 894 3506 937 tam
3537 883 3614 950 ad

2015 961 2143 1016 illud
2181 964 2540 1023 scltistnaticis
2584 977 2638 1024 et
2693 971 2962 1026 haereticis
2999 975 3173 1028 nullus
3206 978 3612 1044 permittebatur

2015 1071 2264 1112 accessus
2297 1077 2308 1112 :
2339 1059 2717 1127 immoiode,vi
2741 1063 2902 1119 etiam
2928 1065 3618 1130 adhibita,extrndebantur

2013 1151 2101 1218 qui
2147 1151 2401 1207 Ecclesiae
2431 1155 2711 1210 catholica}
2741 1160 3121 1214 cmnmunione
3158 1161 3507 1228 excidissent,
3551 1177 3619 1218 ne

2015 1241 2175 1307 forte,
2208 1245 2277 1299 ob
2308 1245 2412 1300 loci
2443 1252 2780 1304 sanctitatem
2809 1262 2861 1307 et
2887 1253 3293 1322 amplitudinem
3322 1255 3375 1309 in
3400 1271 3506 1326 quo
3529 1272 3620 1310 ve-

2017 1343 2157 1389 teres
2195 1338 2478 1394 catbolica:
2530 1345 2926 1398 communionis
2974 1361 3156 1400 arcem
3198 1349 3609 1415 constituerant,

2014 1443 2110 1497 pro
2147 1430 2426 1486 catholicis
2473 1432 2818 1490 haberentur.
2873 1438 3039 1507 llujus
3092 1440 3169 1493 rei
3217 1451 3533 1510 argumento
3563 1441 3616 1496 id

2013 1534 2132 1573 esse
2155 1533 2352 1589 putest,
2383 1525 2523 1594 quod
2553 1526 2619 1579 de
2649 1527 2813 1581 Paulo
2841 1528 3195 1586 Samosatono
3223 1543 3406 1586 narrat
3448 1534 3615 1589 Euseo

2014 1611 2162 1677 hius;
2211 1616 2475 1671 neiat‘ium
2503 1619 2710 1677 scilicet
2763 1621 3179 1676 haeresiarcham
3219 1626 3484 1678 sententia
3525 1639 3614 1696 sy-

2015 1704 2137 1759 nodi
2166 1722 2594 1779 exaucmratum,
2636 1723 2690 1766 et
2719 1713 3062 1770 Antiocheno
3105 1717 3418 1785 episcopatu
3458 1715 3608 1784 deje-

2013 1806 2179 1866 ctmn,
2226 1801 2408 1867 domo,
2451 1805 2577 1858 sedc
2624 1816 2678 1860 et
2723 1807 2950 1861 ecclesia
2995 1809 3286 1878 episcopali
3331 1809 3611 1864 exturbari

302 1887 457 1944 Geta:
499 1889 728 1948 Cat-saris
776 1894 1056 1949 colebatur
1088 1913 1101 1949 :
1159 1897 1374 1953 Munere
1421 1905 1665 1956 castrensi
1699 1921 1902 1960 eramus
1932 1904 1979 1965 B
2013 1893 2318 1963 ιιευιίίιυίιιη
2352 1899 2586 1965 Ροῑυίεδυ
2644 1900 2901 1969 quamdiu
2925 1901 3180 1968 Ζθηθδίδν
3214 1903 3365 1971 cuius
3397 1904 3483 1958 me
3518 1903 3610 1957 fa“

296 1986 605 2051 pugnaturi.
638 1984 826 2040 Natale
865 1998 983 2042 tunc
1011 1988 1152 2045 Geta:
1185 1991 1424 2048 Cwsaris.
1464 1996 1531 2050 Et
1559 1997 1690 2052 inira
1720 2016 1732 2052 :
1766 2001 1906 2067 Quid

294 2077 478 2145 utique
522 2095 622 2130 non
675 2082 918 2149 permittis
957 2085 1259 2156 refrigerare
1309 2091 1478 2144 nomiis
1519 2089 1863 2151 Nobilissimis
1888 2140 1901 2162 ,

297 2169 530 2226 Cazsaris
558 2175 746 2229 scilicet
768 2219 782 2242 ,
831 2187 879 2230 et
925 2179 1089 2232 natali
1120 2182 1349 2249 ejusdem
1379 2188 1728 2256 pugnaturis?
1757 2191 1824 2244 At
1853 2191 1902 2245 in

295 2265 442 2320 diem
473 2270 753 2337 septimam
786 2275 1174 2344 martii,neque
1206 2276 1414 2346 imperii
1439 2279 1698 2347 Caesarei,
1729 2299 1904 2354 neque

295 2360 451 2414 Geta:
497 2363 675 2417 natale
700 2365 992 2433 genuinum
1037 2367 1325 2426 incidebat.
1360 2370 1527 2425 Natus
1556 2373 1698 2427 enim
1731 2374 1863 2431 Geta
1885 2419 1900 2444 ,

298 2460 445 2507 teste
474 2453 757 2524 Spartiano
786 2455 866 2528 (2)
895 2497 908 2522 ,
955 2469 1096 2512 sexto
1151 2462 1392 2516 calendas
1411 2465 1595 2532 junias
1620 2480 1636 2518 :
1657 2464 1902 2525 Ctesitrea

300 2561 433 2599 vero
463 2546 718 2616 dignitate
743 2565 887 2605 anno
907 2566 1098 2607 cxcvm
1122 2596 1135 2621 ,
1185 2571 1290 2609 non
1323 2566 1446 2612 ante
1473 2558 1616 2613 diem
1644 2575 1736 2615 xm
1767 2563 1906 2632 apri-

295 2638 364 2694 lis
390 2655 613 2698 ornatus
639 2655 723 2699 est
752 2666 765 2700 :
795 2642 858 2698 Et
899 2649 1031 2702 ratio
1061 2659 1152 2715 est,
1189 2650 1359 2721 inquit
1396 2652 1590 2723 Pagius
1616 2698 1628 2719 ,
1659 2657 1799 2725 quia,
1849 2667 1904 2711 nt

295 2749 418 2788 mox
448 2737 616 2792 visuri'
647 2755 847 2805 sumus,
877 2740 1144 2796 Coracalla
1185 2756 1298 2814 post
1354 2763 1468 2800 eum
1507 2750 1640 2802 diem
1667 2750 1903 2817 tribuni-

296 2826 425 2880 tiam
481 2839 784 2899 potestatem
823 2844 870 2888 et
909 2848 1211 2906 augusteam
1239 2839 1538 2910 dignitatem
1577 2860 1608 2895 a
1635 2854 1780 2912 patre
1815 2845 1905 2898 ob-

297 2921 490 2986 tinuit;
535 2934 589 2978 et
619 2927 912 2984 verisimile
941 2947 1045 2984 non
1094 2941 1178 2986 est
1223 2931 1417 2988 Getam
1463 2935 1708 2990 minorem
1735 2938 1903 3006 ﬁlium

298 3012 452 3080 prius
480 3032 511 3066 a
552 3027 688 3084 patre
727 3021 1014 3092 Augustum
1052 3037 1420 3097 nuncupatum.
1483 3028 1708 3101 Utraque
1737 3033 1905 3103 itaque

298 3109 619 3176 nuncupatio
663 3112 736 3165 vel
761 3115 935 3167 cedent
983 3125 1208 3184 tempore
1251 3131 1364 3188 post
1415 3138 1633 3176 mensem
1664 3127 1904 3180 martium

294 3197 458 3263 facta,
485 3201 563 3254 vel
590 3190 857 3258 Caracalla
899 3209 1036 3275 prius
1066 3209 1232 3264 dictus
1275 3214 1532 3284 Augustus
1578 3233 1728 3286 quant
1778 3217 1905 3273 Geta

2015 2003 2142 2043 vore
2173 1999 2224 2041 et
2253 1990 2423 2058 gratia
2454 1993 2719 2056 utebatur,
2762 2010 2940 2049 rerum
2967 1995 3022 2049 in
3047 1995 3269 2051 Oriente
3303 1996 3467 2066 potita
3498 2005 3604 2052 est.

2011 2082 2236 2138 Tamdiu
2286 2085 2428 2139 enim
2473 2100 2534 2139 se
2574 2102 2669 2155 pro
2719 2088 2958 2156 legitimo
2993 2091 3252 2160 episcopo
3299 2090 3606 2146 habendum

2009 2176 2354 2241 existimarit,
2385 2191 2438 2230 et
2467 2178 2788 2244 catholicam
2817 2182 3028 2250 plebem
3059 2182 3162 2242 sibi
3195 2185 3425 2238 retinere
3449 2200 3607 2255 posse

2008 2268 2252 2335 credidit,
2288 2271 2542 2340 quamdiu
2571 2271 2812 2337 domum,
2847 2277 3184 2343 cathedram,
3217 2278 3498 2336 basilicam
3551 2287 3610 2335 et

2008 2362 2175 2417 altare
2213 2375 2520 2432 occuparet,
2557 2364 2608 2418 in
2637 2381 2743 2435 quo
2767 2368 3000 2436 nmjores
3033 2371 3116 2423 sui
3147 2370 3362 2436 sedere,
3395 2369 3605 2440 plebem

2007 2453 2280 2523 colligere,
2329 2456 2630 2511 oblationes
2661 2469 2713 2512 et
2742 2471 2864 2513 vota
2895 2461 3079 2530 populi
3119 2463 3418 2532 suscipere,
3441 2473 3499 2518 et
3520 2479 3606 2517 sa-

2007 2544 2204 2599 criﬁcia
2234 2546 2342 2600 Deo
2370 2547 2567 2602 oll'erre
2598 2562 3012 2608 consueverant.
3039 2552 3301 2607 Catholici
3332 2570 3459 2609 uero
3487 2556 3605 2624 epi-

2009 2638 2154 2705 scopi
2194 2637 2342 2691 omtti
2388 2654 2490 2708 ope
2529 2650 2581 2695 et
2629 2656 2822 2696 conatu
2870 2653 3097 2714 egerunt
3151 2655 3226 2709 ut,
3259 2647 3604 2714 nequissimo

2007 2730 2226 2786 homine
2255 2733 2500 2802 expulso,
2535 2735 2790 2801 [)omnus,
2823 2739 2914 2808 qui
2965 2739 3014 2793 ei
3051 2738 3226 2794 fuerat
3259 2744 3604 2810 subrogatus,

2008 2823 2368 2895 episcopalem
2413 2828 2684 2884 basilicam
2731 2831 3018 2896 obtineret,
3057 2842 3112 2886 et
3151 2833 3213 2887 .in
3257 2833 3604 2888 decessorum

2007 2931 2225 2971 suorum
2267 2919 2398 2974 sede
2467 2920 2829 2993 cathodraque
2879 2925 3258 2984 collocaretur.
3292 2925 3446 2992 Quod
3488 2925 3608 2996 qui-

2007 3007 2149 3074 dem,
2199 3010 2480 3082 proﬂigata
2526 3012 2781 3078 Zenobia,
2827 3015 3106 3072 Aureliani
3157 3033 3259 3088 ope
3308 3017 3604 3088 perlectum

2008 3113 2108 3166 est,
2133 3105 2238 3171 qui,
2271 3117 2327 3158 ut
2353 3106 2427 3158 ait
2457 3105 2718 3161 Eusebius
2747 3107 2848 3178 (1),
2868 3110 2930 3161 ab
2949 3110 3198 3179 episcopis
3226 3109 3600 3179 interpellatus,

2008 3195 2281 3251 rectissime
2322 3197 2417 3250 Iwc
2466 3201 2719 3270 negotium
2763 3201 3081 3270 dijudicavit,
3127 3203 3192 3258 iis
3239 3203 3445 3256 domum
3493 3204 3609 3257 dari

297 3287 490 3346 δίκην.
537 3293 708 3360 Quare
735 3309 932 3353 sanam,
981 3300 1235 3372 perpetua
1265 3316 1310 3357 ει
1350 3304 1591 3361 Felicitas
1635 3310 1738 3365 alio
1779 3311 1861 3365 die
1884 3353 1898 3376 ν
1931 3305 1975 3369 C
2012 3289 2310 3357 prwcipiens
2334 3291 2513 3359 quibus
2542 3289 2714 3344 Italici
2744 3292 3036 3347 christiana:
3064 3295 3325 3365 religionis
3351 3295 3604 3349 antistites

294 3401 450 3454 quam
477 3404 573 3456 quo
601 3407 767 3457 passa
792 3404 933 3460 sunt,
965 3395 1015 3448 in
1047 3399 1428 3470 martyrologiis
1453 3404 1711 3457 coluntur.
1751 3403 1904 3469 Quod

299 3495 403 3532 non
431 3497 544 3534 raro
573 3485 838 3552 accidisse,
873 3489 1062 3556 passim
1096 3490 1148 3543 in
1175 3492 1270 3545 Itoc
1311 3510 1462 3563 apere
1490 3494 1861 3551 observabimus
1883 3540 1898 3563 ,

297 3569 503 3641 diesque
531 3577 747 3644 septima
778 3581 948 3633 martii
990 3582 1097 3635 dies
1150 3594 1222 3638 est
1267 3602 1367 3654 quo
1400 3587 1756 3659 Carthaginem
1809 3607 1900 3645 ea-

296 3677 409 3716 rum
439 3665 669 3735 reliquie:
696 3662 874 3739 postea
911 3677 1202 3741 translatae,
1229 3693 1332 3732 non
1357 3694 1473 3733 vero
1503 3682 1610 3735 dies
1641 3681 1898 3738 obitnalis.

295 3753 434 3810 Cum
461 3758 639 3829 itaque
660 3764 838 3819 medio
861 3769 1060 3823 sancqu
1079 3781 1272 3840 quarto
1302 3772 1544 3830 Liberius
1572 3777 1764 3832 sedere
1791 3793 1901 3834 coe-

297 3848 468 3915 perit,
501 3849 602 3904 hoc
631 3862 862 3924 tempore
891 3875 1164 3916 sacrarum
1206 3864 1549 3933 reliquiarum
1582 3868 1755 3924 fuerat
1779 3887 1902 3941 per-

298 3949 425 3992 acta
471 3943 787 4000 translatio:
818 3950 1058 4022 adeoque
1099 3965 1334 4011 statuere
1377 3957 1499 4027 jure
1533 3962 1737 4031 optimo
1771 3980 1900 4031 pos-

295 4044 523 4096 sumus,
555 4051 672 4092 eam
717 4043 1119 4100 translationem
1168 4065 1270 4102 non
1312 4050 1483 4103 multo
1533 4065 1653 4121 post
1691 4055 1901 4111 initium

295 4127 478 4181 swculi
501 4131 694 4196 quarti,
728 4136 931 4190 reddita
957 4138 1066 4207 jam
1095 4157 1189 4210 per
1205 4142 1618 4201 Constantinum
1645 4150 1902 4207 Ecclesia:

297 4232 446 4287 pace,
475 4219 645 4280 fuisse
667 4227 993 4285 celebratam
1017 4249 1031 4297 ;
1055 4235 1197 4289 etab
1224 4252 1405 4291 earmn
1426 4243 1682 4312 martyrio
1703 4245 1904 4300 sascnlo
1935 4273 1947 4284 ι

295 4313 568 4373 dumtaxat
597 4320 803 4390 elapso,
825 4325 1139 4395 Perpetuam
1168 4339 1221 4384 et
1244 4331 1574 4389 Felicitatem
1605 4339 1903 4407 praecipua-

297 4424 412 4462 ruiu
443 4422 740 4484 martyrum
779 4417 901 4472 loco
929 4418 1136 4477 habitas
1159 4463 1174 4490 ,
1219 4437 1271 4479 et
1301 4427 1362 4479 ad
1396 4443 1578 4484 earum
1615 4431 1902 4486 memorias

297 4499 772 4576 Carthaginensem
814 4514 1067 4582 populum
1131 4517 1620 4588 frequentissimum
1676 4540 1904 4581 concur-

297 4612 452 4652 risse.

2010 3391 2057 3433 ct
2088 3383 2355 3436 Montanus
2389 3382 2675 3455 Episcopus
2705 3386 2995 3441 scriberent.
3025 3390 3155 3455 Qua:
3204 3404 3327 3445 cum
3377 3389 3449 3443 ita
3477 3389 3608 3458 sint,

2008 3489 2218 3540 oumcs,
2250 3487 2398 3546 puto,
2431 3476 2535 3534 hoc
2554 3488 2870 3550 argumento
2919 3479 3076 3540 lacilc
3110 3483 3420 3554 intelligunt
3447 3500 3608 3554 quam

2009 3568 2109 3622 lixa
2143 3568 2304 3624 fuerit
2355 3571 2494 3640 apud
2546 3584 2753 3633 Veteres
2802 3586 3056 3638 constans
3104 3588 3359 3647 certaque
3389 3588 3612 3638 sentcn-

2009 3660 2103 3725 tia,
2145 3672 2409 3732 martyres
2455 3676 2666 3728 nostras
2697 3667 2750 3724 itt
2793 3668 3052 3728 Ecclesiae
3100 3684 3230 3740 pace
3270 3680 3610 3734 etcommu-

2009 3753 2173 3814 nimie
2201 3755 2424 3823 abiisse,
2473 3757 2598 3818 dum
2631 3775 2696 3814 eo
2737 3763 2976 3830 ipsarum
3017 3778 3245 3834 corpora
3296 3765 3480 3822 inferri
3512 3783 3610 3822 ro-

2010 3848 2233 3906 luerunt'
2275 3867 2382 3921 quo
2425 3856 2589 3908 veluti
2618 3855 2684 3910 ad
2727 3859 3005 3913 catholicae
3045 3863 3440 3920 communionis
3477 3878 3609 3920 ceu-

2012 3951 2150 3997 trum
2199 3954 2252 3998 et
2301 3960 2479 4004 arcem
2525 3931 2969 4020 Carthagitieusis
3013 3954 3240 4023 populus
3273 3955 3608 4020 conﬂuebat.

2009 4034 2409 4102 Praecipuorum
2477 4055 2599 4096 ossa
2669 4053 2963 4113 martyrum
3031 4046 3153 4101 ideo
3203 4047 3305 4102 sub
3358 4051 3611 4117 primario

2011 4129 2104 4184 illo
2139 4129 2373 4200 episc0pi
2424 4132 2579 4187 altari
2629 4137 3078 4201 recoudebantur,
3139 4149 3195 4196 ut
3241 4141 3494 4200 catholici
3541 4157 3609 4197 eo

2011 4224 2418 4288 conuenientes,
2449 4240 2508 4280 se
2550 4242 2653 4286 non
2681 4227 2906 4286 aliorum
2936 4229 3174 4286 ﬁdelium
3206 4231 3388 4297 modo,
3435 4232 3529 4288 sed
3557 4241 3614 4294 et

2011 4327 2321 4372 sanctorum
2379 4327 2674 4391 martyrum
2715 4323 3115 4382 communionis
3161 4325 3448 4394 participes
3490 4339 3612 4382 esse

2011 4409 2393 4480 intelligerent.
2425 4411 2625 4468 Contra
2671 4415 3000 4480 schismatici
3042 4426 3095 4472 et
3122 4417 3384 4485 luet-etioi,
3415 4418 3611 4488 quibus

2010 4502 2080 4557 ad
2132 4504 2259 4558 illud
2312 4505 2524 4574 pietatis
2571 4509 2778 4578 asylum
2833 4509 3011 4567 nullus
3070 4513 3284 4581 patebat
3332 4529 3611 4583 accessus,

2013 4598 2214 4652 nullam
2261 4601 2361 4654 sibi
2403 4617 2522 4656 esse
2557 4605 2755 4660 scirent
2787 4621 2961 4676 neque
2991 4622 3114 4666 cum
3157 4609 3396 4666 Ecclesia
3425 4611 3615 4669 catho-

375 4691 616 4750 νεαίωῶ
665 4701 934 4768 quomodo
957 4718 1023 4759 ex
1047 4715 1350 4762 nostrarum
1380 4722 1674 4772 martyrum
1701 4715 1750 4768 in
1784 4732 1905 4771 Πη-
1931 4708 1984 4768 D
2014 4689 2112 4743 lica
2151 4707 2323 4771 neque
2372 4711 2492 4748 cum
2540 4699 2742 4752 sanctis
2787 4701 3115 4770 martyribus
3145 4707 3610 4760 communionem.

296 4785 474 4853 jorem
515 4793 790 4850 ecclesiam
833 4797 1310 4870 Carthagiueusem
1343 4807 1694 4863 translatione
1718 4811 1903 4865 cultus

300 4893 489 4933 carum
539 4885 813 4943 celebritas
866 4900 922 4944 et
973 4894 1265 4964 sntit-tuitus
1335 4899 1776 4957 demonstretur:
1815 4907 1897 4958 vi-

299 4971 539 5028 dendum
567 4993 811 5048 superest
867 5002 1025 5054 quam
1054 4988 1357 5046 luculenter
1383 5008 1450 5049 ea
1473 4997 1664 5050 eodem
1693 5000 1898 5069 princi-

303 5065 392 5134 pio
420 5082 602 5124 earum
634 5074 948 5131 orthodoxia
990 5081 1357 5138 c0nlirmetur.
1395 5086 1655 5155 Ecclesia,
1683 5091 1900 5157 domus,

296 5160 552 5216 cathedra
585 5176 638 5219 et
663 5169 834 5226 altare
866 5174 916 5226 in
951 5177 1136 5244 primis
1163 5179 1418 5252 episcopi,
1451 5192 1690 5239 centrum
1723 5200 1898 5253 erant,

299 5265 358 5309 ut
386 5268 532 5313 notat
572 5261 968 5322 illustrissin‘rus
995 5267 1076 5343 (ὃ)
1107 5272 1482 5343 Albaspineus,
1515 5278 1902 5337 ecclesiasticae

294 5355 716 5412 communionis.
745 5359 1106 5418 Eocalholica
1132 5366 1282 5436 plebs
1312 5368 1742 5440 frequentissima
1768 5390 1899 5429 cou-

296 5442 517 5512 lluebat,
561 5449 688 5504 inde
737 5455 990 5522 populum
1040 5458 1323 5530 episcopus
1376 5463 1766 5534 alloquebatur,
1829 5470 1896 5522 ibi

295 5553 486 5606 preces
517 5558 703 5598 eorum
733 5557 789 5601 et
814 5549 1113 5607 oblationes
1140 5563 1194 5608 et
1234 5567 1354 5608 vota
1400 5560 1746 5628 suscipiebat.
1796 5562 1891 5615 llic

295 5643 418 5687 erat
448 5633 599 5691 locus
637 5643 915 5708 orationis,
959 5647 1049 5701 hic
1094 5648 1239 5703 locus
1285 5663 1768 5718 sacramentorum,
1817 5654 1906 5711 hic

372 5771 458 5836 (ι)
488 5770 645 5826 Ληιιο
679 5775 795 5844 198,
829 5795 1044 5838 nnm.v.

480 5844 536 5898 Ιιι
567 5844 712 5919 (£57111,
747 5867 860 5919 cap.
888 5854 940 5908 5.

366 5918 445 5991 (ὅ)
483 5919 538 5973 ln
567 5917 694 5976 Not.
724 5924 793 5976 ad
813 5917 1016 5998 Optato,
1052 5927 1142 5987 lib.
1167 5944 1184 5986 ι
1205 5931 1404 5990 advers.
1429 5931 1765 5994 Parmenion.

2015 4783 2167 4839 Unde
2217 4799 2432 4842 sanctus
2461 4788 2687 4859 Optatos
2731 4792 3070 4852 lliileritanus
3104 4795 3409 4853 Deitatis-las
3450 4796 3615 4860 veluti

2009 4875 2384 4932 schismaticos
2421 4878 2522 4935 hoc
2559 4895 2876 4952 argumento
2921 4885 3169 4951 traducit,
3205 4887 3347 4956 quod
3399 4898 3616 4946 sancto-

2009 4985 2129 5024 rum
2161 4972 2538 5040 Apostolorum
2565 4977 2839 5034 memoriis
2866 4977 2918 5034 in
2954 4977 3098 5033 Urbe
3129 4983 3441 5049 neutiquam
3464 4995 3608 5036 cout-

2010 5065 2351 5121 qunicat'cnt
2379 5065 2457 5138 (2)
2489 5086 2502 5122 :
2530 5067 2756 5136 Datiane
2797 5071 2842 5124 si
2889 5069 3154 5126 Macrabio
3188 5071 3609 5142 (Donatistarum

2013 5157 2066 5212 in
2099 5160 2231 5215 urbe
2263 5161 2705 5233 pseutlcpiscopo)
2737 5165 2956 5227 dicatur,
2983 5164 3068 5218 ubi
3092 5163 3201 5218 illic
3237 5165 3429 5230 sedeat,
3459 5182 3612 5220 num-

2013 5251 2138 5318 quid
2165 5261 2326 5319 potest
2369 5253 2556 5316 dicere,
2588 5253 2654 5308 In
2675 5254 2924 5311 cathedra
2949 5254 3143 5312 Petri?
3172 5273 3324 5326 quani
3350 5259 3517 5319 nescia
3559 5259 3604 5314 si

2013 5341 2090 5394 vel
2127 5344 2287 5396 oculis
2335 5345 2491 5408 novit,
2534 5354 2580 5399 et
2617 5347 2694 5398 ad.
2712 5347 2861 5414 cujus
2907 5349 3205 5405 numerium
3245 5366 3350 5404 non
3393 5351 3610 5420 accedit,

2011 5438 2158 5507 quasi
2179 5437 2533 5492 scltisntaticus
2553 5451 2730 5495 contra
2748 5442 3046 5512 Apostolum
3063 5447 3278 5516 faciens,
3296 5446 3475 5516 quiJit
3494 5445 3574 5520 (ὃ)
3597 5462 3613 5505 :

2090 5572 2167 5644 (1)
2208 5580 2431 5637 Βασιλεὺς
2470 5583 2726 5647 ἐντευχθέὶς
2754 5587 3044 5654 Αὖρηλισινός
3083 5589 3356 5640 scinduntur.
3390 5595 3499 5658 πξρί
3537 5591 3621 5641 τοῦ

2021 5654 2257 5716 πρακτέου
2288 5653 2490 5726 «iisin-:95
2515 5669 2525 5680 °
2561 5658 2742 5717 τεὺτοις
2770 5653 2929 5724 vei/nat
2951 5666 3252 5728 προστάττων
3281 5669 3358 5713 τὸν
3382 5660 3527 5721 εἶκον,
3554 5663 3618 5718 cl;

2018 5721 2074 5773 ἂν
2100 5726 2142 5772 οἱ
2178 5728 2304 5773 κατὰ
2345 5747 2429 5782 την
2471 5721 2664 5778 irati!“
2701 5733 2780 5786 καὶ
2813 5744 2900 5792 τὴν
2942 5727 3170 5792 Ρωμαίων
3205 5735 3341 5784 πόλιν
3369 5735 3621 5788 ἐπίσκοποι

2018 5795 2360 5876 caiisa/patro;
2391 5800 2727 5876 ἒῖτιρ-’τέὶῴοιξδίἶ
2755 5800 2873 5856 Lib.
2905 5795 3136 5876 γιιῙΙιδι.
3175 5801 3345 5872 Elii.’
3376 5818 3492 5876 call).
3528 5803 3618 5863 50,

2095 5865 2171 5944 (ᾖ)
2201 5865 2388 5944 μιι›.“ιι
2409 5869 2653 5944 adversus
2666 5869 2992 5944 il’arnteatiaa
3002 5913 3014 5930 .

2095 5935 2279 6010 (5)Ad
2303 5936 2456 5996 Rom.
2493 5955 2587 6012 xu,
2630 5943 2718 6001 15.
2834 5935 2864 5938 ”
2929 5935 2941 5944 ”
3071 5942 3079 5951 ’
