  <div class='ocr_page' id='page_1' title='image "/cluster/home/n/w/nwhite01/storage/ocr_20150623/3/hvd.32044054086798/085.png"; bbox 0 0 4190 6246; ppageno 0'>
   <div class='ocr_carea' id='block_1_1' title="bbox 619 341 3937 409">
    <p class='ocr_par' dir='ltr' id='par_1_1' title="bbox 619 341 3937 409">
     <span class='ocr_line' id='line_1_1' title="bbox 619 341 3937 409; baseline -0 -3"><span class='ocrx_word' id='word_1_1' title='bbox 619 351 683 409; x_wconf 73' lang='lat' dir='ltr'><strong>7i</strong></span> <span class='ocrx_word' id='word_1_2' title='bbox 1857 342 2314 408; x_wconf 80' lang='lat' dir='ltr'><strong>DISSERTATIO</strong></span> <span class='ocrx_word' id='word_1_3' title='bbox 2342 344 2813 407; x_wconf 83' lang='lat' dir='ltr'><strong>APOLOGETICA</strong></span> <span class='ocrx_word' id='word_1_4' title='bbox 3862 341 3937 406; x_wconf 72' lang='grc'><strong>⁸72</strong></span> 
     </span>
    </p>
   </div>
   <div class='ocr_carea' id='block_1_2' title="bbox 619 468 2804 540">
    <p class='ocr_par' dir='ltr' id='par_1_2' title="bbox 619 468 2804 540">
     <span class='ocr_line' id='line_1_2' title="bbox 619 468 2804 540; baseline -0.002 -16"><span class='ocrx_word' id='word_1_5' title='bbox 619 468 886 524; x_wconf 78' lang='lat' dir='ltr'><strong>Memoriis</strong></span> <span class='ocrx_word' id='word_1_6' title='bbox 928 475 1219 522; x_wconf 80' lang='lat' dir='ltr'><strong>sanctorum</strong></span> <span class='ocrx_word' id='word_1_7' title='bbox 1265 470 1712 524; x_wconf 76' lang='lat' dir='ltr'><strong>communicantes.</strong></span> <span class='ocrx_word' id='word_1_8' title='bbox 1768 469 1898 524; x_wconf 86' lang='lat' dir='ltr'><strong>Ecce</strong></span> <span class='ocrx_word' id='word_1_9' title='bbox 1940 480 2212 540; x_wconf 65' lang='lat' dir='ltr'><strong>praesentes</strong></span> <span class='ocrx_word' id='word_1_10' title='bbox 2242 470 2293 530; x_wconf 76' lang='grc' dir='ltr'><strong>Α</strong></span> <span class='ocrx_word' id='word_1_11' title='bbox 2322 478 2618 538; x_wconf 79' lang='lat' dir='ltr'><strong>temporum</strong></span> <span class='ocrx_word' id='word_1_12' title='bbox 2661 484 2755 524; x_wconf 89' lang='lat' dir='ltr'><strong>usu</strong></span> <span class='ocrx_word' id='word_1_13' title='bbox 2791 512 2804 534; x_wconf 90' lang='lat'><strong>,</strong></span> 
     </span>
    </p>
   </div>
   <div class='ocr_carea' id='block_1_3' title="bbox 618 559 2217 629">
    <p class='ocr_par' dir='ltr' id='par_1_3' title="bbox 618 559 2217 629">
     <span class='ocr_line' id='line_1_3' title="bbox 618 559 2217 629; baseline 0.001 -14"><span class='ocrx_word' id='word_1_14' title='bbox 618 570 735 615; x_wconf 83' lang='lat' dir='ltr'><strong>sunt</strong></span> <span class='ocrx_word' id='word_1_15' title='bbox 756 562 823 614; x_wconf 86' lang='lat' dir='ltr'><strong>ibi</strong></span> <span class='ocrx_word' id='word_1_16' title='bbox 844 559 1063 614; x_wconf 86' lang='lat' dir='ltr'><strong>duorum</strong></span> <span class='ocrx_word' id='word_1_17' title='bbox 1090 559 1452 629; x_wconf 77' lang='lat' dir='ltr'><strong>Apostolorum</strong></span> <span class='ocrx_word' id='word_1_18' title='bbox 1479 563 1737 616; x_wconf 74' lang='lat' dir='ltr'><strong>memoria:</strong></span> <span class='ocrx_word' id='word_1_19' title='bbox 1759 579 1777 626; x_wconf 85' lang='lat'><em>;</em></span> <span class='ocrx_word' id='word_1_20' title='bbox 1800 563 1951 617; x_wconf 81' lang='lat' dir='ltr'><strong>dicite</strong></span> <span class='ocrx_word' id='word_1_21' title='bbox 1971 565 2014 617; x_wconf 87' lang='lat' dir='ltr'><strong>si</strong></span> <span class='ocrx_word' id='word_1_22' title='bbox 2034 564 2102 616; x_wconf 86' lang='lat' dir='ltr'><strong>ad</strong></span> <span class='ocrx_word' id='word_1_23' title='bbox 2125 564 2217 616; x_wconf 83' lang='lat' dir='ltr'><strong>ltus</strong></span> 
     </span>
    </p>
   </div>
   <div class='ocr_carea' id='block_1_4' title="bbox 619 652 2215 724">
    <p class='ocr_par' dir='ltr' id='par_1_4' title="bbox 619 652 2215 724">
     <span class='ocr_line' id='line_1_4' title="bbox 619 652 2215 724; baseline 0.001 -17"><span class='ocrx_word' id='word_1_24' title='bbox 619 653 816 724; x_wconf 84' lang='lat' dir='ltr'><strong><em>ingredi</em></strong></span> <span class='ocrx_word' id='word_1_25' title='bbox 846 652 1028 722; x_wconf 88' lang='lat' dir='ltr'><strong>potuit,</strong></span> <span class='ocrx_word' id='word_1_26' title='bbox 1058 653 1130 706; x_wconf 85' lang='lat' dir='ltr'><strong>ita</strong></span> <span class='ocrx_word' id='word_1_27' title='bbox 1160 662 1212 707; x_wconf 87' lang='lat' dir='ltr'><strong>ut</strong></span> <span class='ocrx_word' id='word_1_28' title='bbox 1260 654 1495 708; x_wconf 75' lang='lat' dir='ltr'><strong>obtulerit</strong></span> <span class='ocrx_word' id='word_1_29' title='bbox 1523 655 1629 709; x_wconf 82' lang='lat' dir='ltr'><strong>illic</strong></span> <span class='ocrx_word' id='word_1_30' title='bbox 1669 656 1754 709; x_wconf 88' lang='lat' dir='ltr'><strong>ubi</strong></span> <span class='ocrx_word' id='word_1_31' title='bbox 1782 666 2077 709; x_wconf 83' lang='lat' dir='ltr'><strong>sanctorum</strong></span> <span class='ocrx_word' id='word_1_32' title='bbox 2110 673 2215 709; x_wconf 81' lang='lat' dir='ltr'><strong>nte-</strong></span> 
     </span>
    </p>
   </div>
   <div class='ocr_carea' id='block_1_5' title="bbox 618 747 2219 820">
    <p class='ocr_par' dir='ltr' id='par_1_5' title="bbox 618 747 2219 820">
     <span class='ocr_line' id='line_1_5' title="bbox 618 747 2219 820; baseline 0.003 -22"><span class='ocrx_word' id='word_1_33' title='bbox 618 747 807 799; x_wconf 85' lang='lat' dir='ltr'><strong>morias</strong></span> <span class='ocrx_word' id='word_1_34' title='bbox 847 761 953 799; x_wconf 86' lang='lat' dir='ltr'><strong>esse</strong></span> <span class='ocrx_word' id='word_1_35' title='bbox 993 748 1235 801; x_wconf 80' lang='lat' dir='ltr'><strong>constat?</strong></span> <span class='ocrx_word' id='word_1_36' title='bbox 1280 748 1433 818; x_wconf 80' lang='lat' dir='ltr'><strong>Apud</strong></span> <span class='ocrx_word' id='word_1_37' title='bbox 1466 758 1674 804; x_wconf 84' lang='lat' dir='ltr'><em>veteres</em></span> <span class='ocrx_word' id='word_1_38' title='bbox 1714 750 1873 820; x_wconf 83' lang='lat' dir='ltr'><strong>igitur</strong></span> <span class='ocrx_word' id='word_1_39' title='bbox 1902 750 2037 805; x_wconf 85' lang='lat' dir='ltr'><strong>adeo</strong></span> <span class='ocrx_word' id='word_1_40' title='bbox 2066 764 2219 805; x_wconf 81' lang='lat' dir='ltr'><strong>eom~</strong></span> 
     </span>
    </p>
   </div>
   <div class='ocr_carea' id='block_1_6' title="bbox 621 838 2221 911">
    <p class='ocr_par' dir='ltr' id='par_1_6' title="bbox 621 838 2221 911">
     <span class='ocr_line' id='line_1_6' title="bbox 621 838 2221 911; baseline 0.004 -17"><span class='ocrx_word' id='word_1_41' title='bbox 621 849 831 910; x_wconf 87' lang='lat' dir='ltr'><strong>pertum</strong></span> <span class='ocrx_word' id='word_1_42' title='bbox 875 838 974 894; x_wconf 78' lang='lat' dir='ltr'><strong>fuit</strong></span> <span class='ocrx_word' id='word_1_43' title='bbox 1002 839 1281 911; x_wconf 63' lang='lat' dir='ltr'><strong>Perpetua:</strong></span> <span class='ocrx_word' id='word_1_44' title='bbox 1324 852 1378 897; x_wconf 89' lang='lat' dir='ltr'><strong>et</strong></span> <span class='ocrx_word' id='word_1_45' title='bbox 1406 843 1673 898; x_wconf 82' lang='lat' dir='ltr'><strong>Felicitati</strong></span> <span class='ocrx_word' id='word_1_46' title='bbox 1720 845 1872 910; x_wconf 89' lang='lat' dir='ltr'><strong>nihil,</strong></span> <span class='ocrx_word' id='word_1_47' title='bbox 1918 845 2044 900; x_wconf 90' lang='lat' dir='ltr'><strong>dmn</strong></span> <span class='ocrx_word' id='word_1_48' title='bbox 2073 846 2221 900; x_wconf 92' lang='lat' dir='ltr'><strong>vive-</strong></span> 
     </span>
    </p>
   </div>
   <div class='ocr_carea' id='block_1_7' title="bbox 626 933 2221 1003">
    <p class='ocr_par' dir='ltr' id='par_1_7' title="bbox 626 933 2221 1003">
     <span class='ocr_line' id='line_1_7' title="bbox 626 933 2221 1003; baseline 0.003 -15"><span class='ocrx_word' id='word_1_49' title='bbox 626 943 768 1001; x_wconf 82' lang='lat' dir='ltr'><strong>rent,</strong></span> <span class='ocrx_word' id='word_1_50' title='bbox 802 949 925 988; x_wconf 93' lang='lat' dir='ltr'><strong>cum</strong></span> <span class='ocrx_word' id='word_1_51' title='bbox 957 933 1227 990; x_wconf 69' lang='lat' dir='ltr'><strong>haereticis</strong></span> <span class='ocrx_word' id='word_1_52' title='bbox 1253 934 1418 991; x_wconf 81' lang='lat' dir='ltr'><strong>fuisse</strong></span> <span class='ocrx_word' id='word_1_53' title='bbox 1449 952 1752 1003; x_wconf 87' lang='lat' dir='ltr'><strong>commune,</strong></span> <span class='ocrx_word' id='word_1_54' title='bbox 1784 948 1839 994; x_wconf 91' lang='lat' dir='ltr'><strong>et</strong></span> <span class='ocrx_word' id='word_1_55' title='bbox 1880 938 1931 993; x_wconf 93' lang='lat' dir='ltr'><strong>in</strong></span> <span class='ocrx_word' id='word_1_56' title='bbox 1966 938 2221 994; x_wconf 65' lang='lat' dir='ltr'><strong>Ecclesia:</strong></span> 
     </span>
    </p>
   </div>
   <div class='ocr_carea' id='block_1_8' title="bbox 620 1029 2224 1101">
    <p class='ocr_par' dir='ltr' id='par_1_8' title="bbox 620 1029 2224 1101">
     <span class='ocr_line' id='line_1_8' title="bbox 620 1029 2224 1101; baseline 0.004 -23"><span class='ocrx_word' id='word_1_57' title='bbox 620 1039 751 1095; x_wconf 89' lang='lat' dir='ltr'><strong>pace</strong></span> <span class='ocrx_word' id='word_1_58' title='bbox 796 1038 849 1081; x_wconf 88' lang='lat' dir='ltr'><strong>et</strong></span> <span class='ocrx_word' id='word_1_59' title='bbox 895 1029 1273 1082; x_wconf 86' lang='lat' dir='ltr'><strong>communione</strong></span> <span class='ocrx_word' id='word_1_60' title='bbox 1324 1030 1642 1101; x_wconf 83' lang='lat' dir='ltr'><strong>martyrium</strong></span> <span class='ocrx_word' id='word_1_61' title='bbox 1691 1046 2120 1097; x_wconf 83' lang='lat' dir='ltr'><strong>consummasse,</strong></span> <span class='ocrx_word' id='word_1_62' title='bbox 2168 1040 2224 1085; x_wconf 86' lang='lat' dir='ltr'><strong>ut</strong></span> 
     </span>
    </p>
   </div>
   <div class='ocr_carea' id='block_1_9' title="bbox 621 1118 2224 1193">
    <p class='ocr_par' dir='ltr' id='par_1_9' title="bbox 621 1118 2224 1193">
     <span class='ocr_line' id='line_1_9' title="bbox 621 1118 2224 1193; baseline 0.002 -20"><span class='ocrx_word' id='word_1_63' title='bbox 621 1132 806 1173; x_wconf 89' lang='lat' dir='ltr'><strong>carum</strong></span> <span class='ocrx_word' id='word_1_64' title='bbox 850 1132 1032 1173; x_wconf 89' lang='lat' dir='ltr'><strong>sacras</strong></span> <span class='ocrx_word' id='word_1_65' title='bbox 1074 1118 1350 1189; x_wconf 80' lang='lat' dir='ltr'><strong>reliquias,</strong></span> <span class='ocrx_word' id='word_1_66' title='bbox 1399 1122 1468 1175; x_wconf 88' lang='lat' dir='ltr'><strong>ab</strong></span> <span class='ocrx_word' id='word_1_67' title='bbox 1497 1137 1683 1176; x_wconf 85' lang='lat' dir='ltr'><strong>earum</strong></span> <span class='ocrx_word' id='word_1_68' title='bbox 1727 1123 1983 1193; x_wconf 89' lang='lat' dir='ltr'><strong>martyrio</strong></span> <span class='ocrx_word' id='word_1_69' title='bbox 2025 1124 2224 1177; x_wconf 81' lang='lat' dir='ltr'><strong>saeculo</strong></span> 
     </span>
    </p>
   </div>
   <div class='ocr_carea' id='block_1_10' title="bbox 624 1210 2224 1283">
    <p class='ocr_par' dir='ltr' id='par_1_10' title="bbox 624 1210 2224 1283">
     <span class='ocr_line' id='line_1_10' title="bbox 624 1210 2224 1283; baseline 0.003 -18"><span class='ocrx_word' id='word_1_70' title='bbox 624 1213 711 1265; x_wconf 78' lang='lat' dir='ltr'><strong>vix</strong></span> <span class='ocrx_word' id='word_1_71' title='bbox 754 1212 962 1281; x_wconf 87' lang='lat' dir='ltr'><strong>elapso,</strong></span> <span class='ocrx_word' id='word_1_72' title='bbox 1001 1226 1068 1267; x_wconf 92' lang='lat' dir='ltr'><strong>eo</strong></span> <span class='ocrx_word' id='word_1_73' title='bbox 1094 1210 1373 1266; x_wconf 82' lang='lat' dir='ltr'><strong>intulerint</strong></span> <span class='ocrx_word' id='word_1_74' title='bbox 1403 1229 1507 1283; x_wconf 92' lang='lat' dir='ltr'><strong>quo</strong></span> <span class='ocrx_word' id='word_1_75' title='bbox 1538 1214 1777 1270; x_wconf 78' lang='lat' dir='ltr'><strong>lneretici</strong></span> <span class='ocrx_word' id='word_1_76' title='bbox 1808 1215 2043 1269; x_wconf 83' lang='lat' dir='ltr'><strong>maxime</strong></span> <span class='ocrx_word' id='word_1_77' title='bbox 2070 1225 2224 1269; x_wconf 90' lang='lat' dir='ltr'><strong>veta-</strong></span> 
     </span>
    </p>
   </div>
   <div class='ocr_carea' id='block_1_11' title="bbox 624 1305 2225 1373">
    <p class='ocr_par' dir='ltr' id='par_1_11' title="bbox 624 1305 2225 1373">
     <span class='ocr_line' id='line_1_11' title="bbox 624 1305 2225 1373; baseline -0.001 -11"><span class='ocrx_word' id='word_1_78' title='bbox 624 1307 818 1363; x_wconf 93' lang='lat' dir='ltr'><strong>bantur</strong></span> <span class='ocrx_word' id='word_1_79' title='bbox 843 1305 1134 1373; x_wconf 84' lang='lat' dir='ltr'><strong>accedere,</strong></span> <span class='ocrx_word' id='word_1_80' title='bbox 1167 1318 1219 1361; x_wconf 89' lang='lat' dir='ltr'><strong>et</strong></span> <span class='ocrx_word' id='word_1_81' title='bbox 1260 1307 1348 1362; x_wconf 90' lang='lat' dir='ltr'><strong>ubi</strong></span> <span class='ocrx_word' id='word_1_82' title='bbox 1390 1323 1549 1363; x_wconf 89' lang='lat' dir='ltr'><strong>nemo</strong></span> <span class='ocrx_word' id='word_1_83' title='bbox 1581 1309 1679 1363; x_wconf 88' lang='lat' dir='ltr'><strong>nisi</strong></span> <span class='ocrx_word' id='word_1_84' title='bbox 1723 1307 2020 1363; x_wconf 88' lang='lat' dir='ltr'><strong>catholicus</strong></span> <span class='ocrx_word' id='word_1_85' title='bbox 2077 1322 2225 1362; x_wconf 87' lang='lat' dir='ltr'><strong>com-</strong></span> 
     </span>
    </p>
   </div>
   <div class='ocr_carea' id='block_1_12' title="bbox 624 1400 954 1455">
    <p class='ocr_par' dir='ltr' id='par_1_12' title="bbox 624 1400 954 1455">
     <span class='ocr_line' id='line_1_12' title="bbox 624 1400 954 1455; baseline -0.006 0"><span class='ocrx_word' id='word_1_86' title='bbox 624 1400 954 1455; x_wconf 89' lang='lat' dir='ltr'><strong>municabat.</strong></span> 
     </span>
    </p>
   </div>
   <div class='ocr_carea' id='block_1_13' title="bbox 706 1492 2227 1565">
    <p class='ocr_par' dir='ltr' id='par_1_13' title="bbox 706 1492 2227 1565">
     <span class='ocr_line' id='line_1_13' title="bbox 706 1492 2227 1565; baseline -0.001 -19"><span class='ocrx_word' id='word_1_87' title='bbox 706 1492 794 1546; x_wconf 71' lang='grc' dir='ltr'><strong>Ἦ.</strong></span> <span class='ocrx_word' id='word_1_88' title='bbox 816 1492 1069 1563; x_wconf 89' lang='lat' dir='ltr'><strong>Denique,</strong></span> <span class='ocrx_word' id='word_1_89' title='bbox 1103 1509 1199 1562; x_wconf 88' lang='lat' dir='ltr'><strong>pro</strong></span> <span class='ocrx_word' id='word_1_90' title='bbox 1228 1502 1532 1549; x_wconf 90' lang='lat' dir='ltr'><strong>nostrarum</strong></span> <span class='ocrx_word' id='word_1_91' title='bbox 1563 1502 1857 1565; x_wconf 84' lang='lat' dir='ltr'><strong>martyrum</strong></span> <span class='ocrx_word' id='word_1_92' title='bbox 1886 1492 2061 1548; x_wconf 90' lang='lat' dir='ltr'><strong>cultus</strong></span> <span class='ocrx_word' id='word_1_93' title='bbox 2086 1492 2227 1547; x_wconf 87' lang='lat' dir='ltr'><strong>anti-</strong></span> 
     </span>
    </p>
   </div>
   <div class='ocr_carea' id='block_1_14' title="bbox 627 1585 2223 1658">
    <p class='ocr_par' dir='ltr' id='par_1_14' title="bbox 627 1585 2223 1658">
     <span class='ocr_line' id='line_1_14' title="bbox 627 1585 2223 1658; baseline -0.001 -18"><span class='ocrx_word' id='word_1_94' title='bbox 627 1585 833 1656; x_wconf 89' lang='lat' dir='ltr'><strong>quitate</strong></span> <span class='ocrx_word' id='word_1_95' title='bbox 862 1598 916 1641; x_wconf 87' lang='lat' dir='ltr'><strong>et</strong></span> <span class='ocrx_word' id='word_1_96' title='bbox 953 1587 1269 1643; x_wconf 83' lang='lat' dir='ltr'><strong>celebritate</strong></span> <span class='ocrx_word' id='word_1_97' title='bbox 1314 1597 1477 1658; x_wconf 89' lang='lat' dir='ltr'><strong>atque</strong></span> <span class='ocrx_word' id='word_1_98' title='bbox 1517 1586 1826 1641; x_wconf 82' lang='lat' dir='ltr'><strong>earumdem</strong></span> <span class='ocrx_word' id='word_1_99' title='bbox 1882 1585 2223 1650; x_wconf 76' lang='lat' dir='ltr'><strong>orthodoxia,</strong></span> 
     </span>
    </p>
   </div>
   <div class='ocr_carea' id='block_1_15' title="bbox 628 1678 2226 1750">
    <p class='ocr_par' dir='ltr' id='par_1_15' title="bbox 628 1678 2226 1750">
     <span class='ocr_line' id='line_1_15' title="bbox 628 1678 2226 1750; baseline -0.001 -15"><span class='ocrx_word' id='word_1_100' title='bbox 628 1696 692 1735; x_wconf 83' lang='lat' dir='ltr'><strong>ex</strong></span> <span class='ocrx_word' id='word_1_101' title='bbox 718 1678 935 1736; x_wconf 86' lang='lat' dir='ltr'><strong>assidue</strong></span> <span class='ocrx_word' id='word_1_102' title='bbox 961 1681 1186 1750; x_wconf 90' lang='lat' dir='ltr'><strong>repetita</strong></span> <span class='ocrx_word' id='word_1_103' title='bbox 1226 1695 1412 1735; x_wconf 91' lang='lat' dir='ltr'><strong>earum</strong></span> <span class='ocrx_word' id='word_1_104' title='bbox 1444 1681 1585 1735; x_wconf 90' lang='lat' dir='ltr'><strong>inter</strong></span> <span class='ocrx_word' id='word_1_105' title='bbox 1613 1680 1924 1750; x_wconf 82' lang='lat' dir='ltr'><strong>quotidiana</strong></span> <span class='ocrx_word' id='word_1_106' title='bbox 1964 1678 2226 1734; x_wconf 89' lang='lat' dir='ltr'><strong>sacriﬁcia</strong></span> 
     </span>
    </p>
   </div>
   <div class='ocr_carea' id='block_1_16' title="bbox 620 1770 2223 1841">
    <p class='ocr_par' dir='ltr' id='par_1_16' title="bbox 620 1770 2223 1841">
     <span class='ocr_line' id='line_1_16' title="bbox 620 1770 2223 1841; baseline -0.001 -13"><span class='ocrx_word' id='word_1_107' title='bbox 620 1774 1166 1839; x_wconf 87' lang='lat' dir='ltr'><strong>commemoratione,</strong></span> <span class='ocrx_word' id='word_1_108' title='bbox 1240 1771 1382 1827; x_wconf 84' lang='lat' dir='ltr'><strong>haud</strong></span> <span class='ocrx_word' id='word_1_109' title='bbox 1450 1772 1718 1826; x_wconf 89' lang='lat' dir='ltr'><strong>absimilia</strong></span> <span class='ocrx_word' id='word_1_110' title='bbox 1795 1770 2223 1841; x_wconf 70' lang='lat' dir='ltr'><strong>praecedentibus</strong></span> 
     </span>
    </p>
   </div>
   <div class='ocr_carea' id='block_1_17' title="bbox 2859 465 3931 539">
    <p class='ocr_par' dir='ltr' id='par_1_17' title="bbox 2859 465 3931 539">
     <span class='ocr_line' id='line_1_17' title="bbox 2859 465 3931 539; baseline 0.003 -18"><span class='ocrx_word' id='word_1_111' title='bbox 2859 466 2989 522; x_wconf 88' lang='lat' dir='ltr'><strong>nulli</strong></span> <span class='ocrx_word' id='word_1_112' title='bbox 3049 465 3265 521; x_wconf 86' lang='lat' dir='ltr'><strong>dubium</strong></span> <span class='ocrx_word' id='word_1_113' title='bbox 3314 474 3398 522; x_wconf 88' lang='lat' dir='ltr'><strong>est</strong></span> <span class='ocrx_word' id='word_1_114' title='bbox 3441 468 3567 539; x_wconf 90' lang='lat' dir='ltr'><strong>quin</strong></span> <span class='ocrx_word' id='word_1_115' title='bbox 3617 468 3651 521; x_wconf 89' lang='lat' dir='ltr'><strong>ii</strong></span> <span class='ocrx_word' id='word_1_116' title='bbox 3703 481 3931 538; x_wconf 86' lang='lat' dir='ltr'><strong>quorum</strong></span> 
     </span>
    </p>
   </div>
   <div class='ocr_carea' id='block_1_18' title="bbox 2325 560 3932 631">
    <p class='ocr_par' dir='ltr' id='par_1_18' title="bbox 2325 560 3932 631">
     <span class='ocr_line' id='line_1_18' title="bbox 2325 560 3932 631; baseline 0.001 -16"><span class='ocrx_word' id='word_1_117' title='bbox 2325 562 2375 615; x_wconf 92' lang='lat' dir='ltr'><strong>in</strong></span> <span class='ocrx_word' id='word_1_118' title='bbox 2429 562 2601 615; x_wconf 61' lang='lat' dir='ltr'><strong>Missae</strong></span> <span class='ocrx_word' id='word_1_119' title='bbox 2640 576 2848 615; x_wconf 90' lang='lat' dir='ltr'><strong>canone</strong></span> <span class='ocrx_word' id='word_1_120' title='bbox 2894 560 3132 631; x_wconf 86' lang='lat' dir='ltr'><strong>quotidie</strong></span> <span class='ocrx_word' id='word_1_121' title='bbox 3189 563 3451 615; x_wconf 84' lang='lat' dir='ltr'><strong>memoria</strong></span> <span class='ocrx_word' id='word_1_122' title='bbox 3509 571 3823 626; x_wconf 78' lang='lat' dir='ltr'><strong>renovatur,</strong></span> <span class='ocrx_word' id='word_1_123' title='bbox 3879 572 3932 617; x_wconf 85' lang='lat' dir='ltr'><strong>et</strong></span> 
     </span>
    </p>
   </div>
   <div class='ocr_carea' id='block_1_19' title="bbox 2324 652 3932 726">
    <p class='ocr_par' dir='ltr' id='par_1_19' title="bbox 2324 652 3932 726">
     <span class='ocr_line' id='line_1_19' title="bbox 2324 652 3932 726; baseline 0.001 -17"><span class='ocrx_word' id='word_1_124' title='bbox 2324 654 2486 709; x_wconf 83' lang='lat' dir='ltr'><strong>modo</strong></span> <span class='ocrx_word' id='word_1_125' title='bbox 2537 662 2592 709; x_wconf 90' lang='lat' dir='ltr'><strong>et</strong></span> <span class='ocrx_word' id='word_1_126' title='bbox 2664 654 2791 708; x_wconf 91' lang='lat' dir='ltr'><strong>olim</strong></span> <span class='ocrx_word' id='word_1_127' title='bbox 2849 652 3047 707; x_wconf 82' lang='lat' dir='ltr'><strong>fuerint</strong></span> <span class='ocrx_word' id='word_1_128' title='bbox 3101 655 3240 708; x_wconf 89' lang='lat' dir='ltr'><strong>inter</strong></span> <span class='ocrx_word' id='word_1_129' title='bbox 3295 655 3613 710; x_wconf 87' lang='lat' dir='ltr'><strong>illustriores</strong></span> <span class='ocrx_word' id='word_1_130' title='bbox 3667 664 3932 726; x_wconf 83' lang='lat' dir='ltr'><strong>martyres</strong></span> 
     </span>
    </p>
   </div>
   <div class='ocr_carea' id='block_1_20' title="bbox 2324 744 3931 818">
    <p class='ocr_par' dir='ltr' id='par_1_20' title="bbox 2324 744 3931 818">
     <span class='ocr_line' id='line_1_20' title="bbox 2324 744 3931 818; baseline 0.002 -18"><span class='ocrx_word' id='word_1_131' title='bbox 2324 746 2639 815; x_wconf 87' lang='lat' dir='ltr'><strong>computati.</strong></span> <span class='ocrx_word' id='word_1_132' title='bbox 2673 744 2826 811; x_wconf 87' lang='lat' dir='ltr'><strong>Quod</strong></span> <span class='ocrx_word' id='word_1_133' title='bbox 2852 744 3075 816; x_wconf 83' lang='lat' dir='ltr'><strong>proinde</strong></span> <span class='ocrx_word' id='word_1_134' title='bbox 3116 753 3435 815; x_wconf 88' lang='lat' dir='ltr'><strong>argumento</strong></span> <span class='ocrx_word' id='word_1_135' title='bbox 3472 756 3556 801; x_wconf 85' lang='lat' dir='ltr'><strong>est</strong></span> <span class='ocrx_word' id='word_1_136' title='bbox 3610 747 3931 818; x_wconf 75' lang='lat' dir='ltr'><strong>Perpetuam</strong></span> 
     </span>
    </p>
   </div>
   <div class='ocr_carea' id='block_1_21' title="bbox 2325 837 3930 927">
    <p class='ocr_par' dir='ltr' id='par_1_21' title="bbox 2325 837 3930 927">
     <span class='ocr_line' id='line_1_21' title="bbox 2325 837 3930 927; baseline 0.004 -37"><span class='ocrx_word' id='word_1_137' title='bbox 2325 847 2482 908; x_wconf 89' lang='lat' dir='ltr'><strong>atque</strong></span> <span class='ocrx_word' id='word_1_138' title='bbox 2528 838 2884 904; x_wconf 85' lang='lat' dir='ltr'><strong>Felicitatem,</strong></span> <span class='ocrx_word' id='word_1_139' title='bbox 2933 853 3053 907; x_wconf 74' lang='lat' dir='ltr'><strong>qua:</strong></span> <span class='ocrx_word' id='word_1_140' title='bbox 3082 839 3133 892; x_wconf 92' lang='lat' dir='ltr'><strong>in</strong></span> <span class='ocrx_word' id='word_1_141' title='bbox 3169 837 3563 909; x_wconf 88' lang='lat' dir='ltr'><strong>antiquissimis</strong></span> <span class='ocrx_word' id='word_1_142' title='bbox 3613 840 3845 927; x_wconf 71' lang='lat' dir='ltr'><strong>liturgiis</strong></span> <span class='ocrx_word' id='word_1_143' title='bbox 3880 843 3930 897; x_wconf 88' lang='lat' dir='ltr'><strong>id</strong></span> 
     </span>
    </p>
   </div>
   <div class='ocr_carea' id='block_1_22' title="bbox 2326 931 3932 1003">
    <p class='ocr_par' dir='ltr' id='par_1_22' title="bbox 2326 931 3932 1003">
     <span class='ocr_line' id='line_1_22' title="bbox 2326 931 3932 1003; baseline 0.004 -18"><span class='ocrx_word' id='word_1_144' title='bbox 2326 931 2566 996; x_wconf 83' lang='lat' dir='ltr'><strong>honoris,</strong></span> <span class='ocrx_word' id='word_1_145' title='bbox 2597 948 2717 987; x_wconf 89' lang='lat' dir='ltr'><strong>cum</strong></span> <span class='ocrx_word' id='word_1_146' title='bbox 2768 932 2886 985; x_wconf 86' lang='lat' dir='ltr'><strong>aliis</strong></span> <span class='ocrx_word' id='word_1_147' title='bbox 2943 932 3148 1002; x_wconf 88' lang='lat' dir='ltr'><strong>paucis,</strong></span> <span class='ocrx_word' id='word_1_148' title='bbox 3185 932 3389 986; x_wconf 74' lang='lat' dir='ltr'><strong>sortita:</strong></span> <span class='ocrx_word' id='word_1_149' title='bbox 3420 946 3545 987; x_wconf 89' lang='lat' dir='ltr'><strong>sunt</strong></span> <span class='ocrx_word' id='word_1_150' title='bbox 3571 950 3599 986; x_wconf 90' lang='lat' dir='ltr'><strong>a</strong></span> <span class='ocrx_word' id='word_1_151' title='bbox 3640 933 3932 1003; x_wconf 76' lang='lat' dir='ltr'><strong>majoribus</strong></span> 
     </span>
    </p>
   </div>
   <div class='ocr_carea' id='block_1_23' title="bbox 2328 1023 3932 1095">
    <p class='ocr_par' dir='ltr' id='par_1_23' title="bbox 2328 1023 3932 1095">
     <span class='ocr_line' id='line_1_23' title="bbox 2328 1023 3932 1095; baseline 0.004 -19"><span class='ocrx_word' id='word_1_152' title='bbox 2328 1025 2545 1089; x_wconf 83' lang='lat' dir='ltr'><strong>nostris,</strong></span> <span class='ocrx_word' id='word_1_153' title='bbox 2574 1040 2678 1079; x_wconf 93' lang='lat' dir='ltr'><strong>non</strong></span> <span class='ocrx_word' id='word_1_154' title='bbox 2714 1024 2853 1078; x_wconf 86' lang='lat' dir='ltr'><strong>inter</strong></span> <span class='ocrx_word' id='word_1_155' title='bbox 2902 1034 3166 1095; x_wconf 76' lang='lat' dir='ltr'><strong>nntrtyres</strong></span> <span class='ocrx_word' id='word_1_156' title='bbox 3212 1023 3395 1087; x_wconf 87' lang='lat' dir='ltr'><strong>modo.</strong></span> <span class='ocrx_word' id='word_1_157' title='bbox 3446 1025 3541 1079; x_wconf 89' lang='lat' dir='ltr'><strong>sed</strong></span> <span class='ocrx_word' id='word_1_158' title='bbox 3584 1028 3744 1080; x_wconf 90' lang='lat' dir='ltr'><strong>etiam</strong></span> <span class='ocrx_word' id='word_1_159' title='bbox 3794 1029 3932 1083; x_wconf 90' lang='lat' dir='ltr'><strong>inter</strong></span> 
     </span>
    </p>
   </div>
   <div class='ocr_carea' id='block_1_24' title="bbox 2328 1117 3501 1190">
    <p class='ocr_par' dir='ltr' id='par_1_24' title="bbox 2328 1117 3501 1190">
     <span class='ocr_line' id='line_1_24' title="bbox 2328 1117 3501 1190; baseline 0.002 -19"><span class='ocrx_word' id='word_1_160' title='bbox 2328 1118 2647 1189; x_wconf 73' lang='lat' dir='ltr'><strong>insigniores</strong></span> <span class='ocrx_word' id='word_1_161' title='bbox 2678 1117 2843 1174; x_wconf 86' lang='lat' dir='ltr'><strong>fuisse</strong></span> <span class='ocrx_word' id='word_1_162' title='bbox 2874 1129 3138 1190; x_wconf 88' lang='lat' dir='ltr'><strong>martyres</strong></span> <span class='ocrx_word' id='word_1_163' title='bbox 3168 1132 3501 1175; x_wconf 88' lang='lat' dir='ltr'><strong>numeratas.</strong></span> 
     </span>
    </p>
   </div>
   <div class='ocr_carea' id='block_1_25' title="bbox 2400 1210 3930 1284">
    <p class='ocr_par' dir='ltr' id='par_1_25' title="bbox 2400 1210 3930 1284">
     <span class='ocr_line' id='line_1_25' title="bbox 2400 1210 3930 1284; baseline 0.004 -21"><span class='ocrx_word' id='word_1_164' title='bbox 2400 1210 2529 1265; x_wconf 86' lang='lat' dir='ltr'><strong>Illud</strong></span> <span class='ocrx_word' id='word_1_165' title='bbox 2558 1211 2719 1265; x_wconf 86' lang='lat' dir='ltr'><strong>etiam</strong></span> <span class='ocrx_word' id='word_1_166' title='bbox 2745 1213 2843 1266; x_wconf 81' lang='lat' dir='ltr'><strong>ltoc</strong></span> <span class='ocrx_word' id='word_1_167' title='bbox 2870 1211 2990 1266; x_wconf 84' lang='lat' dir='ltr'><strong>loco</strong></span> <span class='ocrx_word' id='word_1_168' title='bbox 3020 1227 3123 1265; x_wconf 89' lang='lat' dir='ltr'><strong>non</strong></span> <span class='ocrx_word' id='word_1_169' title='bbox 3156 1211 3276 1267; x_wconf 90' lang='lat' dir='ltr'><strong>sine</strong></span> <span class='ocrx_word' id='word_1_170' title='bbox 3302 1212 3765 1269; x_wconf 89' lang='lat' dir='ltr'><strong>animadversione</strong></span> <span class='ocrx_word' id='word_1_171' title='bbox 3791 1229 3930 1284; x_wconf 76' lang='lat' dir='ltr'><strong>pra:-</strong></span> 
     </span>
    </p>
   </div>
   <div class='ocr_carea' id='block_1_26' title="bbox 2330 1305 3929 1378">
    <p class='ocr_par' dir='ltr' id='par_1_26' title="bbox 2330 1305 3929 1378">
     <span class='ocr_line' id='line_1_26' title="bbox 2330 1305 3929 1378; baseline 0.004 -20"><span class='ocrx_word' id='word_1_172' title='bbox 2330 1305 2763 1370; x_wconf 88' lang='lat' dir='ltr'><strong>termittcndutn,</strong></span> <span class='ocrx_word' id='word_1_173' title='bbox 2817 1305 2959 1377; x_wconf 88' lang='lat' dir='ltr'><strong>quod</strong></span> <span class='ocrx_word' id='word_1_174' title='bbox 3009 1322 3169 1376; x_wconf 86' lang='lat' dir='ltr'><strong>supra</strong></span> <span class='ocrx_word' id='word_1_175' title='bbox 3221 1308 3383 1361; x_wconf 89' lang='lat' dir='ltr'><strong>etiam</strong></span> <span class='ocrx_word' id='word_1_176' title='bbox 3448 1320 3532 1363; x_wconf 91' lang='lat' dir='ltr'><strong>est</strong></span> <span class='ocrx_word' id='word_1_177' title='bbox 3585 1319 3929 1378; x_wconf 86' lang='lat' dir='ltr'><strong>annotatum,</strong></span> 
     </span>
    </p>
   </div>
   <div class='ocr_carea' id='block_1_27' title="bbox 2329 1396 3932 1472">
    <p class='ocr_par' dir='ltr' id='par_1_27' title="bbox 2329 1396 3932 1472">
     <span class='ocr_line' id='line_1_27' title="bbox 2329 1396 3932 1472; baseline 0.005 -23"><span class='ocrx_word' id='word_1_178' title='bbox 2329 1396 2570 1450; x_wconf 87' lang='lat' dir='ltr'><strong>laudatas</strong></span> <span class='ocrx_word' id='word_1_179' title='bbox 2597 1397 2837 1467; x_wconf 85' lang='lat' dir='ltr'><strong>liturgias</strong></span> <span class='ocrx_word' id='word_1_180' title='bbox 2863 1407 2956 1451; x_wconf 90' lang='lat' dir='ltr'><strong>aut</strong></span> <span class='ocrx_word' id='word_1_181' title='bbox 2981 1399 3415 1464; x_wconf 88' lang='lat' dir='ltr'><strong>sacramentaria,</strong></span> <span class='ocrx_word' id='word_1_182' title='bbox 3449 1399 3499 1453; x_wconf 94' lang='lat' dir='ltr'><strong>in</strong></span> <span class='ocrx_word' id='word_1_183' title='bbox 3524 1401 3717 1470; x_wconf 89' lang='lat' dir='ltr'><strong>quibus</strong></span> <span class='ocrx_word' id='word_1_184' title='bbox 3737 1401 3932 1472; x_wconf 80' lang='lat' dir='ltr'><strong>Perpe-</strong></span> 
     </span>
    </p>
   </div>
   <div class='ocr_carea' id='block_1_28' title="bbox 2331 1490 3933 1561">
    <p class='ocr_par' dir='ltr' id='par_1_28' title="bbox 2331 1490 3933 1561">
     <span class='ocr_line' id='line_1_28' title="bbox 2331 1490 3933 1561; baseline 0.002 -16"><span class='ocrx_word' id='word_1_185' title='bbox 2331 1500 2433 1545; x_wconf 69' lang='lat' dir='ltr'><strong>tum</strong></span> <span class='ocrx_word' id='word_1_186' title='bbox 2466 1500 2519 1543; x_wconf 87' lang='lat' dir='ltr'><strong>et</strong></span> <span class='ocrx_word' id='word_1_187' title='bbox 2560 1490 2854 1544; x_wconf 85' lang='lat' dir='ltr'><strong>Felicitatis</strong></span> <span class='ocrx_word' id='word_1_188' title='bbox 2904 1490 3147 1561; x_wconf 86' lang='lat' dir='ltr'><strong>quotidie</strong></span> <span class='ocrx_word' id='word_1_189' title='bbox 3190 1492 3393 1545; x_wconf 90' lang='lat' dir='ltr'><strong>mentio</strong></span> <span class='ocrx_word' id='word_1_190' title='bbox 3426 1492 3671 1558; x_wconf 88' lang='lat' dir='ltr'><strong>iteratur,</strong></span> <span class='ocrx_word' id='word_1_191' title='bbox 3718 1509 3823 1547; x_wconf 92' lang='lat' dir='ltr'><strong>non</strong></span> <span class='ocrx_word' id='word_1_192' title='bbox 3865 1493 3933 1549; x_wconf 89' lang='lat' dir='ltr'><strong>ad</strong></span> 
     </span>
    </p>
   </div>
   <div class='ocr_carea' id='block_1_29' title="bbox 2331 1582 3932 1653">
    <p class='ocr_par' dir='ltr' id='par_1_29' title="bbox 2331 1582 3932 1653">
     <span class='ocr_line' id='line_1_29' title="bbox 2331 1582 3932 1653; baseline 0.002 -16"><span class='ocrx_word' id='word_1_193' title='bbox 2331 1582 2814 1653; x_wconf 74' lang='lat' dir='ltr'><strong>Carthaginiensem</strong></span> <span class='ocrx_word' id='word_1_194' title='bbox 2862 1591 2953 1637; x_wconf 88' lang='lat' dir='ltr'><strong>aut</strong></span> <span class='ocrx_word' id='word_1_195' title='bbox 3017 1584 3153 1637; x_wconf 90' lang='lat' dir='ltr'><strong>alias</strong></span> <span class='ocrx_word' id='word_1_196' title='bbox 3179 1582 3373 1638; x_wconf 77' lang='lat' dir='ltr'><strong>Africa:</strong></span> <span class='ocrx_word' id='word_1_197' title='bbox 3419 1585 3696 1652; x_wconf 84' lang='lat' dir='ltr'><strong>ecclesias,</strong></span> <span class='ocrx_word' id='word_1_198' title='bbox 3740 1586 3833 1641; x_wconf 91' lang='lat' dir='ltr'><strong>sed</strong></span> <span class='ocrx_word' id='word_1_199' title='bbox 3865 1586 3932 1641; x_wconf 89' lang='lat' dir='ltr'><strong>ad</strong></span> 
     </span>
    </p>
   </div>
   <div class='ocr_carea' id='block_1_30' title="bbox 2332 1674 3934 1749">
    <p class='ocr_par' dir='ltr' id='par_1_30' title="bbox 2332 1674 3934 1749">
     <span class='ocr_line' id='line_1_30' title="bbox 2332 1674 3934 1749; baseline 0.002 -20"><span class='ocrx_word' id='word_1_200' title='bbox 2332 1676 2629 1730; x_wconf 81' lang='lat' dir='ltr'><strong>Romanam</strong></span> <span class='ocrx_word' id='word_1_201' title='bbox 2678 1686 2732 1730; x_wconf 91' lang='lat' dir='ltr'><strong>et</strong></span> <span class='ocrx_word' id='word_1_202' title='bbox 2776 1674 3104 1731; x_wconf 86' lang='lat' dir='ltr'><strong>Gallicanam</strong></span> <span class='ocrx_word' id='word_1_203' title='bbox 3177 1677 3521 1746; x_wconf 86' lang='lat' dir='ltr'><strong>pertinuisse.</strong></span> <span class='ocrx_word' id='word_1_204' title='bbox 3563 1677 3715 1744; x_wconf 83' lang='lat' dir='ltr'><strong>Quod</strong></span> <span class='ocrx_word' id='word_1_205' title='bbox 3766 1679 3934 1749; x_wconf 85' lang='lat' dir='ltr'><strong>magis</strong></span> 
     </span>
    </p>
   </div>
   <div class='ocr_carea' id='block_1_31' title="bbox 2330 1770 3935 1843">
    <p class='ocr_par' dir='ltr' id='par_1_31' title="bbox 2330 1770 3935 1843">
     <span class='ocr_line' id='line_1_31' title="bbox 2330 1770 3935 1843; baseline 0.002 -18"><span class='ocrx_word' id='word_1_206' title='bbox 2330 1771 2506 1826; x_wconf 86' lang='lat' dir='ltr'><strong>adhuc</strong></span> <span class='ocrx_word' id='word_1_207' title='bbox 2540 1770 2813 1842; x_wconf 81' lang='lat' dir='ltr'><strong>magisque</strong></span> <span class='ocrx_word' id='word_1_208' title='bbox 2867 1771 3206 1826; x_wconf 87' lang='lat' dir='ltr'><strong>demonstrat</strong></span> <span class='ocrx_word' id='word_1_209' title='bbox 3234 1788 3390 1843; x_wconf 91' lang='lat' dir='ltr'><strong>quam</strong></span> <span class='ocrx_word' id='word_1_210' title='bbox 3424 1773 3491 1827; x_wconf 90' lang='lat' dir='ltr'><strong>ab</strong></span> <span class='ocrx_word' id='word_1_211' title='bbox 3533 1775 3766 1843; x_wconf 74' lang='lat' dir='ltr'><strong>antiquis</strong></span> <span class='ocrx_word' id='word_1_212' title='bbox 3794 1784 3935 1828; x_wconf 89' lang='lat' dir='ltr'><strong>tem-</strong></span> 
     </span>
    </p>
   </div>
   <div class='ocr_carea' id='block_1_32' title="bbox 626 1864 3937 1937">
    <p class='ocr_par' dir='ltr' id='par_1_32' title="bbox 626 1864 3937 1937">
     <span class='ocr_line' id='line_1_32' title="bbox 626 1864 3937 1937; baseline 0 -16"><span class='ocrx_word' id='word_1_213' title='bbox 626 1866 820 1922; x_wconf 90' lang='lat' dir='ltr'><strong>conﬁci</strong></span> <span class='ocrx_word' id='word_1_214' title='bbox 850 1876 1075 1937; x_wconf 91' lang='lat' dir='ltr'><strong>possunt</strong></span> <span class='ocrx_word' id='word_1_215' title='bbox 1100 1874 1436 1937; x_wconf 89' lang='lat' dir='ltr'><strong>argumenta.</strong></span> <span class='ocrx_word' id='word_1_216' title='bbox 1462 1865 1744 1935; x_wconf 64' lang='lat' dir='ltr'><strong>Perpetuus</strong></span> <span class='ocrx_word' id='word_1_217' title='bbox 1769 1866 1909 1919; x_wconf 87' lang='lat' dir='ltr'><strong>enim</strong></span> <span class='ocrx_word' id='word_1_218' title='bbox 1943 1876 1997 1919; x_wconf 91' lang='lat' dir='ltr'><strong>et</strong></span> <span class='ocrx_word' id='word_1_219' title='bbox 2026 1864 2223 1919; x_wconf 82' lang='lat' dir='ltr'><strong>Felici-</strong></span> <span class='ocrx_word' id='word_1_220' title='bbox 2255 1872 2301 1931; x_wconf 85' lang='grc' dir='ltr'>Β</span> <span class='ocrx_word' id='word_1_221' title='bbox 2331 1866 2549 1934; x_wconf 81' lang='lat' dir='ltr'><strong>poribus</strong></span> <span class='ocrx_word' id='word_1_222' title='bbox 2613 1876 2813 1919; x_wconf 74' lang='lat' dir='ltr'><strong>nostrae</strong></span> <span class='ocrx_word' id='word_1_223' title='bbox 2876 1864 2926 1919; x_wconf 89' lang='lat' dir='ltr'><strong>in</strong></span> <span class='ocrx_word' id='word_1_224' title='bbox 2980 1880 3075 1920; x_wconf 89' lang='lat' dir='ltr'><strong>ore</strong></span> <span class='ocrx_word' id='word_1_225' title='bbox 3129 1864 3284 1919; x_wconf 73' lang='lat' dir='ltr'><strong>fama:</strong></span> <span class='ocrx_word' id='word_1_226' title='bbox 3335 1875 3599 1937; x_wconf 85' lang='lat' dir='ltr'><strong>martyres</strong></span> <span class='ocrx_word' id='word_1_227' title='bbox 3651 1882 3937 1922; x_wconf 83' lang='lat' dir='ltr'><strong>versaren-</strong></span> 
     </span>
    </p>
   </div>
   <div class='ocr_carea' id='block_1_33' title="bbox 626 1956 2222 2027">
    <p class='ocr_par' dir='ltr' id='par_1_33' title="bbox 626 1956 2222 2027">
     <span class='ocr_line' id='line_1_33' title="bbox 626 1956 2222 2027; baseline -0.001 -15"><span class='ocrx_word' id='word_1_228' title='bbox 626 1958 751 2012; x_wconf 90' lang='lat' dir='ltr'><strong>tatis</strong></span> <span class='ocrx_word' id='word_1_229' title='bbox 781 1967 893 2012; x_wconf 90' lang='lat' dir='ltr'><strong>tum</strong></span> <span class='ocrx_word' id='word_1_230' title='bbox 928 1958 980 2012; x_wconf 92' lang='lat' dir='ltr'><strong>in</strong></span> <span class='ocrx_word' id='word_1_231' title='bbox 1025 1957 1221 2012; x_wconf 88' lang='lat' dir='ltr'><strong>Missali</strong></span> <span class='ocrx_word' id='word_1_232' title='bbox 1249 1956 1469 2023; x_wconf 89' lang='lat' dir='ltr'><strong>Gelasii,</strong></span> <span class='ocrx_word' id='word_1_233' title='bbox 1518 1966 1628 2012; x_wconf 91' lang='lat' dir='ltr'><strong>tum</strong></span> <span class='ocrx_word' id='word_1_234' title='bbox 1660 1958 1711 2011; x_wconf 92' lang='lat' dir='ltr'><strong>in</strong></span> <span class='ocrx_word' id='word_1_235' title='bbox 1750 1956 1992 2027; x_wconf 77' lang='lat' dir='ltr'><strong>Gregorii</strong></span> <span class='ocrx_word' id='word_1_236' title='bbox 2030 1956 2222 2012; x_wconf 83' lang='lat' dir='ltr'><strong>Sacra-</strong></span> 
     </span>
    </p>
   </div>
   <div class='ocr_carea' id='block_1_34' title="bbox 624 2050 2227 2122">
    <p class='ocr_par' dir='ltr' id='par_1_34' title="bbox 624 2050 2227 2122">
     <span class='ocr_line' id='line_1_34' title="bbox 624 2050 2227 2122; baseline -0.001 -17"><span class='ocrx_word' id='word_1_237' title='bbox 624 2052 912 2118; x_wconf 89' lang='lat' dir='ltr'><strong>mentario,</strong></span> <span class='ocrx_word' id='word_1_238' title='bbox 963 2061 1072 2105; x_wconf 92' lang='lat' dir='ltr'><strong>tum</strong></span> <span class='ocrx_word' id='word_1_239' title='bbox 1099 2051 1332 2122; x_wconf 89' lang='lat' dir='ltr'><strong>denique</strong></span> <span class='ocrx_word' id='word_1_240' title='bbox 1368 2051 1421 2105; x_wconf 91' lang='lat' dir='ltr'><strong>in</strong></span> <span class='ocrx_word' id='word_1_241' title='bbox 1450 2050 1815 2106; x_wconf 91' lang='lat' dir='ltr'><strong>vetustissimo</strong></span> <span class='ocrx_word' id='word_1_242' title='bbox 1853 2050 2227 2105; x_wconf 88' lang='lat' dir='ltr'><strong>Sacramenta-</strong></span> 
     </span>
    </p>
   </div>
   <div class='ocr_carea' id='block_1_35' title="bbox 624 2143 2228 2218">
    <p class='ocr_par' dir='ltr' id='par_1_35' title="bbox 624 2143 2228 2218">
     <span class='ocr_line' id='line_1_35' title="bbox 624 2143 2228 2218; baseline -0.002 -16"><span class='ocrx_word' id='word_1_243' title='bbox 624 2146 706 2202; x_wconf 88' lang='lat' dir='ltr'><strong>rio</strong></span> <span class='ocrx_word' id='word_1_244' title='bbox 734 2145 1011 2202; x_wconf 90' lang='lat' dir='ltr'><strong>Gallicano</strong></span> <span class='ocrx_word' id='word_1_245' title='bbox 1040 2145 1123 2218; x_wconf 85' lang='lat' dir='ltr'><strong>(I)</strong></span> <span class='ocrx_word' id='word_1_246' title='bbox 1154 2144 1395 2216; x_wconf 91' lang='lat' dir='ltr'><strong>quotidie</strong></span> <span class='ocrx_word' id='word_1_247' title='bbox 1424 2145 1703 2215; x_wconf 91' lang='lat' dir='ltr'><strong>repetitur,</strong></span> <span class='ocrx_word' id='word_1_248' title='bbox 1751 2159 1871 2198; x_wconf 91' lang='lat' dir='ltr'><strong>cum</strong></span> <span class='ocrx_word' id='word_1_249' title='bbox 1907 2143 2087 2213; x_wconf 87' lang='lat' dir='ltr'><strong>paucis</strong></span> <span class='ocrx_word' id='word_1_250' title='bbox 2109 2143 2228 2198; x_wconf 89' lang='lat' dir='ltr'><strong>aliis</strong></span> 
     </span>
    </p>
   </div>
   <div class='ocr_carea' id='block_1_36' title="bbox 628 2235 2226 2309">
    <p class='ocr_par' dir='ltr' id='par_1_36' title="bbox 628 2235 2226 2309">
     <span class='ocr_line' id='line_1_36' title="bbox 628 2235 2226 2309; baseline -0.001 -17"><span class='ocrx_word' id='word_1_251' title='bbox 628 2238 975 2309; x_wconf 85' lang='lat' dir='ltr'><strong>martyribus,</strong></span> <span class='ocrx_word' id='word_1_252' title='bbox 1020 2239 1073 2293; x_wconf 90' lang='lat' dir='ltr'><strong>in</strong></span> <span class='ocrx_word' id='word_1_253' title='bbox 1110 2239 1290 2293; x_wconf 72' lang='lat' dir='ltr'><strong>missae</strong></span> <span class='ocrx_word' id='word_1_254' title='bbox 1327 2252 1537 2293; x_wconf 90' lang='lat' dir='ltr'><strong>canone</strong></span> <span class='ocrx_word' id='word_1_255' title='bbox 1566 2237 2028 2292; x_wconf 87' lang='lat' dir='ltr'><strong>commemoratio.</strong></span> <span class='ocrx_word' id='word_1_256' title='bbox 2059 2235 2226 2290; x_wconf 84' lang='lat' dir='ltr'><strong>Obvia</strong></span> 
     </span>
    </p>
   </div>
   <div class='ocr_carea' id='block_1_37' title="bbox 628 2327 2224 2400">
    <p class='ocr_par' dir='ltr' id='par_1_37' title="bbox 628 2327 2224 2400">
     <span class='ocr_line' id='line_1_37' title="bbox 628 2327 2224 2400; baseline -0.003 -15"><span class='ocrx_word' id='word_1_257' title='bbox 628 2340 753 2385; x_wconf 90' lang='lat' dir='ltr'><strong>sunt</strong></span> <span class='ocrx_word' id='word_1_258' title='bbox 795 2330 1044 2386; x_wconf 91' lang='lat' dir='ltr'><strong>omnibus</strong></span> <span class='ocrx_word' id='word_1_259' title='bbox 1089 2329 1586 2400; x_wconf 89' lang='lat' dir='ltr'><strong>antiquissimorum</strong></span> <span class='ocrx_word' id='word_1_260' title='bbox 1632 2329 1851 2384; x_wconf 89' lang='lat' dir='ltr'><strong>Patrum</strong></span> <span class='ocrx_word' id='word_1_261' title='bbox 1899 2327 2224 2393; x_wconf 87' lang='lat' dir='ltr'><strong>testimonia,</strong></span> 
     </span>
    </p>
   </div>
   <div class='ocr_carea' id='block_1_38' title="bbox 630 2420 2229 2495">
    <p class='ocr_par' dir='ltr' id='par_1_38' title="bbox 630 2420 2229 2495">
     <span class='ocr_line' id='line_1_38' title="bbox 630 2420 2229 2495; baseline -0.001 -18"><span class='ocrx_word' id='word_1_262' title='bbox 630 2422 947 2479; x_wconf 86' lang='lat' dir='ltr'><strong>Tertulliani</strong></span> <span class='ocrx_word' id='word_1_263' title='bbox 982 2422 1035 2477; x_wconf 90' lang='lat' dir='ltr'><strong>in</strong></span> <span class='ocrx_word' id='word_1_264' title='bbox 1060 2423 1246 2494; x_wconf 88' lang='lat' dir='ltr'><strong>primis</strong></span> <span class='ocrx_word' id='word_1_265' title='bbox 1274 2420 1355 2495; x_wconf 68' lang='grc'><strong>(2)</strong></span> <span class='ocrx_word' id='word_1_266' title='bbox 1398 2432 1453 2478; x_wconf 89' lang='lat' dir='ltr'><strong>et</strong></span> <span class='ocrx_word' id='word_1_267' title='bbox 1492 2421 1746 2493; x_wconf 89' lang='lat' dir='ltr'><strong>Cypriani</strong></span> <span class='ocrx_word' id='word_1_268' title='bbox 1803 2420 1907 2494; x_wconf 83' lang='grc'>(5),</span> <span class='ocrx_word' id='word_1_269' title='bbox 1958 2422 2151 2493; x_wconf 86' lang='lat' dir='ltr'><strong>quibus</strong></span> <span class='ocrx_word' id='word_1_270' title='bbox 2194 2420 2229 2475; x_wconf 92' lang='lat' dir='ltr'><strong>ii</strong></span> 
     </span>
    </p>
   </div>
   <div class='ocr_carea' id='block_1_39' title="bbox 633 2516 2228 2590">
    <p class='ocr_par' dir='ltr' id='par_1_39' title="bbox 633 2516 2228 2590">
     <span class='ocr_line' id='line_1_39' title="bbox 633 2516 2228 2590; baseline -0.002 -17"><span class='ocrx_word' id='word_1_271' title='bbox 633 2526 818 2589; x_wconf 87' lang='lat' dir='ltr'><strong>aperte</strong></span> <span class='ocrx_word' id='word_1_272' title='bbox 877 2526 1141 2573; x_wconf 88' lang='lat' dir='ltr'><strong>testantur</strong></span> <span class='ocrx_word' id='word_1_273' title='bbox 1182 2527 1475 2590; x_wconf 87' lang='lat' dir='ltr'><strong>martyrum</strong></span> <span class='ocrx_word' id='word_1_274' title='bbox 1523 2517 1793 2571; x_wconf 89' lang='lat' dir='ltr'><strong>natalitios</strong></span> <span class='ocrx_word' id='word_1_275' title='bbox 1849 2517 1965 2571; x_wconf 88' lang='lat' dir='ltr'><strong>dies</strong></span> <span class='ocrx_word' id='word_1_276' title='bbox 2011 2516 2228 2586; x_wconf 86' lang='lat' dir='ltr'><strong>speciali</strong></span> 
     </span>
    </p>
   </div>
   <div class='ocr_carea' id='block_1_40' title="bbox 630 2606 2229 2666">
    <p class='ocr_par' dir='ltr' id='par_1_40' title="bbox 630 2606 2229 2666">
     <span class='ocr_line' id='line_1_40' title="bbox 630 2606 2229 2666; baseline -0.003 -1"><span class='ocrx_word' id='word_1_277' title='bbox 630 2626 816 2665; x_wconf 89' lang='lat' dir='ltr'><strong>eorum</strong></span> <span class='ocrx_word' id='word_1_278' title='bbox 861 2609 1003 2666; x_wconf 92' lang='lat' dir='ltr'><strong>inter</strong></span> <span class='ocrx_word' id='word_1_279' title='bbox 1038 2606 1303 2664; x_wconf 90' lang='lat' dir='ltr'><strong>sacriﬁcia</strong></span> <span class='ocrx_word' id='word_1_280' title='bbox 1332 2608 1849 2663; x_wconf 88' lang='lat' dir='ltr'><strong>commemoratione</strong></span> <span class='ocrx_word' id='word_1_281' title='bbox 1896 2606 2059 2661; x_wconf 83' lang='lat' dir='ltr'><strong>fuisse</strong></span> <span class='ocrx_word' id='word_1_282' title='bbox 2088 2608 2229 2661; x_wconf 90' lang='lat' dir='ltr'><strong>cele-</strong></span> 
     </span>
    </p>
   </div>
   <div class='ocr_carea' id='block_1_41' title="bbox 627 2699 2229 2773">
    <p class='ocr_par' dir='ltr' id='par_1_41' title="bbox 627 2699 2229 2773">
     <span class='ocr_line' id='line_1_41' title="bbox 627 2699 2229 2773; baseline -0.006 -12"><span class='ocrx_word' id='word_1_283' title='bbox 627 2704 833 2761; x_wconf 86' lang='lat' dir='ltr'><strong>bratos.</strong></span> <span class='ocrx_word' id='word_1_284' title='bbox 879 2704 963 2758; x_wconf 88' lang='lat' dir='ltr'><strong>An</strong></span> <span class='ocrx_word' id='word_1_285' title='bbox 1002 2717 1133 2759; x_wconf 83' lang='lat' dir='ltr'><strong>vero</strong></span> <span class='ocrx_word' id='word_1_286' title='bbox 1162 2711 1358 2773; x_wconf 59' lang='lat' dir='ltr'><strong>praeter</strong></span> <span class='ocrx_word' id='word_1_287' title='bbox 1386 2701 1806 2755; x_wconf 85' lang='lat' dir='ltr'><strong>anniversariam</strong></span> <span class='ocrx_word' id='word_1_288' title='bbox 1835 2711 2130 2770; x_wconf 87' lang='lat' dir='ltr'><strong>martyrum</strong></span> <span class='ocrx_word' id='word_1_289' title='bbox 2177 2699 2229 2753; x_wconf 92' lang='lat' dir='ltr'><strong>in</strong></span> 
     </span>
    </p>
   </div>
   <div class='ocr_carea' id='block_1_42' title="bbox 629 2793 2229 2864">
    <p class='ocr_par' dir='ltr' id='par_1_42' title="bbox 629 2793 2229 2864">
     <span class='ocr_line' id='line_1_42' title="bbox 629 2793 2229 2864; baseline -0.004 -13"><span class='ocrx_word' id='word_1_290' title='bbox 629 2795 718 2851; x_wconf 90' lang='lat' dir='ltr'><strong>die</strong></span> <span class='ocrx_word' id='word_1_291' title='bbox 747 2795 942 2851; x_wconf 85' lang='lat' dir='ltr'><strong>natalis</strong></span> <span class='ocrx_word' id='word_1_292' title='bbox 967 2810 1153 2850; x_wconf 90' lang='lat' dir='ltr'><strong>eorum</strong></span> <span class='ocrx_word' id='word_1_293' title='bbox 1184 2793 1576 2859; x_wconf 88' lang='lat' dir='ltr'><strong>celebritatem,</strong></span> <span class='ocrx_word' id='word_1_294' title='bbox 1599 2793 1899 2864; x_wconf 91' lang='lat' dir='ltr'><strong>priscorum</strong></span> <span class='ocrx_word' id='word_1_295' title='bbox 1929 2801 2229 2861; x_wconf 88' lang='lat' dir='ltr'><strong>temporum</strong></span> 
     </span>
    </p>
   </div>
   <div class='ocr_carea' id='block_1_43' title="bbox 631 2884 2231 2956">
    <p class='ocr_par' dir='ltr' id='par_1_43' title="bbox 631 2884 2231 2956">
     <span class='ocr_line' id='line_1_43' title="bbox 631 2884 2231 2956; baseline -0.004 -13"><span class='ocrx_word' id='word_1_296' title='bbox 631 2903 758 2943; x_wconf 91' lang='lat' dir='ltr'><strong>usus</strong></span> <span class='ocrx_word' id='word_1_297' title='bbox 790 2887 1035 2956; x_wconf 83' lang='lat' dir='ltr'><strong>haberet,</strong></span> <span class='ocrx_word' id='word_1_298' title='bbox 1086 2898 1144 2942; x_wconf 93' lang='lat' dir='ltr'><strong>ut</strong></span> <span class='ocrx_word' id='word_1_299' title='bbox 1198 2886 1281 2942; x_wconf 87' lang='lat' dir='ltr'><strong>vel</strong></span> <span class='ocrx_word' id='word_1_300' title='bbox 1319 2886 1560 2941; x_wconf 91' lang='lat' dir='ltr'><strong>omnium</strong></span> <span class='ocrx_word' id='word_1_301' title='bbox 1608 2884 1691 2939; x_wconf 88' lang='lat' dir='ltr'><strong>vel</strong></span> <span class='ocrx_word' id='word_1_302' title='bbox 1739 2885 2088 2954; x_wconf 85' lang='lat' dir='ltr'><strong>insigniorum</strong></span> <span class='ocrx_word' id='word_1_303' title='bbox 2136 2898 2231 2937; x_wconf 87' lang='lat' dir='ltr'><strong>no-</strong></span> 
     </span>
    </p>
   </div>
   <div class='ocr_carea' id='block_1_44' title="bbox 633 2975 2232 3052">
    <p class='ocr_par' dir='ltr' id='par_1_44' title="bbox 633 2975 2232 3052">
     <span class='ocr_line' id='line_1_44' title="bbox 633 2975 2232 3052; baseline -0.004 -14"><span class='ocrx_word' id='word_1_304' title='bbox 633 2982 779 3038; x_wconf 85' lang='lat' dir='ltr'><strong>mina</strong></span> <span class='ocrx_word' id='word_1_305' title='bbox 836 2983 979 3037; x_wconf 92' lang='lat' dir='ltr'><strong>inter</strong></span> <span class='ocrx_word' id='word_1_306' title='bbox 1006 2980 1317 3052; x_wconf 87' lang='lat' dir='ltr'><strong>quotidiana</strong></span> <span class='ocrx_word' id='word_1_307' title='bbox 1357 2978 1621 3034; x_wconf 90' lang='lat' dir='ltr'><strong>sacriﬁcia</strong></span> <span class='ocrx_word' id='word_1_308' title='bbox 1664 2993 1695 3033; x_wconf 91' lang='lat' dir='ltr'><strong>e</strong></span> <span class='ocrx_word' id='word_1_309' title='bbox 1740 2978 1907 3031; x_wconf 88' lang='lat' dir='ltr'><strong>sacris</strong></span> <span class='ocrx_word' id='word_1_310' title='bbox 1959 2975 2232 3047; x_wconf 87' lang='lat' dir='ltr'><strong>dypticbis</strong></span> 
     </span>
    </p>
   </div>
   <div class='ocr_carea' id='block_1_45' title="bbox 633 3070 2229 3141">
    <p class='ocr_par' dir='ltr' id='par_1_45' title="bbox 633 3070 2229 3141">
     <span class='ocr_line' id='line_1_45' title="bbox 633 3070 2229 3141; baseline -0.004 -10"><span class='ocrx_word' id='word_1_311' title='bbox 633 3078 1012 3141; x_wconf 85' lang='lat' dir='ltr'><strong>recitarentur,</strong></span> <span class='ocrx_word' id='word_1_312' title='bbox 1040 3074 1181 3129; x_wconf 87' lang='lat' dir='ltr'><strong>haud</strong></span> <span class='ocrx_word' id='word_1_313' title='bbox 1213 3074 1285 3127; x_wconf 89' lang='lat' dir='ltr'><strong>ita</strong></span> <span class='ocrx_word' id='word_1_314' title='bbox 1310 3088 1340 3129; x_wconf 90' lang='lat' dir='ltr'><strong>e</strong></span> <span class='ocrx_word' id='word_1_315' title='bbox 1366 3084 1606 3128; x_wconf 90' lang='lat' dir='ltr'><strong>veterum</strong></span> <span class='ocrx_word' id='word_1_316' title='bbox 1632 3070 1953 3126; x_wconf 88' lang='lat' dir='ltr'><strong>testimoniis</strong></span> <span class='ocrx_word' id='word_1_317' title='bbox 1982 3085 2229 3139; x_wconf 86' lang='lat' dir='ltr'><strong>comper-</strong></span> 
     </span>
    </p>
   </div>
   <div class='ocr_carea' id='block_1_46' title="bbox 634 3163 2229 3235">
    <p class='ocr_par' dir='ltr' id='par_1_46' title="bbox 634 3163 2229 3235">
     <span class='ocr_line' id='line_1_46' title="bbox 634 3163 2229 3235; baseline -0.005 -12"><span class='ocrx_word' id='word_1_318' title='bbox 634 3178 744 3223; x_wconf 92' lang='lat' dir='ltr'><strong>tum</strong></span> <span class='ocrx_word' id='word_1_319' title='bbox 772 3177 875 3224; x_wconf 91' lang='lat' dir='ltr'><strong>est.</strong></span> <span class='ocrx_word' id='word_1_320' title='bbox 904 3167 1151 3222; x_wconf 85' lang='lat' dir='ltr'><strong>lndieare</strong></span> <span class='ocrx_word' id='word_1_321' title='bbox 1179 3165 1230 3221; x_wconf 95' lang='lat' dir='ltr'><strong>id</strong></span> <span class='ocrx_word' id='word_1_322' title='bbox 1255 3175 1431 3220; x_wconf 90' lang='lat' dir='ltr'><strong>tamen</strong></span> <span class='ocrx_word' id='word_1_323' title='bbox 1454 3176 1670 3221; x_wconf 89' lang='lat' dir='ltr'><strong>sanctus</strong></span> <span class='ocrx_word' id='word_1_324' title='bbox 1692 3164 1991 3235; x_wconf 85' lang='lat' dir='ltr'><strong>Cyprianus</strong></span> <span class='ocrx_word' id='word_1_325' title='bbox 2018 3163 2229 3217; x_wconf 79' lang='lat' dir='ltr'><strong>videtur</strong></span> 
     </span>
    </p>
   </div>
   <div class='ocr_carea' id='block_1_47' title="bbox 2334 1956 3932 2025">
    <p class='ocr_par' dir='ltr' id='par_1_47' title="bbox 2334 1956 3932 2025">
     <span class='ocr_line' id='line_1_47' title="bbox 2334 1956 3932 2025; baseline 0.002 -14"><span class='ocrx_word' id='word_1_326' title='bbox 2334 1968 2437 2011; x_wconf 91' lang='lat' dir='ltr'><strong>tur.</strong></span> <span class='ocrx_word' id='word_1_327' title='bbox 2472 1957 2524 2009; x_wconf 87' lang='lat' dir='ltr'><strong>In</strong></span> <span class='ocrx_word' id='word_1_328' title='bbox 2558 1956 2731 2011; x_wconf 79' lang='lat' dir='ltr'><strong>Missa:</strong></span> <span class='ocrx_word' id='word_1_329' title='bbox 2760 1956 3021 2012; x_wconf 74' lang='lat' dir='ltr'><strong>Romana:</strong></span> <span class='ocrx_word' id='word_1_330' title='bbox 3047 1973 3255 2014; x_wconf 84' lang='lat' dir='ltr'><strong>canone</strong></span> <span class='ocrx_word' id='word_1_331' title='bbox 3277 1959 3406 2012; x_wconf 89' lang='lat' dir='ltr'><strong>nulli</strong></span> <span class='ocrx_word' id='word_1_332' title='bbox 3434 1958 3583 2025; x_wconf 91' lang='lat' dir='ltr'><strong>olim,</strong></span> <span class='ocrx_word' id='word_1_333' title='bbox 3604 1960 3701 2013; x_wconf 85' lang='lat' dir='ltr'><strong>nisi</strong></span> <span class='ocrx_word' id='word_1_334' title='bbox 3728 1960 3932 2014; x_wconf 79' lang='lat' dir='ltr'><strong>Roma-</strong></span> 
     </span>
    </p>
   </div>
   <div class='ocr_carea' id='block_1_48' title="bbox 2332 2050 3937 2122">
    <p class='ocr_par' dir='ltr' id='par_1_48' title="bbox 2332 2050 3937 2122">
     <span class='ocr_line' id='line_1_48' title="bbox 2332 2050 3937 2122; baseline 0.003 -18"><span class='ocrx_word' id='word_1_335' title='bbox 2332 2051 2385 2104; x_wconf 92' lang='lat' dir='ltr'><strong>ni</strong></span> <span class='ocrx_word' id='word_1_336' title='bbox 2416 2058 2680 2119; x_wconf 79' lang='lat' dir='ltr'><strong>martyres</strong></span> <span class='ocrx_word' id='word_1_337' title='bbox 2737 2050 3196 2116; x_wconf 89' lang='lat' dir='ltr'><strong>memorabantur,</strong></span> <span class='ocrx_word' id='word_1_338' title='bbox 3247 2052 3293 2107; x_wconf 88' lang='lat' dir='ltr'><strong>si</strong></span> <span class='ocrx_word' id='word_1_339' title='bbox 3341 2060 3536 2122; x_wconf 75' lang='lat' dir='ltr'><strong>prmter</strong></span> <span class='ocrx_word' id='word_1_340' title='bbox 3565 2052 3854 2122; x_wconf 86' lang='lat' dir='ltr'><strong>Apostolos</strong></span> <span class='ocrx_word' id='word_1_341' title='bbox 3880 2063 3937 2109; x_wconf 81' lang='lat' dir='ltr'><strong>et</strong></span> 
     </span>
    </p>
   </div>
   <div class='ocr_carea' id='block_1_49' title="bbox 2333 2141 3935 2215">
    <p class='ocr_par' dir='ltr' id='par_1_49' title="bbox 2333 2141 3935 2215">
     <span class='ocr_line' id='line_1_49' title="bbox 2333 2141 3935 2215; baseline 0.005 -21"><span class='ocrx_word' id='word_1_342' title='bbox 2333 2141 2612 2213; x_wconf 84' lang='lat' dir='ltr'><strong>lgnatium,</strong></span> <span class='ocrx_word' id='word_1_343' title='bbox 2653 2142 2822 2197; x_wconf 89' lang='lat' dir='ltr'><strong>virum</strong></span> <span class='ocrx_word' id='word_1_344' title='bbox 2863 2144 3238 2213; x_wconf 87' lang='lat' dir='ltr'><strong>apostolicum,</strong></span> <span class='ocrx_word' id='word_1_345' title='bbox 3289 2146 3376 2214; x_wconf 93' lang='lat' dir='ltr'><strong>qui</strong></span> <span class='ocrx_word' id='word_1_346' title='bbox 3415 2154 3469 2199; x_wconf 90' lang='lat' dir='ltr'><strong>et</strong></span> <span class='ocrx_word' id='word_1_347' title='bbox 3510 2145 3697 2200; x_wconf 65' lang='lat' dir='ltr'><strong>Romae</strong></span> <span class='ocrx_word' id='word_1_348' title='bbox 3744 2160 3935 2215; x_wconf 88' lang='lat' dir='ltr'><strong>passus</strong></span> 
     </span>
    </p>
   </div>
   <div class='ocr_carea' id='block_1_50' title="bbox 2331 2236 3941 2309">
    <p class='ocr_par' dir='ltr' id='par_1_50' title="bbox 2331 2236 3941 2309">
     <span class='ocr_line' id='line_1_50' title="bbox 2331 2236 3941 2309; baseline 0.003 -21"><span class='ocrx_word' id='word_1_349' title='bbox 2331 2243 2433 2298; x_wconf 90' lang='lat' dir='ltr'><strong>est,</strong></span> <span class='ocrx_word' id='word_1_350' title='bbox 2465 2244 2728 2306; x_wconf 87' lang='lat' dir='ltr'><strong>martyres</strong></span> <span class='ocrx_word' id='word_1_351' title='bbox 2756 2244 2969 2290; x_wconf 89' lang='lat' dir='ltr'><strong>nostras</strong></span> <span class='ocrx_word' id='word_1_352' title='bbox 3012 2245 3066 2292; x_wconf 89' lang='lat' dir='ltr'><strong>et</strong></span> <span class='ocrx_word' id='word_1_353' title='bbox 3124 2236 3449 2307; x_wconf 82' lang='lat' dir='ltr'><strong>Cyprianum</strong></span> <span class='ocrx_word' id='word_1_354' title='bbox 3480 2238 3720 2308; x_wconf 83' lang='lat' dir='ltr'><strong>excipias</strong></span> <span class='ocrx_word' id='word_1_355' title='bbox 3752 2257 3765 2292; x_wconf 93' lang='lat'>:</span> <span class='ocrx_word' id='word_1_356' title='bbox 3795 2240 3941 2309; x_wconf 89' lang='lat' dir='ltr'><strong>Aga-</strong></span> 
     </span>
    </p>
   </div>
   <div class='ocr_carea' id='block_1_51' title="bbox 2334 2326 3939 2403">
    <p class='ocr_par' dir='ltr' id='par_1_51' title="bbox 2334 2326 3939 2403">
     <span class='ocr_line' id='line_1_51' title="bbox 2334 2326 3939 2403; baseline 0.006 -24"><span class='ocrx_word' id='word_1_357' title='bbox 2334 2326 2478 2380; x_wconf 90' lang='lat' dir='ltr'><strong>tbam</strong></span> <span class='ocrx_word' id='word_1_358' title='bbox 2505 2326 2648 2380; x_wconf 89' lang='lat' dir='ltr'><strong>enim</strong></span> <span class='ocrx_word' id='word_1_359' title='bbox 2695 2337 2747 2381; x_wconf 88' lang='lat' dir='ltr'><strong>et</strong></span> <span class='ocrx_word' id='word_1_360' title='bbox 2786 2327 3002 2383; x_wconf 90' lang='lat' dir='ltr'><strong>Luciam</strong></span> <span class='ocrx_word' id='word_1_361' title='bbox 3050 2340 3316 2400; x_wconf 84' lang='lat' dir='ltr'><strong>martyres</strong></span> <span class='ocrx_word' id='word_1_362' title='bbox 3362 2330 3569 2387; x_wconf 89' lang='lat' dir='ltr'><strong>Siculas</strong></span> <span class='ocrx_word' id='word_1_363' title='bbox 3596 2346 3624 2384; x_wconf 91' lang='lat' dir='ltr'><strong>a</strong></span> <span class='ocrx_word' id='word_1_364' title='bbox 3672 2330 3939 2403; x_wconf 75' lang='lat' dir='ltr'><strong>Gregorio</strong></span> 
     </span>
    </p>
   </div>
   <div class='ocr_carea' id='block_1_52' title="bbox 2334 2417 3935 2496">
    <p class='ocr_par' dir='ltr' id='par_1_52' title="bbox 2334 2417 3935 2496">
     <span class='ocr_line' id='line_1_52' title="bbox 2334 2417 3935 2496; baseline 0.005 -26"><span class='ocrx_word' id='word_1_365' title='bbox 2334 2417 2527 2488; x_wconf 84' lang='lat' dir='ltr'><strong>Magno</strong></span> <span class='ocrx_word' id='word_1_366' title='bbox 2568 2419 2762 2473; x_wconf 85' lang='lat' dir='ltr'><strong>canoni</strong></span> <span class='ocrx_word' id='word_1_367' title='bbox 2803 2419 3087 2489; x_wconf 89' lang='lat' dir='ltr'><strong>adjunctas</strong></span> <span class='ocrx_word' id='word_1_368' title='bbox 3123 2420 3311 2475; x_wconf 88' lang='lat' dir='ltr'><strong>scribit</strong></span> <span class='ocrx_word' id='word_1_369' title='bbox 3351 2420 3650 2478; x_wconf 85' lang='lat' dir='ltr'><strong>Adltelmus</strong></span> <span class='ocrx_word' id='word_1_370' title='bbox 3675 2421 3777 2495; x_wconf 90' lang='lat' dir='ltr'><strong>(I).</strong></span> <span class='ocrx_word' id='word_1_371' title='bbox 3830 2423 3935 2496; x_wconf 88' lang='lat' dir='ltr'><strong>Cy-</strong></span> 
     </span>
    </p>
   </div>
   <div class='ocr_carea' id='block_1_53' title="bbox 2334 2510 3932 2587">
    <p class='ocr_par' dir='ltr' id='par_1_53' title="bbox 2334 2510 3932 2587">
     <span class='ocr_line' id='line_1_53' title="bbox 2334 2510 3932 2587; baseline 0.005 -23"><span class='ocrx_word' id='word_1_372' title='bbox 2334 2510 2521 2580; x_wconf 89' lang='lat' dir='ltr'><strong>priano</strong></span> <span class='ocrx_word' id='word_1_373' title='bbox 2551 2527 2646 2567; x_wconf 92' lang='lat' dir='ltr'><strong>cur</strong></span> <span class='ocrx_word' id='word_1_374' title='bbox 2685 2512 2739 2567; x_wconf 92' lang='lat' dir='ltr'><strong>id</strong></span> <span class='ocrx_word' id='word_1_375' title='bbox 2784 2512 3006 2569; x_wconf 89' lang='lat' dir='ltr'><strong>honoris</strong></span> <span class='ocrx_word' id='word_1_376' title='bbox 3052 2513 3404 2583; x_wconf 89' lang='lat' dir='ltr'><strong>tribueretur,</strong></span> <span class='ocrx_word' id='word_1_377' title='bbox 3442 2517 3698 2586; x_wconf 64' lang='lat' dir='ltr'><strong>prmelara</strong></span> <span class='ocrx_word' id='word_1_378' title='bbox 3743 2518 3932 2587; x_wconf 88' lang='lat' dir='ltr'><strong>ipsius,</strong></span> 
     </span>
    </p>
   </div>
   <div class='ocr_carea' id='block_1_54' title="bbox 2334 2605 3933 2674">
    <p class='ocr_par' dir='ltr' id='par_1_54' title="bbox 2334 2605 3933 2674">
     <span class='ocr_line' id='line_1_54' title="bbox 2334 2605 3933 2674; baseline 0.005 -15"><span class='ocrx_word' id='word_1_379' title='bbox 2334 2615 2391 2661; x_wconf 91' lang='lat' dir='ltr'><strong>ut</strong></span> <span class='ocrx_word' id='word_1_380' title='bbox 2419 2605 2669 2674; x_wconf 92' lang='lat' dir='ltr'><strong>dicimus,</strong></span> <span class='ocrx_word' id='word_1_381' title='bbox 2704 2608 2755 2662; x_wconf 94' lang='lat' dir='ltr'><strong>in</strong></span> <span class='ocrx_word' id='word_1_382' title='bbox 2791 2608 3087 2664; x_wconf 81' lang='lat' dir='ltr'><strong>Ecclesiam</strong></span> <span class='ocrx_word' id='word_1_383' title='bbox 3115 2609 3413 2664; x_wconf 82' lang='lat' dir='ltr'><strong>Romanam</strong></span> <span class='ocrx_word' id='word_1_384' title='bbox 3447 2610 3638 2666; x_wconf 89' lang='lat' dir='ltr'><strong>merita</strong></span> <span class='ocrx_word' id='word_1_385' title='bbox 3682 2612 3933 2667; x_wconf 89' lang='lat' dir='ltr'><strong>obtinue-</strong></span> 
     </span>
    </p>
   </div>
   <div class='ocr_carea' id='block_1_55' title="bbox 2335 2698 3932 2773">
    <p class='ocr_par' dir='ltr' id='par_1_55' title="bbox 2335 2698 3932 2773">
     <span class='ocr_line' id='line_1_55' title="bbox 2335 2698 3932 2773; baseline 0.003 -21"><span class='ocrx_word' id='word_1_386' title='bbox 2335 2708 2479 2753; x_wconf 91' lang='lat' dir='ltr'><strong>runt.</strong></span> <span class='ocrx_word' id='word_1_387' title='bbox 2508 2698 2721 2754; x_wconf 88' lang='lat' dir='ltr'><strong>Nostris</strong></span> <span class='ocrx_word' id='word_1_388' title='bbox 2746 2715 2877 2755; x_wconf 88' lang='lat' dir='ltr'><strong>vero</strong></span> <span class='ocrx_word' id='word_1_389' title='bbox 2920 2699 3061 2756; x_wconf 89' lang='lat' dir='ltr'><strong>unde</strong></span> <span class='ocrx_word' id='word_1_390' title='bbox 3113 2700 3230 2757; x_wconf 63' lang='lat' dir='ltr'><strong>haec</strong></span> <span class='ocrx_word' id='word_1_391' title='bbox 3278 2702 3528 2771; x_wconf 88' lang='lat' dir='ltr'><strong>specialis</strong></span> <span class='ocrx_word' id='word_1_392' title='bbox 3550 2702 3932 2773; x_wconf 66' lang='lat' dir='ltr'><strong>praerogativa,</strong></span> 
     </span>
    </p>
   </div>
   <div class='ocr_carea' id='block_1_56' title="bbox 2336 2795 3934 2866">
    <p class='ocr_par' dir='ltr' id='par_1_56' title="bbox 2336 2795 3934 2866">
     <span class='ocr_line' id='line_1_56' title="bbox 2336 2795 3934 2866; baseline 0.002 -18"><span class='ocrx_word' id='word_1_393' title='bbox 2336 2804 2413 2861; x_wconf 93' lang='lat' dir='ltr'><strong>ut,</strong></span> <span class='ocrx_word' id='word_1_394' title='bbox 2436 2795 2679 2864; x_wconf 84' lang='lat' dir='ltr'><strong>quamvis</strong></span> <span class='ocrx_word' id='word_1_395' title='bbox 2702 2804 2903 2850; x_wconf 83' lang='lat' dir='ltr'><strong>exterae</strong></span> <span class='ocrx_word' id='word_1_396' title='bbox 2928 2804 2983 2850; x_wconf 87' lang='lat' dir='ltr'><strong>et</strong></span> <span class='ocrx_word' id='word_1_397' title='bbox 3008 2795 3195 2850; x_wconf 78' lang='lat' dir='ltr'><strong>aliente</strong></span> <span class='ocrx_word' id='word_1_398' title='bbox 3217 2810 3281 2851; x_wconf 92' lang='lat' dir='ltr'><strong>ac</strong></span> <span class='ocrx_word' id='word_1_399' title='bbox 3311 2797 3683 2851; x_wconf 78' lang='lat' dir='ltr'><strong>transmarina:</strong></span> <span class='ocrx_word' id='word_1_400' title='bbox 3712 2798 3934 2866; x_wconf 84' lang='lat' dir='ltr'><strong>provin-</strong></span> 
     </span>
    </p>
   </div>
   <div class='ocr_carea' id='block_1_57' title="bbox 2333 2887 3932 2959">
    <p class='ocr_par' dir='ltr' id='par_1_57' title="bbox 2333 2887 3932 2959">
     <span class='ocr_line' id='line_1_57' title="bbox 2333 2887 3932 2959; baseline 0.001 -18"><span class='ocrx_word' id='word_1_401' title='bbox 2333 2889 2453 2953; x_wconf 57' lang='lat' dir='ltr'><strong>ciae,</strong></span> <span class='ocrx_word' id='word_1_402' title='bbox 2477 2887 2663 2943; x_wconf 62' lang='lat' dir='ltr'><strong>Romae</strong></span> <span class='ocrx_word' id='word_1_403' title='bbox 2697 2898 2871 2943; x_wconf 81' lang='lat' dir='ltr'><strong>tamen</strong></span> <span class='ocrx_word' id='word_1_404' title='bbox 2898 2904 3083 2943; x_wconf 89' lang='lat' dir='ltr'><strong>earum</strong></span> <span class='ocrx_word' id='word_1_405' title='bbox 3109 2889 3351 2959; x_wconf 88' lang='lat' dir='ltr'><strong>quotidie</strong></span> <span class='ocrx_word' id='word_1_406' title='bbox 3380 2890 3643 2945; x_wconf 84' lang='lat' dir='ltr'><strong>memoria</strong></span> <span class='ocrx_word' id='word_1_407' title='bbox 3672 2890 3811 2944; x_wconf 88' lang='lat' dir='ltr'><strong>inter</strong></span> <span class='ocrx_word' id='word_1_408' title='bbox 3840 2906 3932 2943; x_wconf 89' lang='lat' dir='ltr'><strong>sa-</strong></span> 
     </span>
    </p>
   </div>
   <div class='ocr_carea' id='block_1_58' title="bbox 2334 2983 3936 3054">
    <p class='ocr_par' dir='ltr' id='par_1_58' title="bbox 2334 2983 3936 3054">
     <span class='ocr_line' id='line_1_58' title="bbox 2334 2983 3936 3054; baseline 0.002 -17"><span class='ocrx_word' id='word_1_409' title='bbox 2334 2997 2426 3037; x_wconf 90' lang='lat' dir='ltr'><strong>cra</strong></span> <span class='ocrx_word' id='word_1_410' title='bbox 2460 2983 2712 3054; x_wconf 89' lang='lat' dir='ltr'><strong>mysteria</strong></span> <span class='ocrx_word' id='word_1_411' title='bbox 2763 2985 3155 3054; x_wconf 80' lang='lat' dir='ltr'><strong>perageretur?</strong></span> <span class='ocrx_word' id='word_1_412' title='bbox 3198 2983 3373 3049; x_wconf 88' lang='lat' dir='ltr'><strong>Unde,</strong></span> <span class='ocrx_word' id='word_1_413' title='bbox 3423 2984 3663 3054; x_wconf 90' lang='lat' dir='ltr'><strong>inquam,</strong></span> <span class='ocrx_word' id='word_1_414' title='bbox 3699 2984 3803 3039; x_wconf 85' lang='lat' dir='ltr'><strong>illis</strong></span> <span class='ocrx_word' id='word_1_415' title='bbox 3831 2984 3936 3040; x_wconf 89' lang='lat' dir='ltr'><strong>boc</strong></span> 
     </span>
    </p>
   </div>
   <div class='ocr_carea' id='block_1_59' title="bbox 2334 3076 3936 3149">
    <p class='ocr_par' dir='ltr' id='par_1_59' title="bbox 2334 3076 3936 3149">
     <span class='ocr_line' id='line_1_59' title="bbox 2334 3076 3936 3149; baseline 0.001 -17"><span class='ocrx_word' id='word_1_416' title='bbox 2334 3076 2520 3143; x_wconf 91' lang='lat' dir='ltr'><strong>decus,</strong></span> <span class='ocrx_word' id='word_1_417' title='bbox 2553 3076 2655 3131; x_wconf 90' lang='lat' dir='ltr'><strong>nisi</strong></span> <span class='ocrx_word' id='word_1_418' title='bbox 2700 3092 2766 3131; x_wconf 83' lang='lat' dir='ltr'><strong>ex</strong></span> <span class='ocrx_word' id='word_1_419' title='bbox 2816 3093 2876 3132; x_wconf 90' lang='lat' dir='ltr'><strong>ea</strong></span> <span class='ocrx_word' id='word_1_420' title='bbox 2909 3076 3066 3133; x_wconf 71' lang='lat' dir='ltr'><strong>fama:</strong></span> <span class='ocrx_word' id='word_1_421' title='bbox 3093 3077 3403 3133; x_wconf 88' lang='lat' dir='ltr'><strong>celebritate</strong></span> <span class='ocrx_word' id='word_1_422' title='bbox 3453 3094 3558 3148; x_wconf 91' lang='lat' dir='ltr'><strong>qua</strong></span> <span class='ocrx_word' id='word_1_423' title='bbox 3595 3093 3810 3148; x_wconf 90' lang='lat' dir='ltr'><strong>semper</strong></span> <span class='ocrx_word' id='word_1_424' title='bbox 3837 3093 3936 3149; x_wconf 87' lang='lat' dir='ltr'><strong>per</strong></span> 
     </span>
    </p>
   </div>
   <div class='ocr_carea' id='block_1_60' title="bbox 2335 3172 3933 3245">
    <p class='ocr_par' dir='ltr' id='par_1_60' title="bbox 2335 3172 3933 3245">
     <span class='ocr_line' id='line_1_60' title="bbox 2335 3172 3933 3245; baseline 0.003 -20"><span class='ocrx_word' id='word_1_425' title='bbox 2335 3188 2426 3226; x_wconf 87' lang='lat' dir='ltr'><strong>ora</strong></span> <span class='ocrx_word' id='word_1_426' title='bbox 2473 3172 2747 3226; x_wconf 88' lang='lat' dir='ltr'><strong>hominum</strong></span> <span class='ocrx_word' id='word_1_427' title='bbox 2776 3174 3087 3239; x_wconf 87' lang='lat' dir='ltr'><strong>volitarunt,</strong></span> <span class='ocrx_word' id='word_1_428' title='bbox 3133 3182 3187 3228; x_wconf 89' lang='lat' dir='ltr'><strong>et</strong></span> <span class='ocrx_word' id='word_1_429' title='bbox 3240 3174 3592 3243; x_wconf 80' lang='lat' dir='ltr'><strong>insigniorum</strong></span> <span class='ocrx_word' id='word_1_430' title='bbox 3636 3187 3933 3245; x_wconf 84' lang='lat' dir='ltr'><strong>martyrum</strong></span> 
     </span>
    </p>
   </div>
   <div class='ocr_carea' id='block_1_61' title="bbox 637 3254 3938 3337">
    <p class='ocr_par' dir='ltr' id='par_1_61' title="bbox 637 3254 3938 3337">
     <span class='ocr_line' id='line_1_61' title="bbox 637 3254 3938 3337; baseline 0.002 -20"><span class='ocrx_word' id='word_1_431' title='bbox 637 3263 798 3334; x_wconf 90' lang='lat' dir='ltr'><strong>epist.</strong></span> <span class='ocrx_word' id='word_1_432' title='bbox 830 3277 995 3317; x_wconf 58' lang='grc' dir='ltr'><strong>χχχιχ</strong></span> <span class='ocrx_word' id='word_1_433' title='bbox 1020 3260 1086 3316; x_wconf 91' lang='lat' dir='ltr'><strong>ad</strong></span> <span class='ocrx_word' id='word_1_434' title='bbox 1106 3261 1256 3315; x_wconf 86' lang='lat' dir='ltr'><strong>Pam.</strong></span> <span class='ocrx_word' id='word_1_435' title='bbox 1290 3275 1438 3314; x_wconf 91' lang='lat' dir='ltr'><strong>num.</strong></span> <span class='ocrx_word' id='word_1_436' title='bbox 1471 3258 1562 3325; x_wconf 84' lang='lat'><strong>&#39;50,</strong></span> <span class='ocrx_word' id='word_1_437' title='bbox 1582 3258 1692 3324; x_wconf 93' lang='lat' dir='ltr'><strong>ubi,</strong></span> <span class='ocrx_word' id='word_1_438' title='bbox 1725 3267 2005 3327; x_wconf 86' lang='lat' dir='ltr'><strong>postquam</strong></span> <span class='ocrx_word' id='word_1_439' title='bbox 2038 3255 2102 3309; x_wconf 87' lang='lat' dir='ltr'><strong>de</strong></span> <span class='ocrx_word' id='word_1_440' title='bbox 2131 3254 2233 3310; x_wconf 89' lang='lat' dir='ltr'><strong>Ce—</strong></span> <span class='ocrx_word' id='word_1_441' title='bbox 2260 3270 2303 3331; x_wconf 80' lang='lat' dir='ltr'><strong>C</strong></span> <span class='ocrx_word' id='word_1_442' title='bbox 2339 3264 2455 3318; x_wconf 85' lang='lat' dir='ltr'><strong>Ioco</strong></span> <span class='ocrx_word' id='word_1_443' title='bbox 2486 3265 2678 3319; x_wconf 68' lang='lat' dir='ltr'><strong>babitm</strong></span> <span class='ocrx_word' id='word_1_444' title='bbox 2705 3266 2862 3320; x_wconf 88' lang='lat' dir='ltr'><strong>sunt?</strong></span> <span class='ocrx_word' id='word_1_445' title='bbox 2884 3265 3016 3320; x_wconf 88' lang='lat' dir='ltr'><strong>Cum</strong></span> <span class='ocrx_word' id='word_1_446' title='bbox 3047 3283 3150 3337; x_wconf 90' lang='lat' dir='ltr'><strong>qua</strong></span> <span class='ocrx_word' id='word_1_447' title='bbox 3175 3268 3413 3336; x_wconf 82' lang='lat' dir='ltr'><strong>profecto</strong></span> <span class='ocrx_word' id='word_1_448' title='bbox 3437 3266 3593 3322; x_wconf 74' lang='lat' dir='ltr'><strong>fama)</strong></span> <span class='ocrx_word' id='word_1_449' title='bbox 3623 3268 3938 3325; x_wconf 85' lang='lat' dir='ltr'><strong>celebritate</strong></span> 
     </span>
    </p>
   </div>
   <div class='ocr_carea' id='block_1_62' title="bbox 635 3350 2225 3425">
    <p class='ocr_par' dir='ltr' id='par_1_62' title="bbox 635 3350 2225 3425">
     <span class='ocr_line' id='line_1_62' title="bbox 635 3350 2225 3425; baseline -0.008 -10"><span class='ocrx_word' id='word_1_450' title='bbox 635 3357 793 3415; x_wconf 90' lang='lat' dir='ltr'><strong>Ierini</strong></span> <span class='ocrx_word' id='word_1_451' title='bbox 823 3357 941 3411; x_wconf 89' lang='lat' dir='ltr'><strong>avia</strong></span> <span class='ocrx_word' id='word_1_452' title='bbox 962 3354 1232 3422; x_wconf 88' lang='lat' dir='ltr'><strong>Celerina,</strong></span> <span class='ocrx_word' id='word_1_453' title='bbox 1256 3364 1311 3409; x_wconf 89' lang='lat' dir='ltr'><strong>et</strong></span> <span class='ocrx_word' id='word_1_454' title='bbox 1336 3364 1526 3425; x_wconf 88' lang='lat' dir='ltr'><strong>patruo</strong></span> <span class='ocrx_word' id='word_1_455' title='bbox 1552 3352 1689 3422; x_wconf 86' lang='lat' dir='ltr'><strong>ejus,</strong></span> <span class='ocrx_word' id='word_1_456' title='bbox 1712 3361 1763 3406; x_wconf 92' lang='lat' dir='ltr'><strong>ct</strong></span> <span class='ocrx_word' id='word_1_457' title='bbox 1794 3351 2056 3406; x_wconf 88' lang='lat' dir='ltr'><strong>avunculo</strong></span> <span class='ocrx_word' id='word_1_458' title='bbox 2086 3350 2225 3405; x_wconf 83' lang='lat' dir='ltr'><strong>Lau-</strong></span> 
     </span>
    </p>
   </div>
   <div class='ocr_carea' id='block_1_63' title="bbox 633 3449 2227 3529">
    <p class='ocr_par' dir='ltr' id='par_1_63' title="bbox 633 3449 2227 3529">
     <span class='ocr_line' id='line_1_63' title="bbox 633 3449 2227 3529; baseline -0.009 -13"><span class='ocrx_word' id='word_1_459' title='bbox 633 3460 845 3516; x_wconf 89' lang='lat' dir='ltr'><strong>rentino</strong></span> <span class='ocrx_word' id='word_1_460' title='bbox 875 3469 929 3514; x_wconf 90' lang='lat' dir='ltr'><strong>et</strong></span> <span class='ocrx_word' id='word_1_461' title='bbox 951 3456 1156 3529; x_wconf 88' lang='lat' dir='ltr'><strong>Ignatio</strong></span> <span class='ocrx_word' id='word_1_462' title='bbox 1195 3455 1405 3511; x_wconf 91' lang='lat' dir='ltr'><strong>locutus</strong></span> <span class='ocrx_word' id='word_1_463' title='bbox 1432 3461 1536 3520; x_wconf 88' lang='lat' dir='ltr'><strong>est,</strong></span> <span class='ocrx_word' id='word_1_464' title='bbox 1579 3453 1670 3523; x_wconf 90' lang='lat' dir='ltr'><strong>qui</strong></span> <span class='ocrx_word' id='word_1_465' title='bbox 1698 3452 1955 3522; x_wconf 89' lang='lat' dir='ltr'><strong>martyrio</strong></span> <span class='ocrx_word' id='word_1_466' title='bbox 1975 3449 2085 3520; x_wconf 89' lang='lat' dir='ltr'><strong>jam</strong></span> <span class='ocrx_word' id='word_1_467' title='bbox 2116 3450 2227 3518; x_wconf 85' lang='lat' dir='ltr'><strong>pri-</strong></span> 
     </span>
    </p>
   </div>
   <div class='ocr_carea' id='block_1_64' title="bbox 632 3543 2229 3619">
    <p class='ocr_par' dir='ltr' id='par_1_64' title="bbox 632 3543 2229 3619">
     <span class='ocr_line' id='line_1_64' title="bbox 632 3543 2229 3619; baseline -0.011 -7"><span class='ocrx_word' id='word_1_468' title='bbox 632 3555 756 3612; x_wconf 90' lang='lat' dir='ltr'><strong>dem</strong></span> <span class='ocrx_word' id='word_1_469' title='bbox 786 3555 997 3611; x_wconf 80' lang='lat' dir='ltr'><strong>fuerant</strong></span> <span class='ocrx_word' id='word_1_470' title='bbox 1043 3551 1308 3618; x_wconf 89' lang='lat' dir='ltr'><strong>coronati,</strong></span> <span class='ocrx_word' id='word_1_471' title='bbox 1358 3548 1633 3619; x_wconf 88' lang='lat' dir='ltr'><strong>subjungit</strong></span> <span class='ocrx_word' id='word_1_472' title='bbox 1676 3545 1995 3614; x_wconf 76' lang='lat' dir='ltr'><strong>:Sacriﬁcia</strong></span> <span class='ocrx_word' id='word_1_473' title='bbox 2037 3560 2129 3615; x_wconf 82' lang='lat' dir='ltr'><strong>pro</strong></span> <span class='ocrx_word' id='word_1_474' title='bbox 2159 3543 2229 3596; x_wconf 85' lang='lat' dir='ltr'><strong>eis</strong></span> 
     </span>
    </p>
   </div>
   <div class='ocr_carea' id='block_1_65' title="bbox 632 3640 2231 3720">
    <p class='ocr_par' dir='ltr' id='par_1_65' title="bbox 632 3640 2231 3720">
     <span class='ocr_line' id='line_1_65' title="bbox 632 3640 2231 3720; baseline -0.011 -14"><span class='ocrx_word' id='word_1_475' title='bbox 632 3666 849 3720; x_wconf 78' lang='lat' dir='ltr'><strong>semper,</strong></span> <span class='ocrx_word' id='word_1_476' title='bbox 904 3658 960 3703; x_wconf 89' lang='lat' dir='ltr'><strong>ut</strong></span> <span class='ocrx_word' id='word_1_477' title='bbox 1008 3645 1329 3712; x_wconf 77' lang='lat' dir='ltr'><strong>meministis,</strong></span> <span class='ocrx_word' id='word_1_478' title='bbox 1380 3640 1664 3710; x_wconf 71' lang='lat' dir='ltr'><strong>o/Terimus,</strong></span> <span class='ocrx_word' id='word_1_479' title='bbox 1713 3640 1906 3710; x_wconf 87' lang='lat' dir='ltr'><strong>quoties</strong></span> <span class='ocrx_word' id='word_1_480' title='bbox 1950 3646 2231 3707; x_wconf 84' lang='lat' dir='ltr'><strong>martyrum</strong></span> 
     </span>
    </p>
   </div>
   <div class='ocr_carea' id='block_1_66' title="bbox 644 3730 2231 3816">
    <p class='ocr_par' dir='ltr' id='par_1_66' title="bbox 644 3730 2231 3816">
     <span class='ocr_line' id='line_1_66' title="bbox 644 3730 2231 3816; baseline -0.011 -17"><span class='ocrx_word' id='word_1_481' title='bbox 644 3745 907 3816; x_wconf 82' lang='lat' dir='ltr'><strong>passiones</strong></span> <span class='ocrx_word' id='word_1_482' title='bbox 956 3752 1002 3798; x_wconf 91' lang='lat' dir='ltr'><strong>et</strong></span> <span class='ocrx_word' id='word_1_483' title='bbox 1059 3742 1165 3795; x_wconf 85' lang='lat' dir='ltr'><strong>dies</strong></span> <span class='ocrx_word' id='word_1_484' title='bbox 1204 3736 1553 3792; x_wconf 83' lang='lat' dir='ltr'><strong>anniversaria</strong></span> <span class='ocrx_word' id='word_1_485' title='bbox 1584 3731 2058 3788; x_wconf 85' lang='lat' dir='ltr'><strong>commemoratione</strong></span> <span class='ocrx_word' id='word_1_486' title='bbox 2101 3730 2231 3793; x_wconf 85' lang='lat' dir='ltr'><strong>cele-</strong></span> 
     </span>
    </p>
   </div>
   <div class='ocr_carea' id='block_1_67' title="bbox 635 3821 2232 3914">
    <p class='ocr_par' dir='ltr' id='par_1_67' title="bbox 635 3821 2232 3914">
     <span class='ocr_line' id='line_1_67' title="bbox 635 3821 2232 3914; baseline -0.011 -20"><span class='ocrx_word' id='word_1_487' title='bbox 635 3840 860 3894; x_wconf 82' lang='lat' dir='ltr'><strong>bramus.</strong></span> <span class='ocrx_word' id='word_1_488' title='bbox 910 3836 1005 3891; x_wconf 88' lang='lat' dir='ltr'><strong>His</strong></span> <span class='ocrx_word' id='word_1_489' title='bbox 1045 3834 1246 3889; x_wconf 88' lang='lat' dir='ltr'><strong>scilicet</strong></span> <span class='ocrx_word' id='word_1_490' title='bbox 1296 3830 1476 3914; x_wconf 70' lang='lat' dir='ltr'><strong>verbis</strong></span> <span class='ocrx_word' id='word_1_491' title='bbox 1521 3826 1663 3883; x_wconf 90' lang='lat' dir='ltr'><strong>haud</strong></span> <span class='ocrx_word' id='word_1_492' title='bbox 1698 3826 1927 3880; x_wconf 91' lang='lat' dir='ltr'><strong>obscure</strong></span> <span class='ocrx_word' id='word_1_493' title='bbox 1967 3821 2232 3893; x_wconf 85' lang='lat' dir='ltr'><strong>signiﬁcat</strong></span> 
     </span>
    </p>
   </div>
   <div class='ocr_carea' id='block_1_68' title="bbox 634 3917 2229 4005">
    <p class='ocr_par' dir='ltr' id='par_1_68' title="bbox 634 3917 2229 4005">
     <span class='ocr_line' id='line_1_68' title="bbox 634 3917 2229 4005; baseline -0.012 -16"><span class='ocrx_word' id='word_1_494' title='bbox 634 3932 974 4005; x_wconf 83' lang='lat' dir='ltr'><strong>Cyprianus;</strong></span> <span class='ocrx_word' id='word_1_495' title='bbox 1008 3930 1203 4000; x_wconf 87' lang='lat' dir='ltr'><strong>quoties</strong></span> <span class='ocrx_word' id='word_1_496' title='bbox 1228 3926 1455 3996; x_wconf 88' lang='lat' dir='ltr'><strong>alicujus</strong></span> <span class='ocrx_word' id='word_1_497' title='bbox 1499 3917 1751 3995; x_wconf 73' lang='lat' dir='ltr'><strong>martyris</strong></span> <span class='ocrx_word' id='word_1_498' title='bbox 1779 3920 2094 3977; x_wconf 90' lang='lat' dir='ltr'><strong>recurrebat</strong></span> <span class='ocrx_word' id='word_1_499' title='bbox 2130 3933 2229 3971; x_wconf 91' lang='lat' dir='ltr'><strong>an-</strong></span> 
     </span>
    </p>
   </div>
   <div class='ocr_carea' id='block_1_69' title="bbox 637 4011 2237 4091">
    <p class='ocr_par' dir='ltr' id='par_1_69' title="bbox 637 4011 2237 4091">
     <span class='ocr_line' id='line_1_69' title="bbox 637 4011 2237 4091; baseline -0.011 -9"><span class='ocrx_word' id='word_1_500' title='bbox 637 4025 934 4082; x_wconf 87' lang='lat' dir='ltr'><strong>niversaria</strong></span> <span class='ocrx_word' id='word_1_501' title='bbox 965 4022 1299 4087; x_wconf 87' lang='lat' dir='ltr'><strong>solemnitas,</strong></span> <span class='ocrx_word' id='word_1_502' title='bbox 1350 4030 1405 4075; x_wconf 92' lang='lat' dir='ltr'><strong>et</strong></span> <span class='ocrx_word' id='word_1_503' title='bbox 1432 4017 1806 4089; x_wconf 85' lang='lat' dir='ltr'><strong>praedictorum</strong></span> <span class='ocrx_word' id='word_1_504' title='bbox 1850 4029 2046 4083; x_wconf 79' lang='lat' dir='ltr'><strong>semper</strong></span> <span class='ocrx_word' id='word_1_505' title='bbox 2066 4011 2237 4091; x_wconf 2' lang='lat' dir='ltr'><strong>fuisse,</strong></span> 
     </span>
    </p>
   </div>
   <div class='ocr_carea' id='block_1_70' title="bbox 632 4105 2228 4183">
    <p class='ocr_par' dir='ltr' id='par_1_70' title="bbox 632 4105 2228 4183">
     <span class='ocr_line' id='line_1_70' title="bbox 632 4105 2228 4183; baseline -0.012 -8"><span class='ocrx_word' id='word_1_506' title='bbox 632 4129 966 4183; x_wconf 78' lang='lat' dir='ltr'><strong>renovatum,</strong></span> <span class='ocrx_word' id='word_1_507' title='bbox 992 4116 1131 4171; x_wconf 89' lang='lat' dir='ltr'><strong>inter</strong></span> <span class='ocrx_word' id='word_1_508' title='bbox 1146 4112 1532 4171; x_wconf 86' lang='lat' dir='ltr'><strong>sacriﬁciorum</strong></span> <span class='ocrx_word' id='word_1_509' title='bbox 1564 4108 1845 4173; x_wconf 88' lang='lat' dir='ltr'><strong>solemnia,</strong></span> <span class='ocrx_word' id='word_1_510' title='bbox 1878 4105 2228 4161; x_wconf 90' lang='lat' dir='ltr'><strong>mentionem.</strong></span> 
     </span>
    </p>
   </div>
   <div class='ocr_carea' id='block_1_71' title="bbox 632 4204 2232 4281">
    <p class='ocr_par' dir='ltr' id='par_1_71' title="bbox 632 4204 2232 4281">
     <span class='ocr_line' id='line_1_71' title="bbox 632 4204 2232 4281; baseline -0.012 -14"><span class='ocrx_word' id='word_1_511' title='bbox 632 4213 701 4268; x_wconf 89' lang='lat' dir='ltr'><strong>Et</strong></span> <span class='ocrx_word' id='word_1_512' title='bbox 741 4211 859 4266; x_wconf 87' lang='lat' dir='ltr'><strong>ﬁeri</strong></span> <span class='ocrx_word' id='word_1_513' title='bbox 885 4208 1101 4281; x_wconf 86' lang='lat' dir='ltr'><strong>quidem</strong></span> <span class='ocrx_word' id='word_1_514' title='bbox 1146 4207 1348 4278; x_wconf 89' lang='lat' dir='ltr'><strong>optime</strong></span> <span class='ocrx_word' id='word_1_515' title='bbox 1378 4204 1551 4276; x_wconf 90' lang='lat' dir='ltr'><strong>potuit</strong></span> <span class='ocrx_word' id='word_1_516' title='bbox 1579 4212 1657 4270; x_wconf 91' lang='lat' dir='ltr'><strong>ut,</strong></span> <span class='ocrx_word' id='word_1_517' title='bbox 1700 4216 1821 4255; x_wconf 91' lang='lat' dir='ltr'><strong>cum</strong></span> <span class='ocrx_word' id='word_1_518' title='bbox 1861 4214 1966 4253; x_wconf 91' lang='lat' dir='ltr'><strong>non</strong></span> <span class='ocrx_word' id='word_1_519' title='bbox 2011 4210 2232 4266; x_wconf 87' lang='lat' dir='ltr'><strong>magnus</strong></span> 
     </span>
    </p>
   </div>
   <div class='ocr_carea' id='block_1_72' title="bbox 628 4289 2234 4376">
    <p class='ocr_par' dir='ltr' id='par_1_72' title="bbox 628 4289 2234 4376">
     <span class='ocr_line' id='line_1_72' title="bbox 628 4289 2234 4376; baseline -0.014 -11"><span class='ocrx_word' id='word_1_520' title='bbox 628 4317 745 4364; x_wconf 89' lang='lat' dir='ltr'><strong>erat</strong></span> <span class='ocrx_word' id='word_1_521' title='bbox 789 4314 1083 4376; x_wconf 86' lang='lat' dir='ltr'><strong>martyrum</strong></span> <span class='ocrx_word' id='word_1_522' title='bbox 1128 4314 1403 4363; x_wconf 90' lang='lat' dir='ltr'><strong>numerus,</strong></span> <span class='ocrx_word' id='word_1_523' title='bbox 1445 4298 1601 4356; x_wconf 82' lang='lat' dir='ltr'><strong>sicuti</strong></span> <span class='ocrx_word' id='word_1_524' title='bbox 1650 4295 1782 4349; x_wconf 89' lang='lat' dir='ltr'><strong>nulli</strong></span> <span class='ocrx_word' id='word_1_525' title='bbox 1829 4307 2018 4348; x_wconf 91' lang='lat' dir='ltr'><strong>eorum</strong></span> <span class='ocrx_word' id='word_1_526' title='bbox 2049 4289 2234 4345; x_wconf 89' lang='lat' dir='ltr'><strong>deerat</strong></span> 
     </span>
    </p>
   </div>
   <div class='ocr_carea' id='block_1_73' title="bbox 629 4383 2231 4458">
    <p class='ocr_par' dir='ltr' id='par_1_73' title="bbox 629 4383 2231 4458">
     <span class='ocr_line' id='line_1_73' title="bbox 629 4383 2231 4458; baseline -0.014 -3"><span class='ocrx_word' id='word_1_527' title='bbox 629 4394 999 4455; x_wconf 86' lang='lat' dir='ltr'><strong>anniversaria</strong></span> <span class='ocrx_word' id='word_1_528' title='bbox 1025 4391 1361 4457; x_wconf 88' lang='lat' dir='ltr'><strong>solemnitas,</strong></span> <span class='ocrx_word' id='word_1_529' title='bbox 1394 4402 1567 4458; x_wconf 90' lang='lat' dir='ltr'><strong>neque</strong></span> <span class='ocrx_word' id='word_1_530' title='bbox 1588 4383 1971 4454; x_wconf 90' lang='lat' dir='ltr'><strong>insignioribus</strong></span> <span class='ocrx_word' id='word_1_531' title='bbox 2000 4390 2231 4444; x_wconf 90' lang='lat' dir='ltr'><strong>tantum,</strong></span> 
     </span>
    </p>
   </div>
   <div class='ocr_carea' id='block_1_74' title="bbox 632 4470 2232 4559">
    <p class='ocr_par' dir='ltr' id='par_1_74' title="bbox 632 4470 2232 4559">
     <span class='ocr_line' id='line_1_74' title="bbox 632 4470 2232 4559; baseline -0.013 -15"><span class='ocrx_word' id='word_1_532' title='bbox 632 4498 691 4546; x_wconf 89' lang='lat' dir='ltr'><strong>et</strong></span> <span class='ocrx_word' id='word_1_533' title='bbox 716 4489 806 4559; x_wconf 89' lang='lat' dir='ltr'><strong>qui</strong></span> <span class='ocrx_word' id='word_1_534' title='bbox 831 4484 1098 4540; x_wconf 88' lang='lat' dir='ltr'><strong>atrociora</strong></span> <span class='ocrx_word' id='word_1_535' title='bbox 1128 4488 1391 4537; x_wconf 89' lang='lat' dir='ltr'><strong>tormenta</strong></span> <span class='ocrx_word' id='word_1_536' title='bbox 1420 4478 1634 4549; x_wconf 81' lang='lat' dir='ltr'><strong>experti</strong></span> <span class='ocrx_word' id='word_1_537' title='bbox 1673 4476 1901 4540; x_wconf 81' lang='lat' dir='ltr'><strong>fuerant,</strong></span> <span class='ocrx_word' id='word_1_538' title='bbox 1945 4471 2040 4528; x_wconf 87' lang='lat' dir='ltr'><strong>sed</strong></span> <span class='ocrx_word' id='word_1_539' title='bbox 2071 4470 2232 4527; x_wconf 89' lang='lat' dir='ltr'><strong>etiam</strong></span> 
     </span>
    </p>
   </div>
   <div class='ocr_carea' id='block_1_75' title="bbox 633 4566 2235 4645">
    <p class='ocr_par' dir='ltr' id='par_1_75' title="bbox 633 4566 2235 4645">
     <span class='ocr_line' id='line_1_75' title="bbox 633 4566 2235 4645; baseline -0.011 -9"><span class='ocrx_word' id='word_1_540' title='bbox 633 4578 1058 4641; x_wconf 89' lang='lat' dir='ltr'><strong>obscurioribus,</strong></span> <span class='ocrx_word' id='word_1_541' title='bbox 1089 4583 1145 4630; x_wconf 90' lang='lat' dir='ltr'><strong>et</strong></span> <span class='ocrx_word' id='word_1_542' title='bbox 1182 4574 1273 4645; x_wconf 90' lang='lat' dir='ltr'><strong>qui</strong></span> <span class='ocrx_word' id='word_1_543' title='bbox 1314 4572 1473 4627; x_wconf 92' lang='lat' dir='ltr'><strong>nullis</strong></span> <span class='ocrx_word' id='word_1_544' title='bbox 1497 4570 1823 4626; x_wconf 89' lang='lat' dir='ltr'><strong>cruciatibus</strong></span> <span class='ocrx_word' id='word_1_545' title='bbox 1870 4566 2107 4622; x_wconf 88' lang='lat' dir='ltr'><strong>toleratis</strong></span> <span class='ocrx_word' id='word_1_546' title='bbox 2137 4579 2235 4636; x_wconf 90' lang='lat' dir='ltr'><strong>pro</strong></span> 
     </span>
    </p>
   </div>
   <div class='ocr_carea' id='block_1_76' title="bbox 2337 3360 3935 3431">
    <p class='ocr_par' dir='ltr' id='par_1_76' title="bbox 2337 3360 3935 3431">
     <span class='ocr_line' id='line_1_76' title="bbox 2337 3360 3935 3431; baseline 0.004 -21"><span class='ocrx_word' id='word_1_547' title='bbox 2337 3373 2440 3411; x_wconf 92' lang='lat' dir='ltr'><strong>non</strong></span> <span class='ocrx_word' id='word_1_548' title='bbox 2494 3369 2755 3413; x_wconf 89' lang='lat' dir='ltr'><strong>consonat</strong></span> <span class='ocrx_word' id='word_1_549' title='bbox 2812 3369 2869 3414; x_wconf 91' lang='lat' dir='ltr'><strong>ut</strong></span> <span class='ocrx_word' id='word_1_550' title='bbox 2908 3368 3014 3415; x_wconf 89' lang='lat' dir='ltr'><strong>tam</strong></span> <span class='ocrx_word' id='word_1_551' title='bbox 3087 3360 3238 3415; x_wconf 89' lang='lat' dir='ltr'><strong>brevi</strong></span> <span class='ocrx_word' id='word_1_552' title='bbox 3294 3360 3553 3431; x_wconf 90' lang='lat' dir='ltr'><strong>temporis</strong></span> <span class='ocrx_word' id='word_1_553' title='bbox 3611 3361 3935 3430; x_wconf 88' lang='lat' dir='ltr'><strong>intervallo,</strong></span> 
     </span>
    </p>
   </div>
   <div class='ocr_carea' id='block_1_77' title="bbox 2338 3450 3929 3525">
    <p class='ocr_par' dir='ltr' id='par_1_77' title="bbox 2338 3450 3929 3525">
     <span class='ocr_line' id='line_1_77' title="bbox 2338 3450 3929 3525; baseline 0.003 -20"><span class='ocrx_word' id='word_1_554' title='bbox 2338 3451 2421 3505; x_wconf 94' lang='lat' dir='ltr'><strong>cui</strong></span> <span class='ocrx_word' id='word_1_555' title='bbox 2449 3450 2575 3505; x_wconf 90' lang='lat' dir='ltr'><strong>dum</strong></span> <span class='ocrx_word' id='word_1_556' title='bbox 2617 3453 2861 3507; x_wconf 89' lang='lat' dir='ltr'><strong>viverent</strong></span> <span class='ocrx_word' id='word_1_557' title='bbox 2889 3451 3116 3507; x_wconf 66' lang='lat' dir='ltr'><strong>addictm</strong></span> <span class='ocrx_word' id='word_1_558' title='bbox 3160 3452 3387 3507; x_wconf 80' lang='lat' dir='ltr'><strong>fuissent</strong></span> <span class='ocrx_word' id='word_1_559' title='bbox 3424 3453 3687 3525; x_wconf 85' lang='lat' dir='ltr'><strong>religioni,</strong></span> <span class='ocrx_word' id='word_1_560' title='bbox 3728 3469 3797 3510; x_wconf 80' lang='lat' dir='ltr'><strong>ex</strong></span> <span class='ocrx_word' id='word_1_561' title='bbox 3825 3454 3929 3509; x_wconf 77' lang='grc' dir='ltr'><strong>Ιιο-</strong></span> 
     </span>
    </p>
   </div>
   <div class='ocr_carea' id='block_1_78' title="bbox 2335 3544 3182 3600">
    <p class='ocr_par' dir='ltr' id='par_1_78' title="bbox 2335 3544 3182 3600">
     <span class='ocr_line' id='line_1_78' title="bbox 2335 3544 3182 3600; baseline 0 -2"><span class='ocrx_word' id='word_1_562' title='bbox 2335 3544 2539 3598; x_wconf 89' lang='lat' dir='ltr'><strong>minum</strong></span> <span class='ocrx_word' id='word_1_563' title='bbox 2564 3546 2823 3599; x_wconf 89' lang='lat' dir='ltr'><strong>memoria</strong></span> <span class='ocrx_word' id='word_1_564' title='bbox 2856 3545 3182 3600; x_wconf 87' lang='lat' dir='ltr'><strong>elaberetur.</strong></span> 
     </span>
    </p>
   </div>
   <div class='ocr_carea' id='block_1_79' title="bbox 2408 3636 3936 3708">
    <p class='ocr_par' dir='ltr' id='par_1_79' title="bbox 2408 3636 3936 3708">
     <span class='ocr_line' id='line_1_79' title="bbox 2408 3636 3936 3708; baseline 0.003 -18"><span class='ocrx_word' id='word_1_565' title='bbox 2408 3636 2543 3690; x_wconf 92' lang='lat' dir='ltr'><strong>Illud</strong></span> <span class='ocrx_word' id='word_1_566' title='bbox 2570 3636 2801 3708; x_wconf 89' lang='lat' dir='ltr'><strong>denique</strong></span> <span class='ocrx_word' id='word_1_567' title='bbox 2832 3638 2919 3692; x_wconf 87' lang='lat' dir='ltr'><strong>hic</strong></span> <span class='ocrx_word' id='word_1_568' title='bbox 2950 3638 3150 3707; x_wconf 90' lang='lat' dir='ltr'><strong>pariter</strong></span> <span class='ocrx_word' id='word_1_569' title='bbox 3173 3638 3584 3701; x_wconf 88' lang='lat' dir='ltr'><strong>observandum,</strong></span> <span class='ocrx_word' id='word_1_570' title='bbox 3622 3638 3760 3693; x_wconf 87' lang='lat' dir='ltr'><strong>hanc</strong></span> <span class='ocrx_word' id='word_1_571' title='bbox 3792 3638 3936 3695; x_wconf 84' lang='lat' dir='ltr'><strong>intra</strong></span> 
     </span>
    </p>
   </div>
   <div class='ocr_carea' id='block_1_80' title="bbox 2336 3732 3937 3805">
    <p class='ocr_par' dir='ltr' id='par_1_80' title="bbox 2336 3732 3937 3805">
     <span class='ocr_line' id='line_1_80' title="bbox 2336 3732 3937 3805; baseline 0.001 -19"><span class='ocrx_word' id='word_1_572' title='bbox 2336 3747 2542 3787; x_wconf 91' lang='lat' dir='ltr'><strong>sacram</strong></span> <span class='ocrx_word' id='word_1_573' title='bbox 2575 3732 2818 3803; x_wconf 77' lang='lat' dir='ltr'><strong>synaxim</strong></span> <span class='ocrx_word' id='word_1_574' title='bbox 2860 3742 3173 3787; x_wconf 87' lang='lat' dir='ltr'><strong>sanctorum</strong></span> <span class='ocrx_word' id='word_1_575' title='bbox 3218 3742 3509 3805; x_wconf 89' lang='lat' dir='ltr'><strong>martyrum</strong></span> <span class='ocrx_word' id='word_1_576' title='bbox 3540 3748 3937 3788; x_wconf 48' lang='lat' dir='ltr'><strong>commemora»</strong></span> 
     </span>
    </p>
   </div>
   <div class='ocr_carea' id='block_1_81' title="bbox 2335 3826 3940 3897">
    <p class='ocr_par' dir='ltr' id='par_1_81' title="bbox 2335 3826 3940 3897">
     <span class='ocr_line' id='line_1_81' title="bbox 2335 3826 3940 3897; baseline 0.001 -17"><span class='ocrx_word' id='word_1_577' title='bbox 2335 3827 2537 3882; x_wconf 92' lang='lat' dir='ltr'><strong>tionem</strong></span> <span class='ocrx_word' id='word_1_578' title='bbox 2582 3842 2649 3882; x_wconf 92' lang='lat' dir='ltr'><strong>eo</strong></span> <span class='ocrx_word' id='word_1_579' title='bbox 2704 3827 2971 3897; x_wconf 84' lang='lat' dir='ltr'><strong>praecipue</strong></span> <span class='ocrx_word' id='word_1_580' title='bbox 3020 3836 3271 3897; x_wconf 89' lang='lat' dir='ltr'><strong>spectare</strong></span> <span class='ocrx_word' id='word_1_581' title='bbox 3334 3836 3393 3880; x_wconf 92' lang='lat' dir='ltr'><strong>ut</strong></span> <span class='ocrx_word' id='word_1_582' title='bbox 3439 3826 3800 3896; x_wconf 87' lang='lat' dir='ltr'><strong>intelligamus</strong></span> <span class='ocrx_word' id='word_1_583' title='bbox 3840 3842 3940 3883; x_wconf 87' lang='lat' dir='ltr'><strong>nos</strong></span> 
     </span>
    </p>
   </div>
   <div class='ocr_carea' id='block_1_82' title="bbox 2336 3919 3940 3991">
    <p class='ocr_par' dir='ltr' id='par_1_82' title="bbox 2336 3919 3940 3991">
     <span class='ocr_line' id='line_1_82' title="bbox 2336 3919 3940 3991; baseline -0.001 -15"><span class='ocrx_word' id='word_1_584' title='bbox 2336 3935 2456 3976; x_wconf 88' lang='lat' dir='ltr'><strong>cum</strong></span> <span class='ocrx_word' id='word_1_585' title='bbox 2487 3919 2593 3974; x_wconf 89' lang='lat' dir='ltr'><strong>illis</strong></span> <span class='ocrx_word' id='word_1_586' title='bbox 2621 3920 2673 3975; x_wconf 90' lang='lat' dir='ltr'><strong>in</strong></span> <span class='ocrx_word' id='word_1_587' title='bbox 2715 3919 2949 3982; x_wconf 87' lang='lat' dir='ltr'><strong>Christo.</strong></span> <span class='ocrx_word' id='word_1_588' title='bbox 2981 3919 3134 3991; x_wconf 87' lang='lat' dir='ltr'><strong>cujus</strong></span> <span class='ocrx_word' id='word_1_589' title='bbox 3161 3922 3408 3991; x_wconf 90' lang='lat' dir='ltr'><strong>corporis</strong></span> <span class='ocrx_word' id='word_1_590' title='bbox 3433 3919 3756 3975; x_wconf 87' lang='lat' dir='ltr'><strong>sacriﬁcium</strong></span> <span class='ocrx_word' id='word_1_591' title='bbox 3779 3921 3940 3975; x_wconf 82' lang='lat' dir='ltr'><strong>oﬁ&#39;er-</strong></span> 
     </span>
    </p>
   </div>
   <div class='ocr_carea' id='block_1_83' title="bbox 2338 4014 3941 4084">
    <p class='ocr_par' dir='ltr' id='par_1_83' title="bbox 2338 4014 3941 4084">
     <span class='ocr_line' id='line_1_83' title="bbox 2338 4014 3941 4084; baseline -0.001 -13"><span class='ocrx_word' id='word_1_592' title='bbox 2338 4026 2443 4081; x_wconf 91' lang='lat' dir='ltr'><strong>tur,</strong></span> <span class='ocrx_word' id='word_1_593' title='bbox 2472 4016 2893 4078; x_wconf 88' lang='lat' dir='ltr'><strong>communicare,</strong></span> <span class='ocrx_word' id='word_1_594' title='bbox 2928 4014 3069 4083; x_wconf 87' lang='lat' dir='ltr'><strong>quod</strong></span> <span class='ocrx_word' id='word_1_595' title='bbox 3096 4025 3149 4069; x_wconf 82' lang='lat' dir='ltr'><strong>et</strong></span> <span class='ocrx_word' id='word_1_596' title='bbox 3172 4014 3285 4084; x_wconf 89' lang='lat' dir='ltr'><strong>ipsa</strong></span> <span class='ocrx_word' id='word_1_597' title='bbox 3312 4014 3537 4070; x_wconf 90' lang='lat' dir='ltr'><strong>canonis</strong></span> <span class='ocrx_word' id='word_1_598' title='bbox 3564 4015 3724 4070; x_wconf 90' lang='lat' dir='ltr'><strong>verba</strong></span> <span class='ocrx_word' id='word_1_599' title='bbox 3752 4021 3941 4083; x_wconf 89' lang='lat' dir='ltr'><strong>aperte</strong></span> 
     </span>
    </p>
   </div>
   <div class='ocr_carea' id='block_1_84' title="bbox 2340 4107 3940 4174">
    <p class='ocr_par' dir='ltr' id='par_1_84' title="bbox 2340 4107 3940 4174">
     <span class='ocr_line' id='line_1_84' title="bbox 2340 4107 3940 4174; baseline -0.001 -10"><span class='ocrx_word' id='word_1_600' title='bbox 2340 4119 2604 4164; x_wconf 90' lang='lat' dir='ltr'><strong>testantur</strong></span> <span class='ocrx_word' id='word_1_601' title='bbox 2648 4126 2665 4166; x_wconf 87' lang='lat'><strong>:</strong></span> <span class='ocrx_word' id='word_1_602' title='bbox 2711 4107 3175 4174; x_wconf 87' lang='lat' dir='ltr'><strong>Communicantes,</strong></span> <span class='ocrx_word' id='word_1_603' title='bbox 3240 4118 3289 4163; x_wconf 91' lang='lat' dir='ltr'><em>et</em></span> <span class='ocrx_word' id='word_1_604' title='bbox 3350 4109 3646 4162; x_wconf 89' lang='lat' dir='ltr'><strong>memoriam</strong></span> <span class='ocrx_word' id='word_1_605' title='bbox 3692 4124 3940 4163; x_wconf 81' lang='lat' dir='ltr'><strong>veneran-</strong></span> 
     </span>
    </p>
   </div>
   <div class='ocr_carea' id='block_1_85' title="bbox 2339 4202 3941 4272">
    <p class='ocr_par' dir='ltr' id='par_1_85' title="bbox 2339 4202 3941 4272">
     <span class='ocr_line' id='line_1_85' title="bbox 2339 4202 3941 4272; baseline 0.001 -15"><span class='ocrx_word' id='word_1_606' title='bbox 2339 4213 2432 4271; x_wconf 85' lang='lat' dir='ltr'><strong>tes,</strong></span> <span class='ocrx_word' id='word_1_607' title='bbox 2464 4215 2572 4259; x_wconf 90' lang='lat' dir='ltr'><strong>etc.</strong></span> <span class='ocrx_word' id='word_1_608' title='bbox 2608 4203 2687 4258; x_wconf 87' lang='lat' dir='ltr'><strong>Eo</strong></span> <span class='ocrx_word' id='word_1_609' title='bbox 2712 4213 2891 4258; x_wconf 90' lang='lat' dir='ltr'><strong>autem</strong></span> <span class='ocrx_word' id='word_1_610' title='bbox 2923 4202 3193 4272; x_wconf 86' lang='lat' dir='ltr'><strong>pertinere</strong></span> <span class='ocrx_word' id='word_1_611' title='bbox 3218 4202 3484 4258; x_wconf 90' lang='lat' dir='ltr'><strong>credenda</strong></span> <span class='ocrx_word' id='word_1_612' title='bbox 3522 4213 3605 4258; x_wconf 90' lang='lat' dir='ltr'><strong>est</strong></span> <span class='ocrx_word' id='word_1_613' title='bbox 3633 4212 3941 4258; x_wconf 86' lang='lat' dir='ltr'><strong>exterorum</strong></span> 
     </span>
    </p>
   </div>
   <div class='ocr_carea' id='block_1_86' title="bbox 2338 4295 3945 4367">
    <p class='ocr_par' dir='ltr' id='par_1_86' title="bbox 2338 4295 3945 4367">
     <span class='ocr_line' id='line_1_86' title="bbox 2338 4295 3945 4367; baseline 0.001 -18"><span class='ocrx_word' id='word_1_614' title='bbox 2338 4295 2425 4350; x_wconf 90' lang='lat' dir='ltr'><strong>illa</strong></span> <span class='ocrx_word' id='word_1_615' title='bbox 2464 4306 2759 4367; x_wconf 89' lang='lat' dir='ltr'><strong>martyrum</strong></span> <span class='ocrx_word' id='word_1_616' title='bbox 2785 4297 3252 4362; x_wconf 87' lang='lat' dir='ltr'><strong>commemoratio,</strong></span> <span class='ocrx_word' id='word_1_617' title='bbox 3302 4305 3361 4350; x_wconf 89' lang='lat' dir='ltr'><strong>ut</strong></span> <span class='ocrx_word' id='word_1_618' title='bbox 3405 4311 3563 4350; x_wconf 91' lang='lat' dir='ltr'><strong>unam</strong></span> <span class='ocrx_word' id='word_1_619' title='bbox 3592 4296 3789 4366; x_wconf 90' lang='lat' dir='ltr'><strong>ubique</strong></span> <span class='ocrx_word' id='word_1_620' title='bbox 3818 4311 3945 4353; x_wconf 87' lang='lat' dir='ltr'><strong>esse</strong></span> 
     </span>
    </p>
   </div>
   <div class='ocr_carea' id='block_1_87' title="bbox 2338 4387 3945 4455">
    <p class='ocr_par' dir='ltr' id='par_1_87' title="bbox 2338 4387 3945 4455">
     <span class='ocr_line' id='line_1_87' title="bbox 2338 4387 3945 4455; baseline 0.001 -14"><span class='ocrx_word' id='word_1_621' title='bbox 2338 4389 2569 4443; x_wconf 89' lang='lat' dir='ltr'><strong>sciamus</strong></span> <span class='ocrx_word' id='word_1_622' title='bbox 2597 4387 2919 4443; x_wconf 86' lang='lat' dir='ltr'><strong>catholicam</strong></span> <span class='ocrx_word' id='word_1_623' title='bbox 2951 4388 3270 4455; x_wconf 87' lang='lat' dir='ltr'><strong>Ecclesiam,</strong></span> <span class='ocrx_word' id='word_1_624' title='bbox 3299 4397 3352 4444; x_wconf 86' lang='lat' dir='ltr'><strong>et</strong></span> <span class='ocrx_word' id='word_1_625' title='bbox 3379 4404 3539 4443; x_wconf 88' lang='lat' dir='ltr'><strong>unam</strong></span> <span class='ocrx_word' id='word_1_626' title='bbox 3568 4391 3813 4444; x_wconf 90' lang='lat' dir='ltr'><strong>omnium</strong></span> <span class='ocrx_word' id='word_1_627' title='bbox 3849 4404 3945 4443; x_wconf 83' lang='lat' dir='ltr'><strong>ec-</strong></span> 
     </span>
    </p>
   </div>
   <div class='ocr_carea' id='block_1_88' title="bbox 2337 4481 3943 4552">
    <p class='ocr_par' dir='ltr' id='par_1_88' title="bbox 2337 4481 3943 4552">
     <span class='ocr_line' id='line_1_88' title="bbox 2337 4481 3943 4552; baseline -0.001 -15"><span class='ocrx_word' id='word_1_628' title='bbox 2337 4482 2646 4548; x_wconf 88' lang='lat' dir='ltr'><strong>clesiarum,</strong></span> <span class='ocrx_word' id='word_1_629' title='bbox 2680 4482 2924 4552; x_wconf 89' lang='lat' dir='ltr'><strong>quamvis</strong></span> <span class='ocrx_word' id='word_1_630' title='bbox 2964 4482 3084 4537; x_wconf 90' lang='lat' dir='ltr'><strong>loco</strong></span> <span class='ocrx_word' id='word_1_631' title='bbox 3113 4481 3444 4548; x_wconf 88' lang='lat' dir='ltr'><strong>dissitarum,</strong></span> <span class='ocrx_word' id='word_1_632' title='bbox 3482 4483 3943 4548; x_wconf 86' lang='lat' dir='ltr'><strong>communionem,</strong></span> 
     </span>
    </p>
   </div>
   <div class='ocr_carea' id='block_1_89' title="bbox 2340 4572 3949 4645">
    <p class='ocr_par' dir='ltr' id='par_1_89' title="bbox 2340 4572 3949 4645">
     <span class='ocr_line' id='line_1_89' title="bbox 2340 4572 3949 4645; baseline 0 -18"><span class='ocrx_word' id='word_1_633' title='bbox 2340 4582 2396 4627; x_wconf 92' lang='lat' dir='ltr'><strong>ut</strong></span> <span class='ocrx_word' id='word_1_634' title='bbox 2422 4590 2541 4645; x_wconf 76' lang='lat' dir='ltr'><strong>qua:</strong></span> <span class='ocrx_word' id='word_1_635' title='bbox 2570 4573 2776 4629; x_wconf 87' lang='lat' dir='ltr'><strong>alienos</strong></span> <span class='ocrx_word' id='word_1_636' title='bbox 2808 4583 3099 4645; x_wconf 90' lang='lat' dir='ltr'><strong>martyres,</strong></span> <span class='ocrx_word' id='word_1_637' title='bbox 3142 4572 3285 4628; x_wconf 87' lang='lat' dir='ltr'><strong>haud</strong></span> <span class='ocrx_word' id='word_1_638' title='bbox 3312 4588 3469 4629; x_wconf 90' lang='lat' dir='ltr'><strong>secus</strong></span> <span class='ocrx_word' id='word_1_639' title='bbox 3507 4589 3668 4644; x_wconf 91' lang='lat' dir='ltr'><strong>quam</strong></span> <span class='ocrx_word' id='word_1_640' title='bbox 3694 4572 3949 4628; x_wconf 82' lang='lat' dir='ltr'><strong>domesti-</strong></span> 
     </span>
    </p>
   </div>
   <div class='ocr_carea' id='block_1_90' title="bbox 634 4657 3944 4738">
    <p class='ocr_par' dir='ltr' id='par_1_90' title="bbox 634 4657 3944 4738">
     <span class='ocr_line' id='line_1_90' title="bbox 634 4657 3944 4738; baseline -0.005 -9"><span class='ocrx_word' id='word_1_641' title='bbox 634 4671 979 4728; x_wconf 82' lang='lat' dir='ltr'><strong>coniessione</strong></span> <span class='ocrx_word' id='word_1_642' title='bbox 998 4668 1230 4723; x_wconf 88' lang='lat' dir='ltr'><strong>nominis</strong></span> <span class='ocrx_word' id='word_1_643' title='bbox 1252 4666 1306 4721; x_wconf 92' lang='lat' dir='ltr'><strong>in</strong></span> <span class='ocrx_word' id='word_1_644' title='bbox 1332 4679 1550 4721; x_wconf 88' lang='lat' dir='ltr'><strong>carcere</strong></span> <span class='ocrx_word' id='word_1_645' title='bbox 1571 4662 1835 4727; x_wconf 89' lang='lat' dir='ltr'><strong>obierant,</strong></span> <span class='ocrx_word' id='word_1_646' title='bbox 1858 4668 1917 4715; x_wconf 91' lang='lat' dir='ltr'><strong>ut</strong></span> <span class='ocrx_word' id='word_1_647' title='bbox 1945 4659 2012 4714; x_wconf 92' lang='lat' dir='ltr'><strong>ab</strong></span> <span class='ocrx_word' id='word_1_648' title='bbox 2042 4657 2231 4713; x_wconf 89' lang='lat' dir='ltr'><strong>eodem</strong></span> <span class='ocrx_word' id='word_1_649' title='bbox 2262 4670 2314 4729; x_wconf 82' lang='grc' dir='ltr'>ι)</span> <span class='ocrx_word' id='word_1_650' title='bbox 2342 4683 2456 4735; x_wconf 70' lang='grc' dir='ltr'><strong>ρος,</strong></span> <span class='ocrx_word' id='word_1_651' title='bbox 2510 4678 2854 4733; x_wconf 75' lang='lat' dir='ltr'><strong>venerantur.</strong></span> <span class='ocrx_word' id='word_1_652' title='bbox 2907 4667 3085 4733; x_wconf 86' lang='lat' dir='ltr'><strong>Quod,</strong></span> <span class='ocrx_word' id='word_1_653' title='bbox 3138 4676 3197 4722; x_wconf 92' lang='lat' dir='ltr'><strong>ut</strong></span> <span class='ocrx_word' id='word_1_654' title='bbox 3243 4682 3405 4738; x_wconf 80' lang='lat' dir='ltr'><strong>supra</strong></span> <span class='ocrx_word' id='word_1_655' title='bbox 3446 4676 3531 4723; x_wconf 79' lang='lat' dir='ltr'><strong>est</strong></span> <span class='ocrx_word' id='word_1_656' title='bbox 3572 4667 3944 4734; x_wconf 71' lang='lat' dir='ltr'><strong>observatum,</strong></span> 
     </span>
    </p>
   </div>
   <div class='ocr_carea' id='block_1_91' title="bbox 633 4754 2235 4839">
    <p class='ocr_par' dir='ltr' id='par_1_91' title="bbox 633 4754 2235 4839">
     <span class='ocr_line' id='line_1_91' title="bbox 633 4754 2235 4839; baseline -0.01 -16"><span class='ocrx_word' id='word_1_657' title='bbox 633 4766 908 4839; x_wconf 85' lang='lat' dir='ltr'><strong>Cypriane</strong></span> <span class='ocrx_word' id='word_1_658' title='bbox 932 4772 1189 4820; x_wconf 87' lang='lat' dir='ltr'><strong>statutum</strong></span> <span class='ocrx_word' id='word_1_659' title='bbox 1226 4770 1311 4817; x_wconf 90' lang='lat' dir='ltr'><strong>est</strong></span> <span class='ocrx_word' id='word_1_660' title='bbox 1331 4758 1450 4833; x_wconf 66' lang='lat'><strong>(4);</strong></span> <span class='ocrx_word' id='word_1_661' title='bbox 1482 4766 1668 4830; x_wconf 90' lang='lat' dir='ltr'><strong>postea</strong></span> <span class='ocrx_word' id='word_1_662' title='bbox 1697 4771 1825 4812; x_wconf 90' lang='lat' dir='ltr'><strong>vero</strong></span> <span class='ocrx_word' id='word_1_663' title='bbox 1852 4762 2005 4809; x_wconf 89' lang='lat' dir='ltr'><strong>aucta</strong></span> <span class='ocrx_word' id='word_1_664' title='bbox 2046 4754 2099 4808; x_wconf 89' lang='lat' dir='ltr'><strong>in</strong></span> <span class='ocrx_word' id='word_1_665' title='bbox 2136 4754 2235 4808; x_wconf 89' lang='lat' dir='ltr'><strong>im-</strong></span> 
     </span>
    </p>
   </div>
   <div class='ocr_carea' id='block_1_92' title="bbox 634 4836 2245 4927">
    <p class='ocr_par' dir='ltr' id='par_1_92' title="bbox 634 4836 2245 4927">
     <span class='ocr_line' id='line_1_92' title="bbox 634 4836 2245 4927; baseline -0.011 -9"><span class='ocrx_word' id='word_1_666' title='bbox 634 4836 882 4919; x_wconf 75' lang='lat' dir='ltr'><strong>mensum</strong></span> <span class='ocrx_word' id='word_1_667' title='bbox 924 4874 1111 4916; x_wconf 89' lang='lat' dir='ltr'><strong>eorum</strong></span> <span class='ocrx_word' id='word_1_668' title='bbox 1157 4857 1334 4927; x_wconf 88' lang='lat' dir='ltr'><strong>copia,</strong></span> <span class='ocrx_word' id='word_1_669' title='bbox 1388 4852 1640 4926; x_wconf 63' lang='lat' dir='ltr'><strong>praicipui</strong></span> <span class='ocrx_word' id='word_1_670' title='bbox 1684 4860 1910 4915; x_wconf 89' lang='lat' dir='ltr'><strong>tantum,</strong></span> <span class='ocrx_word' id='word_1_671' title='bbox 1946 4858 2003 4902; x_wconf 91' lang='lat' dir='ltr'><strong>ut</strong></span> <span class='ocrx_word' id='word_1_672' title='bbox 2050 4836 2245 4903; x_wconf 83' lang='lat' dir='ltr'><strong>vetera</strong></span> 
     </span>
    </p>
   </div>
   <div class='ocr_carea' id='block_1_93' title="bbox 642 4940 2237 5017">
    <p class='ocr_par' dir='ltr' id='par_1_93' title="bbox 642 4940 2237 5017">
     <span class='ocr_line' id='line_1_93' title="bbox 642 4940 2237 5017; baseline -0.011 -6"><span class='ocrx_word' id='word_1_673' title='bbox 642 4968 745 5010; x_wconf 89' lang='lat' dir='ltr'><strong>nos</strong></span> <span class='ocrx_word' id='word_1_674' title='bbox 794 4950 1102 5007; x_wconf 87' lang='lat' dir='ltr'><strong>calendaria</strong></span> <span class='ocrx_word' id='word_1_675' title='bbox 1150 4948 1368 5014; x_wconf 89' lang='lat' dir='ltr'><strong>docent,</strong></span> <span class='ocrx_word' id='word_1_676' title='bbox 1415 4956 1471 5001; x_wconf 92' lang='lat' dir='ltr'><strong>et</strong></span> <span class='ocrx_word' id='word_1_677' title='bbox 1519 4959 1746 5017; x_wconf 89' lang='lat' dir='ltr'><strong>quorum</strong></span> <span class='ocrx_word' id='word_1_678' title='bbox 1805 4940 2068 4997; x_wconf 87' lang='lat' dir='ltr'><strong>illustrior</strong></span> <span class='ocrx_word' id='word_1_679' title='bbox 2120 4948 2237 4995; x_wconf 89' lang='lat' dir='ltr'><strong>erat</strong></span> 
     </span>
    </p>
   </div>
   <div class='ocr_carea' id='block_1_94' title="bbox 630 5034 2237 5111">
    <p class='ocr_par' dir='ltr' id='par_1_94' title="bbox 630 5034 2237 5111">
     <span class='ocr_line' id='line_1_94' title="bbox 630 5034 2237 5111; baseline -0.009 -9"><span class='ocrx_word' id='word_1_680' title='bbox 630 5045 798 5111; x_wconf 81' lang='lat' dir='ltr'><strong>fama,</strong></span> <span class='ocrx_word' id='word_1_681' title='bbox 844 5042 1041 5100; x_wconf 91' lang='lat' dir='ltr'><strong>retenti</strong></span> <span class='ocrx_word' id='word_1_682' title='bbox 1080 5052 1226 5109; x_wconf 90' lang='lat' dir='ltr'><strong>sunt,</strong></span> <span class='ocrx_word' id='word_1_683' title='bbox 1274 5055 1370 5110; x_wconf 90' lang='lat' dir='ltr'><strong>pro</strong></span> <span class='ocrx_word' id='word_1_684' title='bbox 1411 5037 1605 5109; x_wconf 89' lang='lat' dir='ltr'><strong>quibus</strong></span> <span class='ocrx_word' id='word_1_685' title='bbox 1648 5051 1823 5091; x_wconf 87' lang='lat' dir='ltr'><strong>annua</strong></span> <span class='ocrx_word' id='word_1_686' title='bbox 1885 5034 2146 5090; x_wconf 87' lang='lat' dir='ltr'><strong>sacriﬁcia</strong></span> <span class='ocrx_word' id='word_1_687' title='bbox 2182 5042 2237 5089; x_wconf 89' lang='lat' dir='ltr'><strong>et</strong></span> 
     </span>
    </p>
   </div>
   <div class='ocr_carea' id='block_1_95' title="bbox 633 5129 2233 5201">
    <p class='ocr_par' dir='ltr' id='par_1_95' title="bbox 633 5129 2233 5201">
     <span class='ocr_line' id='line_1_95' title="bbox 633 5129 2233 5201; baseline -0.009 -6"><span class='ocrx_word' id='word_1_688' title='bbox 633 5139 938 5195; x_wconf 88' lang='lat' dir='ltr'><strong>oblationes</strong></span> <span class='ocrx_word' id='word_1_689' title='bbox 978 5137 1381 5193; x_wconf 88' lang='lat' dir='ltr'><strong>celebrarentur</strong></span> <span class='ocrx_word' id='word_1_690' title='bbox 1413 5152 1424 5188; x_wconf 91' lang='lat'>:</span> <span class='ocrx_word' id='word_1_691' title='bbox 1452 5133 1524 5189; x_wconf 89' lang='lat' dir='ltr'><strong>ita</strong></span> <span class='ocrx_word' id='word_1_692' title='bbox 1577 5132 1806 5201; x_wconf 90' lang='lat' dir='ltr'><strong>primum</strong></span> <span class='ocrx_word' id='word_1_693' title='bbox 1850 5129 2067 5201; x_wconf 90' lang='lat' dir='ltr'><strong>quidem</strong></span> <span class='ocrx_word' id='word_1_694' title='bbox 2112 5143 2233 5183; x_wconf 85' lang='lat' dir='ltr'><strong>om-</strong></span> 
     </span>
    </p>
   </div>
   <div class='ocr_carea' id='block_1_96' title="bbox 638 5223 2232 5302">
    <p class='ocr_par' dir='ltr' id='par_1_96' title="bbox 638 5223 2232 5302">
     <span class='ocr_line' id='line_1_96' title="bbox 638 5223 2232 5302; baseline -0.008 -13"><span class='ocrx_word' id='word_1_695' title='bbox 638 5235 789 5290; x_wconf 90' lang='lat' dir='ltr'><strong>nium</strong></span> <span class='ocrx_word' id='word_1_696' title='bbox 828 5232 981 5289; x_wconf 85' lang='lat' dir='ltr'><strong>ﬁeret</strong></span> <span class='ocrx_word' id='word_1_697' title='bbox 1008 5231 1062 5287; x_wconf 90' lang='lat' dir='ltr'><strong>in</strong></span> <span class='ocrx_word' id='word_1_698' title='bbox 1089 5228 1414 5302; x_wconf 86' lang='lat' dir='ltr'><strong>quotidianis</strong></span> <span class='ocrx_word' id='word_1_699' title='bbox 1455 5225 1732 5284; x_wconf 88' lang='lat' dir='ltr'><strong>sacriﬁciis</strong></span> <span class='ocrx_word' id='word_1_700' title='bbox 1756 5223 2232 5287; x_wconf 90' lang='lat' dir='ltr'><strong>commemoratio;</strong></span> 
     </span>
    </p>
   </div>
   <div class='ocr_carea' id='block_1_97' title="bbox 633 5314 2236 5396">
    <p class='ocr_par' dir='ltr' id='par_1_97' title="bbox 633 5314 2236 5396">
     <span class='ocr_line' id='line_1_97' title="bbox 633 5314 2236 5396; baseline -0.008 -15"><span class='ocrx_word' id='word_1_701' title='bbox 633 5336 821 5396; x_wconf 88' lang='lat' dir='ltr'><strong>postea</strong></span> <span class='ocrx_word' id='word_1_702' title='bbox 848 5338 997 5390; x_wconf 90' lang='lat' dir='ltr'><strong>vero,</strong></span> <span class='ocrx_word' id='word_1_703' title='bbox 1042 5331 1099 5377; x_wconf 92' lang='lat' dir='ltr'><strong>ut</strong></span> <span class='ocrx_word' id='word_1_704' title='bbox 1136 5337 1205 5378; x_wconf 80' lang='lat' dir='ltr'><strong>ex</strong></span> <span class='ocrx_word' id='word_1_705' title='bbox 1235 5320 1487 5392; x_wconf 89' lang='lat' dir='ltr'><strong>liturgiis,</strong></span> <span class='ocrx_word' id='word_1_706' title='bbox 1538 5316 1929 5388; x_wconf 87' lang='lat' dir='ltr'><strong>antiquissimis</strong></span> <span class='ocrx_word' id='word_1_707' title='bbox 1975 5314 2079 5370; x_wconf 92' lang='lat' dir='ltr'><strong>illis</strong></span> <span class='ocrx_word' id='word_1_708' title='bbox 2119 5314 2236 5383; x_wconf 91' lang='lat' dir='ltr'><strong>qui-</strong></span> 
     </span>
    </p>
   </div>
   <div class='ocr_carea' id='block_1_98' title="bbox 628 5408 2235 5485">
    <p class='ocr_par' dir='ltr' id='par_1_98' title="bbox 628 5408 2235 5485">
     <span class='ocr_line' id='line_1_98' title="bbox 628 5408 2235 5485; baseline -0.007 -14"><span class='ocrx_word' id='word_1_709' title='bbox 628 5419 780 5485; x_wconf 84' lang='lat' dir='ltr'><strong>dem,</strong></span> <span class='ocrx_word' id='word_1_710' title='bbox 813 5426 867 5471; x_wconf 92' lang='lat' dir='ltr'><strong>at</strong></span> <span class='ocrx_word' id='word_1_711' title='bbox 909 5418 1065 5474; x_wconf 88' lang='lat' dir='ltr'><strong>tertio</strong></span> <span class='ocrx_word' id='word_1_712' title='bbox 1096 5426 1271 5471; x_wconf 88' lang='lat' dir='ltr'><strong>tamen</strong></span> <span class='ocrx_word' id='word_1_713' title='bbox 1313 5413 1513 5470; x_wconf 65' lang='lat' dir='ltr'><strong>saecqu</strong></span> <span class='ocrx_word' id='word_1_714' title='bbox 1539 5408 1951 5476; x_wconf 88' lang='lat' dir='ltr'><strong>recentioribus,</strong></span> <span class='ocrx_word' id='word_1_715' title='bbox 1982 5420 2235 5477; x_wconf 86' lang='lat' dir='ltr'><strong>comper-</strong></span> 
     </span>
    </p>
   </div>
   <div class='ocr_carea' id='block_1_99' title="bbox 634 5499 2234 5578">
    <p class='ocr_par' dir='ltr' id='par_1_99' title="bbox 634 5499 2234 5578">
     <span class='ocr_line' id='line_1_99' title="bbox 634 5499 2234 5578; baseline -0.005 -13"><span class='ocrx_word' id='word_1_716' title='bbox 634 5519 745 5565; x_wconf 90' lang='lat' dir='ltr'><strong>tum</strong></span> <span class='ocrx_word' id='word_1_717' title='bbox 779 5521 882 5578; x_wconf 84' lang='lat' dir='ltr'><strong>eSt,</strong></span> <span class='ocrx_word' id='word_1_718' title='bbox 916 5510 1265 5564; x_wconf 87' lang='lat' dir='ltr'><strong>illustriorutn</strong></span> <span class='ocrx_word' id='word_1_719' title='bbox 1294 5508 1573 5563; x_wconf 76' lang='lat' dir='ltr'><strong>dumtaxat</strong></span> <span class='ocrx_word' id='word_1_720' title='bbox 1609 5506 1660 5559; x_wconf 92' lang='lat' dir='ltr'><strong>in</strong></span> <span class='ocrx_word' id='word_1_721' title='bbox 1703 5505 1877 5560; x_wconf 77' lang='lat' dir='ltr'><strong>Missis</strong></span> <span class='ocrx_word' id='word_1_722' title='bbox 1904 5499 2234 5574; x_wconf 78' lang='lat' dir='ltr'><strong>quotidianis</strong></span> 
     </span>
    </p>
   </div>
   <div class='ocr_carea' id='block_1_100' title="bbox 631 5595 2236 5664">
    <p class='ocr_par' dir='ltr' id='par_1_100' title="bbox 631 5595 2236 5664">
     <span class='ocr_line' id='line_1_100' title="bbox 631 5595 2236 5664; baseline -0.006 -7"><span class='ocrx_word' id='word_1_723' title='bbox 631 5601 850 5658; x_wconf 89' lang='lat' dir='ltr'><strong>nomina</strong></span> <span class='ocrx_word' id='word_1_724' title='bbox 916 5602 1297 5657; x_wconf 88' lang='lat' dir='ltr'><strong>retinerentur.</strong></span> <span class='ocrx_word' id='word_1_725' title='bbox 1350 5596 1479 5664; x_wconf 83' lang='lat' dir='ltr'><strong>Sed,</strong></span> <span class='ocrx_word' id='word_1_726' title='bbox 1536 5605 1594 5651; x_wconf 91' lang='lat' dir='ltr'><strong>ut</strong></span> <span class='ocrx_word' id='word_1_727' title='bbox 1646 5595 1717 5652; x_wconf 88' lang='lat' dir='ltr'><strong>sit</strong></span> <span class='ocrx_word' id='word_1_728' title='bbox 1764 5596 1832 5653; x_wconf 87' lang='lat' dir='ltr'><strong>de</strong></span> <span class='ocrx_word' id='word_1_729' title='bbox 1885 5598 2236 5654; x_wconf 88' lang='lat' dir='ltr'><strong>vetustiorum</strong></span> 
     </span>
    </p>
   </div>
   <div class='ocr_carea' id='block_1_101' title="bbox 708 5710 1933 5787">
    <p class='ocr_par' dir='ltr' id='par_1_101' title="bbox 708 5710 1933 5787">
     <span class='ocr_line' id='line_1_101' title="bbox 708 5710 1933 5787; baseline -0.002 -18"><span class='ocrx_word' id='word_1_730' title='bbox 708 5713 789 5787; x_wconf 75' lang='grc'><strong>(1)</strong></span> <span class='ocrx_word' id='word_1_731' title='bbox 818 5713 975 5783; x_wconf 82' lang='lat' dir='ltr'><strong>Apud</strong></span> <span class='ocrx_word' id='word_1_732' title='bbox 1008 5712 1285 5779; x_wconf 79' lang='lat' dir='ltr'><strong>Mabillon,</strong></span> <span class='ocrx_word' id='word_1_733' title='bbox 1306 5721 1451 5787; x_wconf 67' lang='lat' dir='ltr'><strong>tom.</strong></span> <span class='ocrx_word' id='word_1_734' title='bbox 1482 5728 1500 5767; x_wconf 86' lang='grc' dir='ltr'><strong>ι</strong></span> <span class='ocrx_word' id='word_1_735' title='bbox 1527 5710 1711 5769; x_wconf 76' lang='lat' dir='ltr'><strong>Mustei</strong></span> <span class='ocrx_word' id='word_1_736' title='bbox 1740 5710 1933 5769; x_wconf 79' lang='lat' dir='ltr'><strong>Italici.</strong></span> 
     </span>
    </p>
   </div>
   <div class='ocr_carea' id='block_1_102' title="bbox 664 5784 1710 5868">
    <p class='ocr_par' dir='ltr' id='par_1_102' title="bbox 664 5784 1710 5868">
     <span class='ocr_line' id='line_1_102' title="bbox 664 5784 1710 5868; baseline 0.012 -37"><span class='ocrx_word' id='word_1_737' title='bbox 664 5801 685 5868; x_wconf 43' lang='lat' dir='ltr'><strong>tr</strong></span> <span class='ocrx_word' id='word_1_738' title='bbox 704 5784 787 5868; x_wconf 53' lang='grc' dir='ltr'><strong>(ἓ)</strong></span> <span class='ocrx_word' id='word_1_739' title='bbox 808 5786 1031 5868; x_wconf 46' lang='grc' dir='ltr'><strong>ρει),ρε</strong></span> <span class='ocrx_word' id='word_1_740' title='bbox 1057 5787 1261 5868; x_wconf 74' lang='lat' dir='ltr'><strong>Corona</strong></span> <span class='ocrx_word' id='word_1_741' title='bbox 1292 5784 1475 5853; x_wconf 56' lang='lat' dir='ltr'><strong>Milia,</strong></span> <span class='ocrx_word' id='word_1_742' title='bbox 1504 5798 1631 5868; x_wconf 59' lang='lat' dir='ltr'><strong>cap.</strong></span> <span class='ocrx_word' id='word_1_743' title='bbox 1656 5787 1710 5844; x_wconf 81' lang='grc'><strong>5.</strong></span> 
     </span>
    </p>
   </div>
   <div class='ocr_carea' id='block_1_103' title="bbox 702 5855 2242 5937">
    <p class='ocr_par' dir='ltr' id='par_1_103' title="bbox 702 5855 2242 5937">
     <span class='ocr_line' id='line_1_103' title="bbox 702 5855 2242 5937; baseline -0.003 -19"><span class='ocrx_word' id='word_1_744' title='bbox 702 5855 780 5937; x_wconf 79' lang='grc'><strong>(5)</strong></span> <span class='ocrx_word' id='word_1_745' title='bbox 802 5855 981 5937; x_wconf 76' lang='lat' dir='ltr'><strong>Epst</strong></span> <span class='ocrx_word' id='word_1_746' title='bbox 1013 5877 1121 5927; x_wconf 81' lang='lat' dir='ltr'><strong>xu,</strong></span> <span class='ocrx_word' id='word_1_747' title='bbox 1147 5856 1219 5937; x_wconf 80' lang='lat' dir='ltr'><strong>al.</strong></span> <span class='ocrx_word' id='word_1_748' title='bbox 1242 5873 1445 5922; x_wconf 79' lang='lat' dir='ltr'><strong>xxxvn,</strong></span> <span class='ocrx_word' id='word_1_749' title='bbox 1475 5864 1531 5913; x_wconf 89' lang='lat' dir='ltr'><strong>et</strong></span> <span class='ocrx_word' id='word_1_750' title='bbox 1550 5858 1707 5928; x_wconf 88' lang='lat' dir='ltr'><strong>epist.</strong></span> <span class='ocrx_word' id='word_1_751' title='bbox 1741 5868 1926 5927; x_wconf 69' lang='lat' dir='ltr'><strong>sxxu,</strong></span> <span class='ocrx_word' id='word_1_752' title='bbox 1957 5859 2025 5915; x_wconf 91' lang='lat' dir='ltr'><strong>al.</strong></span> <span class='ocrx_word' id='word_1_753' title='bbox 2059 5874 2242 5915; x_wconf 73' lang='lat' dir='ltr'><strong>xxxxv.</strong></span> 
     </span>
    </p>
   </div>
   <div class='ocr_carea' id='block_1_104' title="bbox 681 5930 1427 6012">
    <p class='ocr_par' dir='ltr' id='par_1_104' title="bbox 681 5930 1427 6012">
     <span class='ocr_line' id='line_1_104' title="bbox 681 5930 1427 6012; baseline -0.004 -22"><span class='ocrx_word' id='word_1_754' title='bbox 681 5930 766 6012; x_wconf 70' lang='grc' dir='ltr'><strong>(ξι)</strong></span> <span class='ocrx_word' id='word_1_755' title='bbox 778 5930 961 6011; x_wconf 81' lang='lat' dir='ltr'><strong>Epist.</strong></span> <span class='ocrx_word' id='word_1_756' title='bbox 986 5951 1094 6011; x_wconf 70' lang='lat' dir='ltr'><strong>xu,</strong></span> <span class='ocrx_word' id='word_1_757' title='bbox 1127 5930 1199 5987; x_wconf 89' lang='lat' dir='ltr'><strong>al.</strong></span> <span class='ocrx_word' id='word_1_758' title='bbox 1227 5946 1427 5989; x_wconf 82' lang='lat' dir='ltr'><strong>xxxvn.</strong></span> 
     </span>
    </p>
   </div>
   <div class='ocr_carea' id='block_1_105' title="bbox 2341 4760 3949 4833">
    <p class='ocr_par' dir='ltr' id='par_1_105' title="bbox 2341 4760 3949 4833">
     <span class='ocr_line' id='line_1_105' title="bbox 2341 4760 3949 4833; baseline -0.003 -16"><span class='ocrx_word' id='word_1_759' title='bbox 2341 4764 2486 4818; x_wconf 90' lang='lat' dir='ltr'><strong>clare</strong></span> <span class='ocrx_word' id='word_1_760' title='bbox 2528 4771 2583 4818; x_wconf 92' lang='lat' dir='ltr'><strong>et</strong></span> <span class='ocrx_word' id='word_1_761' title='bbox 2612 4762 2899 4833; x_wconf 89' lang='lat' dir='ltr'><strong>perspicue</strong></span> <span class='ocrx_word' id='word_1_762' title='bbox 2928 4762 3267 4817; x_wconf 87' lang='lat' dir='ltr'><strong>demonstrat</strong></span> <span class='ocrx_word' id='word_1_763' title='bbox 3320 4769 3424 4815; x_wconf 91' lang='lat' dir='ltr'><strong>tam</strong></span> <span class='ocrx_word' id='word_1_764' title='bbox 3456 4769 3605 4816; x_wconf 89' lang='lat' dir='ltr'><strong>certo</strong></span> <span class='ocrx_word' id='word_1_765' title='bbox 3632 4760 3701 4815; x_wconf 91' lang='lat' dir='ltr'><strong>de</strong></span> <span class='ocrx_word' id='word_1_766' title='bbox 3733 4768 3949 4814; x_wconf 85' lang='lat' dir='ltr'><strong>nostra-</strong></span> 
     </span>
    </p>
   </div>
   <div class='ocr_carea' id='block_1_106' title="bbox 2341 4853 3944 4928">
    <p class='ocr_par' dir='ltr' id='par_1_106' title="bbox 2341 4853 3944 4928">
     <span class='ocr_line' id='line_1_106' title="bbox 2341 4853 3944 4928; baseline -0.003 -17"><span class='ocrx_word' id='word_1_767' title='bbox 2341 4872 2458 4911; x_wconf 90' lang='lat' dir='ltr'><strong>rum</strong></span> <span class='ocrx_word' id='word_1_768' title='bbox 2499 4867 2795 4928; x_wconf 90' lang='lat' dir='ltr'><strong>martyrum</strong></span> <span class='ocrx_word' id='word_1_769' title='bbox 2826 4854 3143 4911; x_wconf 82' lang='lat' dir='ltr'><strong>orthodoxia</strong></span> <span class='ocrx_word' id='word_1_770' title='bbox 3171 4853 3312 4924; x_wconf 91' lang='lat' dir='ltr'><strong>apud</strong></span> <span class='ocrx_word' id='word_1_771' title='bbox 3350 4862 3564 4909; x_wconf 86' lang='lat' dir='ltr'><strong>veteres</strong></span> <span class='ocrx_word' id='word_1_772' title='bbox 3606 4853 3944 4921; x_wconf 88' lang='lat' dir='ltr'><strong>constitisse,</strong></span> 
     </span>
    </p>
   </div>
   <div class='ocr_carea' id='block_1_107' title="bbox 2341 4946 3948 5019">
    <p class='ocr_par' dir='ltr' id='par_1_107' title="bbox 2341 4946 3948 5019">
     <span class='ocr_line' id='line_1_107' title="bbox 2341 4946 3948 5019; baseline -0.001 -14"><span class='ocrx_word' id='word_1_773' title='bbox 2341 4959 2400 5005; x_wconf 92' lang='lat' dir='ltr'><strong>ut</strong></span> <span class='ocrx_word' id='word_1_774' title='bbox 2429 4966 2614 5006; x_wconf 89' lang='lat' dir='ltr'><strong>earum</strong></span> <span class='ocrx_word' id='word_1_775' title='bbox 2642 4951 2859 5006; x_wconf 88' lang='lat' dir='ltr'><strong>nomina</strong></span> <span class='ocrx_word' id='word_1_776' title='bbox 2898 4949 3179 5005; x_wconf 75' lang='lat' dir='ltr'><strong>catholica:</strong></span> <span class='ocrx_word' id='word_1_777' title='bbox 3208 4948 3605 5005; x_wconf 89' lang='lat' dir='ltr'><strong>communionis</strong></span> <span class='ocrx_word' id='word_1_778' title='bbox 3637 4946 3948 5019; x_wconf 88' lang='lat' dir='ltr'><strong>symbolum</strong></span> 
     </span>
    </p>
   </div>
   <div class='ocr_carea' id='block_1_108' title="bbox 2342 5043 2776 5100">
    <p class='ocr_par' dir='ltr' id='par_1_108' title="bbox 2342 5043 2776 5100">
     <span class='ocr_line' id='line_1_108' title="bbox 2342 5043 2776 5100; baseline -0.005 -1"><span class='ocrx_word' id='word_1_779' title='bbox 2342 5059 2463 5100; x_wconf 89' lang='lat' dir='ltr'><strong>esse</strong></span> <span class='ocrx_word' id='word_1_780' title='bbox 2490 5043 2776 5099; x_wconf 91' lang='lat' dir='ltr'><strong>voluerint.</strong></span> 
     </span>
    </p>
   </div>
   <div class='ocr_carea' id='block_1_109' title="bbox 2410 5129 3949 5203">
    <p class='ocr_par' dir='ltr' id='par_1_109' title="bbox 2410 5129 3949 5203">
     <span class='ocr_line' id='line_1_109' title="bbox 2410 5129 3949 5203; baseline -0.005 -11"><span class='ocrx_word' id='word_1_781' title='bbox 2410 5136 2522 5193; x_wconf 79' lang='lat' dir='ltr'><strong>VII.</strong></span> <span class='ocrx_word' id='word_1_782' title='bbox 2566 5136 2767 5191; x_wconf 84' lang='lat' dir='ltr'><strong>Horum</strong></span> <span class='ocrx_word' id='word_1_783' title='bbox 2793 5135 3033 5190; x_wconf 89' lang='lat' dir='ltr'><strong>omnium</strong></span> <span class='ocrx_word' id='word_1_784' title='bbox 3065 5134 3132 5190; x_wconf 91' lang='lat' dir='ltr'><strong>de</strong></span> <span class='ocrx_word' id='word_1_785' title='bbox 3176 5134 3369 5203; x_wconf 89' lang='lat' dir='ltr'><strong>quibus</strong></span> <span class='ocrx_word' id='word_1_786' title='bbox 3398 5134 3661 5189; x_wconf 87' lang='lat' dir='ltr'><strong>hactenus</strong></span> <span class='ocrx_word' id='word_1_787' title='bbox 3683 5129 3949 5187; x_wconf 80' lang='lat' dir='ltr'><strong>disserui-</strong></span> 
     </span>
    </p>
   </div>
   <div class='ocr_carea' id='block_1_110' title="bbox 2338 5224 3948 5297">
    <p class='ocr_par' dir='ltr' id='par_1_110' title="bbox 2338 5224 3948 5297">
     <span class='ocr_line' id='line_1_110' title="bbox 2338 5224 3948 5297; baseline -0.006 -9"><span class='ocrx_word' id='word_1_788' title='bbox 2338 5248 2479 5297; x_wconf 90' lang='lat' dir='ltr'><strong>mus,</strong></span> <span class='ocrx_word' id='word_1_789' title='bbox 2504 5230 2931 5287; x_wconf 90' lang='lat' dir='ltr'><strong>testimoniorum</strong></span> <span class='ocrx_word' id='word_1_790' title='bbox 2960 5229 3332 5284; x_wconf 89' lang='lat' dir='ltr'><strong>auctoritatem</strong></span> <span class='ocrx_word' id='word_1_791' title='bbox 3354 5229 3568 5285; x_wconf 88' lang='lat' dir='ltr'><strong>elevare</strong></span> <span class='ocrx_word' id='word_1_792' title='bbox 3589 5242 3650 5283; x_wconf 89' lang='lat' dir='ltr'><strong>se</strong></span> <span class='ocrx_word' id='word_1_793' title='bbox 3679 5234 3828 5297; x_wconf 88' lang='lat' dir='ltr'><strong>putat</strong></span> <span class='ocrx_word' id='word_1_794' title='bbox 3858 5224 3948 5279; x_wconf 84' lang='lat' dir='ltr'><strong>le-</strong></span> 
     </span>
    </p>
   </div>
   <div class='ocr_carea' id='block_1_111' title="bbox 2338 5319 3954 5393">
    <p class='ocr_par' dir='ltr' id='par_1_111' title="bbox 2338 5319 3954 5393">
     <span class='ocr_line' id='line_1_111' title="bbox 2338 5319 3954 5393; baseline -0.003 -16"><span class='ocrx_word' id='word_1_795' title='bbox 2338 5324 2558 5379; x_wconf 90' lang='lat' dir='ltr'><strong>vissima</strong></span> <span class='ocrx_word' id='word_1_796' title='bbox 2629 5323 2731 5379; x_wconf 89' lang='lat' dir='ltr'><strong>hac</strong></span> <span class='ocrx_word' id='word_1_797' title='bbox 2793 5324 3143 5389; x_wconf 84' lang='lat' dir='ltr'><strong>reSponsione</strong></span> <span class='ocrx_word' id='word_1_798' title='bbox 3203 5321 3521 5393; x_wconf 85' lang='lat' dir='ltr'><strong>Basnagius,</strong></span> <span class='ocrx_word' id='word_1_799' title='bbox 3565 5319 3703 5391; x_wconf 88' lang='lat' dir='ltr'><strong>quod</strong></span> <span class='ocrx_word' id='word_1_800' title='bbox 3753 5332 3954 5387; x_wconf 86' lang='lat' dir='ltr'><strong>nempe</strong></span> 
     </span>
    </p>
   </div>
   <div class='ocr_carea' id='block_1_112' title="bbox 2345 5411 3958 5486">
    <p class='ocr_par' dir='ltr' id='par_1_112' title="bbox 2345 5411 3958 5486">
     <span class='ocr_line' id='line_1_112' title="bbox 2345 5411 3958 5486; baseline -0.002 -18"><span class='ocrx_word' id='word_1_801' title='bbox 2345 5434 2363 5468; x_wconf 82' lang='grc' dir='ltr'><strong>ι</strong></span> <span class='ocrx_word' id='word_1_802' title='bbox 2404 5416 2585 5470; x_wconf 78' lang='lat' dir='ltr'><strong>[torum</strong></span> <span class='ocrx_word' id='word_1_803' title='bbox 2625 5415 2909 5469; x_wconf 81' lang='lat' dir='ltr'><strong>constantia</strong></span> <span class='ocrx_word' id='word_1_804' title='bbox 2949 5424 3255 5486; x_wconf 86' lang='lat' dir='ltr'><strong>martyrum,</strong></span> <span class='ocrx_word' id='word_1_805' title='bbox 3305 5431 3500 5469; x_wconf 83' lang='lat' dir='ltr'><strong>necnon</strong></span> <span class='ocrx_word' id='word_1_806' title='bbox 3539 5427 3768 5467; x_wconf 87' lang='lat' dir='ltr'><strong>actorum</strong></span> <span class='ocrx_word' id='word_1_807' title='bbox 3808 5411 3958 5464; x_wconf 87' lang='lat' dir='ltr'><strong>anti-</strong></span> 
     </span>
    </p>
   </div>
   <div class='ocr_carea' id='block_1_113' title="bbox 2339 5506 3952 5581">
    <p class='ocr_par' dir='ltr' id='par_1_113' title="bbox 2339 5506 3952 5581">
     <span class='ocr_line' id='line_1_113' title="bbox 2339 5506 3952 5581; baseline -0.004 -17"><span class='ocrx_word' id='word_1_808' title='bbox 2339 5511 2506 5580; x_wconf 83' lang='lat' dir='ltr'><strong>quitas</strong></span> <span class='ocrx_word' id='word_1_809' title='bbox 2533 5509 2746 5581; x_wconf 82' lang='lat' dir='ltr'><strong>posteris</strong></span> <span class='ocrx_word' id='word_1_810' title='bbox 2783 5510 2961 5578; x_wconf 81' lang='lat' dir='ltr'><strong>fucum</strong></span> <span class='ocrx_word' id='word_1_811' title='bbox 3000 5510 3140 5581; x_wconf 76' lang='lat' dir='ltr'><strong>fecit,</strong></span> <span class='ocrx_word' id='word_1_812' title='bbox 3180 5518 3237 5564; x_wconf 89' lang='lat' dir='ltr'><strong>ut</strong></span> <span class='ocrx_word' id='word_1_813' title='bbox 3279 5510 3334 5563; x_wconf 89' lang='lat' dir='ltr'><strong>in</strong></span> <span class='ocrx_word' id='word_1_814' title='bbox 3377 5509 3540 5580; x_wconf 82' lang='lat' dir='ltr'><strong>pretio</strong></span> <span class='ocrx_word' id='word_1_815' title='bbox 3571 5506 3895 5561; x_wconf 84' lang='lat' dir='ltr'><strong>haberentur.</strong></span> <span class='ocrx_word' id='word_1_816' title='bbox 3926 5524 3952 5558; x_wconf 74' lang='grc' dir='ltr'><strong>ι</strong></span> 
     </span>
    </p>
   </div>
   <div class='ocr_carea' id='block_1_114' title="bbox 2343 5598 3958 5673">
    <p class='ocr_par' dir='ltr' id='par_1_114' title="bbox 2343 5598 3958 5673">
     <span class='ocr_line' id='line_1_114' title="bbox 2343 5598 3958 5673; baseline -0.006 -14"><span class='ocrx_word' id='word_1_817' title='bbox 2343 5602 2717 5673; x_wconf 88' lang='lat' dir='ltr'><strong>Productaque</strong></span> <span class='ocrx_word' id='word_1_818' title='bbox 2745 5601 2962 5671; x_wconf 90' lang='lat' dir='ltr'><strong>deinde,</strong></span> <span class='ocrx_word' id='word_1_819' title='bbox 2996 5618 3155 5673; x_wconf 87' lang='lat' dir='ltr'><strong>quam</strong></span> <span class='ocrx_word' id='word_1_820' title='bbox 3203 5616 3365 5673; x_wconf 88' lang='lat' dir='ltr'><strong>supra</strong></span> <span class='ocrx_word' id='word_1_821' title='bbox 3394 5599 3689 5663; x_wconf 81' lang='lat' dir='ltr'><strong>confutavi,</strong></span> <span class='ocrx_word' id='word_1_822' title='bbox 3721 5599 3789 5653; x_wconf 87' lang='lat' dir='ltr'><strong>de</strong></span> <span class='ocrx_word' id='word_1_823' title='bbox 3832 5598 3958 5651; x_wconf 77' lang='lat' dir='ltr'><strong>Au-</strong></span> 
     </span>
    </p>
   </div>
   <div class='ocr_carea' id='block_1_115' title="bbox 2348 5693 3960 5770">
    <p class='ocr_par' dir='ltr' id='par_1_115' title="bbox 2348 5693 3960 5770">
     <span class='ocr_line' id='line_1_115' title="bbox 2348 5693 3960 5770; baseline -0.004 -17"><span class='ocrx_word' id='word_1_824' title='bbox 2348 5698 2547 5768; x_wconf 82' lang='lat' dir='ltr'><strong>gustini</strong></span> <span class='ocrx_word' id='word_1_825' title='bbox 2594 5698 2857 5757; x_wconf 88' lang='lat' dir='ltr'><strong>Sermone</strong></span> <span class='ocrx_word' id='word_1_826' title='bbox 2906 5698 3237 5770; x_wconf 90' lang='lat' dir='ltr'><strong>conjectura,</strong></span> <span class='ocrx_word' id='word_1_827' title='bbox 3285 5695 3558 5768; x_wconf 84' lang='lat' dir='ltr'><strong>subjungit</strong></span> <span class='ocrx_word' id='word_1_828' title='bbox 3590 5711 3604 5753; x_wconf 88' lang='lat'><strong>:</strong></span> <span class='ocrx_word' id='word_1_829' title='bbox 3634 5693 3960 5749; x_wconf 83' lang='lat' dir='ltr'><strong>Concedatur</strong></span> 
     </span>
    </p>
   </div>
   <div class='ocr_carea' id='block_1_116' title="bbox 2351 5784 3963 5864">
    <p class='ocr_par' dir='ltr' id='par_1_116' title="bbox 2351 5784 3963 5864">
     <span class='ocr_line' id='line_1_116' title="bbox 2351 5784 3963 5864; baseline -0.002 -20"><span class='ocrx_word' id='word_1_830' title='bbox 2351 5800 2518 5846; x_wconf 89' lang='lat' dir='ltr'><strong>tamen</strong></span> <span class='ocrx_word' id='word_1_831' title='bbox 2540 5792 2690 5847; x_wconf 84' lang='lat' dir='ltr'><strong>verba</strong></span> <span class='ocrx_word' id='word_1_832' title='bbox 2716 5792 2824 5849; x_wconf 63' lang='lat' dir='ltr'><strong>haec</strong></span> <span class='ocrx_word' id='word_1_833' title='bbox 2843 5792 3111 5864; x_wconf 81' lang='lat' dir='ltr'><strong>Augustini</strong></span> <span class='ocrx_word' id='word_1_834' title='bbox 3137 5808 3262 5846; x_wconf 88' lang='lat' dir='ltr'><strong>esse.</strong></span> <span class='ocrx_word' id='word_1_835' title='bbox 3291 5790 3519 5857; x_wconf 76' lang='lat' dir='ltr'><strong>Quwstio</strong></span> <span class='ocrx_word' id='word_1_836' title='bbox 3541 5789 3667 5863; x_wconf 76' lang='lat' dir='ltr'><strong>[acti</strong></span> <span class='ocrx_word' id='word_1_837' title='bbox 3696 5800 3791 5856; x_wconf 80' lang='lat' dir='ltr'><strong>est,</strong></span> <span class='ocrx_word' id='word_1_838' title='bbox 3819 5784 3963 5841; x_wconf 79' lang='lat' dir='ltr'><strong>Pcr-</strong></span> 
     </span>
    </p>
   </div>
   <div class='ocr_carea' id='block_1_117' title="bbox 2428 5926 3353 6001">
    <p class='ocr_par' dir='ltr' id='par_1_117' title="bbox 2428 5926 3353 6001">
     <span class='ocr_line' id='line_1_117' title="bbox 2428 5926 3353 6001; baseline 0.001 -18"><span class='ocrx_word' id='word_1_839' title='bbox 2428 5926 2509 5997; x_wconf 82' lang='grc'><strong>(1)</strong></span> <span class='ocrx_word' id='word_1_840' title='bbox 2536 5928 2651 5985; x_wconf 88' lang='lat' dir='ltr'><strong>Lib.</strong></span> <span class='ocrx_word' id='word_1_841' title='bbox 2682 5928 2744 5986; x_wconf 81' lang='lat' dir='ltr'><strong>de</strong></span> <span class='ocrx_word' id='word_1_842' title='bbox 2777 5927 3096 6001; x_wconf 59' lang='lat' dir='ltr'><strong>Virginitate,</strong></span> <span class='ocrx_word' id='word_1_843' title='bbox 3123 5944 3240 6000; x_wconf 83' lang='lat' dir='ltr'><strong>cap.</strong></span> <span class='ocrx_word' id='word_1_844' title='bbox 3261 5928 3353 5984; x_wconf 75' lang='lat'><strong>25.</strong></span> 
     </span>
    </p>
   </div>
  </div>
