4242 6270
317 355 393 411 ’75
1223 351 1361 410 PRO
1403 352 1498 409 SS.
1544 346 1948 417 PERPETUA,
1994 348 2398 410 FELICITATE
2437 352 2526 411 ET
2564 354 2793 413 SOCIIS.
3564 352 3633 419 ’74

319 478 474 541 petua
501 468 719 538 fueritne
746 466 989 519 Ecclesia!
1035 466 1236 531 mulier,
1262 485 1327 521 an
1357 477 1503 522 secta!
1533 470 1919 522 montanisticw.
1950 470 1999 528 Α
2030 470 2215 538 rologii
2263 470 2508 534 codices,
2549 482 2601 525 et
2643 470 2907 526 editiones
2947 471 3158 541 irrepsit
3184 470 3297 543 (l);
3343 470 3436 527 sed
3478 487 3632 528 error

317 561 443 614 Jam
477 575 588 614 vero
618 561 667 612 in
694 558 1055 628 qtttestionibus
1086 558 1379 627 Itujusmodi
1407 559 1500 611 viri
1530 558 1646 611 boni
1671 575 1806 628 stupe
1832 576 1926 612 nu-

326 670 471 709 mero
514 663 617 707 tota
652 662 825 706 errant
866 653 966 717 via,
1002 660 1047 706 et
1090 652 1349 706 ltwrcticos
1392 663 1637 723 martyres
1669 654 1929 721 irrepsisse

319 748 375 801 in
436 746 803 817 martyrologia
842 762 935 799 suo
984 745 1094 798 loco
1140 729 1469 798 ostendimus.
1529 746 1606 799 De
1655 746 1819 809 Actis,
1878 757 1929 799 ct

319 855 506 895 eorum
536 840 854 903 auctoritate
888 837 1110 892 inferius
1134 838 1415 893 dicendum
1432 840 1549 893 erit.
1575 837 1726 893 Nunc
1755 838 1929 894 brevi-

319 938 399 983 ter
432 929 746 993 videndum,
774 943 952 982 annon
1001 942 1226 982 summa:
1273 929 1586 983 temeritatis
1629 929 1715 991 sit,
1750 929 1819 983 ob
1852 929 1927 983 le-

318 1023 586 1084 vissimas,
624 1030 681 1075 ut
721 1021 977 1090 deinceps
1016 1020 1317 1085 ostendam,
1350 1020 1707 1088 conjecturas,
1739 1035 1925 1074 eorum

321 1113 705 1170 orthodoxiam
767 1122 823 1168 et
866 1111 1206 1167 sanctitatem
1263 1112 1312 1164 in
1368 1111 1586 1165 dubium
1635 1126 1923 1176 revocare,

320 1223 461 1278 quos
501 1215 710 1260 constat
760 1205 938 1259 statim
971 1205 1037 1259 ab
1067 1220 1252 1259 eorum
1286 1204 1552 1273 passione,
1584 1218 1644 1257 ac
1673 1202 1927 1270 deinceps

321 1315 420 1371 per
463 1298 770 1369 quindecim
804 1309 856 1353 et
883 1298 1110 1367 amplius
1140 1298 1330 1351 sarcula
1355 1296 1501 1351 nullo
1526 1311 1628 1350 ηοω
1660 1296 1929 1365 religionis

320 1403 373 1446 ct
404 1391 761 1446 observantia:
804 1390 980 1460 signo,
1032 1405 1142 1445 non
1182 1399 1238 1443 ut
1282 1390 1546 1459 genuinos
1577 1398 1804 1453 tantum,
1834 1390 1927 1443 sed

322 1487 463 1542 inter
493 1485 820 1540 celebriores
847 1483 1045 1538 ChriSti
1104 1492 1387 1551 martyres,
1420 1482 1780 1535 universalem
1822 1480 1927 1535 Ec-

321 1577 539 1632 clesiam
574 1591 694 1632 esse
722 1576 1073 1630 veneratam?
1114 1588 1340 1644 quorum
1380 1573 1586 1627 scilicet
1610 1572 1926 1627 memoriam

320 1669 431 1739 jam
458 1669 579 1723 inde
601 1668 669 1723 ab
696 1667 933 1737 antiquis
957 1666 1284 1735 temporibus
1307 1664 1663 1735 frequentavit
1692 1681 1704 1729 ;
1734 1664 1927 1734 quibus

324 1760 535 1818 altaria.
569 1768 619 1814 et
660 1757 931 1824 basilicas,
986 1772 1103 1826 qute
1147 1764 1388 1811 centrum
1434 1764 1615 1810 essent
1653 1754 1930 1809 catholiccc

2032 560 2189 617 facile
2219 563 2461 619 detectus
2497 574 2598 627 est,
2632 575 2682 618 et
2715 565 2941 620 Romani
2988 567 3349 637 martyrologii
3379 567 3629 621 condito-

2030 668 2118 709 res
2149 654 2409 709 Numidiae
2444 656 2827 722 Nicomediam,
2857 657 3091 713 Marculo
3123 657 3454 724 Marcellum,
3483 658 3628 713 Con-

2032 750 2190 801 stanti
2221 748 2614 815 (Ionstantium,
2648 750 2959 805 Macarianis
2992 751 3220 805 Arianos
3248 751 3628 821 subrogarunt.

2032 839 2297 911 chentes
2320 842 2461 895 enim
2489 842 2588 897 sub
2617 842 2832 896 eosdem
2862 844 3072 897 circiter
3099 843 3215 897 dies
3238 844 3287 895 in
3321 844 3631 912 antiquiorio

2031 933 2131 988 bus
2181 935 2576 1005 martyrologiis
2626 934 2859 989 Marcelli
2903 934 3327 990 Nicomediensis
3379 936 3631 1006 martyris

2032 1039 2249 1089 nomen,
2287 1034 2340 1081 et
2370 1026 2483 1095 ejus
2512 1035 2629 1080 acta
2661 1027 2989 1096 ignorantes,
3018 1042 3081 1080 ex
3115 1026 3331 1080 Marcnli
3378 1028 3512 1081 actis
3551 1028 3633 1080 in-

2034 1116 2311 1184 tcrpolatis
2350 1117 2451 1171 hoc
2492 1119 2541 1172 ci
2581 1119 2809 1189 elogium
2842 1120 3229 1173 concinnarunt
3264 1138 3274 1171 :
3312 1118 3631 1173 Nicomedia:

2034 1207 2151 1274 (pro
2171 1209 2221 1260 in
2248 1207 2521 1278 Numidia)
2547 1213 2707 1263 sancti
2737 1210 2970 1265 Marcelli
2988 1212 3113 1281 (leg.
3144 1210 3387 1279 Marculi)
3418 1214 3629 1281 pres/ry-

2035 1298 2149 1362 teri,
2205 1300 2288 1366 qui
2344 1298 2627 1352 Constantii
2679 1302 2881 1371 (verius
2930 1301 3241 1369 Constantis)
3293 1314 3515 1369 tempore
3568 1302 3630 1355 ab

2033 1389 2239 1441 Arionis
2271 1389 2291 1459 (
2323 1405 2415 1457 pro
2443 1408 2474 1443 a
2526 1391 2861 1463 Macarianis)
2892 1410 2917 1446 e
2944 1411 3067 1463 rupe
3111 1396 3459 1463 praecipitatus
3489 1412 3624 1449 mar-

2035 1489 2115 1550 tyr
2164 1482 2414 1535 occubuit.
2472 1483 2585 1549 Qua
2634 1484 2848 1538 Patrum
2913 1486 3376 1541 Benedictinorum
3432 1491 3629 1558 conje—

2034 1580 2182 1625 ctura
2210 1580 2291 1627 cst
2332 1574 2381 1627 in
2411 1572 2531 1628 Not.
2557 1573 2622 1628 ad
2653 1578 2934 1645 Augustini
2969 1577 3057 1632 lib.
3091 1594 3145 1631 ιιι
3176 1591 3362 1635 contra
3405 1581 3631 1636 Cresco-

2034 1664 2203 1727 nium,
2230 1680 2347 1734 cap.
2375 1666 2465 1721 49.
2495 1666 2607 1733 Qua
2630 1668 2697 1723 de
2726 1684 2783 1724 re
2810 1670 3068 1725 videndus
3096 1673 3254 1725 etiam
3276 1670 3356 1726 Cl.
3390 1673 3633 1729 Mabillo-

2034 1772 2133 1811 nus
2152 1758 2201 1811 in
2220 1758 2416 1812 Anuot.
2442 1758 2507 1813 ad
2522 1759 2739 1814 Marculi
2766 1770 2903 1825 aeta,
2926 1772 3054 1816 tom.
3077 1780 3132 1817 Ill
3150 1764 3293 1819 Vctt.
3319 1766 3625 1821 Analector.

324 1852 733 1917 communionis,
781 1850 1031 1907 excitavit
1073 1866 1087 1915 ;
1121 1865 1345 1921 quorum
1375 1848 1801 1904 anniversariam
1841 1863 1930 1901 so-
1960 1861 2006 1920 Β
2034 1846 2149 1902 Jam
2179 1864 2305 1904 vero
2330 1850 2453 1919 quid
2486 1850 2625 1913 huic,
2654 1862 2744 1905 aut
2766 1854 2808 1906 si
2838 1854 2977 1923 quod
3005 1856 3255 1909 estaliud
3284 1857 3406 1911 huic
3428 1857 3623 1925 simile,

320 1945 655 2001 lemnitatem
699 1960 804 1999 non
861 1942 1022 1997 modo
1062 1943 1287 1998 ecclesia
1318 1940 1777 2011 Carthaginiensis,
1826 1940 1921 1995 sed

319 2040 485 2093 etiam
512 2038 754 2091 Romana
779 2036 945 2090 altero
965 2035 1034 2090 ab
1059 2050 1243 2090 eorum
1274 2035 1524 2105 passione
1553 2034 1751 2089 saeculo
1781 2033 1923 2088 cele-

322 2128 505 2183 bravit
533 2145 546 2193 ;
578 2143 796 2198 quorum
823 2128 1037 2181 nomina
1068 2128 1121 2181 in
1154 2127 1542 2196 antiquissimis
1573 2126 1923 2182 ecclesiarum

323 2220 521 2275 tabulis
552 2219 690 2273 inter
732 2218 1081 2273 illustriorum
1129 2229 1423 2288 martyrum
1464 2219 1682 2273 nomina
1733 2232 1920 2272 recen-

320 2321 511 2367 sentur
541 2328 555 2377 ;
584 2326 809 2380 quorum
850 2309 1110 2365 memoria
1151 2324 1272 2364 cum
1307 2309 1489 2379 paucis
1516 2309 1636 2363 aliis
1663 2310 1923 2379 insignio-

318 2403 577 2472 ribusque
623 2403 747 2457 item
788 2402 1107 2472 martyribus
1137 2400 1374 2470 quotidie
1417 2402 1467 2455 in
1513 2401 1691 2456 missae
1718 2417 1924 2457 canone

322 2506 657 2559 renovatur;
728 2509 865 2564 quos
914 2494 1145 2563 denique
1194 2508 1298 2549 non
1348 2509 1509 2547 unum
1560 2504 1650 2549 aut
1700 2494 1923 2549 alterum

318 2578 588 2657 privatum
619 2585 1081 2655 Inartyrologium,
1127 2584 1219 2639 sed
1260 2585 1436 2639 omnia
1478 2593 1531 2639 et
1572 2584 1623 2639 in
1684 2584 1923 2640 diversa-

318 2694 438 2733 rum
468 2678 821 2733 ecclesiarum
854 2692 1006 2731 usum
1047 2678 1364 2731 concinnata
1395 2676 1597 2746 pariter
1624 2676 1918 2732 celebrant.

319 2769 450 2826 Ilzcc
498 2770 642 2825 enim
671 2770 849 2823 omnia
896 2770 949 2822 in
986 2776 1197 2824 nostras
1245 2778 1512 2839 martyres
1555 2769 1712 2823 simul
1760 2769 1924 2824 fuisse

318 2866 539 2933 collata,
591 2865 720 2919 satis
748 2863 857 2933 jam
888 2863 1138 2932 prtesenti
1188 2863 1291 2916 hoc
1321 2863 1493 2932 capite
1535 2862 1918 2917 demonstravi.

324 2957 430 3012 Sed
455 2957 737 3010 constantia
760 2964 1064 3024 martyrum,
1092 2963 1137 3007 et
1158 2955 1398 3007 Actorum
1422 2954 1691 3019 antiquitas
1714 2954 1926 3023 posteris

323 3052 505 3120 fucum
528 3048 659 3118 fecit.
684 3046 787 3102 Sed
811 3047 1067 3116 numquid
1089 3061 1221 3115 pene
1250 3046 1573 3109 comvis,aut
1601 3045 1923 3115 supparibus

322 3136 678 3209 scriptoribus
725 3139 1001 3207 imponere
1049 3136 1383 3206 potuissent?
1425 3136 1531 3190 Sed
1574 3138 1625 3189 in
1668 3137 1745 3190 his
1798 3138 1927 3208 facti

2029 1943 2279 2012 exemplo
2334 1958 2455 1998 cum
2506 1945 2832 2014 martyribus
2880 1948 3078 2002 nostris
3126 1948 3305 2017 aliqua
3354 1965 3420 2005 ex
3473 1960 3627 2021 parte

2025 2035 2350 2088 commune?
2379 2033 2508 2100 Quae
2539 2050 2645 2089 non
2678 2038 3018 2106 sequioribus
3074 2040 3285 2095 saeculis
3334 2058 3430 2111 per
3473 2044 3631 2098 unius

2026 2134 2116 2177 aut
2152 2124 2373 2179 alterius
2422 2126 2700 2196 scriptoris
2746 2128 3088 2185 oscitanliam
3131 2134 3180 2185 in
3211 2134 3473 2201 privatum
3526 2136 3629 2189 ali-

2026 2215 2166 2284 quod
2211 2217 2652 2287 martyrologium
2695 2219 3047 2289 irrepserunt,
3079 2223 3172 2278 sed
3215 2224 3269 2278 in
3303 2224 3546 2295 publicis,
3578 2236 3633 2282 et

2026 2307 2410 2377 antiquissimis
2438 2308 2693 2364 Ecclesiae
2740 2312 2949 2379 tabulis,
2985 2314 3038 2368 in
3080 2315 3307 2384 publicis
3353 2319 3476 2373 item
3507 2335 3630 2390 prc-

2026 2399 2197 2465 cibus,
2238 2410 2294 2455 ut
2323 2414 2506 2458 earum
2552 2406 2767 2461 nomina
2799 2409 3177 2479 recitarentur,
3208 2421 3261 2466 et
3290 2414 3490 2468 nullum
3521 2430 3630 2470 non

2027 2490 2263 2559 religiosi
2291 2494 2467 2548 cultus
2500 2497 2883 2565 testimonium,
2911 2500 3021 2568 jam
3066 2501 3191 2556 inde
3226 2503 3294 2556 ab
3323 2506 3474 2559 initio
3501 2521 3631 2560 con-

2027 2591 2225 2635 secutae
2272 2592 2416 2637 sunt.
2448 2583 2553 2640 Sed
2582 2587 2875 2654 videamus,
2908 2592 3098 2659 quibus
3140 2593 3435 2664 Basnagius
3465 2613 3625 2667 argu—

2029 2675 2222 2729 mentis
2251 2674 2348 2730 hac
2378 2679 2664 2734 sanctioris
2703 2679 2858 2736 famae
2901 2694 2953 2737 et
3006 2686 3200 2753 publici
3230 2687 3405 2741 cultus
3436 2704 3628 2759 perpe-

2033 2774 2119 2819 tua
2175 2767 2342 2821 veluti
2397 2772 2738 2838 possessione
2789 2778 3627 2846 sanctasmartyrcs'deturbare

2028 2868 2250 2913 conatus
2289 2870 2372 2915 est
2403 2878 2414 2914 :
2448 2862 2760 2931 gravissima
2806 2866 2949 2919 enim
2995 2881 3055 2920 ea
3086 2883 3204 2922 esse
3235 2880 3465 2937 oportet,
3510 2887 3631 2942 qua:

2030 2948 2168 3005 hanc
2223 2952 2271 3005 ei
2334 2952 2400 3007 de
2451 2955 2647 3009 nostris
2699 2956 2842 3011 hisce
2870 2958 3232 3028 martyribus,
3267 2970 3388 3029 post
3441 2970 3518 3015 tot
3563 2963 3631 3018 ab

2030 3056 2211 3096 carum
2241 3045 2490 3113 passione
2525 3048 2740 3113 saecula,
2770 3048 3063 3104 intulerunt
3102 3051 3430 3120 opinionem.
3477 3056 3632 3109 Anti-

2030 3150 2256 3204 quorum
2303 3138 2445 3192 enim
2472 3142 2933 3197 consentientibus
2976 3146 3295 3199 testimoniis
3326 3157 3380 3201 et
3432 3164 3630 3219 perpe-

320 3226 684 3300 quwstionibus
707 3229 800 3281 viri
840 3228 955 3281 boni
984 3243 1117 3297 saepe
1142 3228 1412 3297 falluntur.
1454 3226 1558 3281 Sed
1591 3227 1846 3297 numquid
1873 3236 1997 3310 etc
2034 3237 2135 3283 tuac
2186 3229 2253 3284 de
2300 3230 2509 3285 illarum
2574 3231 2889 3289 orthodoxia
2936 3246 2989 3291 et
3034 3238 3314 3292 sanctitate
3373 3238 3632 3294 Ecclesia:

323 3323 583 3379 Ecclesia:
612 3321 931 3377 universalis
965 3322 1293 3377 auctoritas?
1320 3320 1414 3375 Cui
1454 3330 1654 3375 tantum
1688 3320 1743 3374 in
1774 3320 1924 3375 hisce

324 3417 486 3471 etiam
542 3413 932 3485 quaestionibus
976 3409 1165 3467 detulit
1218 3412 1568 3481 Augustinus,
1620 3419 1679 3465 ut
1722 3410 1791 3465 de
1838 3410 1923 3465 his

326 3508 462 3563 nihil
493 3516 695 3563 temere
718 3506 965 3576 judicare
989 3504 1236 3570 voluerit,
1260 3519 1378 3574 quae
1406 3514 1645 3572 tempore
1676 3516 1927 3572 persecu-

326 3601 510 3667 tionis,
544 3611 603 3656 ut
647 3602 998 3656 insectatores
1045 3614 1157 3653 sua:
1196 3597 1465 3669 pudicitia:
1504 3596 1824 3662 devitareot,
1868 3597 1921 3652 in

324 3704 603 3762 rapturum
653 3703 813 3762 atque
857 3700 1169 3746 necaturum
1214 3704 1273 3745 se
1311 3688 1532 3744 ﬂuvium
1559 3689 1921 3760 projecerunt,

329 3798 506 3853 eoque
533 3782 694 3838 modo
730 3781 997 3837 defuncta:
1043 3789 1188 3847 sunt,
1236 3795 1529 3850 earumque
1571 3781 1826 3851 martyria
1869 3781 1922 3835 in

331 3873 599 3929 catholica
628 3874 879 3930 Ecclesia:
908 3872 1256 3928 veneratione
1283 3871 1628 3927 celeberrima
1670 3872 1923 3943 frequen-

334 3974 520 4021 tantur
553 3980 565 4017 :
599 3962 675 4020 De
712 3966 807 4032 his,
846 3964 1018 4035 inquit
1057 3963 1159 4037 (1),
1213 3963 1343 4017 nihil
1369 3972 1548 4017 temere
1586 3964 1750 4017 audeo
1782 3963 1924 4029 iudi-

328 4072 468 4112 care.
505 4054 687 4111 Utrum
714 4056 847 4111 enim
874 4054 1117 4109 Ecclesia:
1141 4054 1390 4123 aliquibus
1418 4054 1519 4122 ﬁde
1549 4054 1717 4123 dignis
1748 4054 1922 4121 testi/i-

327 4151 630 4217 cationibus,
662 4160 716 4204 ut
736 4166 911 4204 earum
942 4150 1234 4204 memoriam
1255 4150 1327 4202 sic
1355 4149 1585 4214 honoret,
1615 4146 1787 4200 divina
1815 4162 1928 4214 per-

328 4245 540 4300 suaserit
577 4245 879 4309 auctoritas,
928 4243 1094 4297 nescio
1119 4259 1137 4296 :
1164 4250 1207 4297 et
1238 4241 1350 4310 ﬁeri
1399 4249 1580 4310 potest,
1628 4247 1681 4291 ut
1725 4239 1797 4291 ita
1841 4239 1925 4291 sit.

330 4338 467 4404 Quid
495 4338 540 4393 si
569 4338 705 4392 enim
738 4337 832 4390 hoc
860 4335 1102 4405 fecerunt,
1145 4351 1246 4389 non
1272 4334 1565 4387 humanitus
1595 4332 1817 4401 decepta:
1841 4346 1929 4383 nec

328 4439 575 4494 errantes,
609 4428 698 4481 sed
723 4426 1049 4480 obedientes?
1073 4426 1201 4479 sicut
1236 4426 1298 4479 de
1339 4427 1586 4479 Santsone
1615 4422 1759 4476 aliud
1785 4420 1926 4475 nobis

330 4525 411 4591 fas
439 4537 541 4575 non
567 4529 642 4574 est
670 4518 892 4574 credere.
927 4519 995 4571 At
1019 4516 1255 4572 lneretici
1283 4525 1546 4587 martyres
1575 4514 1627 4568 in
1658 4521 1924 4583 marter-

328 4613 467 4685 logia
514 4613 869 4683 irrepserunt.
914 4608 1018 4665 Sed
1069 4608 1325 4679 numquid
1363 4609 1522 4663 etiam
1570 4607 1625 4661 in
1663 4604 1925 4675 antiquis-

332 4705 469 4759 sima
518 4699 867 4759 kalendaria?
916 4700 1172 4770 numquid
1212 4700 1372 4754 etiam
1417 4698 1481 4753 ad
1513 4712 1696 4753 eorum
1741 4710 1931 4751 monu-

336 4805 519 4851 menta
543 4794 839 4862 'sacriticia,
902 4802 956 4848 et
1001 4793 1392 4848 catholicorum
1443 4800 1737 4847 conventus
1790 4789 1924 4844 cele-

335 4886 480 4942 brati
502 4885 524 4939 ?
548 4885 801 4955 numquid
838 4886 890 4941 in
921 4898 1107 4941 eorum
1152 4883 1464 4939 memoriam
1496 4881 1685 4936 altaria
1717 4881 1846 4948 Deo,
1876 4889 1931 4936 et

335 4978 574 5037 basilica:
612 4980 974 5036 consecratis?
1000 4978 1255 5049 numquid
1284 4993 1470 5034 eorum
1507 4976 1695 5032 laudes
1722 4987 1931 5032 veteres

338 5074 531 5131 Patres
570 5075 893 5131 orationibus
945 5085 1001 5131 et
1053 5073 1279 5144 publicis
1347 5073 1658 5129 tractatibus
1704 5087 1930 5128 exorna-

338 5176 462 5221 runt
490 5166 513 5219 ?
540 5166 798 5237 numquid
840 5166 1074 5236 denique
1120 5166 1261 5221 inter
1298 5164 1618 5220 illustriores
1666 5172 1931 5232 martyres

337 5272 434 5328 per
461 5267 539 5313 tot
567 5274 739 5313 annos
768 5258 929 5315 etiam
977 5273 1119 5314 nunc
1158 5259 1210 5313 in
1257 5259 1436 5313 missae
1472 5273 1679 5312 canone
1724 5271 1931 5311 memo-

338 5353 556 5406 rantur?
592 5350 911 5419 Marculum,
941 5352 1468 5423 pseudo-martyrem
1517 5350 1930 5417 Donatistarum,

335 5444 561 5514 primus,
592 5443 793 5498 saeculo
820 5458 981 5509 nono,
1016 5442 1384 5513 imprudenter
1410 5442 1461 5497 in
1484 5457 1635 5497 suum
1668 5450 1935 5510 martyru-

336 5535 539 5605 Iogium
593 5534 849 5589 Rabanus
890 5535 1070 5591 retulit
1093 5536 1203 5607 (2);
1246 5534 1369 5589 inde
1414 5535 1467 5589 in
1508 5533 1731 5587 nothum
1778 5530 1936 5585 Beda:

342 5626 781 5695 martyr-elogium
811 5637 863 5682 et
908 5642 975 5682 ex
1013 5642 1078 5684 eo
1107 5628 1159 5682 in
1190 5628 1392 5698 aliquot
1421 5625 1705 5683 Usuardini
1734 5632 1937 5693 marty-

336 5800 351 5829 λ
421 5755 502 5901 (lg
534 5756 651 5811 Lib.
678 5772 694 5810 ι
717 5758 776 5811 de
799 5758 943 5813 Cicit.
976 5759 1092 5826 Dei,
1116 5773 1236 5830 cap.
1265 5759 1353 5815 26.

421 5830 479 5901 (2
530 5827 684 5899 Apud
715 5828 979 5895 Mabillon,
1009 5840 1137 5885 tom.
1168 5848 1216 5885 tv
1260 5832 1348 5887 l’et

421 5827 502 5904 t2)
530 5827 684 5899 Apud
715 5828 979 5895 Mabillon,
1009 5840 1137 5885 tom.
1168 5827 1216 5885 tv
1260 5832 1367 5887 γει.
1401 5832 1626 5886 Analect.

630 5926 905 5991 PATROL.
953 5926 1063 5990 III.

2034 3318 2301 3374 traditioni
2347 3320 2479 3377 ﬁdes
2509 3322 2559 3377 in
2592 3339 2651 3379 re
2682 3334 2787 3379 tam
2819 3328 2967 3396 gravi
2998 3327 3243 3397 abrogari
3281 3344 3387 3383 non
3420 3328 3627 3395 debuit,

2031 3413 2133 3467 nisi
2159 3414 2319 3469 aliam
2347 3416 2656 3485 opinionem
2683 3419 2875 3474 invicta
2903 3421 3291 3491 perspicuaque
3314 3433 3630 3493 argumenta

2032 3522 2166 3577 pene
2194 3510 2512 3580 repugnanti
2543 3511 2870 3568 indiderunt.
2908 3515 2988 3567 An
3032 3515 3294 3584 ejusmodi
3333 3516 3461 3582 sint,
3505 3532 3625 3586 qua:

2030 3600 2323 3672 Basnagius
2350 3603 2559 3670 attulit,
2590 3606 2950 3675 sequentibus
2980 3607 3241 3677 capitibus
3272 3606 3623 3664 disseremus.

2654 3737 2880 3797 CAPUT
2919 3739 2983 3795 ΙΙ.

2024 3883 2259 3927 ΒΔΞΝΛΕΙῙ
2290 3888 2550 3930 EXTERNIS
2579 3888 2851 3931 ADVERSUS
2890 3892 3116 3935 SANCTAS
3147 3888 3430 3939 MARTYRES
3458 3898 3627 3939 ARGU-

2537 3981 2730 4021 MENTIS
2751 3982 3110 4024 OCCURRITUR.

2105 4095 2143 4147 I.
2187 4096 2429 4150 Actorum
2480 4098 2755 4165 Perpetua:
2797 4112 2842 4154 et
2892 4101 3181 4159 Felicitatis
3244 4113 3627 4179 compilatorem

2032 4184 2188 4253 fuisse
2220 4185 2652 4242 Montanistarum
2678 4190 2860 4244 haeresi
2888 4192 3179 4262 infectuth

2106 4275 2168 4329 II.
2195 4277 2454 4331 Ruinartii
2482 4296 2574 4349 pro
2601 4280 2843 4334 Actorum
2871 4284 3204 4352 compilatore
3232 4290 3454 4345 rationes
3476 4293 3630 4363 refel-

2032 4366 2208 4422 luntur
2240 4368 2487 4439 variisque
2551 4374 2865 4443 argumentis
2912 4378 3021 4447 ejus
3069 4381 3438 4437 montanismus
3483 4401 3625 4440 asse-

2031 4460 2180 4514 ritur.

2104 4554 2189 4610 IlI.
2220 4554 2469 4612 Dodwelli
2509 4575 2601 4628 pro
2629 4560 2854 4631 ejusdem
2882 4563 3145 4634 scriptoris
3175 4568 3477 4623 orthodoxia
3516 4572 3627 4626 dis-

2033 4649 2249 4716 putatio.

2108 4741 2193 4795 IV.
2248 4740 2379 4810 Eius
2447 4744 2806 4813 disputationis
2864 4746 3086 4816 primum
3144 4750 3381 4819 dejicitur
3434 4756 3625 4825 funda-

2034 4842 2254 4887 mentum
2265 4872 2277 4887 .

2106 4925 2170 4981 V.
2200 4926 2428 4983 Alterum
2455 4928 2681 4997 ejusdem
2704 4929 3063 5001 disputationis
3084 4932 3471 5001 fundamentum
3490 4954 3625 4993 ever-

2034 5020 2176 5074 titur.

2108 5109 2195 5165 VI.
2224 5112 2269 5165 A
2298 5110 2621 5167 Montanistis
2642 5112 2930 5168 Catholicos
2952 5130 3052 5168 non
3077 5115 3235 5185 fuisse
3265 5134 3358 5186 pro
3375 5120 3627 5176 hwreticis

2035 5202 2363 5259 existimatos.

2108 5291 2217 5349 VII.
2270 5295 2345 5348 Ab
2411 5292 2760 5348 Ecclesiarunt
2827 5292 3208 5351 Catholicarum
3275 5304 3625 5359 communione

2039 5386 2379 5441 Montanistas
2403 5404 2506 5441 non
2531 5401 2584 5440 se
2614 5387 2817 5440 omnino
2843 5385 3035 5442 alienos
3062 5390 3396 5447 existimasse.

2110 5478 2243 5533 VIII.
2271 5479 2351 5531 Ad
2375 5478 2747 5533 catholicorum
2767 5494 2965 5548 quoque
2995 5492 3276 5552 martyrum
3306 5491 3624 5545 communio-

2039 5584 2154 5622 nem
2178 5567 2491 5638 adspirasse.

2112 5659 2202 5740 IX.
2234 5658 2356 5716 Non
2374 5659 2646 5731 Perpetua:
2671 5670 2888 5730 tantum,
2919 5666 3007 5718 sed
3042 5666 3261 5722 aliorum
3291 5685 3485 5740 quoque
3540 5688 3633 5727 ca-

2123 5827 2204 5899 (I)
2230 5824 2381 5897 Apud
2410 5824 2647 5882 Bollandi
2680 5827 2877 5891 socios,
2904 5834 3033 5880 tom.
3053 5841 3144 5892 vn,
3170 5828 3367 5885 mensis
3391 5828 3553 5887 Junii.

2895 5919 2954 5981 3.
