4190 6246
670 270 737 324 75

1752 277 2204 348 DISSERTATIO
2243 284 2721 349 APOLOGETICA

3893 301 3951 367 76

673 387 977 443 ilio/iceram
1001 393 1306 468 martyrum,
1337 389 1713 449 Tertullianum
1740 413 1852 452 cum
1884 400 2032 454 laude
2087 407 2260 456 memi-
2290 407 2337 465 Α
2367 408 2644 461 secundum
2673 409 3082 466 exuberationem
3111 411 3290 483 gratia:
3317 414 3370 470 in
3392 416 3572 472 ultima
3599 420 3771 474 steculi
3799 424 3950 492 spatia

664 481 817 536 uisse.

742 573 810 627 Χ.
847 573 968 640 Alii,
1001 583 1181 652 printer
1212 574 1579 647 Montanistas,
1623 581 1847 638 Itwt'etici
1893 587 2260 642 catholicorum

668 665 794 718 Acta
832 675 1114 736 martyrum
1139 667 1242 720 luci
1270 669 1534 724 dederunt.

728 753 823 809 XI.
858 755 940 811 Ex
968 759 1177 828 ipsemet
1198 760 1439 815 Actorum
1463 772 1668 818 auctore
1702 765 2039 835 Montanista,
2067 781 2259 841 marty-

654 866 733 905 res
763 859 960 906 nostros
988 852 1048 904 ab
1081 853 1175 907 Itac
1205 865 1340 909 secta
1367 857 1525 926 fuisse
1547 859 1741 914 alienos
1773 863 2080 917 ostenditur.

730 1075 771 1131 Ι.
810 1076 886 1132 De
912 1085 1152 1144 auctore,
1183 1094 1276 1136 seu
1309 1081 1504 1149 potius,
1537 1091 1594 1136 ut
1618 1082 1785 1138 videri
1809 1085 1958 1151 vult,
1998 1087 2252 1140 Actorum

654 1171 934 1240 Perpettue
966 1181 1018 1228 et
1048 1171 1338 1230 Felicitatis
1373 1176 1739 1245 compilatore,
1771 1193 1877 1231 non
1910 1193 2009 1232 una
2042 1179 2253 1234 eadem-

655 1277 760 1333 que
785 1262 1117 1317 eruditorum
1157 1267 1418 1319 sententia
1447 1276 1552 1319 est.
1585 1267 1658 1320 De
1702 1267 2137 1322 ltlontanistarum
2171 1271 2247 1322 fa-

648 1355 791 1408 milia
826 1369 988 1408 uuum
1013 1354 1194 1422 fuisse,
1219 1357 1299 1410 vir
1317 1356 1764 1426 candidusjuxta,
1799 1370 1957 1428 atque
1984 1359 2244 1424 eruditus,

648 1456 706 1500 ut
734 1444 975 1514 Basnagii
1007 1447 1182 1500 verbis
1212 1456 1348 1514 utar,
1381 1448 1507 1501 olim
1536 1449 1704 1503 sensit
1723 1449 1962 1512 Valesius
1989 1450 2089 1519 (l).
2110 1451 2248 1505 Con-

647 1547 726 1591 tra
752 1536 1055 1593 Dodwellus
1083 1554 1187 1592 non
1218 1555 1430 1594 omnem
1462 1542 1623 1595 modo
1649 1541 1716 1595 ab
1745 1542 1860 1611 ipso
1902 1543 2244 1598 montanismi

645 1627 1007 1696 suspicionem
1036 1629 1324 1695 :tmolitur;
1376 1631 1467 1685 sed
1503 1631 1775 1688 hominem
1833 1650 2042 1704 quoque
2081 1634 2244 1692 fuisse

642 1719 915 1774 contendit
953 1723 1210 1777 adversus
1239 1722 1584 1779 Montanistas
1622 1725 1896 1782 catholica:
1951 1727 2072 1780 11ιίιεί
2127 1728 2242 1784 zelo

2369 500 2586 554 decreta.
2639 501 2996 571 Abruptiusne
3045 514 3130 559 aut
3185 505 3545 576 impudentius
3602 511 3812 568 locutus
3869 532 3950 571 un-

2365 605 2523 660 quam
2553 593 2823 660 professus
2853 596 3168 652 montaaita
3210 595 3429 655 fuisset?
3470 601 3633 657 Estne
3674 619 3856 670 ovum,
3901 616 3949 662 ut

2365 683 2529 749 aiunt,
2558 699 2661 738 ovo
2691 685 2934 750 similius,
2960 705 3120 758 quam
3155 690 3269 747 hcce
3299 695 3532 748 auctoris
3555 698 3716 750 verba
3740 713 3857 751 cum
3876 698 3946 754 his

2364 773 2676 829 Tertulliani
2726 779 2825 832 sub
2856 778 3014 833 ﬁnem
3050 782 3168 836 libri
3202 783 3267 838 de
3299 785 3718 844 llesnrrcctione
3739 792 3947 846 carnis?

2362 868 2426 918 At
2454 867 2586 919 enim
2608 866 2744 922 Deus
2773 871 3085 939 omnipotens
3115 875 3352 930 adversus
3387 877 3494 931 lucc
3520 880 3883 936 incredulitatis
3907 894 3945 938 et

2360 962 2696 1028 perversitatis
2737 964 2958 1034 ingenia,
2985 967 3424 1034 providentissime
3459 973 3624 1039 gratia
3662 991 3754 1027 sua
3788 974 3943 1031 ellua-

2359 1052 2491 1108 deus
2523 1054 2571 1108 in
2628 1057 2933 1111 novissimis
2973 1056 3162 1113 diebus
3195 1061 3265 1115 de
3293 1077 3389 1116 suo
3431 1062 3628 1133 Spiritu
3659 1066 3709 1120 in
3742 1083 3941 1123 onmem

2357 1162 2594 1216 carnem,
2630 1149 2682 1202 in
2716 1165 2899 1205 servos
2930 1167 3055 1207 suos
3078 1163 3131 1207 et
3160 1154 3403 1220 ancillas,
3435 1167 3480 1210 et
3519 1157 3672 1224 ﬁdem
3718 1160 3942 1216 laboran-

2358 1254 2454 1297 tem
2481 1246 2859 1298 resurrectionis
2881 1247 3102 1300 carnalis
3142 1248 3416 1316 animavit,
3445 1260 3494 1316 et
3524 1252 3736 1321 pristina
3765 1257 3941 1309 instru-

2355 1345 2520 1388 menta
2552 1337 2834 1405 manifestis
2874 1339 3134 1392 verborum
3197 1351 3240 1393 et
3303 1357 3538 1396 sensuum
3583 1345 3851 1401 luminibus
3885 1350 3939 1402 ab

2353 1434 2491 1487 onmi
2506 1435 2846 1506 ambiguitatis
2871 1437 3173 1491 obscuritate
3198 1441 3448 1512 purgavit.
3477 1440 3617 1494 Nam
3643 1444 3761 1512 quia
3790 1446 3938 1500 hatre-

2350 1540 2426 1576 ses
2447 1541 2549 1578 esse
2567 1538 2878 1595 oportuerat,
2895 1537 2947 1579 ut
2965 1529 3247 1597 probabiles
3267 1532 3449 1600 quique
3470 1534 3936 1601 manifestarentur:

2350 1618 2429 1668 lia:
2459 1629 2625 1671 autem
2651 1621 2757 1671 sine
2787 1619 3037 1688 aliquibus
3067 1622 3410 1683 occasionibus
3440 1624 3820 1694 Scripturartun
3850 1644 3934 1680 au-

2350 1709 2468 1762 dere
2497 1726 2595 1763 non
2621 1722 2871 1778 poterant,
2897 1713 3083 1766 idcirco
3113 1713 3324 1782 pristina
3349 1716 3681 1770 instrumenta
3699 1719 3934 1788 quasdam

643 1820 699 1868 ει
733 1813 926 1867 πάθη
951 1813 1265 1883 ﬂagrantem
1302 1814 1406 1886 (2).
1430 1817 1643 1871 valesio
1667 1819 1813 1874 ηυηο
1863 1819 2020 1875 modo
2048 1834 2236 1875 assem
2272 1801 2317 1860 Β
2348 1803 2582 1854 nuiterias
2611 1804 2711 1855 illis
2743 1804 2976 1856 videntur
3016 1805 3450 1880 subntinistrasse,
3502 1818 3546 1861 ct
3577 1809 3692 1862 illas
3741 1811 3933 1879 quidem

639 1905 729 1959 tiri
759 1913 938 1973 potest
961 1904 1042 1959 Ct.
1068 1906 1379 1962 Ruinartius
1406 1907 1508 1980 (5).
1528 1909 1741 1977 Contra,
1771 1911 2062 1984 Basnagius
2091 1915 2237 1970 Vale-

635 1995 698 2050 sii
730 1995 966 2064 opinioni
994 2011 1051 2052 se
1093 1997 1370 2054 adhaerere
1398 1999 1626 2055 libenter
1659 2004 1959 2069 proﬁtetur,
2007 2004 2236 2074 indeque

639 2087 891 2156 primum,
927 2097 984 2142 ut
1003 2099 1187 2159 postea
1210 2089 1538 2157 videbimus,
1563 2092 1818 2149 adversus
1835 2105 2230 2165 inartyresnos-

636 2187 748 2233 tros
770 2181 985 2235 coniicit
1013 2191 1406 2250 argumentunL
1441 2184 1516 2237 Ea
1543 2199 1629 2240 res
1653 2187 1877 2240 omnino
1904 2189 2154 2256 postulat,
2176 2199 2234 2244 ut

635 2270 702 2327 de
734 2283 840 2329 tota
879 2273 980 2328 hac
1006 2279 1373 2331 controversia
1396 2291 1656 2346 perquam
1681 2281 2084 2336 accuratissime
2118 2281 2229 2336 dis-

631 2380 894 2433 seramus,
917 2383 983 2422 ne
998 2368 1041 2422 si
1066 2367 1259 2426 Valesii
1278 2369 1582 2438 opinionem
1610 2371 2012 2441 amplectamur,
2030 2365 2230 2432 temere

632 2455 685 2509 id
736 2457 927 2513 fecisse
953 2459 1342 2526 existimemur;
1395 2461 1475 2514 sin
1529 2470 1729 2528 autem,
1783 2479 1850 2519 ne
1888 2480 1954 2520 ex
1998 2468 2225 2534 quodam

639 2559 1026 2622 prmconcepta‘e
1047 2551 1312 2619 opinionis
1336 2551 1645 2621 prmjudicio
1673 2553 1867 2614 factum
1906 2555 1957 2611 id
1981 2573 2101 2614 esse
2141 2560 2222 2612 vi-

630 2640 840 2696 deatur.
866 2641 936 2697 Ut
967 2642 1124 2711 igitur
1151 2654 1406 2712 agnoscat
1437 2645 1603 2700 lector
1647 2663 1731 2702 me
1771 2663 1952 2703 secum
1999 2651 2224 2707 candide

632 2747 812 2802 agere,
843 2743 898 2788 et
928 2733 1062 2787 nihil
1095 2733 1198 2788 huc
1228 2734 1628 2804 precjudiCaLum
1657 2738 1848 2794 allcrre
1877 2781 1890 2804 ,
1923 2743 1980 2800 in
2025 2741 2222 2798 Valcsii

629 2825 960 2896 Opinionem,
1004 2827 1137 2881 meis
1162 2828 1285 2882 licet
1316 2828 1609 2892 rationibus
1641 2830 1812 2898 primo
1834 2841 2053 2900 aspectu
2083 2834 2213 2888 satis

629 2919 1049 2988 incommodam,
1080 2919 1235 2976 valde
1264 2920 1500 2974 animum
1523 2921 1779 2976 inclinare
1807 2922 2080 2992 profiteor.
2111 2926 2217 2979 Ar-

621 3021 876 3083 gmnento
902 3012 1032 3066 mihi
1056 3021 1141 3068 est
1162 3013 1396 3067 auctoris
1415 3011 1678 3081 praefatio,
1711 3018 1798 3082 qui
1817 3028 1945 3070 sane
1976 3013 2058 3070 his
2105 3015 2214 3070 uti-

621 3114 706 3160 tur
736 3105 931 3172 verbis,
956 3120 1073 3174 qua:
1100 3105 1340 3174 quamvis
1364 3147 1378 3171 ,
1410 3105 1454 3159 si
1481 3105 1583 3158 alio
1613 3115 1852 3175 tempore
1895 3108 2088 3177 scripta
2134 3106 2214 3162 fo-

2342 1893 2522 1946 iisdem
2553 1895 2732 1948 litteris
2762 1897 3092 1952 revincibiles.
3127 1898 3233 1952 Sed
3281 1896 3518 1968 quoniam
3545 1902 3756 1955 necdum
3786 1904 3933 1958 dissi-

2342 1986 2539 2038 mulare
2565 1987 2819 2053 Spiritum
2851 1988 3096 2042 Sanctum
3125 1990 3406 2058 oportebat,
3439 1994 3706 2062 quominus
3735 2004 3777 2048 et
3806 1997 3934 2064 ejus-

2339 2079 2475 2131 modi
2506 2079 2712 2148 eloquiis
2747 2081 3206 2150 superiuundaret,
3252 2099 3366 2151 quia
3404 2084 3558 2137 trullis
3589 2085 3932 2142 luereticorum

2337 2175 2562 2227 versutiis
2590 2175 2781 2228 semina
2803 2177 3209 2249 subspargerent,
3234 2179 3333 2233 imo
3354 2189 3398 2232 et
3430 2191 3616 2235 veteres
3645 2199 3817 2239 eorum
3834 2201 3930 2239 ces-

2336 2266 2460 2332 pitcs
2510 2267 2776 2330 vellerent;
2805 2268 2994 2322 idcirco
3021 2270 3134 2339 jam
3171 2288 3337 2324 onmes
3375 2283 3507 2326 retro
3543 2271 3923 2344 ambiguitates,

2333 2370 2378 2413 et
2410 2376 2532 2427 quas
2562 2361 2731 2413 volunt
2755 2362 3044 2430 parabolas,
3074 2374 3253 2434 aperta
3303 2375 3450 2436 atque
3481 2367 3746 2436 perspicua
3772 2369 3926 2425 totius

2332 2449 2654 2504 Sacramenti
2684 2454 3043 2521 pra’dicatione
3068 2455 3323 2523 discussit,
3378 2474 3466 2526 per
3495 2475 3674 2512 novam
3712 2461 3928 2531 praplic-

2332 2549 2450 2612 tiam
2467 2545 2530 2598 de
2553 2544 2825 2600 Paracleto
2853 2547 3206 2616 inundantem,
3235 2550 3381 2619 cujus
3405 2551 3447 2603 si
3475 2550 3703 2622 hauseris
3743 2556 3924 2626 fontes,

2329 2637 2524 2690 nullam
2553 2640 2739 2706 poteris
2765 2641 2904 2692 sitire
2929 2640 3251 2708 doctrinam,
3283 2642 3455 2696 nullus
3485 2654 3530 2695 te
3574 2644 3727 2717 ardor
3753 2655 3923 2699 exuret

2325 2731 2676 2796 qtttvstionum,
2706 2733 3113 2785 resurrectionem
3136 2750 3331 2801 quoque
3357 2739 3546 2802 carnis,
3573 2753 3920 2810 usquequaque

2325 2824 2574 2891 potando,
2619 2824 2960 2894 refrigerabis.
2995 2824 3290 2880 Novissima
3323 2828 3598 2894 veteribus,
3622 2832 3919 2910 anteponit,

2325 2913 2426 2978 hoc
2456 2923 2555 2978 est,
2583 2928 2746 2968 novas
2775 2913 3011 2988 Montani
3061 2915 3412 2973 rcVelationes
3448 2919 3685 2990 pristinis
3716 2921 3912 2982 instru:

2323 3004 2534 3077 mentis,
2565 3006 2840 3074 utriusque
2865 3005 3068 3060 scilicet
3093 3006 3418 3062 Tcstamcnti
3463 3008 3642 3082 libris,
3679 3027 3815 3082 non,
3856 3022 3917 3088 ut

2320 3095 2610 3170 Rhenanus
2637 3098 2977 3154 etPan‘telius
3031 3102 3466 3170 interpretantur,
3500 3103 3628 3160 Novi
3672 3103 3912 3178 Ftederis

620 3209 764 3265 rent,
793 3199 847 3252 in
874 3198 1194 3254 catholicam
1217 3198 1535 3254 sententiain
1560 3208 1846 3268 utcumque
1873 3200 2210 3270 interpretari

2324 3189 2481 3245 libros
2512 3193 2760 3248 mosaicis
2790 3200 2842 3247 et
2874 3193 3213 3272 propheticis.
3249 3195 3362 3258 Non
3390 3197 3531 3250 enim
3564 3212 3628 3252 ex
3656 3198 3769 3270 lege
3802 3209 3918 3272 tan;

621 3307 926 3364 possemus,
955 3299 1014 3345 at
1043 3291 1220 3344 habita
1270 3290 1478 3346 ratione
1526 3291 1806 3359 temporis,
1857 3306 1973 3360 quo,
2010 3293 2209 3360 scripta

623 3391 780 3447 sunt,
841 3382 1213 3457 vehementem
1262 3381 1414 3436 nobis
1455 3381 1798 3436 n‘ionlai‘iismi
1850 3383 2210 3453 suspicionem

619 3474 864 3530 alierum.
891 3474 980 3528 Sic
1008 3474 1149 3529 enim
1182 3473 1339 3528 habet
1365 3488 1378 3524 :
1411 3472 1516 3527 Sed
1547 3474 1778 3539 viderint,
1809 3476 1891 3541 qui
1923 3492 2076 3529 unam
2104 3477 2208 3530 vir-

615 3578 764 3623 tutem
793 3567 1016 3638 Spiritus
1047 3567 1196 3620 unius
1245 3567 1407 3620 sancti
1441 3583 1533 3636 pro
1555 3567 1786 3622 a’tatibus
1819 3568 2049 3636 judicent
2083 3578 2207 3635 lem-

616 3675 830 3729 porum:
862 3675 976 3711 cum
1001 3659 1200 3724 majora
1225 3657 1509 3726 reputanda
1529 3658 1629 3711 sint
1658 3659 1903 3711 novitiora
1928 3675 2137 3728 quicque
2155 3669 2207 3711 ut

613 3750 981 3812 uovrssimiora,
1023 3748 1296 3802 secundum
1311 3749 1715 3803 exuberationem
1740 3752 1918 3820 gratia:
1946 3753 1996 3803 in
2027 3753 2207 3804 ultima

612 3843 785 3898 saeculi
812 3843 978 3912 spatia
1002 3843 1203 3898 decreta
1229 3839 1310 3912 (-l)
1341 3858 1358 3894 :
1386 3842 1443 3903 In
1475 3843 1779 3898 novissimis
1802 3846 1943 3906 enim
1993 3845 2202 3912 diebus,

606 3935 739 3990 dicit
759 3936 1033 4001 Dominus,
1062 3933 1330 3990 elfundam
1348 3934 1414 3992 dc
1434 3935 1632 4003 Spiritu
1660 3950 1781 3990 meo
1807 3951 1970 4005 super
1990 3952 2202 3991 onmem

610 4042 846 4091 carnem,
889 4034 942 4079 et
968 4025 1365 4095 prophetabunt
1398 4026 1488 4078 lilii
1521 4025 1756 4096 (ilicoque
1785 4043 1992 4092 eorum,
2017 4039 2072 4084 et
2115 4045 2205 4084 su—

609 4137 704 4190 per
741 4134 924 4174 servos
953 4129 1007 4173 et
1029 4117 1248 4172 ancillas
1270 4133 1416 4172 meas
1443 4117 1510 4194 de
1540 4133 1658 4173 meo
1688 4118 1886 4189 Spiritu
1910 4120 2199 4188 eﬂ‘undain,

607 4218 661 4270 el
685 4215 905 4285 juvenes
931 4213 1166 4268 visiones
1197 4212 1466 4280 videbunt,
1499 4222 1553 4267 et
1593 4229 1748 4268 senes
1795 4219 1998 4270 somnia
2055 4233 2199 4271 som-

611 4309 854 4362 niabunt.
887 4306 1067 4374 Itaque
1111 4315 1157 4356 et
1186 4321 1296 4370 nos,
1327 4306 1412 4371 qui
1456 4305 1583 4356 sicut
1605 4308 1919 4375 prop/ietias,
1955 4310 2026 4360 ita
2055 4319 2099 4361 et
2131 4309 2202 4362 vi-

607 4403 775 4454 siones
796 4414 948 4452 novas
980 4397 1170 4464 pariter
1200 4396 1551 4464 repromissas,
1593 4406 1637 4446 et
1687 4400 2004 4465 agnoscimus
2036 4409 2080 4451 et
2112 4401 2202 4454 lto-

611 4508 871 4555 noramus,
913 4498 1016 4542 etc.
1067 4487 1197 4554 Quis
1235 4486 1452 4551 credat,
1498 4489 1610 4541 haec
1651 4490 1895 4558 scriptori
1940 4490 2199 4546 catholico

2319 3294 2428 3358 tum
2460 3297 2512 3340 et
2538 3285 2840 3356 Prophetis,
2867 3271 3060 3352 sedvel
3093 3288 3324 3358 maxime
3349 3305 3410 3342 ex
3437 3288 3568 3344 Novi
3599 3271 3916 3362 Testamen-

2317 3377 2350 3428 ti
2380 3376 2620 3438 obscuris
2647 3376 2963 3452 quibusdam
2991 3378 3138 3444 locis,
3177 3377 3623 3458 ambiguitatibus
3656 3392 3708 3446 et
3757 3397 3915 3454 para-

2313 3466 2451 3540 bolis
2480 3483 2700 3524 suorum
2731 3469 3038 3539 dogmatum
3063 3471 3338 3548 materiam
3387 3470 3622 3544 lueretiiji
3651 3473 3912 3548 decerpe-

2312 3560 2458 3616 bant.
2493 3562 2586 3616 Cui
2631 3564 2706 3617 rei
2759 3564 3218 3640 providentissima
3248 3566 3416 3633 gratia
3447 3580 3538 3619 sua
3586 3567 3912 3640 Deumpro:

2313 3655 2552 3726 spexisse
2583 3654 2739 3709 docet
2773 3655 2822 3710 in
2854 3656 3158 3732 novissimis
3181 3656 3376 3722 diebus,
3392 3658 3454 3712 de
3477 3658 3672 3728 Spiritu
3704 3676 3801 3712 suo
3828 3662 3911 3716 cf-

2314 3746 2581 3800 i'undendo
2613 3747 2662 3799 in
2694 3761 2916 3826 omnem,
2939 3762 3191 3818 carnem,
3235 3749 3324 3817 qui
3375 3749 3644 3828 ejttsmodi
3676 3750 3909 3820 eloquiis

2310 3839 2796 3912 superimnidaret,
2839 3856 2959 3916 qua;
3007 3842 3167 3920 nullis
3226 3843 3606 3920 ha'reticorum,
3655 3846 3906 3901 versutiis

2311 3933 2588 4000 materiam
2611 3943 2663 3986 et
2687 3933 2888 4000 semina
2937 3934 3429 4014 subministrarem,
3462 3942 3524 4015 et,
3545 3945 3901 4014 omnesretro

2309 4025 2680 4096 ambiguitates
2737 4036 2789 4080 et
2830 4026 3126 4096 parabolas,
3181 4038 3363 4104 aperta
3412 4039 3578 4099 atque
3623 4030 3900 4106 perspicua

2310 4117 2470 4171 totius
2498 4116 2839 4190 Sacrameuti
2861 4117 3235 4186 praedicatione
3260 4118 3552 4191 discuteret
3582 4136 3594 4173 :
3623 4119 3761 4196 quod
3791 4117 3902 4195 face

2310 4217 2418 4270 tum
2442 4223 2560 4276 esse
2582 4208 2871 4280 subjungit,
2893 4226 2982 4278 per.
3008 4225 3185 4262 novam
3217 4211 3534 4279 prap/ietiam
3556 4211 3619 4287 de
3633 4209 3902 4289 l’aracleto

2306 4300 2659 4354 inundantem.
2691 4301 2943 4378 Adeoque
2968 4287 3238 4378 quantum
3257 4302 3390 4357 Novi
3420 4302 3745 4370 Tcstan‘tcnti
3775 4305 3900 4380 lier

2308 4395 2476 4463 magis
2495 4405 2676 4464 aperta
2704 4396 3090 4463 perspicuaque
3131 4381 3307 4449 rerum
3361 4398 3658 4467 cwlestium
3691 4398 3902 4470 revela-

2308 4487 2469 4550 tione,
2500 4502 2602 4554 (pta
2651 4495 2856 4540 veteres
2890 4488 3071 4556 ligurie
3100 4488 3354 4557 exposita:
3380 4498 3522 4556 sunt,
3551 4489 3805 4562 legalibus
3841 4501 3897 4562 et

606 4583 855 4636 excidere
877 4580 1132 4649 potuisse,
1163 4594 1267 4646 quo
1301 4588 1540 4662 tempore
1574 4583 1942 4636 montanistiea
1975 4587 2196 4642 hatrcsis
2225 4580 2276 4638 1)
2306 4579 2628 4647 propheticis
2658 4589 2930 4648 pl‘tUSltllll;
2957 4590 3157 4636 tantum
3187 4581 3416 4636 Montani
3440 4580 3900 4658 prophetigc,qua;

602 4676 656 4729 in
685 4672 919 4728 Ecclesia
972 4670 1437 4724 vehementissime
1476 4674 1863 4740 grassabatur;
1916 4692 2036 4730 cum
2096 4695 2191 4733 no-

603 4765 944 4819 vissimorum
991 4771 1285 4830 temporum
1337 4763 1728 4830 conditionem,
1782 4768 1850 4820 ob
1895 4768 2190 4825 charisma-

604 4856 943 4924 !uchpiam
987 4863 1041 4908 et
1081 4852 1298 4927 spiritus
1342 4853 1742 4910 exuberantiam
1773 4858 2053 4934 Paracleto
2093 4878 2190 4917 suo

598 4957 942 5009 reservatam,
967 4955 1241 5014 tantopere
1268 4944 1544 5014 jactabant
1568 4959 1620 5002 et
1641 4951 1967 5006 extollebant
2011 4955 2185 5011 ἥλω-ο-

595 5040 683 5094 tici
711 5057 724 5105 ;
754 5053 872 5093 cmn
905 5052 1068 5091 novas
1097 5037 1348 5102 visiones,
1398 5048 1451 5090 et
1479 5039 1783 5107 prophetias
1809 5046 2090 5112 repudiare
2129 5064 2188 5105 se

596 5132 941 5200 proﬁteretur
989 5128 1246 5188 Ecclesia;
1277 5137 1461 5182 contra
1484 5131 1570 5197 qui
1604 5131 1721 5184 illas
1738 5147 2105 5213 agnoscerent,
2136 5149 2190 5193 ct

600 5225 946 5286 bonorarent,
984 5235 1077 5289 pro
1099 5219 1362 5280 harreticis
1395 5220 1736 5292 haberentur.
1769 5223 1895 5282 Cum
1940 5231 2136 5298 majora
2166 5273 2180 5298 ,

594 5295 1088 5384 inquit,reputamlu
1115 5314 1210 5363 sint
1236 5311 1483 5364 novitiota
1507 5328 1734 5382 quceque,
1756 5327 1806 5368 ut.
1835 5319 2183 5376 novissimiora

655 5492 734 5560 (l)
767 5491 977 5560 Pricfat.
1007 5489 1074 5542 ad
1106 5488 1278 5542 Paris.
1310 5491 1547 5543 Actorum
1571 5483 1780 5549 edition.

654 5563 731 5629 ('2;
758 5560 1325 5643 Dissert.bligprianica
1341 5563 1400 5638 de
1416 5563 1704 5630 visionibus,
1722 5580 1825 5621 etc.
1837 5611 1849 5634 ,
1869 5567 1893 5637 §
1907 5568 1938 5622 3
1952 5579 2002 5624 et
2021 5586 2171 5643 seqq.

584 5635 704 5689 νηί.
735 5635 797 5686 ad
831 5632 1034 5684 calcem
1071 5631 1225 5695 hujus
1271 5631 1419 5682 torni.

647 5705 723 5770 (5)
761 5704 814 5755 In
850 5699 1106 5770 admouit.
1139 5701 1280 5770 Actis
1312 5701 1602 5768 prieutis‘sa,
1634 5709 1852 5764 num.6.

630 5767 709 5842 (Ii)
730 5767 894 5830 Jo/rcl
920 5784 974 5838 tt,
1017 5767 1110 5837 28,
1136 5777 1186 5822 et
1217 5769 1389 5825 Actor.
1435 5786 1489 5842 tt,
1527 5767 1612 5831 17.

2303 4672 2382 4725 vel
2407 4671 2549 4738 ipsas
2584 4671 2855 4740 Evangelii
2884 4672 3277 4742 ambiguitates,
3312 4683 3366 4726 et
3398 4673 3678 4746 parabolas
3700 4682 3892 4752 aperui

2302 4764 2459 4817 totius
2524 4761 2854 4817 Saet'utttcnti
2897 4765 3274 4833 pt‘tlzdtCtttiultc
3317 4764 3703 4840 discusserunt,
3759 4766 3895 4846 ipsis

2298 4872 2509 4926 quoque
2562 4857 2694 4912 Novi
2764 4856 3001 4911 Ft'ederis
3050 4857 3197 4912 libris
3254 4868 3405 4934 erant
3470 4857 3892 4939 anteponenda),

2296 4950 2462 5016 Quam
2489 4951 2725 5018 profiteto
2755 4950 3352 5026 sententiainActorum
3383 4951 3638 5016 ceillector
3669 4952 3895 5030 [lgﬂC-jp;

2277 5043 2443 5095 ribus
2473 5042 2706 5111 quidem,
2740 5041 2832 5104 sed
2865 5056 2968 5097 non
3003 5043 3179 5116 minus
3228 5044 3497 5112 expressis
3528 5031 3890 5122 verbis,_insi\-

2297 5137 2497 5204 nuavit,
2519 5152 2640 5190 cum
2667 5137 2740 5190 ait
2766 5137 2963 5205 majora
2991 5137 3272 5208 reputando
3303 5153 3407 5210 esse
3461 5137 3706 5190 novitiora
3735 5153 3888 5206 qua:-

2290 5244 2404 5296 que,
2437 5237 2487 5279 ut
2527 5228 2894 5290 novissimiora,
2930 5228 3205 5280 secundum
3237 5228 3644 5296 c.rubcrationent
3679 5231 3885 5299 gratiat,

2289 5331 2419 5386 etc.,
2457 5321 2504 5372 id
2545 5332 2645 5385 est,
2679 5331 2730 5371 ut
2775 5321 3005 5389 loquitur
3036 5317 3394 5376 Tertullianus
3419 5363 3433 5388 ,
3464 5321 3756 5387 secundum
3785 5338 3890 5390 no__-

2290 5429 2402 5466 vam
2436 5412 2750 5480 pr0plietiam
2779 5411 2839 5463 de
2875 5410 3142 5466 I’urucleto
3167 5412 3516 5474 inundantem.

2354 5505 2412 5559 ll.
2443 5505 2746 5574 Respondet
2776 5505 3260 5576 ltuinartius,quod
3299 5507 3540 5576 quamvis
3572 5505 3687 5562 bree
3716 5507 3890 5566 verba

2282 5606 2452 5671 primo
2479 5613 2695 5680 aspectu
2733 5603 2966 5659 Montani
2996 5620 3212 5662 errores
3241 5621 3428 5675 sapere
3456 5606 3780 5682 videantur;
3829 5607 3888 5666 si

2281 5704 2457 5748 tamen
2483 5677 2650 5762 paulo
2696 5696 2999 5750 accuratius
3035 5695 3426 5762 discutiantur,
3460 5696 3591 5750 nihil
3642 5698 3694 5750 in
3745 5697 3888 5766 ipsis

2277 5785 2562 5856 contineri,
2606 5788 2707 5844 nisi
2736 5789 3093 5846 orthodoxum
3135 5802 3188 5846 et.
3215 5789 3336 5846 lidci
3387 5789 3667 5848 catholicae
3715 5790 3892 5864 plane
