4242 6270
307 308 378 362 τι
1179 300 1313 360 rao
1350 299 1447 360 ss.
1491 298 1894 369 PERPETUA,
1937 293 2352 361 rauenna
2392 272 2494 358 E‘r'
2521 296 2753 359 socus.
3551 303 3622 363 78

306 439 629 484 consonum.
665 424 789 480 Non
816 423 972 487 enim,
1006 422 1196 493 inquit,
1227 422 1319 476 iste
1350 430 1525 476 auctor
1552 421 1765 475 visiones
1815 434 1910 473 no-
1936 417 1992 479 Α
2016 416 2309 472 visionibus
2334 426 2389 472 ct
2418 416 2838 473 revelationibus
2864 416 3292 485 venerationem,
3316 419 3610 475 auctorita-
3651 452 3657 457 ~

308 522 546 576 vissimas
569 534 682 573 cum
714 516 1001 587 Scripturis
1031 514 1311 577 canonicis,
1345 524 1401 568 ut
1431 515 1625 585 putavit
1661 513 1909 580 Valesius,

306 615 403 670 sed
428 612 746 668 solummodo
786 627 902 666 cum
933 618 1155 664 veterum
1191 620 1472 681 martyrum
1520 608 1813 675 visionibus,
1865 615 1913 661 et

306 704 695 762 reveiationibus
714 710 998 773 comparat,
1032 702 1307 772 asseritque
1345 717 1446 755 non
1481 700 1669 753 minori
1716 714 1915 752 venera-

305 802 437 855 tioni
458 797 714 853 habendas
742 813 867 861 esse,
905 811 1021 865 qua:
1046 811 1136 849 suo
1160 804 1402 865 tempore,
1443 809 1597 864 quam
1646 807 1757 860 qua:
1784 791 1912 859 pris-

303 895 377 947 cis
421 890 752 961 temporibus,
788 890 843 943 id
874 899 966 953 est,
1000 888 1162 957 primo
1191 896 1278 940 aut
1303 885 1521 940 secundo
1552 883 1792 938 Ecclesicc
1817 899 1912 937 sa:-

303 987 443 1051 culo,
476 984 837 1052 contigerantf
851 980 966 1034 Ima
998 988 1041 1033 ct
1068 979 1385 1049 aliquatenus
1414 978 1504 1030 has
1544 992 1697 1029 novas
1724 974 1911 1027 revela-

306 1078 465 1131 tiones
480 1075 671 1147 majori
695 1062 874 1129 studio.
887 1071 1237 1137 suscipiendas
1251 1086 1357 1124 esse
1377 1070 1518 1135 dicit,
1538 1072 1658 1121 cum
1681 1067 1910 1135 exempla

306 1187 363 1226 eo
389 1169 667 1239 elﬁcaciora
698 1168 819 1228 sint,
868 1181 966 1235 quo
1007 1163 1168 1234 magis
1210 1161 1478 1233 prwsentia
1509 1176 1525 1213 :
1557 1170 1659 1212 tum
1705 1158 1906 1224 deinde,

305 1262 445 1332 quod
493 1260 577 1313 Ita:
594 1257 882 1313 novissima:
907 1256 1142 1317 visiones,
1184 1270 1283 1321 qua
1310 1250 1587 1323 aliquando
1611 1258 1799 1303 veteres
1826 1252 1910 1318 [u-

307 1366 433 1408 tura:
451 1363 618 1418 erant,
646 1352 820 1422 aliqua
841 1349 1140 1404 auctoritate
1158 1346 1429 1417 fulcienda:
1450 1353 1630 1406 essent,
1656 1352 1708 1398 ut
1735 1360 1765 1396 (ι
1792 1358 1908 1413 pos-

306 1448 424 1501 teris
449 1445 773 1501 crcderentur
805 1486 817 1506 ,
850 1442 905 1496 id
943 1451 1117 1511 patere
1141 1440 1211 1493 ait
1242 1455 1304 1493 ea:
1340 1438 1513 1491 eadem
1555 1436 1713 1507 ipsius
1741 1444 1915 1487 aucto-

306 1539 380 1592 ris
423 1546 527 1591 tota
576 1536 918 1607 prwfatione;
948 1533 1030 1588 ubi
1075 1549 1137 1587 ne
1174 1547 1333 1586 unum
1377 1530 1578 1600 quidem
1602 1528 1805 1583 verbum
1851 1526 1914 1580 de

310 1631 593 1700 Scriptura:
616 1644 780 1683 sacrae
803 1643 919 1681 cum
939 1626 1208 1680 visionibus
1228 1632 1507 1695 martyrum
1534 1621 1915 1691 comparatione

310 1723 543 1777 habetur.
576 1741 594 1773 ι
617 1720 673 1776 Si
691 1731 873 1779 vetera.
900 1738 919 1771 ι
950 1718 1109 1781 inquit
1138 1736 1156 1768 ι
1178 1716 1367 1786 Ῑὶάείε.
1396 1715 1627 1784 exempla
1647 1722 1914 1784 propterea

2018 516 2233 580 temque
2262 509 2672 575 conciliandam.

2087 599 2183 655 Est
2208 600 2423 670 quidem
2452 600 2554 655 hoc
2570 601 2829 656 adversus
2856 602 3130 668 Actorum,
3158 611 3219 658 ut
3238 604 3409 670 aiunt,
3460 619 3607 660 com-

2017 692 2296 761 pilatorem
2343 694 2716 764 gravissimum
2755 693 3164 763 praeiudicium;
3202 699 3386 751 nescio
3428 705 3608 753 tamen

2015 797 2083 836 an
2114 798 2219 837 non
2240 783 2454 853 gravius
2477 785 2566 851 sit,
2596 784 2738 854 quod
2764 800 2831 840 ex
2863 785 3211 854 sequentibus
3233 788 3412 842 verbis
3443 790 3613 844 conti-

2014 873 2153 929 citur
2180 885 2572 946 argumentum.
2604 876 2692 932 Sic
2722 878 2862 932 enim
2891 878 3063 948 pergit
3094 893 3109 932 :
3150 898 3168 930 ε
3195 879 3381 948 Itaque
3406 889 3459 934 et
3484 896 3603 946 nos,

2019 967 2110 1036 qui
2139 970 2276 1021 sicut
2308 969 2639 1039 prophetias,
2673 969 2742 1023 ita
2782 977 2835 1025 et
2864 970 3097 1024 visiones
3122 984 3288 1025 novas
3318 973 3617 1042 pariterre-

2023 1058 2313 1128 promissas
2339 1070 2393 1115 et
2422 1063 2781 1132 agnoscimus,
2825 1070 2880 1117 et
2911 1063 3255 1120 honoramus.
3286 1085 3305 1117 ι
3344 1065 3467 1122 llaec
3495 1067 3613 1137 pla-

2014 1166 2082 1206 ne
2126 1154 2484 1222 peremptoria
2511 1166 2635 1208 sunt
2664 1171 2676 1208 :
2708 1170 2882 1225 neque
2908 1156 3051 1211 enim
3091 1156 3409 1212 clarioribus
3437 1159 3617 1215 verbis

2015 1249 2278 1317 potuisset
2317 1257 2524 1313 auctor,
2581 1263 2740 1317 quam
2789 1249 2905 1317 ipse
2950 1259 3149 1304 sectam
3221 1250 3569 1320 proﬁteretur
3597 1294 3614 1319 ,

2015 1352 2288 1407 exponere
2320 1356 2330 1390 :
2363 1337 2479 1392 haec
2535 1339 2878 1393 montanismi
2926 1349 3129 1395 tessera
3182 1350 3341 1409 sunt,
3372 1350 3425 1398 et
3463 1356 3619 1397 mon-

2017 1428 2275 1483 tanisticae
2304 1427 2564 1483 doctrinae
2591 1429 2731 1484 clara
2760 1438 2816 1484 et
2853 1437 3037 1499 aperta
3064 1431 3349 1501 professio.
3385 1432 3441 1487 Id
3469 1434 3616 1489 enim

2015 1520 2309 1576 catholicos
2332 1521 2470 1575 inter
2490 1528 2544 1576 et
2574 1521 2949 1589 montanistas,
2983 1522 3033 1576 id
3064 1524 3320 1592 temporis
3345 1523 3618 1595 discepta-

2015 1610 2192 1678 batur,
2226 1627 2293 1665 an
2326 1626 2499 1679 novae,
2531 1611 2581 1666 id
2608 1621 2710 1679 est,
2755 1611 3199 1669 extraordinariae
3246 1622 3302 1669 et
3347 1614 3616 1670 inusitata:

2016 1704 2252 1758 visiones
2276 1712 2331 1759 et
2356 1703 2652 1774 prophetia:
2680 1702 3034 1773 agnoscenda:
3057 1711 3238 1760 essent
3256 1713 3416 1774 atque
3446 1704 3617 1760 hono-

310 1810 1201 1881 iuliuerissuntdigestamtlectione
1220 1796 2238 1879 eorumquasirepensitatio-Blanda);
2290 1810 2356 1850 an
2423 1805 2608 1850 contra
2664 1794 3010 1865 repudiandae
3066 1805 3229 1867 atque
3282 1796 3614 1867 abjiciendze.

307 1925 372 1964 ne
392 1925 583 1974 rerum,
604 1917 651 1961 et
674 1905 813 1961 Deus
838 1907 1114 1959 honoratur
1134 1944 1147 1967 ,
1175 1912 1220 1957 et
1247 1903 1397 1957 homo
1442 1905 1751 1975 confortetur
1765 1918 1783 1966 ;
1823 1916 1915 1954 cur

308 2022 413 2060 non
441 2013 491 2058 et
519 2019 651 2057 iiova
677 2002 971 2055 documenta
997 2014 1138 2068 teque
1167 1998 1366 2067 utrique
1408 2011 1575 2051 causa:
1616 1993 1915 2050 convenien-

312 2098 393 2151 tia
420 2106 467 2150 et
495 2092 824 2165 digerantur?
854 2111 871 2139 ›

392 2190 608 2253 Verum,
636 2202 739 2243 non
767 2186 863 2241 has
892 2193 1116 2250 tantum,
1147 2199 1279 2255 quas
1294 2182 1610 2238 Ruinartius
1636 2179 1805 2235 refert
1825 2192 1911 2233 ra—

307 2283 486 2337 tiones
516 2280 770 2351 produxit
798 2285 1009 2343 auctor,
1062 2290 1157 2331 cur
1211 2289 1375 2329 novas
1430 2272 1807 2340 revelationes,
1857 2277 1912 2326 et

308 2374 625 2446 praphetias
652 2387 765 2441 prae
796 2370 1031 2441 antiquis
1055 2370 1107 2423 in
1137 2368 1306 2439 pretio
1330 2366 1516 2422 haberi
1552 2364 1714 2421 vellet
1741 2381 1756 2430 ;
1813 2362 1910 2419 sed

310 2468 463 2521 illam
496 2463 858 2534 potissimum,
885 2476 1043 2533 quam
1071 2473 1231 2515 nemo
1282 2458 1383 2513 nisi
1431 2470 1615 2512 merus
1646 2462 1912 2525 putusque

310 2559 640 2614 montanista
662 2555 949 2619 attulisset,
972 2563 1028 2609 et
1049 2567 1167 2623 qua:
1192 2550 1323 2606 satis
1343 2547 1594 2611 ostendit,
1618 2547 1791 2617 ipsum
1815 2559 1912 2599 no—

310 2652 561 2706 vissimas
590 2648 969 2713 revelationes,
1001 2661 1108 2701 non
1134 2642 1294 2698 modo
1323 2653 1563 2698 veterum
1615 2646 1909 2709 martyrum

309 2742 755 2807 revelationibus,
782 2739 877 2794 sed
908 2737 1037 2809 ipsis
1062 2751 1276 2808 quoque
1301 2732 1590 2803 Scripturis
1613 2730 1906 2796 canonicis,

309 2835 611 2906 praetulisse
635 2851 648 2890 :
679 2832 749 2887 ob
776 2814 1213 2895 exuberationem,
1232 2828 1437 2882 scilicet
1456 2827 1636 2895 gratia:
1658 2826 1711 2878 in
1731 2824 1911 2878 ultima

307 2928 485 2983 saeculi
533 2926 701 2995 spatia
732 2926 933 2978 decreta
964 2966 975 2986 ,
1021 2920 1316 2978 secundum
1356 2918 1522 2973 Joelis
1550 2915 1906 2988 prophetiam.

310 3020 519 3091 Ecquis
547 3020 687 3073 enim
729 3017 813 3073 cui
844 3031 1034 3072 sanum
1086 3022 1232 3070 esset
1255 3021 1436 3081 caput,
1467 3010 1702 3080 Spiritus
1732 3005 1907 3063 sancti

305 3111 543 3183 gratiam
572 3110 871 3165 novissimis
897 3107 1045 3162 hisce
1071 3105 1280 3170 diebus,
1304 3103 1369 3159 'id
1396 3112 1480 3159 est
1523 3101 1683 3156 tertio
1718 3100 1907 3153 incuno

2016 1887 2276 1943 Catholici
2309 1901 2476 1942 novas
2498 1887 2731 1942 visiones
2752 1896 2806 1943 et
2824 1886 3138 1957 prophetias
3166 1896 3221 1941 ut
3251 1886 3469 1959 maligni
3498 1890 3616 1960 spi-

2016 1981 2150 2035 ritus
2176 1980 2543 2035 seductionem
2575 1980 2961 2035 aversabantur
2984 2022 2999 2047 ,
3032 1995 3139 2034 non
3181 1980 3325 2050 quod
3354 1982 3524 2037 nullas
3545 1995 3613 2037 eo

2017 2082 2258 2143 tempore
2288 2074 2340 2128 in
2371 2073 2610 2128 Ecclesia
2632 2083 2986 2144 agnoscerent
3013 2074 3248 2129 visiones
3292 2083 3345 2130 et
3377 2075 3615 2146 prophe-

2006 2165 2138 2233 tias,
2189 2174 2280 2220 aut
2318 2164 2462 2235 quod
2513 2166 2899 2221 charismatum
2934 2166 3140 2221 fontem
3164 2168 3438 2225 exaruisse
3478 2184 3611 2225 con-

2017 2256 2337 2321 tenderent;
2369 2255 2463 2312 sed
2509 2272 2767 2313 novarum
2796 2257 3060 2313 visionum
3104 2267 3157 2314 et
3191 2274 3349 2315 nova
3374 2260 3613 2331 prophe-

2016 2348 2102 2405 tia:
2130 2350 2366 2415 nomine,
2400 2349 2677 2417 insolitas,
2711 2360 2769 2405 ut
2814 2350 2945 2419 dixi,
3002 2360 3055 2406 et
3099 2362 3157 2407 ut
3206 2352 3442 2423 loquitur
3471 2353 3616 2424 apud

2016 2440 2302 2496 Eusebium
2339 2439 2417 2514 (l)
2447 2443 2724 2509 Asterius,
2755 2461 2774 2494 ι
2805 2442 3005 2498 Praeter
3037 2458 3274 2509 morem,
3330 2454 3489 2516 atque
3532 2448 3616 2501 in-

2018 2534 2232 2588 titutum
2267 2531 2523 2587 Ecclesia:
2572 2548 2603 2587 a
2644 2533 2935 2604 majoribus
2960 2534 3236 2601 traditum,
3284 2546 3338 2590 et
3358 2538 3612 2593 continua

2021 2626 2277 2697 deinceps
2335 2629 2679 2681 successione
2758 2636 3104 2698 propagatum
3141 2646 3159 2679 ι
3220 2627 3611 2697 intelligebant.

2013 2715 2210 2773 Contra
2242 2716 2574 2771 Montanistae
2615 2732 2781 2771 novas
2810 2717 2967 2773 hasce
3006 2718 3382 2785 revelationes,
3408 2727 3462 2773 et
3490 2734 3621 2788 pro-

2013 2809 2219 2881 phetias
2242 2809 2456 2880 plurimi
2496 2809 2783 2877 faciebant,
2809 2810 3268 2880 amplectebantur
3303 2820 3355 2866 et
3382 2811 3619 2868 honora-

2011 2900 2160 2967 bant,
2190 2909 2244 2956 et
2273 2900 2414 2955 hunc
2445 2901 2674 2970 primum
2703 2915 2813 2955 sua:
2842 2900 2910 2955 ab
2938 2901 3176 2958 Ecclesia
3202 2896 3614 2958 secessionico-

2012 2994 2180 3049 iorem
2234 3001 2666 3062 pra-texuerunt,
2711 2992 2859 3048 unde
2900 2992 3059 3049 etiam
3110 2993 3364 3049 scelerata
3419 2992 3615 3061 factio,

2014 3095 2068 3140 ut
2116 3102 2180 3141 ex
2233 3083 2531 3155 Serapione
2586 3095 2795 3140 constat
2847 3084 2949 3157 (2),
3002 3100 3194 3143 nomen
3253 3087 3496 3157 accepit,
3556 3097 3617 3143 et

308 3215 385 3270 te,
417 3206 588 3276 magis
607 3219 765 3275 quam
795 3202 972 3272 primo
1013 3209 1103 3253 aut
1143 3198 1377 3267 secundo
1398 3196 1598 3253 saeculo
1621 3194 1905 3250 exuberas-

2020 3198 2037 3230 ‹
2068 3195 2203 3235 nova
2238 3178 2511 3249 praphetia
2564 3181 2835 3235 nominata
2885 3188 2985 3235 est.
3044 3200 3063 3233 ι
3103 3180 3257 3249 Quod
3310 3196 3420 3236 sua:
3470 3180 3617 3250 ipsos

305 3314 392 3363 se,
424 3297 713 3354 somniavit
740 3295 916 3363 “IQuis
939 3293 1040 3349 nisi
1089 3291 1323 3347 Montani
1376 3289 1563 3359 spiritu
1607 3287 1863 3355 abreptus
1890 3325 1905 3351 ,

310 3403 369 3446 ut
396 3393 448 3447 id
478 3390 821 3456 ostenderet,
882 3386 1048 3443 Joelis
1094 3384 1274 3441 verbis
1323 3384 1517 3454 quibus
1559 3382 1734 3436 futura
1792 3377 1908 3432 hrcc

312 3485 619 3541 mvissimis
655 3481 846 3537 diebus
886 3479 1105 3550 spiritus
1146 3476 1459 3534 exuberatio
1515 3470 1909 3544 praenuntiaba-

310 3590 421 3644 tur,
450 3591 577 3633 usus
595 3573 886 3645 aliquando
914 3572 1105 3629 fuisset
1129 3571 1152 3624 ?
1179 3569 1333 3626 Unde
1361 3583 1465 3624 non
1488 3583 1548 3623 ea
1575 3575 1780 3621 tantum
1821 3580 1906 3621 ra-

307 3674 472 3737 tione,
514 3679 567 3725 ut
599 3666 923 3723 Ruinartius
942 3662 1186 3727 credidit,
1224 3663 1324 3717 iste
1376 3670 1561 3716 auctor
1605 3658 1903 3728 culpandus

306 3773 393 3819 cst
430 3762 571 3832 quod
602 3763 785 3814 Irarum
830 3765 1112 3828 martyrum
1149 3755 1363 3808 visiones
1409 3768 1471 3807 ex
1508 3753 1569 3805 iis
1597 3767 1703 3806 esse
1729 3792 1743 3815 ,
1790 3765 1905 3819 qua:

307 3854 456 3910 Deus
481 3869 573 3922 per
618 3849 813 3905 Joelem
830 3848 1207 3917 repromiserat,
1238 3834 1614 3899 existimaverit.
1657 3840 1902 3896 Laudata

309 3945 457 4002 enim
488 3943 652 4000 Joelis
678 3943 830 3998 verba
862 3941 927 3996 ad
965 3941 1144 3995 omnia
1172 3981 1188 4006 ,
1236 3953 1355 4008 quae
1403 3936 1457 3990 in
1497 3944 1680 3990 nostro
1715 3934 1902 3990 Testa~

305 4044 493 4092 mento
520 4051 551 4091 a
580 4034 688 4090 Deo
711 4032 1035 4088 charismata
1061 4029 1442 4100 dispensantor
1502 4024 1692 4080 referri
1743 4037 1901 4091 posse

305 4143 409 4183 non
454 4126 656 4181 abnuo.
698 4124 804 4180 Sed
851 4138 918 4178 eo
970 4120 1349 4177 montanistam
1402 4132 1461 4173 se
1500 4114 1705 4186 prodit,
1755 4112 1900 4183 quod

305 4219 579 4290 propheta}
630 4215 797 4272 verba
875 4213 1217 4279 adhibuerit,
1287 4212 1354 4266 ad
1415 4208 1671 4277 majorem
1718 4213 1899 4260 osten—

299 4309 529 4366 dendam
571 4307 884 4366 novissimis
911 4306 1101 4361 diebus
1139 4318 1296 4374 quam
1326 4298 1750 4373 pratccdentibus
1798 4294 1899 4350 Ec-

300 4402 477 4458 clesiae
526 4402 776 4466 saeculis,
821 4399 1118 4457 cwlestium
1167 4396 1547 4451 charismatum
1581 4389 1915 4446 mulierum--

301 4511 433 4548 aeni.
466 4495 643 4549 Porro
671 4491 948 4563 quamvis,
990 4498 1050 4545 ut
1078 4488 1219 4544 idem
1260 4486 1568 4542 Ruinartius
1591 4481 1892 4553 subiungit,

2013 3279 2175 3326 secta:
2244 3285 2436 3325 nomen
2503 3268 2800 3335 indidisse,
2854 3269 2938 3327 his
2992 3272 3169 3328 verbis
3216 3272 3459 3328 Asterius
3514 3271 3618 3326 Ur-

2012 3362 2182 3418 banus
2219 3363 2365 3418 clare
2399 3371 2453 3418 et
2488 3371 2672 3434 aperte
2704 3372 2931 3419 teStatur
2981 3362 3061 3438 (5)
3093 3382 3107 3421 :
3142 3382 3160 3418 ‹
3199 3364 3268 3421 Et
3318 3365 3617 3421 Eecleslam

2011 3453 2153 3509 illius
2211 3455 2311 3509 loci
2366 3453 2840 3526 d'eprehend‘issem
2897 3471 3029 3511 nova
3086 3457 3194 3525 illa,
3247 3473 3353 3513 non
3404 3468 3462 3513 ut
3513 3457 3617 3527 ipsi

2008 3547 2215 3613 dicunt,
2247 3547 2548 3617 prophetia,
2580 3557 2685 3602 etc.
2718 3567 2737 3600 ι
2763 3547 2939 3603 Novas
2968 3548 3297 3619 prophetias,
3329 3560 3615 3621 postquam

2007 3638 2073 3693 ad
2126 3639 2471 3695 Montanistas
2526 3638 2737 3703 defecit,
2789 3642 2987 3710 passim
3031 3640 3196 3711 jactat
3244 3651 3298 3697 et
3354 3641 3613 3712 przcdicat

2007 3728 2381 3794 Tertullianus,
2409 3729 2542 3785 libro
2564 3730 2632 3785 de
2658 3730 2881 3800 Jejnniis
2911 3730 3011 3806 (4):
3041 3751 3060 3783 ‹
3091 3732 3315 3804 Propter
3326 3734 3437 3790 hoc
3458 3749 3616 3791 nova:

2009 3824 2300 3893 prophetiae
2332 3832 2703 3878 recusantum
2731 3824 2795 3878 Ει
2816 3825 2939 3880 libr.
2970 3839 3029 3878 nt
3057 3836 3200 3880 cont.
3226 3826 3485 3882 Mincion.
3505 3826 3607 3898 (5):

2014 3933 2030 3965 ‹
2065 3915 2165 3982 Qui
2186 3915 2326 3986 apud
2356 3915 2513 3970 fidem
2546 3923 2784 3969 nostram
2808 3924 2910 3976 est.
2936 3930 3087 3971 nova:
3115 3916 3412 3987 prophetia:
3430 3931 3612 3973 sermo

2008 4013 2250 4059 testatur.
2301 4025 2323 4057 ι
2368 4006 2434 4059 Ει
2473 4005 2566 4059 lib.
2611 4020 2668 4059 tv
2709 4003 2788 4077 (6)
2828 4023 2841 4058 :
2889 4023 2908 4056 ι
2960 4006 3141 4073 Quam‘
3172 4007 3508 4063 defendimus
3555 4008 3611 4063 in

2003 4109 2191 4150 caussa
2241 4110 2391 4150 nova:
2445 4094 2759 4164 prophetia).
2797 4115 2816 4146 ›
2851 4096 2918 4149 Εῑ
2945 4096 3037 4149 lib.
3068 4098 3131 4150 de
3152 4097 3439 4154 Resurrect.
3491 4114 3611 4151 car-

2003 4188 2080 4244 nis
2103 4186 2180 4260 (7)
2212 4204 2226 4245 :
2262 4205 2280 4239 ‹
2319 4187 2423 4242 Per
2453 4200 2647 4242 novam
2679 4186 3015 4256 prapbeti'am
3045 4186 3417 4243 de-Paracleto
3446 4189 3607 4242 inun-

2003 4280 2240 4335 dantem.
2276 4299 2294 4331 ι
2327 4279 2640 4334 Firmiliano
2665 4275 2743 4352 (8)
2765 4276 3132 4347 Catapbryges
3156 4287 3301 4344 sunt,
3333 4279 3421 4349 qui
3450 4297 3469 4331 ‹
3502 4293 3607 4334 no-

2002 4388 2094 4429 vas
2135 4372 2441 4445 prophetias
2481 4385 2741 4442 usurpare
2778 4376 3076 4440 conantur.f
3108 4391 3127 4424 ›
3171 4372 3249 4426 Ex
3287 4387 3395 4444 quo
3438 4372 3605 4429 etiam

2002 4466 2368 4538 intelligimus,
2404 4480 2558 4521 novas
2584 4479 2677 4519 eos
2703 4480 2731 4518 a
2761 4463 3049 4520 Catholicis
3076 4479 3288 4535 quoque
3328 4465 3606 4537 prop/tetas

300 4584 543 4645 Ecclesia
572 4555 843 4639 Fidelium
896 4555 1038 4636 dicta
1075 4579 1162 4634 vel
1193 4578 1388 4647 scripta
1430 4576 1567 4630 inter
1594 4572 1896 4641 Scriptores

2010 4558 2163 4614 fuisse
2205 4557 2520 4628 appellatos.
2571 4555 2700 4624 Quae
2746 4570 2865 4611 cum
2907 4556 2995 4610 'ita
3046 4557 3173 4624 sint,
3221 4557 3604 4613 montanistam

300 4679 588 4732 canonicas
634 4676 944 4744 neutiqnam
1001 4672 1349 4741 compntarit,
1409 4669 1506 4724 etsi
1575 4682 1681 4721 non
1737 4663 1894 4719 dubi-

304 4779 382 4825 tet
434 4770 502 4823 ab
545 4785 608 4824 eo
656 4768 1016 4839 processisse,
1072 4780 1103 4819 a
1155 4778 1259 4828 quo
1308 4761 1399 4816 alii
1448 4760 1642 4815 dantur
1694 4772 1893 4830 genera

303 4860 635 4930 linguarum,
665 4858 751 4913 alii
776 4858 1095 4930 prophetiae,
1123 4854 1213 4909 alii
1243 4868 1421 4910 sermo
1449 4850 1745 4921 sapientiae,
1773 4849 1892 4903 aliis

300 4955 407 5009 alia
435 4953 602 5019 dona,
641 4967 759 5023 qua:
808 4952 1027 5007 laudato
1064 4950 1230 5005 .loelis
1282 4945 1589 5003 testimonio
1636 4957 1889 5014 praenun-

304 5046 435 5099 tiata
488 5054 542 5100 et
589 5047 850 5114 promissa
905 5044 1070 5099 fuisse
1118 5050 1322 5098 certum
1359 5048 1461 5103 est,
1495 5048 1729 5093 attamen
1781 5052 1891 5091 non

300 5136 429 5189 inde
482 5137 722 5205 sequitur
780 5135 921 5191 idem
951 5136 1152 5205 pariter
1202 5133 1271 5189 de
1326 5134 1580 5187 Actorum
1632 5130 1893 5199 scriptore

300 5226 637 5282 sentiendum
661 5242 800 5282 esse.
819 5227 1078 5293 Quamvis
1100 5225 1241 5279 enim
1254 5237 1426 5293 neque
1442 5221 1696 5286 Ecclesia,
1721 5234 1895 5290 neque

301 5318 591 5389 scriptores
621 5318 896 5383 catholici,
930 5318 1051 5371 novi
1079 5315 1408 5371 Testamenti
1460 5313 1783 5369 charismata
1841 5318 1895 5364 et

298 5426 327 5465 a
358 5410 463 5466 Deo
489 5410 808 5481 procedere,
862 5416 918 5466 et
948 5408 1162 5467 laudato
1205 5406 1371 5463 Joclis
1399 5405 1702 5461 testimonio
1753 5416 1894 5473 pne-

297 5505 538 5560 nuntiata
563 5544 579 5570 ,
635 5511 692 5559 et
742 5503 1004 5573 promissa
1045 5500 1237 5566 fuisse,
1270 5513 1502 5569 unquam
1545 5496 1839 5552 dubitarint
1875 5510 1888 5546 :

297 5592 1267 5663 mn:quamtam0nautEc0lesia,ttut
1286 5591 1483 5662 aliquis
1493 5586 1898 5644 Catholicorum

298 5687 471 5743 Joclls
516 5688 698 5743 verbis
748 5696 998 5752 ususest
1041 5685 1121 5741 ad‘
1162 5684 1421 5755 majorem
1476 5680 1893 5736 novissimorum

300 5791 633 5854 temporum,
664 5794 818 5853 quam
843 5779 1246 5855 praeteritorum
1278 5775 1533 5836 Ecclesia:
1574 5772 1892 5833 saeculorum

2001 4651 2182 4720 utique
2209 4651 2394 4720 palam.
2410 4664 2469 4705 se
2496 4648 2673 4719 prodit
2714 4657 2767 4704 et
2797 4648 3135 4718 apertissime
3155 4650 3455 4719 profitetur,
3487 4650 3601 4720 qui,
3636 4674 3645 4681 ι

1996 4741 2323 4798 ferventibus
2362 4757 2458 4812 per
2491 4756 2553 4797 ea
2600 4750 2839 4812 tempora
2884 4740 2951 4796 de
2995 4742 3149 4798 nobis
3194 4743 3489 4800 visionibus
3543 4749 3600 4798 et

2070 4990 2148 5061 (Ι)
2190 4996 2329 5069 Ιξοιρέι
2365 5000 2419 5046 τὸ
2459 4997 2583 5047 κατὰ
2626 4995 2888 5069 παράδςσιιν
2926 4998 3176 5069 καὶ-’κατὰ
3216 4997 3448 5062 διαδοχὴ
3470 5002 3601 5048 ἄνω-

1995 5071 2066 5116 θεν
2088 5079 2170 5124 τῆς
2196 5062 2464 5123 Euxino-int;
2491 5071 2586 5122 εθος
2608 5066 2758 5120 δὶ,θεν.
2793 5062 2905 5116 Lib.
2941 5077 2972 5115 ν
3003 5062 3198 5117 Hister.
3220 5078 3333 5132 cap.
3372 5066 3458 5118 16.

2191 5139 2685 5217 ΤῆςΔέξξικαλουμξνης
2711 5140 2814 5217 vis,
2842 5143 3163 5217 Ἶρθρηξτείεξςὺ,
3188 5143 3292 5186 etc.
3328 5133 3596 5217 ERiSI.-(ld

2000 5201 2231 5256 Caricum
2259 5214 2302 5256 et
2334 5201 2608 5255 Ponticum
2629 5244 2641 5263 ,
2675 5205 2814 5269 apud
2850 5201 3045 5255 Euseb.
3090 5202 3181 5256 lib.
3212 5216 3266 5267 v,
3298 5201 3473 5271 capite
3502 5204 3593 5259 i9.

2069 5272 2148 5346 (5)
2188 5280 2288 5327 Καὶ
2318 5280 2596 5327 καταλαϐὼν
2616 5281 2703 5327 τὶν
2728 5276 2852 5326 κατὰ
2877 5275 3042 5324 πόντον
3066 5270 3192 5342 (leg.
3212 5273 3374 5345 τόπον)
3403 5282 3597 5336 nam)”-

1996 5355 2103 5397 σῖοιν
2131 5352 2218 5399 ὑπὸ
2238 5360 2319 5405 τῆς
2335 5351 2439 5405 sint;
2453 5347 2649 5407 ταύτης,
2671 5346 2751 5395 aint
2771 5348 2830 5400 ὡς
2853 5346 2990 5413 (silici
3008 5360 3142 5411 φησι,
3159 5355 3464 5413 προφητείας,
3489 5355 3596 5400 etc.

1997 5412 2708 5555 Lii()hté;:’dvi.Catapltryg.
2732 5411 2888 5482 Apud
2917 5411 3139 5482 Euseb,
3168 5411 3321 5483 ibid.,
3349 5428 3468 5488 cap.
3502 5415 3591 5474 16.

2097 5500 2150 5537 ὦ)
2177 5500 2304 5537 bal).
2340 5500 2390 5537 ‘l.

2074 5486 2128 5555 (4
2177 5486 2304 5552 Cap.
2340 5486 2390 5537 ι.

2074 5486 2157 5626 t5i
2183 5553 2310 5622 Cap.
2342 5554 2436 5626 24.-

2075 5623 2153 5693 (6)
2185 5625 2311 5693 Cap.
2356 5623 2447 5678 22.

2102 5693 2158 5765 7)
2187 5693 2374 5765 Capite
2395 5694 2602 5750 ultimo.

2103 5699 2132 5749 7
2187 5699 2374 5765 Capite
2395 5699 2602 5750 ultimo.

2076 5699 2160 5841 i8i
2190 5766 2357 5838 Epist.
2391 5766 2531 5821 inter
2551 5765 2853 5839 Cyprianic.
2890 5768 2978 5823 75.
