4190 6246
657 332 724 389 79
1659 324 2110 389 DlSSERTATIO
2149 322 2630 383 APOLOGETICA
2860 337 2862 340 '
3890 329 3954 384 80

660 449 954 521 prophetiis
997 447 1303 504 Catholicos
1348 448 1486 504 inter
1514 455 1569 504 et
1613 447 1960 504 Montanistas
1996 446 2251 511 dissidiis,
2283 447 2332 505 Α
2359 444 2678 515 quandoque
2725 452 2927 514 partem
2976 453 3273 514 acceptum.
3310 445 3514 518 Praeter
3552 456 3846 504 nocturnas
3879 451 3955 504 vi-

667 557 834 598 nuvas
864 556 922 596 se
953 540 1185 594 visiones
1233 548 1286 595 et
1322 539 1629 610 prophetias
1683 554 1972 609 agnoscere
2000 549 2053 593 et
2081 540 2255 592 hono-

658 649 778 689 rare
825 632 996 702 palam
1033 640 1322 702 aperteque
1381 639 1623 686 testatur.
1654 629 1933 685 Neminem
1973 639 2118 683 certe
2156 627 2256 682 Ca-

661 725 980 780 tholieorum
1009 723 1080 777 ita
1112 737 1233 779 esse
1261 725 1498 778 locutum
1552 723 1761 778 ostendi
1796 732 1968 791 potest
2002 739 2014 773 :
2049 720 2254 774 Monta-

655 816 916 870 nistarum
965 815 1050 869 illa
1094 816 1356 885 professio
1395 826 1496 878 est,
1546 814 1630 869 cui
1675 814 1925 876 similem,
1974 819 2253 881 postquam

659 910 815 980 hujus
851 917 1013 964 sectae
1048 907 1294 980 dogmata
1331 908 1610 978 amplexus
1639 915 1741 972 est,
1773 905 2134 962 Tertullianus
2172 903 2254 959 his

657 1002 838 1059 verbis
868 1000 1034 1056 edidit
1077 998 1155 1073 (i)
1195 1017 1209 1053 :
1261 1020 1280 1052 ‹
1313 999 1446 1055 Nam
1487 1001 1608 1069 quia
1647 998 1903 1069 spiritalia
1932 997 2252 1054 charismata

657 1095 1019 1164 agnoscimus,
1051 1101 1156 1147 etc.
1190 1112 1208 1144 ›
1248 1092 1320 1147 Ita
1346 1100 1399 1146 et
1418 1091 1676 1147 Actorum
1703 1091 1878 1145 editor
1907 1108 1919 1142 :
1957 1109 1974 1142 ‹
2008 1088 2253 1143 Visiones

650 1201 819 1241 novas
862 1193 914 1240 et
954 1183 1261 1256 prepltetias
1325 1184 1699 1253 agnos’cimus,
1742 1193 1795 1237 et
1843 1183 2190 1236 houoramus.
2229 1200 2247 1231 ι

650 1277 835 1348 Atqui,
877 1274 1169 1332 secundum
1201 1273 1591 1339 Firmilianum,
1620 1274 1924 1343 Κατᾶνςερυγξς
1953 1272 2029 1326 illi
2063 1271 2220 1340 appel

650 1371 850 1434 lantur,
886 1369 974 1439 qui
1003 1382 1169 1422 novas
1202 1368 1512 1438 prophetias
1539 1381 1798 1435 usurpare
1828 1376 2110 1419 conantur.
2144 1368 2250 1420 Ac-

649 1471 827 1515 torum
852 1459 1014 1529 igitur
1034 1459 1385 1523 concinnator
1411 1456 1807 1527 Cataphrygum
1839 1473 1932 1512 seu
1960 1456 2252 1511 Montanis-

647 1561 822 1607 tarum
852 1551 1095 1622 catalogo
1125 1551 1285 1606 eximi
1341 1550 1492 1604 nulla
1519 1550 1728 1604 ratione
1755 1557 1950 1625 potest.

715 1645 980 1710 Tertium,
1013 1654 1064 1700 et
1109 1642 1236 1697 illud
1268 1643 1429 1698 etiam
1455 1641 1833 1712 gravissimum
1873 1650 2250 1710 argumentum

646 1739 868 1795 desumo
900 1753 964 1794 ex
994 1737 1222 1806 quadam
1255 1734 1652 1798 observatione,
1684 1748 1842 1803 quam
1870 1727 2072 1788 Auctor
2103 1734 2243 1798 facit,

644 1834 731 1888 ubi
762 1840 946 1887 narrat
987 1828 1258 1900 quomodo
1302 1827 1565 1897 Perpetua
1605 1827 1671 1880 ad
1704 1826 2088 1880 ferocissimam
2119 1842 2234 1880 vacr
2274 1833 2322 1892 Β

643 1939 760 1979 cam
787 1939 846 1977 se
870 1935 1134 1992 pugnasse
1157 1936 1261 1974 non
1294 1920 1528 1974 senserit
1553 1917 1634 1990 (ἢ)
1661 1935 1674 1971 :
1710 1937 1728 1968 ι
1768 1917 1880 1972 lllic
1906 1918 2240 1988 Perpetua...

650 2015 800 2086 quasi
831 2029 860 2068 a
892 2027 1082 2069 somno
1113 2012 1386 2084 expergita
1415 2011 1594 2082 (adeo,
1633 2029 1652 2061 ›
1687 2011 2097 2080 inquitAuetor,
2138 2030 2155 2061 ι
2194 2012 2243 2065 in

645 2110 835 2181 spiritu
879 2116 934 2163 et
978 2108 1030 2162 in
1058 2106 1255 2162 exstasi
1285 2102 1490 2174 fuerat)
1520 2104 1936 2174 cireumSpicere
1964 2104 2148 2174 coepit,
2192 2112 2246 2158 et

641 2202 980 2272 stupentibus
1008 2199 1257 2254 omnibus
1281 2197 1358 2252 ait
1387 2214 1400 2250 :
1442 2215 1460 2248 ι
1499 2195 1742 2264 Quando,
1778 2196 1964 2266 inquit,
1999 2197 2244 2267 produci-

641 2313 764 2352 mur
783 2296 849 2352 ad
872 2309 1088 2351 vaccam
1120 2294 1263 2348 illam
1279 2293 1482 2349 nescio.
1510 2311 1527 2342 ι
1547 2291 1666 2359 Quo
1677 2292 1819 2346 enim
1837 2292 1921 2345 illa
1943 2291 2245 2346 observatio

639 2391 890 2460 pertinet,
929 2408 947 2440 ι
983 2387 1118 2442 adeo
1147 2387 1198 2441 in
1241 2386 1432 2456 spiritu
1474 2394 1527 2439 et
1562 2385 1614 2439 in
1651 2385 1849 2440 exstasi
1882 2384 2105 2450 fuerat,»
2142 2384 2242 2438 nisi

641 2481 708 2535 ad
737 2478 1109 2534 stabiliendam
1139 2476 1580 2531 Montanistarum
1606 2474 1673 2529 de
1690 2475 1892 2529 exstasi
1910 2474 2243 2557 doctrinam?

641 2573 839 2629 Verum
866 2569 1112 2641 equidem
1131 2577 1233 2629 est,
1259 2569 1488 2624 exstasis
1513 2581 1708 2622 nomen
1739 2567 1794 2621 in
1821 2567 2013 2622 bonam
2037 2577 2239 2638 partem

635 2666 923 2737 aliquando
971 2663 1137 2719 fuisse
1186 2678 1216 2716 a
1263 2661 1510 2716 Patribus
1559 2669 1903 2731 usurpatum;
1951 2662 2016 2716 iis
2065 2671 2240 2716 tamen

636 2756 966 2828 temporibus
1019 2755 1213 2825 quibus
1265 2752 1702 2807 Montanistarum
1749 2751 1969 2808 haeresis
2023 2755 2238 2824 potissi-

634 2865 781 2905 mum
823 2848 1188 2921 grassabatur,
1227 2845 1280 2899 in
1312 2844 1657 2907 deteriorem,
1704 2845 1869 2900 ferme
1908 2853 2114 2915 partem
2146 2859 2234 2899 ac-

634 2954 848 3014 ceptum
906 2951 1009 3007 est,
1072 2949 1126 2994 et
1180 2947 1237 2993 ιιι
1285 2937 1482 3013 mentis
1529 2937 1927 3002 alienationem,
1979 2937 2234 3004 furorem,

636 3037 1035 3104 amentiamque
1057 3030 1342 3102 significat.
1372 3029 1529 3085 Unde
1557 3044 1677 3085 cum
1708 3045 1769 3084 ea
1799 3038 2112 3100 tempestate
2133 3030 2234 3085 Ca.

635 3127 865 3184 tholicos
902 3126 1040 3180 inter
1069 3131 1122 3178 et
1163 3121 1530 3186 Montanistas,
1564 3120 1898 3176 Tertulliano
1935 3128 2090 3184 teste,
2129 3121 2236 3175 dis-

2359 536 2560 601 siones,
2606 538 2874 592 immissas
2910 553 2939 591 a
2978 537 3178 605 Spiritu
3209 537 3404 594 Sancto
3431 556 3528 609 per
3559 541 3676 596 dies
3709 542 3957 597 innocen-

2361 627 2499 681 tibus
2529 630 2707 697 pueris
2739 639 2979 684 exstascs
3017 629 3274 684 habemus
3303 647 3366 685 ex
3395 630 3685 703 Cypriane,
3718 634 3768 687 in
3803 650 3953 704 quem

2360 719 2505 773 nulla
2558 720 2656 774 hac
2699 719 2767 776 de
2808 737 2867 776 re
2913 721 3190 777 transferri
3244 733 3420 793 potest
3470 741 3648 794 prava:
3695 728 3964 797 opinionis

2358 812 2594 882 suspicio
2632 801 2761 885 (1),:
2801 833 2819 866 ‹
2859 814 3061 870 Przeter
3100 824 3389 870 nocturnas
3426 817 3680 884 visiones,
3720 809 3816 888 per
3847 821 3953 877 dies

2357 921 2570 977 quoque
2607 907 2862 979 impletur
2890 908 3028 978 apud
3070 925 3168 964 nos
3203 909 3404 980 Spiritu
3443 907 3644 967 Sancto
3673 927 3953 982 puerorum

2358 998 2615 1054 innocens
2655 1009 2810 1067 retas,
2859 1017 2977 1070 qua:
3019 1001 3071 1054 in
3115 1003 3309 1056 ecstasi
3350 1001 3492 1057 videt
3531 1005 3720 1068 oculis,
3774 1015 3828 1060 et
3869 1021 3986 1072 aug

2355 1091 2454 1157 dit,
2479 1101 2583 1148 etc.
2618 1113 2634 1144 ι
2670 1092 2784 1147 Νοιι
2813 1093 3000 1148 eadem
3026 1104 3202 1149 tamen
3231 1095 3296 1151 de
3325 1096 3582 1150 Actorum
3611 1098 3952 1168 compilatore

2356 1185 2491 1238 ratio
2519 1194 2622 1249 est,
2655 1187 2743 1255 qui
2775 1201 2878 1240 non
2921 1197 2976 1240 ιιι
3007 1186 3305 1258 Cyprianus
3336 1197 3389 1242 ct
3428 1189 3513 1242 alii
3543 1189 3798 1261 deinceps
3827 1193 3954 1246 anti-

2355 1274 2443 1342 qui
2493 1273 2704 1338 Patres,
2747 1275 2945 1330 sedatis
2992 1276 3432 1332 Montanistarttm
3477 1281 3825 1345 tumultibus,
3865 1281 3952 1338 sed

2354 1365 2701 1435 gliscentibus
2727 1368 2777 1420 in
2819 1369 2934 1422 dies
2971 1369 3290 1423 factionibus
3317 1386 3380 1425 ac
3417 1371 3718 1441 discordiis,
3748 1373 3951 1430 laudata

2355 1468 2700 1512 monumenta
2734 1458 2925 1513 litteris
2967 1461 3319 1527 consignavit,
3364 1477 3469 1532 quo
3510 1475 3654 1519 certe
3697 1475 3948 1536 tempore,

2355 1556 2445 1600 aut
2474 1549 2691 1604 nomine
2729 1551 2958 1606 exstasis
2997 1551 3367 1608 abstinendum
3406 1565 3542 1618 erat,
3577 1565 3667 1609 aut
3703 1557 3771 1610 ita
3802 1567 3950 1612 uten-

2353 1641 2501 1706 dum,
2537 1652 2590 1696 nt
2630 1645 2806 1698 onmis
2843 1645 2910 1698 ab
2957 1660 3022 1699 eo
3062 1660 3238 1714 prava:
3286 1646 3691 1717 significationis
3737 1650 3950 1724 invidia,

2353 1743 2446 1787 aut
2473 1735 2708 1803 suspicio
2738 1746 3126 1792 removeretur.

2427 1826 2512 1880 Ill.
2556 1826 2707 1882 Nune
2748 1828 2876 1882 mihi
2915 1829 3238 1886 adoriendus
3273 1840 3355 1888 est
3407 1833 3732 1910 Dodwellus,
3773 1839 3944 1908 cujus,

2353 1918 2424 1971 uti
2448 1920 2558 1987 jam
2583 1919 2718 1986 dixi,
2743 1935 2802 1974 ea
2832 1922 3094 1976 sententia
3116 1932 3215 1988 est,
3243 1924 3497 1980 Actorum
3516 1929 3942 1998 compilatorem,

2351 2023 2457 2062 non
2499 2010 2660 2064 modo
2687 2011 2970 2068 catholica:
3002 2017 3416 2083 communionis,
3460 2027 3515 2073 et
3543 2019 3717 2074 alieno
3747 2035 3775 2074 a
3803 2020 3952 2076 Mon-

2350 2099 2559 2154 tanistis
2591 2101 2756 2157 fuisse
2783 2103 2986 2170 animo,
3021 2104 3114 2161 sed
3145 2106 3306 2162 etiam
3337 2116 3396 2163 ut
3421 2123 3608 2165 eorum
3635 2100 3802 2167 novas
3824 2127 3952 2183 pro-

2349 2191 2562 2260 phetias
2607 2193 2724 2248 falsi
2772 2196 3133 2264 convinceret,
3182 2199 3391 2256 laudata
3443 2213 3786 2258 monumenta
3834 2215 3953 2259 stn-

2348 2282 2529 2339 duisse
2553 2286 2762 2355 publica
2786 2287 2906 2343 luce
2927 2287 3150 2346 donare.
3177 2290 3323 2346 llanc
3347 2302 3524 2347 autem
3550 2293 3707 2349 habet
3730 2294 3956 2366 hujusce

2347 2389 2457 2430 suae
2487 2367 2636 2432 miras
2665 2379 2905 2448 profecto
2937 2383 3206 2451 opinionis
3245 2385 3507 2443 rationem
3543 2404 3556 2440 :
3595 2407 3612 2438 (
3661 2387 3954 2447 Maximilla
4015 2377 4018 2382 ’

2346 2466 2413 2522 de
2436 2483 2492 2523 se
2520 2471 2859 2538 praedixerat,
2889 2483 3010 2542 post
3039 2488 3098 2529 se
3125 2475 3513 2545 prophetissam
3545 2478 3700 2531 aliam
3731 2495 3834 2534 non
3867 2480 3954 2534 fu-

2347 2569 2541 2626 turam,
2575 2562 2670 2616 sed
2715 2567 3256 2622 consummationem.
3288 2567 3458 2622 Verba
3501 2570 3617 2638 ejus
3651 2572 3789 2641 apud
3827 2572 3955 2642 Epi-

2345 2654 2597 2722 phanium
2640 2656 2724 2709 illa
2763 2667 2887 2712 sunt
2914 2658 2994 2732 (‘2)
3029 2677 3040 2713 :
3067 2661 3193 2714 Μετ’
3226 2668 3306 2729 ἐμὲ
3337 2681 3567 2734 προφῆτις
3602 2670 3754 2722 οὐκέτι
3784 2677 3950 2737 ἔσται,

2343 2747 2469 2799 ἀλλὰ
2509 2755 2772 2802 συντέλεια.
2821 2750 2931 2805 Sub
2979 2752 3189 2822 imperii
3238 2753 3399 2809 Marci
3450 2757 3607 2811 finem
3654 2760 3953 2817 excessisse

2343 2837 2685 2894 Maximillam
2731 2842 3176 2897 verisimillimum
3221 2857 3322 2900 est.
3365 2847 3498 2902 Cum
3539 2850 3679 2904 enim
3721 2853 3787 2908 ab
3829 2852 3951 2922 ejus

2342 2943 2566 2986 excessu
2597 2933 2663 2987 ad
2695 2948 2872 3000 suum,
2907 2951 3013 3004 quo
3040 2936 3328 3002 scribebat,
3369 2954 3591 3007 annum,
3636 2959 3803 2998 annos
3850 2961 3946 3001 xm

2339 3021 2451 3076 sive
2496 3038 2586 3076 xw
2638 3024 2940 3080 inchoatum
2982 3017 3224 3084 numeret
3271 3032 3510 3088 Asterius
3545 3033 3789 3090 Urbanus
3825 3037 3942 3109 (3),

2339 3128 2446 3167 non
2479 3115 2586 3169 alio
2615 3116 2728 3183 illa,
2761 3133 2918 3187 quam
2942 3119 3007 3173 ad
3038 3118 3316 3175 Commodi
3345 3123 3626 3192 imperium
3657 3128 3830 3197 aptius
3857 3145 3945 3185 re-

568 3261 572 3266 .
633 3227 915 3291 putaretur
943 3257 957 3284 ,
1012 3229 1078 3269 an
1117 3228 1261 3268 verte
1301 3212 1593 3283 prophetia:
1636 3212 1864 3266 exstasis
1906 3213 2238 3280 conveniret,
2268 3217 2313 3281 ρ
2347 3204 2472 3260 ferri
2512 3221 2690 3276 posse,
2728 3209 3035 3265 existimant
3076 3213 3290 3266 eruditi.
3319 3214 3515 3268 Contra
3548 3217 3826 3284 Catholici,
3858 3221 3945 3277 vel

630 3312 986 3366 affirmantem
1053 3308 1358 3377 opinionem
1405 3303 1760 3368 Mantanisue,
1809 3313 2092 3374 negantem
2135 3305 2238 3361 Ca-

631 3403 815 3458 tholici
854 3399 1275 3471 propugnabant.
1315 3416 1333 3449 ι
1382 3394 1746 3458 Defendimus,
1781 3413 1799 3446 ι
1827 3395 1996 3466 inquit
2023 3395 2234 3452 Tertul-

629 3498 805 3552 lianus
864 3495 988 3567 (5),
1049 3511 1068 3544 ι
1143 3492 1194 3546 in
1250 3504 1440 3545 caussa
1498 3502 1651 3542 nova:
1711 3487 2045 3557 prephetize,
2115 3504 2236 3559 gra.

631 3590 720 3645 tiae
767 3588 1034 3652 ecstasin,
1085 3583 1137 3638 id
1181 3592 1264 3638 est
1313 3580 1601 3636 amentiam
1633 3581 2133 3636 convenire.........
2167 3583 2233 3638 de

629 3696 736 3751 quo
785 3681 924 3733 inter
972 3691 1069 3731 nos
1135 3684 1189 3730 et
1243 3672 1536 3745 Psychicos
1581 3672 1807 3742 qu:rstio
1860 3681 1961 3727 est.
2021 3693 2040 3725 ι
2098 3672 2231 3730 Hinc

630 3772 815 3841 scripti
870 3769 1044 3826 eidem
1101 3766 1433 3822 Tertulliano
1481 3780 1576 3835 pro
1614 3764 1948 3820 Montanistis
1975 3763 2229 3821 adversus

629 3861 949 3927 Ecclesiam,
987 3868 1044 3914 ut
1070 3867 1154 3914 est
1193 3856 1332 3928 apud
1361 3856 1742 3926 Hieronymum
1786 3853 1886 3927 (ei),
1926 3869 2030 3927 περὶ
2053 3864 2224 3912 ἔτεσι-6.·

628 3978 738 4014 σεως
785 3952 926 4008 libri.
956 3951 1155 4005 Contra
1192 3963 1320 4002 vero
1360 3946 1602 4012 Miltiadi,
1650 3954 1707 4000 ut
1753 3955 1836 4000 est
1877 3948 2016 4019 apud
2056 3949 2224 4006 Euse-

625 4047 777 4101 bium
825 4043 922 4114 (5),
978 4041 1234 4096 adversus
1273 4038 1490 4094 eosdem
1530 4038 1882 4092 Montanistas
1918 4039 2018 4095 hoc
2046 4042 2222 4108 titulo,

628 4145 742 4207 Περὶ
771 4143 853 4189 τοῦ
877 4147 948 4202 μὴ
977 4137 1070 4185 δεῖν
1099 4143 1338 4204 apprime
1375 4137 1419 4184 ἰν
1467 4135 1683 4184 ἐκστάσει
1712 4138 1885 4196 λαλεῖν,
1929 4130 2081 4197 Qthd
2115 4149 2218 4188 non

624 4229 809 4285 deceat
831 4225 1214 4298 prophetamin
1241 4224 1435 4278 ecstasi
1471 4224 1635 4292 loqui.
1677 4240 1695 4273 ι
1731 4223 1789 4276 In
1818 4239 1975 4293 quem
2005 4225 2219 4280 Eusebii

621 4321 800 4377 locum
828 4320 961 4374 scite
993 4317 1234 4371 Valesius
1262 4316 1518 4369 observat
1556 4329 1570 4368 ε
1609 4314 1912 4368 Catholicos
1948 4315 2050 4370 hoc
2077 4333 2215 4386 prm-
2254 4389 2255 4392 η

621 4415 775 4482 cipue
796 4410 1061 4479 ohjecisse
1090 4406 1448 4470 Montanistis,
1481 4404 1570 4473 qui
1599 4419 1656 4457 se
1685 4405 1998 4472 prophetico
2021 4408 2216 4494 spiritu

620 4507 809 4576 plenos
837 4516 957 4558 esse
981 4498 1275 4570 jactabant,
1302 4495 1444 4566 quod
1476 4495 1530 4549 in
1559 4496 1758 4550 exstasi
1784 4496 2168 4566 prophetarent
2197 4521 2209 4555 :

2345 3299 2471 3354 hinc
2493 3300 2612 3354 illos
2645 3302 2937 3373 prophetia:
2967 3315 3259 3374 pta-textus
3288 3307 3402 3362 falsi
3426 3310 3824 3369 convincendos
3844 3328 3945 3384 pu-

2342 3400 2477 3458 tant,
2520 3395 2662 3464 quod
2714 3412 2824 3451 suae
2875 3399 3194 3469 prophetiae,
3244 3402 3327 3457 vel
3373 3418 3438 3457 ex
3487 3405 3763 3472 confesso,
3821 3409 3942 3466 ﬁnis

2338 3482 2480 3538 foret
2508 3486 2793 3556 aliquando
2823 3491 3160 3545 statuendus.
3195 3490 3390 3546 Verum
3435 3493 3769 3564 prOphetiam
3811 3513 3940 3568 pcr-

2337 3583 2549 3644 pctuam
2599 3578 2733 3644 fore,
2777 3590 2830 3633 et
2875 3579 2940 3634 ad
2981 3581 3163 3636 mundi
3207 3598 3376 3653 usque
3419 3589 3938 3645 consummationem

2335 3681 2522 3722 revera
2551 3684 2980 3740 permansuram.
3026 3673 3138 3741 Qua
3180 3666 3584 3732 ratiocinatione
3632 3679 3703 3733 ita
3751 3680 3944 3736 abfue-

2334 3768 2460 3813 runt
2503 3775 2533 3814 a
2580 3763 2834 3831 ttegandis
2873 3779 3092 3820 suorum
3128 3785 3145 3817 ‹
3189 3775 3481 3838 temporum
3526 3769 3846 3840 prophetiis,
3878 3783 3939 3829 ttt

2331 3849 2384 3902 in
2413 3865 2746 3923 quacumque
2774 3856 3000 3910 ecclesia
3033 3872 3139 3912 non
3170 3857 3393 3914 fuissent
3424 3860 3722 3930 prophetae,
3756 3877 3820 3919 ea
3865 3881 3935 3921 ne

2329 3950 2473 3995 esset
2497 3942 2707 4011 quidem
2735 3959 2833 4013 pro
2864 3947 3096 4002 Ecclesia
3129 3948 3392 4006 habenda.
3426 3972 3443 4003 ι
3857 3952 3862 3954 ⁷

2400 4032 2475 4087 Ita
2505 4046 2907 4105 argumentatus
2929 4048 3012 4094 est
3034 4041 3274 4097 Asterius
3299 4041 3543 4098 Urbanus
3562 4045 3640 4116 (4)
3657 4065 3701 4101 ξ(
3721 4046 3848 4102 Nam
3881 4050 3932 4104 si

2329 4121 2564 4192 quidem,
2601 4135 2655 4180 ut
2685 4127 2999 4197 praedicant,
3046 4141 3165 4201 post
3203 4134 3530 4201 Quadratum
3562 4147 3617 4192 et
3660 4139 3932 4196 Ammiam

2325 4214 2846 4288 philadelphensem,
2879 4225 3134 4279 mulieres
3160 4226 3265 4281 illa:
3287 4227 3520 4284 Montani
3554 4232 3605 4285 in
3632 4232 3934 4302 prophetia:

2321 4308 2546 4374 gratiam
2580 4324 2974 4381 successerunt,
3015 4318 3300 4373 ostendant
3335 4321 3489 4376 nobis
3525 4324 3743 4392 quinam
3781 4327 3935 4383 inter

2321 4396 2468 4466 ipsos
2518 4400 2768 4457 Montano
2807 4421 2869 4460 ac
2914 4407 3241 4466 mulierculis
3288 4417 3665 4472 successerint.
3706 4418 3928 4480 Etenim

2320 4492 2615 4562 prophetia:
2641 4496 2840 4552 donum
2866 4501 2916 4553 in
2941 4503 3086 4556 omni
3120 4495 3360 4560 Ecclesia
3385 4507 3451 4561 ad
3481 4508 3720 4567 ultimum
3749 4529 3929 4586 usque

618 4613 740 4654 cum
773 4605 974 4661 tamen,
1018 4606 1118 4646 nec
1156 4591 1209 4646 in
1235 4589 1384 4644 Novo
1422 4602 1523 4643 nec
1560 4589 1610 4642 in
1639 4588 1818 4643 Veteri
1847 4589 2208 4662 Testamento,
2237 4601 2290 4660 D
2324 4581 2531 4638 θοηιίηί
2554 4585 2843 4644 adventum
2865 4606 3181 4661 Permanere
3202 4595 3398 4653 debere
3429 4609 3617 4656 θυοιοτ
3663 4613 3747 4659 θεῖ
3771 4606 3926 4677 APO-

617 4687 910 4761 prophetas
942 4685 994 4738 in
1035 4682 1228 4739 ecstasi
1269 4695 1519 4750 umquam
1564 4680 1911 4751 prOphetasse
1953 4684 2207 4755 legamus.

615 4780 813 4851 Ecquis
844 4778 1003 4848 igitur
1031 4785 1136 4829 tam
1175 4774 1353 4830 obesis
1382 4772 1599 4828 naribus
1643 4775 1762 4840 erit,
1798 4777 1884 4830 cui
1926 4791 2030 4832 non
2061 4778 2209 4834 Mon-

613 4875 875 4929 tanismtts
916 4872 967 4926 in
999 4869 1290 4941 prmmissis
1322 4867 1569 4923 Auctoris
1610 4867 1776 4921 n05tri
1824 4869 2005 4925 verbis
2047 4872 2210 4928 subo-

608 4968 752 5024 leat?
775 4965 1033 5038 Equidem
1057 4979 1162 5018 non
1186 4977 1247 5018 ea
1271 4961 1398 5016 mihi
1418 4975 1570 5016 mens
1589 4969 1690 5025 est,
1721 4960 1770 5014 iu
1801 4975 2012 5016 otnnem
2039 4965 2208 5035 scrip-

610 5065 802 5124 torem,
842 5065 1083 5113 exstases
1121 5053 1258 5109 inter
1307 5052 1397 5106 Dei
1445 5051 1764 5105 charismata
1813 5064 2200 5123 recensentem,

604 5151 858 5209 invidiam
905 5146 1246 5204 Montanismi
1289 5143 1534 5199 conferre
1573 5161 1586 5207 ;
1635 5159 1738 5196 non
1777 5159 1860 5198 ιιιθ
1907 5143 2052 5211 latet,
2102 5149 2202 5204 hoc

600 5259 797 5299 nomen
846 5242 897 5295 in
950 5241 1166 5303 bonam,
1208 5236 1370 5293 etiam
1417 5235 1484 5290 ab
1511 5235 1895 5303 antiquissimis
1932 5236 2194 5307 Patribus,

668 5420 746 5490 (l)
769 5421 885 5475 Lib.
917 5421 979 5473 tle
1002 5418 1187 5490 Anima
1213 5432 1330 5488 cap.
1367 5417 1453 5473 19.

665 5489 743 5557 t9.)
777 5491 832 5543 In
857 5493 989 5542 actis
1013 5489 1069 5542 n°
1095 5489 1186 5541 20.

661 5556 742 5630 (5)
769 5561 885 5614 Lib.
915 5575 984 5623 tv,
1014 5567 1146 5613 rant.
1172 5556 1432 5630 Marcion.
1468 5573 1595 5630 cap.
1616 5557 1705 5610 2'2.

660 5627 740 5700 (Tt)
772 5630 938 5686 (.‘atal.
971 5633 1022 5685 in
1051 5627 1358 5700 Apollonio,
1392 5636 1445 5700 et
1476 5628 1524 5678 in
1555 5627 1900 5700 'lfci-tnlhano.

645 5697 724 5770 (5)
753 5702 878 5757 Lib.
913 5717 976 5769 v,
1021 5697 1140 5771 cap.
1183 5698 1247 5752 17
1297 5713 1364 5754 ex
1402 5697 1600 5754 Asterii
1646 5699 1774 5755 Urb.
1811 5701 1901 5756 lib.
1951 5703 2007 5771 5,
2053 5703 2168 5759 adv.

566 5773 778 5840 (.‘uIap/I.

2316 4676 2506 4732 stolus.
2534 4697 2551 4730 ι

2345 4783 2348 4786 ί
2385 4769 2466 4823 Ad
2495 4770 2735 4827 eamdem
2765 4773 2990 4831 formam
3014 4790 3413 4850 argumentatur
3431 4788 3682 4846 vetusille
3702 4803 3916 4862 auctor,

2310 4861 2631 4932 quicumque
2657 4864 2771 4930 fuit,
2795 4880 3088 4939 martyrum
3119 4881 3627 4946 contemporaneus,
3652 4861 3915 4942 Actorum

2310 4950 2590 5022 Perpetua:
2635 4964 2690 5010 ct
2727 4956 3038 5015 Felicitatis.
3091 4962 3137 5019 ls
3178 4965 3300 5032 ubi,
3339 4967 3500 5025 allato
3537 4969 3703 5030 Joelis
3755 4976 3910 5044 loco,

2482 5216 2649 5289 Epist.
2687 5221 2774 5289 i6,
2815 5224 2886 5278 al.
2918 5225 3004 5280 10.

2377 5287 2455 5365 (2)
2479 5287 2869 5365 {lieresivam
2901 5294 2927 5365 §
2962 5299 3014 5349 2.

2476 5361 2629 5443 ἔρυᾴ
2659 5362 2854 5443 Euseb.
2890 5359 3027 5443 flist.
3060 5365 3254 5424 Eccles.
3285 5387 3404 5443 cap.
3440 5375 3529 5441 16,
3566 5379 3652 5432 17.
3725 5384 3731 5388 ’

2367 5429 2449 5501 (4)
2476 5435 2536 5482 Ei
2679 5438 3273 5521 mai-{ﬁadpércaxujriv
3286 5451 3330 5498 ia
3352 5429 3656 5518 pt}aés,)tp‘zfqt
3679 5446 3900 5521 Ᾰμμίαιν,

2294 5506 2351 5562 ὥς
2389 5524 2549 5570 φασιν,
2581 5511 2635 5555 αἱ
2665 5509 2769 5572 περὶ
2796 5513 3040 5562 Mauras?»
3063 5515 3328 5576 ἃιεδὲξηντο
3352 5506 3562 5586 juvatur;
3583 5506 3641 5574 τέ
3663 5506 3904 5593 «alapam-1:.

2322 5581 2334 5593 .
2453 5579 2464 5590 .
2735 5583 2746 5593 .
2828 5579 2841 5593 ,
2899 5588 2907 5593 .
2957 5587 3006 5593 --
3185 5591 3197 5593 _
3327 5590 3332 5593 _
3698 5579 3706 5592 .

2283 5579 2641 5658 "£69,1é-pt511a:
2676 5583 2780 5658 ’ἰοὺς
2814 5579 2911 5642 ᾀπὸ
2956 5587 3227 5648 Μοντοινθῢ,
3254 5590 3336 5637 καὶ
3383 5605 3472 5642 τῶν
3505 5579 3737 5658 γυναικίέν
3758 5579 3900 5656 ’τίνες

2827 5641 2836 5642 ί
3213 5641 3223 5648 ,
3396 5641 3400 5642 ν
3547 5641 3552 5642 γ
3782 5641 3895 5656 ----.

2281 5641 2396 5710 πάρ’
2422 5647 2585 5703 αὐτοῖς
2617 5648 2899 5712 διεδέξαντο,
2929 5653 3214 5715 augis-anu»
3239 5671 3250 5712 Τ
3285 5659 3378 5709 δεῖν
3407 5641 3645 5728 τάριεῗνκι
3680 5673 3734 5719 τὸ
3769 5687 3895 5733 προ-

2277 5723 2470 5798 φητυξδν
2497 5721 2713 5798 χάρισμα
2739 5723 2783 5798 ἐν
2806 5724 2938 5798 πάςττι
2962 5737 3021 5798 τῇ
3051 5732 3290 5797 Eamne
3305 5721 3449 5798 μέκρι
3469 5721 3559 5792 ’τῆς
3580 5734 3765 5794 τελείας

2275 5794 2488 5851 ρουσίας,
2514 5790 2539 5838 ὁ
2565 5790 2832 5851 Ᾱποστὸλος
2864 5796 3013 5858 ἀξιοῖ.
