4190 6246
290 283 354 339 81
1224 278 1357 334 PRO
1532 274 1924 354 PEBPETUA,
1967 277 2373 335 FELICITATE
2415 279 2503 334 ET
2544 278 2775 336 SOCIIS.
3526 283 3597 341 8:!

291 396 596 469 probasset,
627 393 696 447 ita
727 406 834 446 non
865 391 1097 446 deficere
1128 405 1156 444 a
1185 391 1383 445 veteris
1413 391 1739 448 Testamenti
1779 392 1892 446 illas
1920 395 1972 452 Α
1997 393 2278 448 ostendam
2305 436 2319 460 ,
2382 393 2662 449 manifeste
2735 403 2980 461 constat,
3034 394 3162 450 nihil
3222 396 3274 450 in
3332 405 3438 452 tota
3497 398 3597 454 hac

292 487 427 543 novi
456 484 772 541 TeSIamenti
799 481 1131 552 prephetias,
1167 490 1226 535 ut
1250 491 1373 536 sunt
1394 483 1568 552 potius
1589 499 1651 538 ex
1673 484 1901 539 adverso

294 581 404 635 Sub
453 594 587 632 novo
637 577 987 633 Testamento
1047 574 1285 644 potiores
1347 575 1727 644 expectandzc,
1788 575 1902 632 haec

297 671 501 728 deinde
541 670 810 739 subjungit
856 668 907 721 in
951 667 1121 733 illam,
1162 681 1319 737 quam
1358 666 1489 732 dixi,
1531 669 1848 722 sententiam
1886 688 1898 723 :

298 783 318 816 ι
361 764 545 833 Itaque
574 772 627 815 et
670 774 785 822 nos,
819 759 908 829 qui
949 750 1089 812 sicut
1127 756 1435 826 pr0phetias
1469 759 1537 812 ita
1581 769 1635 813 et
1669 760 1902 816 visiones

291 871 488 915 novas,
523 862 629 907 etc.
683 871 700 903 ι
739 850 819 904 Εο
855 849 1077 904 omnino
1111 858 1317 918 spectat
1355 857 1462 903 tota
1496 864 1556 903 ea
1588 850 1896 920 disputatio,

284 965 356 1004 ne
386 946 561 1002 fraudi
591 954 739 1000 esset
761 943 1027 999 secuturis
1055 941 1369 1005 visionibus,
1403 945 1540 1012 quod
1577 943 1774 998 ultimis
1803 944 1900 1000 Ec-

284 1042 474 1098 clesia:
507 1039 840 1110 temporibus
884 1038 1002 1092 illas
1051 1037 1192 1091 Deus
1232 1038 1473 1093 revelare
1516 1040 1763 1109 dignatus
1808 1041 1897 1105 sit,

286 1133 344 1188 id
398 1149 464 1188 ne
507 1141 667 1197 esset,
717 1133 821 1186 hoc
870 1130 971 1185 sibi
1012 1127 1346 1199 probandum
1393 1131 1644 1200 sumpsit,
1698 1132 1900 1186 ultimis

284 1241 409 1281 esse
431 1225 550 1279 illas
565 1225 837 1295 praecipue
853 1228 1206 1294 temporibus,
1222 1239 1540 1294 semperque
1553 1225 1618 1278 ad
1641 1238 1898 1278 consum-

283 1319 581 1373 mationem
616 1331 789 1386 usque
832 1319 1210 1387 cxpectandas.
1256 1317 1512 1372 Poterant
1554 1330 1615 1368 ea
1655 1315 1898 1370 fortassis

286 1411 548 1466 adversus
578 1411 836 1465 Ethnicos
876 1411 1014 1466 dicta
1065 1412 1266 1476 videri;
1315 1419 1560 1480 poterant
1598 1410 1756 1464 etiam
1799 1411 1896 1466 ad-

291 1521 487 1561 versus
509 1505 886 1559 Montanistas.
919 1503 1115 1560 Contra
1157 1504 1508 1560 MontaniSIas
1542 1504 1732 1572 potius.
1755 1502 1894 1557 dicta

293 1597 638 1660 crediderim,
677 1597 796 1668 quia
830 1612 949 1664 quae
978 1597 1206 1662 dixerat,
1245 1611 1306 1650 ca
1348 1596 1744 1666 Scripturarum
1786 1605 1895 1650 tes-

294 1690 522 1746 timonio
562 1689 912 1743 confirmavit.
963 1688 1016 1743 Id
1068 1704 1198 1743 sane
1237 1686 1590 1762 manifestum,
1625 1697 1727 1752 est,
1775 1702 1895 1764 quae

2008 485 2266 542 Dodwelli
2297 485 2659 556 diSputatione
2697 487 2872 542 inesse
2903 487 3094 542 virium
3120 497 3281 559 atque
3316 490 3600 544 soliditatis

2005 578 2071 632 ad
2114 579 2454 633 montanismi
2485 579 2842 649 suSpiciouem
2874 578 2942 634 ab
2978 588 3196 635 auctore
3226 590 3412 636 nostro
3446 597 3600 637 amo-

2006 669 2256 724 licndam.

2077 764 2164 818 IV.
2199 765 2293 819 llis
2321 765 2484 836 igitur
2511 765 2721 820 duobus
2750 765 3112 822 fundamentis
3158 774 3264 822 tota
3317 767 3432 822 lucc
3462 783 3591 823 eru—

2004 858 2098 912 diti
2124 860 2220 912 viri
2263 859 2556 927 disputatio
2595 859 2804 914 nititur.
2835 860 3036 926 Primo,
3067 860 3167 914 sub
3193 861 3402 930 imperii
3433 862 3595 915 Marci

2005 948 2164 1002 linem
2195 951 2500 1005 excessisse
2534 949 2902 1018 Maximillam,
2950 951 3117 1006 tribus
3155 951 3368 1008 circiter
3422 967 3486 1006 ac
3517 956 3598 1006 vi-

2001 1041 2131 1110 ginti
2159 1043 2344 1104 anuis,
2401 1052 2686 1112 antequam
2715 1045 3026 1115 martyrium
3064 1043 3330 1114 Perpetua
3353 1053 3406 1100 et
3456 1045 3596 1100 Feli-

2002 1135 2158 1200 citas,
2199 1150 2494 1205 earumque
2519 1137 2648 1191 socii
2678 1137 2941 1192 subirent.
2964 1136 3233 1202 Secundo,
3283 1153 3598 1208 persuasum

2005 1229 2169 1283 fuisse
2212 1213 2581 1294 Montanistis,
2625 1230 2830 1284 nullum
2875 1241 2995 1300 post
3039 1231 3347 1286 Maximilla:
3389 1232 3592 1287 obitum

2002 1319 2316 1390 prophetam
2360 1319 2616 1384 futurum,
2650 1322 2818 1378 multo
2845 1329 3024 1377 autem
3075 1321 3250 1376 minus
3280 1322 3440 1376 aliam
3481 1333 3602 1391 p05t

2001 1428 2120 1466 eam
2153 1412 2519 1481 prophetidem
2551 1414 2959 1483 expectandam.
3007 1413 3149 1468 Fieri
3210 1415 3435 1484 proinde
3485 1431 3590 1472 non

2003 1517 2181 1572 posse,
2227 1511 2285 1557 ut
2307 1504 2562 1558 Actorum
2594 1505 2842 1574 scriptor,
2875 1505 2966 1575 qui
3007 1502 3258 1559 Saturum
3294 1515 3347 1559 et
3396 1506 3595 1577 Perpe—

2002 1609 2146 1649 tuam
2192 1594 2488 1664 pr0phetia:
2535 1610 2596 1649 ac
2649 1596 2951 1652 cwlestium
2999 1597 3384 1653 revelationum
3439 1599 3596 1654 donis

2001 1688 2238 1758 insignes
2263 1687 2559 1758 eademque
2585 1688 2928 1754 charismata,
2959 1688 3027 1743 ad
3072 1691 3592 1747 consummationem

290 1781 382 1837 Inc
411 1781 724 1852 protulerat,
765 1795 885 1835 esse
926 1781 1065 1851 apud
1107 1794 1230 1836 suos
1271 1779 1322 1834 in
1369 1781 1638 1843 confesso,
1682 1777 1823 1849 quod
1863 1793 1892 1831 a
1923 1785 1970 1844 B
2001 1796 2168 1850 usque
2209 1782 2261 1834 in
2295 1781 2531 1836 Ecclesia
2564 1796 2912 1851 permansura
2944 1780 3191 1846 credidit,
3249 1782 3594 1838 Montanista-

286 1874 610 1930 Montanista
641 1873 801 1928 scribi
827 1873 1046 1928 omnino
1074 1888 1178 1927 non
1211 1881 1437 1942 poterat.
1482 1891 1501 1923 ι

273 2035 276 2038 _
367 1986 385 2017 ε
423 1965 648 2020 Notetur
674 1964 817 2018 enim
853 1963 1133 2033 imprimis,
1177 1965 1370 2032 scripta
1407 1977 1527 2017 esse
1568 1961 1635 2016 ab
1670 1968 1888 2017 auctore

288 2075 436 2116 anno
451 2062 596 2116 Dom.
619 2078 741 2127 ccn,
760 2062 909 2116 idest
937 2076 1080 2116 anno
1110 2061 1176 2115 ab
1193 2061 1339 2115 obitu
1357 2057 1658 2112 Maximilla:
1674 2058 1888 2112 circiter

284 2171 424 2211 xxm
455 2174 471 2210 :
498 2155 798 2211 decessisse
829 2155 969 2210 enim
1012 2155 1154 2209 illam
1189 2154 1418 2208 diximus
1445 2167 1587 2206 anno
1617 2151 1773 2206 Marci
1803 2151 1885 2204 ul-

280 2250 436 2310 timo,
486 2231 544 2300 id
607 2257 690 2301 est
734 2248 886 2300 Dom.
921 2262 1156 2310 CLxxtx;
1188 2247 1331 2316 atqui
1378 2261 1438 2318 ea
1469 2244 1515 2298 si
1547 2259 1668 2298 vera
1701 2242 1888 2298 fuisset

277 2339 639 2411 prophetissa,
673 2354 780 2392 non
799 2340 905 2406 jam
930 2339 1065 2392 alius
1084 2347 1198 2392 erat
1223 2337 1478 2406 pr0pheta
1502 2335 1882 2406 expectandus.

280 2433 384 2498 Qui
410 2432 566 2502 igitur
589 2432 723 2484 alios
745 2429 918 2484 adhuc
945 2431 1265 2500 expectavit,
1291 2445 1502 2498 semper
1525 2427 1886 2497 expectandos

270 2525 636 2589 existimavit,
672 2523 785 2579 fieri
820 2539 922 2579 non
963 2515 1156 2595 potest,
1198 2532 1255 2578 ut
1301 2524 1441 2577 illam
1483 2537 1580 2592 pro
1605 2537 1730 2577 vera
1762 2537 1886 2591 pro-

270 2617 520 2688 phetissa
564 2617 836 2682 habuerit,
881 2631 980 2671 nec
1023 2615 1245 2684 proinde
1275 2615 1593 2669 Montanista
1625 2628 1744 2669 esse
1785 2628 1882 2682 po-

271 2713 394 2766 tuit.
446 2711 768 2781 Quanquam
826 2711 966 2764 enim
1017 2725 1076 2764 ea
1120 2709 1340 2764 haeresis
1383 2716 1565 2773 postea
1615 2707 1668 2760 in
1712 2709 1884 2761 varias

270 2803 472 2857 deinde
522 2813 703 2857 sectas
750 2802 1028 2856 distributa
1077 2802 1255 2867 fuerit,
1304 2801 1354 2853 in
1398 2815 1463 2854 eo
1491 2809 1666 2854 tamen
1695 2813 1884 2852 omnes

278 2895 698 2958 conveniebant,
750 2896 947 2963 primas
987 2895 1100 2948 illas
1145 2891 1486 2947 mulierculas
1527 2905 1623 2960 pro
1651 2890 1882 2960 prophe-

281 2987 438 3040 tissis
471 2984 628 3040 fuisse
654 2986 1042 3057 agnoscendas.
1077 2985 1303 3040 Notetur
1339 2983 1596 3048 secundo,
1636 2993 1693 3036 ut
1721 2997 1883 3037 sensu

275 3079 671 3147 benignissimo
701 3081 1007 3135 Maximillw
1047 3080 1206 3136 verba
1249 3080 1682 3148 interpretemur,
1723 3088 1777 3132 et
1816 3078 1882 3133 de

1994 1888 2112 1927 rum
2130 1872 2288 1927 fuerit
2307 1873 2584 1928 erroribus
2614 1873 2868 1928 imbutus.
2900 1872 3027 1928 Mihi
3055 1888 3182 1929 vero
3209 1883 3457 1930 neutrum
3488 1875 3588 1931 h0-

1993 1980 2111 2019 runt
2141 1981 2258 2034 qua:
2287 1964 2368 2018 vir
2419 1965 2605 2020 doctus
2629 1967 2876 2032 assumit,
2907 1966 3116 2021 admitti
3150 1982 3310 2038 posse
3350 1968 3584 2025 videtur.

1991 2058 2058 2112 Et
2086 2057 2151 2112 ad
2182 2058 2408 2127 primum
2442 2059 2569 2113 illud
2600 2059 2741 2130 quod
2773 2061 2963 2115 attinet
2988 2059 3057 2115 de
3083 2059 3229 2115 obitu
3257 2060 3585 2127 Maximillae,

1991 2151 2239 2221 equidem
2285 2155 2398 2207 scio
2440 2154 2636 2209 multos
2666 2154 2720 2208 in
2762 2169 2826 2210 ea
2855 2155 3056 2210 versari
3107 2155 3381 2224 opinione,
3437 2156 3587 2210 ilhnn

1991 2260 2109 2300 esse
2155 2247 2208 2300 in
2238 2261 2437 2300 annum
2466 2246 2626 2302 Marci
2669 2248 2910 2303 ultimum
2942 2247 3349 2304 conferendum.
3377 2248 3504 2313 Sed,
3535 2260 3592 2304 ut

1989 2336 2115 2391 alibi
2139 2337 2349 2392 ostendi
2371 2335 2449 2408 (l)
2491 2349 2544 2392 et
2562 2339 2879 2408 jampridem
2899 2340 3141 2396 Valesius
3157 2341 3461 2396 observavit
3480 2343 3581 2414 (:2),

1996 2429 2126 2484 inde
2173 2444 2359 2484 eorum
2390 2446 2542 2485 error
2570 2421 2843 2500 profluxit,
2887 2432 3030 2502 quod
3062 2434 3354 2500 Asterium,
3393 2438 3480 2505 qui
3528 2452 3587 2489 se

1988 2522 2390 2592 quatuordecim
2423 2523 2578 2576 annis
2626 2533 2745 2592 post
2775 2524 3007 2580 Montani
3039 2534 3093 2580 et
3127 2526 3429 2581 Maximilla:
3468 2528 3586 2581 obi-

1990 2622 2122 2678 tnm,
2154 2612 2320 2667 libros
2349 2627 2476 2667 suos
2503 2613 2786 2681 scripsisse
2819 2624 3044 2671 testatur
3070 2617 3354 2686 Apollonio
3407 2629 3582 2672 vetus-

1989 2707 2178 2761 tiorem
2202 2721 2321 2761 esse
2341 2706 2688 2770 crediderint,
2713 2722 2740 2760 a
2765 2724 2869 2777 quo
2895 2709 3172 2763 memoria:
3197 2708 3468 2779 proditum
3501 2718 3586 2764 est

1987 2798 2335 2869 quadraginta
2403 2799 2557 2852 annis
2607 2809 2891 2870 antequam
2936 2800 3216 2866 scriberet,
3265 2800 3578 2856 Montanum

1988 2890 2323 2960 prophetiam
2347 2905 2497 2944 suam
2528 2889 2798 2945 invexisse
2829 2892 2931 2961 (5).
2959 2893 3022 2944 At
3052 2907 3159 2946 non
3188 2899 3274 2946 res
3306 2894 3375 2945 ita
3399 2907 3457 2946 se
3489 2892 3582 2945 ha—

1987 2984 2121 3039 buit.
2153 3004 2171 3036 ‹
2212 2984 2453 3052 Etenim,
2493 3003 2511 3036 ›
2547 2994 2604 3038 ut
2627 2983 2871 3039 Valesius
2895 2986 3162 3051 observat,
3189 3005 3206 3038 ‹
3245 2986 3580 3058 Apollonius,

1987 3075 2237 3131 Montano
2261 3073 2437 3129 adhuc
2467 3077 2774 3146 superstite,
2800 3091 2923 3132 cum
2966 3078 3166 3133 insanis
3225 3078 3336 3132 suis
3374 3065 3584 3133 vatibus

279 3171 604 3225 mulieribus
634 3172 1009 3242 prophetissis,
1035 3186 1139 3226 non
1169 3170 1236 3225 de
1263 3171 1392 3224 viris
1419 3169 1695 3240 prOphetis
1721 3169 1880 3224 iutcl-
1909 3170 1954 3234 C
1990 3168 2227 3224 Priscilla
2259 3178 2312 3222 et
2338 3167 2647 3234 Maximilla,
2680 3169 2874 3224 librum
2921 3185 3073 3223 suum
3097 3171 3401 3240 composuit
3430 3181 3487 3226 ut
3512 3188 3581 3225 ex

269 3263 502 3335 ligamus
534 3283 548 3318 :
582 3281 650 3320 ne
688 3267 756 3318 ita
787 3265 997 3335 quidem
1040 3265 1178 3319 hanc
1208 3264 1570 3334 pra-fationem
1608 3280 1637 3318 a
1668 3264 1878 3318 Monta-

271 3358 415 3410 nista
446 3357 610 3410 scribi
646 3358 900 3425 potuisse.
932 3357 1211 3426 Perpetua:
1242 3357 1386 3411 enim
1419 3355 1768 3425 prophetissa:
1799 3357 1878 3409 vi-

273 3447 457 3502 siones
487 3458 603 3503 erat
635 3451 1030 3518 eomplexurus.
1053 3449 1366 3518 Quanquam
1396 3457 1599 3502 certum
1627 3448 1716 3514 sit,
1742 3447 1880 3502 hanc

272 3543 780 3612 interpretationem
805 3543 870 3597 ad
900 3552 1132 3598 mentem
1157 3541 1460 3615 Maximilla:
1483 3542 1878 3597 accommodari

273 3649 388 3687 non
417 3649 597 3704 posse.
631 3632 761 3700 Qua:
787 3633 951 3700 enim,
977 3643 1096 3703 post
1123 3647 1180 3688 se
1208 3641 1474 3688 συντέλειαν
1504 3631 1620 3688 fore
1647 3632 1876 3698 dixerat,

281 3741 410 3780 eam
439 3741 645 3778 omnem
681 3741 902 3794 prorsus
931 3726 1221 3796 prophetiae
1245 3741 1398 3780 usum
1421 3725 1756 3781 cxclusuram
1785 3741 1879 3782 ne-

285 3833 450 3873 cesse
491 3829 615 3872 erat.
665 3819 844 3874 Tertio
871 3862 886 3886 ,
931 3835 1050 3874 cum
1095 3819 1193 3874 hac
1236 3820 1348 3889 ipsa
1389 3818 1876 3888 argumentatione,

281 3921 419 3966 ante
447 3926 611 3966 annos
643 3913 706 3967 ad
744 3913 1022 3966 minimum
1061 3912 1269 3977 decem,
1319 3913 1366 3964 iu
1406 3921 1548 3966 secta
1591 3911 1678 3965 illa
1719 3910 1880 3966 refel-

274 4005 439 4062 lenda
496 4021 621 4060 usus
670 4005 844 4062 fuerat
887 4006 1130 4060 Asterius
1172 4005 1458 4072 Urbanus,
1507 4005 1626 4074 quis
1671 4004 1872 4069 credat,

272 4101 468 4155 eadem
535 4099 997 4170 argumentatione
1054 4114 1273 4152 usurum
1329 4106 1487 4152 secta:
1555 4097 1878 4168 patronum?

273 4191 508 4258 Quarto,
543 4191 594 4245 id
626 4193 784 4245 etiam
815 4206 878 4246 ex
910 4190 1097 4245 eodem
1123 4189 1338 4246 Urbano
1369 4198 1600 4253 constat,
1638 4188 1705 4244 de
1738 4188 1878 4243 facto

271 4285 396 4339 illos
423 4299 644 4338 omnem
674 4297 820 4337 suam
855 4283 1232 4354 prephetarum
1262 4282 1655 4336 successionem
1684 4281 1735 4335 in
1761 4280 1874 4350 Ma-

270 4377 481 4431 ximilla
532 4377 869 4441 terminasse,
915 4390 1016 4453 nec
1059 4375 1220 4428 alium
1274 4375 1515 4444 quemvis
1559 4382 1679 4443 post
1729 4373 1872 4427 illam

269 4469 562 4524 admisisse
601 4482 990 4522 successorem.
1033 4465 1228 4520 Eadem
1261 4461 1722 4534 argumentatione
1748 4479 1875 4519 usus

1986 3260 2069 3315 his
2122 3259 2436 3330 fragmentis
2490 3275 2608 3329 qua:
2657 3261 2856 3329 profert
2898 3260 3160 3316 Eusebius
3199 3261 3424 3327 elicitur,
3497 3262 3578 3316 id-

1982 3366 2087 3422 que
2140 3365 2244 3405 non
2291 3366 2396 3404 uno
2453 3351 2594 3413 loco;
2648 3359 2703 3404 nt
2745 3367 2864 3405 cum
2891 3350 3044 3416 dixit,
3106 3363 3132 3414 ἦ
3195 3369 3419 3423 προφῆτις
3464 3359 3578 3420 ἡμῖν

1983 3450 2164 3500 εἰπάτω
2195 3451 2256 3498 τὰ
2285 3451 2410 3500 κατά
2437 3439 2718 3514 λλὲξανόρνν
2743 3455 2824 3498 τῦν
2846 3453 3037 3510 λέγοντά.
3063 3452 3228 3501 ἑαυτὸν
3255 3453 3474 3518 μᾶρτυροι
3493 3486 3508 3511 ,

1981 3547 2306 3598 συνεστιᾶται.
2342 3541 2724 3607 {inpone-10:32:,
2756 3541 2835 3589 mi
2882 3540 3011 3605 αὖτῷ
3062 3543 3248 3591 πολλοι.
3299 3536 3368 3591 Ει
3421 3539 3579 3607 paulo

1983 3641 2104 3703 post
2127 3632 2195 3687 de
2224 3632 2414 3687 eodem
2445 3631 2750 3687 Alexandro
2778 3633 3002 3704 loquens
3027 3633 3099 3687 ait
3134 3673 3148 3699 ,
3182 3641 3232 3686 δν
3265 3638 3290 3687 ὁ
3332 3648 3574 3704 προφήτης

1981 3731 2176 3783 συνόντα.
2214 3729 2400 3786 πολλοῖς
2443 3734 2588 3780 ἔτεσιν
2626 3729 2776 3780 ἀνθεῖ.
2831 3726 2908 3780 EX
2954 3725 3148 3796 quibus
3199 3734 3422 3795 apparet
3459 3741 3578 3778 ver—

1981 3817 2082 3882 bis,
2106 3827 2158 3873 et
2181 3817 2542 3873 Alexandrum
2588 3826 2641 3872 et
2661 3816 2967 3872 Montanum
3007 3819 3178 3887 ipsum
3210 3832 3274 3871 ac
3309 3815 3571 3870 Maximil-

1981 3913 2087 3967 lam
2135 3912 2309 3966 adlmc
2337 3913 2556 3976 vixisse,
2589 3926 2712 3966 cum
2759 3913 2874 3966 hanc
2919 3911 3182 3966 scriberet
3231 3909 3572 3981 Apollonius.

1980 4004 2163 4074 Neque
2187 4018 2318 4058 vero
2345 4004 2421 4056 ait
2446 4003 2762 4071 Apollonius
2815 4003 3165 4072 quadraginta
3201 4016 3370 4056 annos
3417 4001 3574 4056 efflu-

1983 4098 2128 4151 xisse
2153 4095 2222 4149 ab
2251 4095 2398 4148 obitu
2425 4093 2660 4148 Montani
2683 4094 2749 4147 ad
2777 4103 2985 4162 tempus
3014 4108 3121 4162 quo
3151 4093 3247 4146 ista
3279 4092 3568 4155 scribebat;

1978 4188 2072 4244 sed
2100 4187 2151 4242 id
2180 4197 2383 4241 tantum
2406 4185 2568 4252 dicit,
2598 4185 2949 4256 quadraginta
2968 4185 3122 4238 annis
3149 4191 3435 4254 antequam
3456 4184 3569 4252 ipsc

1978 4279 2044 4334 ad
2072 4277 2414 4334 scribendum
2457 4277 2754 4342 accederet,
2787 4277 3092 4332 Montanum
3123 4274 3564 4348 pseudoprophe-

1979 4373 2104 4427 tiam
2133 4387 2286 4447 suam
2305 4372 2590 4428 invexisse.
2617 4391 2635 4422 ι
2666 4369 2844 4438 Quare
2870 4386 3014 4435 cum,
3045 4368 3247 4424 Severo
3273 4369 3572 4438 imperante

1979 4475 2034 4520 ct
2057 4465 2348 4534 superstite
2374 4462 2549 4518 adhuc
2580 4461 2895 4530 Maximilla,
2915 4461 3083 4516 libros
3110 4473 3236 4515 suos
3253 4459 3568 4530 Apollonius

271 4560 635 4631 Epiphanius,
661 4569 778 4630 post
803 4559 945 4613 illius
965 4558 1166 4613 obitum
1196 4558 1465 4613 neminem
1493 4557 1654 4612 alium
1673 4572 1702 4610 a
1725 4557 1872 4611 Mon-
1896 4564 1952 4624 1)
1976 4557 2324 4624 elucubrarit,
2355 4566 2678 4612 memoratos
2707 4556 2923 4612 Asterie
2948 4554 3354 4627 quatuordecim
3387 4569 3417 4608 a
3455 4553 3570 4609 Ma-

279 4651 493 4704 tauistis
517 4651 582 4705 ad
623 4642 716 4706 sua
748 4666 920 4720 usque
950 4660 1191 4718 tempora
1232 4651 1467 4720 agnitum
1511 4664 1631 4705 esse
1666 4650 1867 4705 confir-

282 4752 420 4796 mat.
451 4743 584 4797 Fieri
615 4733 769 4814 igitur
796 4758 902 4798 non
944 4733 1138 4814 potest,
1178 4735 1235 4797 ut
1266 4744 1588 4798 montanisla
1617 4743 1866 4800 Saturum

274 4823 700 4906 Perpetuamque
743 4837 798 4890 in
842 4838 1219 4906 prOphetarum
1269 4836 1446 4890 album
1496 4837 1762 4891 retulerit.
1812 4837 1867 4892 Id

273 4928 464 4982 saltem
485 4944 550 4982 ex
579 4929 663 4983 illa
687 4930 915 4983 aliorum
944 4931 1401 5000 argumentatione
1422 4931 1680 4985 concedat
1700 4931 1868 4986 lector

269 5035 491 5076 necesse
527 5032 629 5087 εει,
677 5022 766 5090 qui
803 5019 873 5075 ita
903 5031 1322 5092 argumentatur,
1365 5036 1468 5076 non
1511 5034 1630 5076 esse
1669 5036 1734 5077 eo
1772 5037 1868 5077 no-

265 5114 410 5168 mine
438 5131 534 5185 pro
577 5116 897 5167 montanista
933 5114 1330 5169 mstimamlum.
1376 5113 1695 5169 Ncc‘tatnen
1725 5115 1868 5170 aliud

267 5207 566 5274 proferunt,
628 5209 718 5276 qui
764 5207 919 5262 aliter
982 5208 1220 5262 sentiunt
1260 5208 1358 5261 viri
1420 5223 1548 5262 sane
1592 5207 1805 5263 eruditi.
1842 5228 1860 5260 ι

262 5297 392 5353 Hec
437 5299 778 5363 Dodwellus,
829 5317 946 5369 qmc
988 5311 1162 5355 tamen
1215 5301 1457 5371 quamvis
1499 5301 1708 5357 erudite
1735 5343 1750 5368 ,
1804 5317 1867 5357 ac

261 5393 538 5448 subtiliter
577 5395 870 5462 disputata,
913 5404 1232 5464 extorquere
1268 5411 1296 5448 a
1331 5411 1414 5450 me
1438 5397 1743 5465 neutiquam
1775 5413 1868 5466 po-

265 5490 505 5549 tuerunt,
545 5494 598 5537 ut
629 5483 738 5539 illis
765 5500 1040 5539 assensum
1073 5486 1556 5542 accommodarem.
1603 5487 1692 5542 l-Iis
1721 5489 1865 5544 enim

272 5571 341 5626 in
364 5574 535 5640 rebus,
561 5577 987 5646 quibuscumque
1019 5579 1215 5632 nostris
1246 5579 1529 5632 subtilibus
1556 5590 1713 5651 atque
1738 5597 1864 5634 eru-

269 5662 409 5718 ditis
434 5666 887 5724 observationibus
925 5671 1216 5746 praevalere
1252 5671 1450 5728 debent
1478 5687 1656 5726 rerum
1685 5682 1865 5743 gesta-

263 5773 399 5816 rum
426 5759 651 5830 indubia:
677 5761 801 5818 fidei
841 5766 1208 5832 monumenta,
1249 5780 1315 5820 ex
1342 5765 1557 5836 quibus,
1600 5774 1657 5822 ut
1707 5765 1867 5823 modo

1974 4651 2190 4705 ximilla:
2209 4650 2356 4704 obitu
2378 4649 2574 4719 quietis
2601 4650 2811 4720 imperii
2830 4660 2883 4704 et
2905 4637 3170 4719 Ecclesia:
3195 4649 3341 4717 pacis
3369 4647 3561 4716 annos,

1973 4759 2002 4798 a
2031 4743 2322 4799 Caracallae
2372 4754 2494 4813 p05t
2545 4753 2774 4798 mortem
2801 4743 2966 4812 patris
2988 4741 3152 4795 initiis
3183 4739 3249 4794 ad
3277 4739 3568 4794 Alexandri

1973 4837 2180 4907 priores
2196 4849 2364 4890 annos
2393 4850 2514 4890 esse
2536 4833 2829 4896 ducendos,
2859 4830 3270 4887 etMaximillam
3288 4845 3430 4884 anno
3461 4830 3564 4883 Do-

1973 4930 2100 4984 mini
2120 4927 2237 4998 plus
2252 4928 2427 4981 minus
2445 4942 2584 4982 ccxn
2601 4926 2817 4988 abiisse,
2841 4924 2956 4978 loco
2972 4922 3218 4992 superius
3232 4921 3444 4976 laudato
3467 4921 3566 4974 de-

1973 5019 2284 5074 monstravi.
2312 5017 2404 5073 His
2456 5018 2524 5071 ita
2549 5014 2934 5071 animadversis
2962 5013 3116 5067 facile
3142 5021 3402 5067 corruunt
3441 5027 3563 5081 qua:

1972 5112 2277 5169 Dodwellus
2328 5110 2480 5165 falsa:
2519 5108 2588 5164 de
2632 5105 2937 5162 Maximilla:
2968 5098 3192 5158 interitu
3220 5104 3439 5174 epocha:
3471 5119 3566 5158 sn-

1971 5204 2285 5278 perstruxit.
2312 5201 2635 5274 Perpetuam
2663 5200 2806 5257 enim
2859 5209 3017 5268 atque
3059 5195 3392 5252 Felicitatem
3422 5212 3562 5250 anno

1971 5300 2186 5355 circiter
2215 5312 2358 5361 ccm,
2389 5297 2488 5351 sub
2520 5298 2630 5366 ipsa
2665 5309 2801 5367 pene
2831 5292 3135 5348 Severinum
3175 5290 3565 5361 persecutionis

1971 5393 2142 5456 initia,
2175 5399 2439 5459 martyres
2482 5389 2815 5452 occubuisse,
2873 5383 3277 5440 verositnillima
3331 5382 3564 5437 erudito-

1972 5501 2113 5550 rum,
2153 5483 2444 5554 quosinter
2465 5492 2519 5538 et
2553 5482 2880 5547 Dodwellus,
2910 5479 3090 5552 Opinio
3111 5488 3214 5535 est.
3240 5477 3394 5535 Unde
3443 5479 3569 5533 Pcr-

2046 5617 2125 5693 (I)
2162 5619 2356 5673 Disser.
2391 5617 2455 5693 de
2483 5619 2639 5693 c_apit._
2669 5617 2870 5693 crimin.
2895 5614 3278 5693 absol._sect.2.

2045 5684 2123 5760 ('2)
2153 5693 2350 5746 Annot.
2385 5689 2453 5743 ad
2483 5684 2669 5760 Euseb.
2696 5689 2787 5760 Iih.
2817 5704 2871 5752 v,
2894 5701 3013 5758 cap.
3049 5684 3139 5741 I8.

1975 5771 1996 5842 ί
2047 5759 2129 5836 (5)
2155 5760 2313 5835 Apud
2339 5760 2541 5819 Euseb.
2570 5759 2676 5816 loc.
2705 5759 2798 5814 cit.
