4190 6246
617 353 690 413 85
1704 342 2151 406 DlSSERTATiO
2190 340 2672 402 APOLOGETICA
3854 340 3919 401 81,

617 476 796 540 petua:
831 464 1145 539 martyrium
1175 462 1478 519 Maximillae
1504 460 1778 518 interitum
1827 462 1980 518 annis
2007 460 2070 516 ad
2102 459 2219 515 mi—
2244 461 2298 520 Α
2323 457 2554 528 scriptor
2569 456 2829 529 adstruat,
2847 464 3008 528 atque
3020 455 3339 513 continuet?
3373 475 3393 509 ι
3420 454 3553 513 Nam
3568 455 3696 529 quia
3713 458 3923 528 spirita-

616 575 723 617 nus
761 558 949 614 decem
989 555 1268 626 praecessit
1297 572 1311 609 :
1341 553 1585 624 adeoque
1635 555 1863 624 scriptor
1888 554 2215 608 montanista

621 654 740 722 ejus
762 650 1068 722 prophetias
1089 664 1379 720 agnoscere
1403 648 1593 718 potuit,
1618 663 1680 704 ac
1700 647 1967 712 venerari,
1992 656 2218 716 eamque

620 752 678 798 ut
703 741 1093 814 prophetissam
1130 741 1331 808 colere,
1355 740 1603 811 quamvis
1644 756 1751 794 non
1782 739 2074 808 ignoraret,
2109 738 2217 791 imo

619 841 674 889 et
702 834 1021 887 inconcusse
1074 847 1135 886 ac
1166 831 1394 887 ﬁrmiter
1420 830 1668 887 crederet
1720 831 1918 886 nullam
1952 840 2074 901 post
2102 830 2215 885 Ma-

616 925 879 981 ximillam
909 923 1023 980 fore
1051 923 1465 997 prephetissam.

691 1016 756 1071 V.
777 1015 996 1081 Deinde,
1022 1016 1064 1069 si
1090 1016 1413 1071 arbitremur
1438 1030 1562 1071 vera
1580 1030 1701 1072 esse
1720 1032 1839 1084 qua:
1856 1013 1922 1070 de
1942 1013 2181 1071 Maximil
2196 1047 2211 1058 -

612 1110 682 1165 lae
708 1109 853 1165 obitu
875 1108 1182 1164 Dodwellus
1208 1112 1408 1175 statuit,
1429 1123 1546 1164 ean:
1577 1109 1775 1164 scilicet
1798 1123 1938 1164 anno
1955 1108 2112 1164 Marci
2142 1108 2218 1163 ιιι-

621 1205 752 1258 timo
784 1202 1104 1269 excessisse,
1133 1216 1354 1258 necesse
1376 1202 1619 1271 proiecto
1646 1211 1750 1267 est,
1776 1211 1832 1255 ιιι
1870 1200 1997 1256 falsa
2029 1204 2206 1258 omni-

618 1309 693 1349 no
721 1295 828 1348 sint
877 1308 994 1364 qua:
1034 1293 1271 1349 secundo
1292 1294 1412 1349 loco
1442 1294 1606 1349 tradit
1656 1294 1724 1349 de
1762 1290 2207 1351 Montanistarum

614 1388 672 1442 in
702 1384 841 1440 hanc
865 1385 1187 1440 sententiam
1214 1385 1595 1452 consensione,
1617 1385 1757 1456 quod
1782 1386 1925 1441 nulla
1950 1396 2069 1456 post
2096 1387 2210 1442 Ma-

618 1478 878 1533 ximillam
913 1476 1085 1531 futura
1109 1484 1255 1532 esset
1282 1478 1333 1530 in
1354 1476 1594 1532 Ecclesia
1624 1478 2208 1548 pr0pltetissa.Etenim

617 1581 729 1626 tam
766 1571 910 1626 clare
960 1581 1013 1626 et
1043 1576 1227 1641 aperte
1250 1569 1816 1640 demonstraripoteSI,
1838 1570 2208 1638 Montanistas,

621 1664 755 1719 alias
778 1660 1264 1733 postMaximillam
1301 1664 1318 1733 (
1346 1664 1388 1716 si
1408 1662 1524 1732 ejus
1549 1677 1695 1717 mors
1737 1663 1788 1716 in
1819 1676 2017 1718 annum
2049 1663 2210 1718 Marci

616 1756 862 1811 ultimum
890 1750 1230 1823 conjiciatur)
1262 1751 1626 1822 prophetissas
1667 1754 1972 1821 agnovisse,
1998 1762 2057 1808 ut
2110 1754 2211 1809 mi-

2322 550 2393 607 lia
2441 550 2766 607 charismata
2794 550 3157 621 agnoscimus,
3212 559 3332 619 post
3385 550 3651 606 Joannem
3713 567 3922 623 quoque

2321 642 2659 713 prophetiam
2677 642 2971 697 meruimus
3007 651 3061 696 et
3089 641 3367 712 consequi.
3416 642 3485 697 Et
3540 640 3703 697 hodie
3745 658 3916 714 soror,

2320 742 2449 798 etc.,
2492 752 2510 785 ι
2558 733 2831 801 relataque
2877 733 3078 786 insanae
3123 732 3259 785 vatis
3287 732 3497 787 visione
3530 775 3545 799 ,
3599 733 3917 806 subjungit:

2326 843 2344 875 ι
2374 824 2499 878 llaec
2537 823 2672 879 visio
2697 832 2815 889 est;
2853 823 2996 879 Deus
3019 822 3188 888 testis,
3214 832 3269 877 et
3297 823 3590 894 Apostolus
3618 827 3918 884 charisma-

2320 922 2431 971 tum
2464 916 2517 970 in
2571 915 2810 972 Ecclesia
2836 914 3143 969 futurorum
3186 914 3412 968 idoneus
3440 928 3690 984 Sponsor.
3728 938 3747 971 ι
3782 919 3917 986 Quid

2324 1009 2556 1078 denique
2579 1008 2721 1079 quod
2748 1008 2800 1063 itt
2832 1007 2974 1063 libro
2998 1007 3069 1062 de
3090 1006 3319 1076 Jejuniis
3344 1005 3605 1064 adversus
3632 1010 3918 1084 Psychieos

2319 1100 2422 1157 hoc
2449 1117 2542 1157 eos
2574 1102 2791 1157 nomine
2807 1100 3044 1167 vellicat,
3078 1099 3221 1170 quod
3250 1100 3446 1157 divinae
3491 1104 3680 1172 gratiae
3709 1106 3914 1162 charis-

2318 1195 2475 1250 matis
2505 1195 2765 1249 terminos
2790 1193 3175 1261 contituerent,
3219 1207 3314 1247 seu
3357 1196 3532 1263 palos,
3557 1204 3616 1249 ut
3641 1197 3875 1267 loquitur
3895 1240 3911 1268 ,

2318 1267 2642 1342 terminales?
2676 1285 2829 1352 Quod
2864 1286 3046 1356 utique
3078 1285 3132 1339 in
3166 1288 3311 1355 ipsos
3357 1285 3705 1343 Montanistas
3747 1267 3915 1346 retor-

2317 1382 2467 1453 queri
2495 1380 2640 1434 nullo
2670 1382 2883 1449 negotio
2907 1378 3190 1448 potuisset,
3220 1378 3264 1432 si
3296 1376 3502 1434 eisdem
3532 1382 3718 1450 gratiae
3756 1381 3913 1439 donis

2318 1476 2450 1529 fines
2498 1474 2551 1527 in
2592 1472 2884 1528 Maximilla
2914 1472 3266 1543 posuissent:
3298 1493 3318 1526 ι
3363 1473 3458 1530 sed
3482 1488 3689 1541 rursus,
3744 1476 3914 1545 inquit

2316 1565 2419 1637 (1),
2476 1567 2624 1636 palos
2675 1564 2981 1620 terminales
3014 1563 3172 1634 figitis
3200 1565 3333 1630 Deo,
3368 1567 3507 1622 sicut
3530 1567 3597 1623 de
3617 1570 3808 1638 gratia,
3842 1570 3912 1625 ita

2314 1659 2381 1714 de
2413 1657 2714 1730 disciplina;
2746 1659 2883 1713 sicut
2930 1658 2999 1714 de
3029 1658 3467 1726 charismatibus,
3500 1661 3572 1716 ita
3624 1669 3680 1717 et
3707 1661 3775 1717 de
3818 1675 3907 1718 so.

2314 1751 2605 1820 lemnibus,
2635 1761 2693 1807 ut
2722 1752 2950 1822 proinde
2974 1752 3147 1808 cilicia
3176 1755 3527 1821 cessaverint,
3564 1755 3913 1825 quemadmo-

615 1863 734 1904 ram
762 1847 853 1911 sit,
876 1845 979 1900 hoc
1005 1845 1176 1899 virum
1207 1843 1425 1899 doctum
1444 1843 1642 1914 jecisse
1668 1844 1936 1915 opinionis
1960 1858 2071 1900 suae
2093 1844 2212 1901 fun-
2242 1851 2290 1912 Β
2318 1845 2444 1900 dum
2469 1854 2523 1900 et
2556 1844 2817 1900 beneﬁcia
2845 1844 2981 1915 ejus.
3021 1864 3041 1899 ι

615 1940 951 1995 damentum.
979 1937 1173 1993 Annon
1211 1935 1279 1991 ad
1321 1933 1670 1992 Montanistas
1699 1936 1966 1994 defecerat
1998 1937 2211 1994 Tertul-

614 2036 810 2103 lianus,
836 2048 957 2089 cum
980 2032 1171 2087 librum
1203 2031 1417 2102 scripsit
1437 2030 1503 2086 de
1529 2031 1747 2086 Anima?
1763 2033 1953 2087 Annon
1976 2032 2042 2088 ab
2064 2032 2210 2088 obitu

612 2126 939 2202 Maximillae,
974 2126 1186 2197 triginta
1210 2124 1379 2181 ferme
1405 2125 1575 2190 annis,
1609 2125 1653 2179 si
1681 2125 1771 2179 illa
1797 2124 1999 2180 Aurelii
2022 2126 2210 2181 ultimo

617 2220 869 2285 excessit,
895 2218 1039 2273 hunc
1064 2219 1258 2277 librum
1286 2216 1666 2272 elucubravit?
1688 2215 1756 2271 Et
1788 2224 1967 2272 tamen
1989 2216 2119 2273 alias
2150 2233 2208 2273 se

617 2313 715 2381 ibi,
744 2322 863 2383 post
889 2313 1129 2367 insanam
1157 2310 1300 2366 illam
1346 2310 1626 2367 mulierem
1647 2353 1661 2379 ,
1693 2311 2205 2382 pseudoprophetis-

612 2420 703 2463 sas
729 2419 1019 2476 agnoscere
1048 2403 1327 2475 proﬁtetur
1358 2402 1462 2474 (1).
1504 2421 1523 2454 ι
1560 2403 1657 2458 Est
1684 2402 1843 2459 hodie
1871 2417 2027 2459 soror
2066 2405 2207 2475 apud

611 2516 716 2556 nos
741 2497 1125 2567 revelatiopum
1157 2497 1481 2553 charismata
1503 2498 1691 2553 sortita
1719 2540 1732 2565 ,
1764 2512 1899 2567 quas
1927 2499 1980 2552 in
2021 2497 2208 2553 Eccle-

614 2593 693 2649 sia
714 2593 853 2647 inter
878 2590 1144 2645 dominica
1176 2588 1434 2644 solemnia
1454 2603 1550 2659 per
1567 2590 1798 2644 ecstasin
1822 2589 1874 2644 in
1905 2589 2092 2660 spiritu
2116 2603 2207 2659 pa-

612 2686 765 2755 titur,
789 2676 1136 2740 conversatur
1158 2698 1279 2737 cunt
1311 2681 1515 2752 angelis
1540 2722 1552 2748 ,
1582 2681 1871 2752 aliquando
1890 2681 2050 2737 etiam
2082 2695 2204 2736 cum

610 2781 859 2845 Domino,
890 2786 946 2835 et
968 2776 1133 2844 videt,
1159 2784 1211 2832 et
1231 2773 1378 2829 audit
1404 2783 1759 2839 sacramenta,
1784 2772 2205 2843 etquorumdam

614 2871 775 2929 corda
803 2871 1056 2941 dinoscit,
1086 2879 1141 2926 et
1171 2867 1467 2923 medicinas
1494 2856 1944 2923 desiderantibus
1982 2864 2207 2919 submit-

615 2944 699 3023 tit.
729 2963 846 3020 Jam
886 2979 1014 3021 vero
1044 2972 1201 3034 prout
1229 2960 1517 3032 Scriptum:
1549 2958 1797 3030 leguntur
1826 3000 1843 3027 ,
1877 2967 1967 3012 aut
2014 2956 2205 3027 psalmi

620 3066 906 3127 canuntur,
939 3064 1030 3111 aut
1058 3054 1409 3110 allocutiones
1443 3054 1817 3125 proferuntur,
1873 3060 1966 3108 aut
1996 3053 2205 3123 petitio-

616 3162 712 3204 nes
741 3147 1077 3221 delegantur;
1108 3148 1177 3201 ita
1208 3146 1334 3202 inde
1370 3146 1608 3202 materia:
1630 3146 1925 3201 visionibus
1954 3144 2205 3201 submini-

619 3250 893 3296 strantur:
925 3238 1065 3299 forte
1085 3240 1270 3296 nescio
1299 3238 1424 3311 quid
1452 3240 1519 3294 de
1544 3239 1720 3294 anima
1752 3238 2205 3307 disserueramus,

610 3349 729 3389 cum
760 3348 822 3389 ea
854 3347 1007 3388 soror
1037 3331 1089 3389 in
1121 3333 1308 3404 spiritu
1336 3330 1499 3388 eSset.
1532 3318 1660 3386 Post
1715 3341 1979 3386 transacta
2012 3334 2207 3387 solom-

609 3428 718 3505 nia,
751 3427 970 3495 dimissa
992 3428 1147 3502 plebe
1171 3470 1184 3496 ,
1228 3443 1334 3499 quo
1380 3443 1478 3482 usu
1529 3427 1664 3483 solet
1709 3427 1862 3483 nobis
1895 3430 2206 3486 renuntiare

605 3536 727 3590 qua:
776 3520 967 3577 viderit
1001 3518 1164 3591 (nam
1230 3530 1283 3575 et
1321 3519 1734 3590 diligentissime
1788 3518 2106 3591 digeruntur
2148 3529 2206 3576 ut

606 3616 765 3669 etiam
796 3613 1142 3684 probentur),
1190 3614 1326 3668 inter
1355 3624 1570 3677 caetera,
1605 3612 1775 3683 inquit
1800 3655 1812 3674 ,
1867 3623 2080 3669 ostensa
2123 3625 2206 3670 est

607 3708 735 3763 mihi
768 3709 943 3765 anima
973 3708 1325 3781 corporaliter
1354 3716 1457 3764 etc.
1492 3729 1510 3761 ι
1541 3709 1618 3764 Ειι
1645 3710 1909 3780 egregiam
1945 3720 2066 3782 post
2096 3710 2204 3766 Ma-

607 3801 863 3863 ximillam
894 3799 1341 3869 Montanistarum
1400 3800 1832 3873 prophetissam!
1884 3801 2020 3870 Quid
2060 3802 2201 3873 quod

608 3893 659 3947 in
692 3893 878 3957 eodem
910 3893 1045 3949 libro
1069 3890 1148 3965 (ἐξ)
1176 3892 1455 3964 Perpetua}
1481 3891 1865 3961 revelationes,
1894 3909 1998 3948 non
2028 3896 2202 3949 minus

603 3999 763 4053 quam
799 3984 1058 4057 passionis
1089 3996 1295 4051 auctor,
1330 3985 1571 4056 agnoscit
1615 3994 1774 4057 atque
1817 3986 2198 4056 commendat,

606 4075 847 4147 adeoque
876 4055 1193 4147 Perpetuam
1224 4093 1327 4132 non
1356 4078 1533 4132 minus
1554 4120 1568 4144 ,
1610 4093 1770 4148 quam
1804 4081 2057 4134 Actorum
2086 4079 2198 4133 col-

598 4168 787 4236 lector,
807 4169 856 4223 in
879 4168 1258 4245 prophetarum
1279 4169 1458 4224 album
1481 4168 1812 4226 referendam
1836 4170 2200 4226 existimavit?

610 4278 629 4311 ι
662 4260 925 4332 Perpetua
979 4258 1270 4316 fortissima
1318 4272 1523 4332 martyr
1556 4262 1609 4315 in
1660 4261 1985 4316 revelatione
2014 4263 2199 4334 gloria:

606 4355 875 4425 paradisi,
930 4354 1075 4410 solos
1118 4352 1226 4409 illic
1273 4365 1660 4426 commartyres
1704 4370 1831 4411 suos
1861 4356 2010 4412 vidit.
2049 4376 2066 4409 ι
2130 4356 2200 4412 Ει

613 4454 790 4501 tamen
819 4445 1083 4519 Perpetua
1122 4447 1208 4500 vix
1233 4455 1355 4503 nata
1382 4456 1531 4515 erat,
1569 4463 1687 4504 cum
1714 4448 2005 4506 Maximilla
2043 4452 2196 4520 obiit,

608 4540 654 4594 si
686 4540 786 4595 sub
814 4540 1024 4610 imperii
1056 4539 1217 4597 Marci
1246 4540 1403 4597 ﬁnem
1425 4543 1608 4599 vivere
1630 4543 1808 4609 desiit,
1833 4561 1975 4600 anno
1992 4546 2197 4613 scilicet

2389 1936 2516 1991 Habe
2545 1951 2753 1992 mecum
2780 1936 3032 2008 cogitanti
3062 1939 3112 1993 in
3144 1948 3378 1996 mentem
3407 1941 3553 1996 venit
3599 1955 3665 1996 an
3706 1941 3916 1998 Monta-

2316 2029 2471 2085 nistis
2526 2030 2579 2085 in
2612 2016 2790 2085 Africa
2819 2042 3099 2104 perspecta
3128 2035 3308 2088 omnia
3355 2034 3496 2090 forte
3526 2050 3634 2090 non
3684 2044 3865 2091 essent
3895 2078 3912 2103 ,

2315 2138 2435 2194 quae
2463 2123 2751 2179 Maximilla
2782 2127 2833 2179 in
2864 2126 2988 2180 Asia
3017 2128 3230 2182 oracula
3284 2126 3514 2184 fuderat.
3561 2128 3665 2185 Sed
3695 2127 3762 2185 ab
3813 2128 3916 2185 hac

2314 2232 2402 2274 me
2455 2218 2779 2290 cogitatione
2827 2221 3099 2275 revocavit
3156 2220 3448 2276 Firmiliani
3488 2220 3552 2276 ad
3582 2220 3913 2292 Cyprianum

2313 2311 2536 2377 epistola
2568 2310 2667 2384 (2),
2699 2327 2764 2368 ex
2793 2327 2898 2382 qua
2919 2322 3152 2382 constat,
3187 2314 3346 2369 etiam
3378 2314 3431 2368 in
3457 2314 3603 2380 Asia,
3639 2315 3771 2370 alias
3789 2322 3917 2385 post

2311 2401 2650 2457 Maximillam
2691 2405 2830 2459 inter
2865 2403 3213 2461 Montanistas
3260 2407 3556 2464 surrexisse
3605 2405 3913 2477 prophetis-

2311 2509 2397 2551 sas
2428 2512 2439 2549 :
2480 2514 2497 2546 ι
2536 2497 2671 2551 Ante
2712 2498 2917 2568 viginti,
2949 2499 3138 2570 inquit,
3172 2509 3226 2555 et
3255 2499 3390 2557 duos
3432 2500 3543 2556 fere
3574 2515 3743 2556 annos
3773 2510 3913 2557 tem-

2311 2588 2528 2657 poribus
2574 2600 2692 2659 post
2721 2589 3084 2646 Alexandrum
3134 2592 3538 2663 imperatorem,
3592 2593 3772 2649 multa:
3792 2594 3915 2650 istic

2309 2680 2736 2737 conﬁictationes
2776 2691 2827 2737 et
2869 2699 3132 2753 pressurae
3174 2686 3505 2753 acciderunt,
3558 2686 3640 2740 vel
3673 2686 3725 2739 in
3764 2700 3916 2741 eom-

2308 2786 2471 2828 mune
2507 2775 2755 2830 omnibus
2792 2774 3114 2845 hominibus,
3161 2774 3241 2833 vel
3287 2779 3534 2848 privatim
3572 2779 3910 2834 Christianis.

2504 2864 2564 2921 In
2608 2867 2707 2922 hac
2750 2876 2928 2924 autem
2977 2871 3383 2941 perturbatione
3430 2871 3738 2926 constitutis
3780 2870 3913 2928 ﬁde-

2309 2958 2617 3029 libus......,
2664 2961 2886 3017 emersit
2923 2961 3042 3018 istic
3069 2964 3245 3019 subito
3274 2963 3516 3035 quaedam
3549 2965 3761 3033 mulier,
3790 2979 3910 3034 qua:

2309 3051 2364 3105 in
2386 3053 2583 3106 exstasi
2613 3054 2918 3118 constituta,
2946 3054 3241 3126 propheten
3270 3069 3328 3111 se
3357 3055 3654 3125 przeferret,
3683 3069 3736 3112 et
3757 3059 3907 3126 quasi

2309 3142 2508 3198 Sancto
2557 3143 2759 3215 Spiritu
2801 3146 2956 3215 plena
3013 3148 3091 3203 sic
3141 3157 3344 3219 ageret.
3374 3148 3451 3203 ita
3479 3158 3657 3204 autem
3712 3151 3909 3220 princi-

2238 3242 2283 3307 (ζ
2320 3234 2520 3305 palium
2576 3236 2964 3292 daemoniorum
2991 3238 3191 3308 impetu
3229 3241 3531 3309 ferebatur,
3565 3251 3623 3296 ut
3666 3256 3760 3312 per
3790 3244 3912 3298 lon-

2314 3341 2437 3397 gum
2471 3335 2681 3397 tempus
2723 3328 3037 3387 sollicitaret
3063 3342 3116 3388 et
3165 3333 3438 3403 deciperet
3466 3334 3853 3390 fraternitatem
3885 3377 3903 3402 ,

2310 3432 2373 3473 ac
2404 3419 2662 3474 mirabilia
2691 3422 2931 3491 quaedam
2986 3435 3039 3478 et
3081 3433 3387 3497 portentosa
3416 3427 3722 3496 perﬁcicns,
3748 3438 3801 3482 et
3832 3427 3907 3482 fa-

2309 3512 2432 3566 cere
2479 3527 2539 3567 se
2585 3522 2777 3568 terram
2827 3516 3028 3571 moveri
3085 3517 3668 3587 polliceretur..........
3699 3519 3909 3587 Quibus

2310 3605 2626 3673 mendaciis,
2661 3619 2714 3663 et
2736 3606 3118 3677 jactationibus
3141 3613 3424 3682 subegerat
3451 3621 3684 3667 mentem
3712 3614 3902 3682 singu-

2310 3697 2506 3764 lorum,
2546 3707 2604 3754 ut
2629 3700 2728 3755 sibi
2759 3701 3041 3757 obedirent
3082 3713 3136 3758 et
3178 3719 3513 3774 quocumque
3555 3705 3902 3774 praeciperet,

2308 3804 2370 3844 ac
2399 3790 2639 3859 duceret,
2669 3804 3026 3864 sequerentur
3065 3813 3075 3848 :
3113 3796 3311 3852 faceret
3364 3810 3575 3867 queque
3618 3798 3901 3854 mulierem

2306 3881 2473 3949 illam,
2497 3884 2660 3939 cruda
2683 3885 2896 3957 hyeme,
2928 3888 3082 3943 nudis
3111 3890 3336 3959 pedibus
3367 3904 3460 3959 per
3489 3906 3709 3961 asperas
3752 3894 3903 3948 lll\L‘S

2305 3973 2405 4038 ire,
2429 3990 2527 4028 nec
2555 3976 2737 4031 vexari
2776 3977 2827 4031 in
2872 3979 3054 4052 aliquo
3089 3988 3180 4034 aut
3225 3980 3349 4045 laedi
3402 3981 3489 4035 illa
3536 3981 3898 4047 diSClll‘aiOllC;

2304 4063 2508 4121 (liceret
2533 4066 2712 4133 etiam,
2744 4082 2801 4123 se
2818 4068 2869 4124 itt
2888 4068 3126 4125 .ludaeatn
3151 4083 3200 4126 et
3231 4072 3655 4144 Hierosolymam
3682 4075 3900 4128 festina-

2309 4174 2394 4226 re,
2431 4156 2639 4230 fingens
2660 4169 2908 4231 tanquam
2933 4164 3056 4219 inde
3084 4167 3339 4235 venisset,
3394 4176 3499 4223 etc.
3536 4188 3556 4219 ι
3603 4167 3725 4223 Ha-c
3780 4167 3902 4223 ideo

2304 4253 2410 4308 lato
2456 4255 2663 4311 calamo
2707 4259 2986 4329 exscripsi,
3031 4271 3084 4314 ut
3121 4259 3362 4331 quisquis
3402 4259 3680 4327 intelligat,
3741 4277 3900 4330 quant

2303 4350 2545 4421 egregias
2570 4349 2928 4423 Montanistae,
2970 4353 3127 4409 etiam
3155 4354 3209 4408 in
3240 4353 3386 4417 Asia,
3411 4363 3529 4424 post
3554 4352 3898 4409 Maximillatn

2306 4442 2593 4501 habuerint
2620 4448 3008 4520 prophetissas.
3032 4449 3174 4506 Sane
3201 4449 3246 4505 si
3265 4461 3503 4521 tempora
3524 4452 3894 4518 convenirent,

2311 4536 2449 4593 hanc
2485 4541 2706 4597 omnino
2738 4543 2906 4613 ipsam
2940 4559 3059 4600 esse
3086 4544 3335 4601 crederes
3364 4544 3729 4612 Maximillam,
3761 4546 3900 4601 adeo

604 4648 797 4689 cum
844 4648 1025 4689 :anno
1054 4636 1196 4690 enim
1242 4651 1367 4694 cctn
1415 4654 1522 4711 qtto
1563 4651 1764 4713 martyr
1790 4641 2073 4711 occubuit,
2105 4660 2196 4699 an.
2221 4630 2276 4692 D
2304 4634 2355 4687 in
2390 4633 2529 4689 illam
2562 4637 2740 4691 omnia
2771 4639 3075 4705 concinam,
3105 4656 3223 4712 quae
3241 4641 3307 4695 de
3332 4641 3617 4697 Maximilla
3649 4658 3714 4697 ex
3736 4644 3901 4698 Aste-

601 4740 786 4780 norum
821 4735 957 4792 erat,
992 4736 1049 4781 ut
1086 4727 1138 4781 in
1164 4729 1313 4786 Actis
1348 4730 1594 4800 habetur,
1630 4733 1829 4788 circiter
1857 4736 2033 4805 viginti
2067 4738 2199 4791 duo-

606 4832 741 4871 rum.
771 4816 907 4886 Quid
945 4818 1104 4873 etiam
1137 4821 1276 4891 quod
1324 4820 1375 4877 in
1417 4822 1605 4878 eodem
1658 4825 1857 4895 pariter
1898 4827 2035 4881 libro
2090 4838 2197 4883 tam

603 4911 764 4983 longe
795 4912 965 4977 abest,
998 4921 1056 4967 ut
1081 4913 1284 4980 credat,
1309 4926 1430 4985 post
1458 4915 1765 4972 Montanum
1799 4961 1811 4985 ,
1846 4930 1899 4974 et
1932 4919 2194 4976 Maximil-

598 5006 707 5061 lam
763 5004 1057 5075 prophetia:
1089 5006 1335 5076 spiritum
1366 5008 1419 5062 in
1466 5007 1704 5065 Ecclesia
1733 5009 1991 5067 deiCtTiSSC
2025 5030 2038 5078 ;
2071 5014 2197 5084 quin

601 5094 782 5165 potius
813 5108 906 5148 eos
945 5092 1047 5148 sibi
1092 5093 1232 5149 viain
1262 5094 1329 5151 ad
1360 5112 1495 5152 nova
1525 5096 1847 5154 charismata
1894 5103 2195 5174 suscipiet:-

594 5185 660 5244 da
691 5186 967 5257 aperuisse
995 5187 1281 5257 signiﬁcet,
1323 5189 1412 5261 qui
1457 5190 1644 5247 eadem
1678 5192 1729 5246 in
1760 5192 2194 5270 psetulolirophe-

595 5278 664 5334 tis
690 5278 799 5333 illis
830 5278 1141 5349 neutiquam
1176 5278 1389 5336 fuerant
1418 5286 1690 5353 aspernati
1724 5303 1735 5336 :
1761 5295 1816 5340 et
1846 5286 1982 5342 hanc
2001 5306 2190 5362 perpe-

591 5377 738 5425 tuam
781 5379 941 5441 atque
1000 5369 1398 5429 indeﬁcieutem
1458 5374 1762 5432 divinorum
1806 5377 2186 5438 charismatum

589 5459 1022 5530 redundantiam,
1056 5477 1179 5517 cum
1207 5467 1445 5534 Apostoli
1474 5466 1525 5523 in
1556 5467 1743 5524 eodem
1774 5469 1909 5538 loco,
1931 5481 2041 5529 tum
2088 5473 2187 5530 ali-

587 5550 641 5608 bi
664 5548 929 5623 (5)10elis
976 5553 1334 5624 testimoniis,
1376 5555 1515 5613 haud
1547 5573 1701 5616 secus
1737 5577 1894 5632 quam
1924 5564 2182 5624 Actorum

577 5668 614 5737 ξ
653 5664 734 5737 ιι)
760 5664 892 5735 Cap.
923 5664 976 5721 9.

577 5766 585 5797 ξ
647 5732 726 5806 (.2)
754 5736 885 5806 ΟΨ·
914 5736 987 5806 59

670 5804 696 5819 ρ

569 5766 585 5803 ἐ
748 5736 1287 5876 dse9kewrrect.
1315 5812 1515 5875 Carnis.
1536 5820 1656 5887 sub.
1693 5813 1799 5879 lin.‘

2301 4725 2382 4780 rio
2415 4725 2626 4785 Urbano
2653 4737 2705 4785 et
2725 4731 2842 4787 aliis
2871 4733 3217 4804 scriptoribus
3250 4733 3512 4789 Eusebius
3539 4736 3717 4791 refert.
3761 4736 3896 4793 Nam

2301 4827 2496 4888 praeter
2520 4821 2627 4890 jam
2660 4821 2821 4888 dieta,
2872 4834 2926 4880 et
2956 4825 3230 4897 utriusque
3256 4828 3500 4898 spiritum
3531 4844 3819 4899 coarguere
3841 4841 3899 4887 et

2304 4910 2581 4967 confutare
2607 4912 2870 4971 Catholici
2896 4918 3133 4989 aggressi
3154 4929 3295 4983 sunt;
3323 4929 3375 4974 et
3396 4922 3532 4975 sicut
3562 4921 3841 4977 Maximilla
3876 4966 3892 4988 ,

2304 5010 2363 5056 ut
2388 5003 2462 5057 ait
2493 5004 2850 5063 Tertullianus
2891 5008 2970 5084 (ὅ)
2995 5030 3011 5062 ι
3049 5026 3151 5064 ιιοη
3178 5012 3338 5066 alium
3370 5013 3537 5067 Deum
3570 5015 3899 5084 praedicabat

2304 5107 2404 5150 nec
2420 5093 2653 5166 aliquam
2680 5118 2698 5150 ι
2735 5100 2974 5170 ejusdem
2999 5101 3544 5174 Tertullianijudieio,
3579 5124 3597 5157 (
3649 5106 3767 5162 ﬁdei
3798 5117 3898 5164 aut

2297 5187 2410 5255 spei
2436 5188 2672 5257 regulam
2701 5191 2976 5247 evertebat
3009 5212 3026 5245 ι
3066 5210 3077 5245 :
3110 5193 3186 5247 lta
3217 5195 3339 5262 ista,
3362 5215 3381 5247 ι
3410 5196 3625 5263 mttltos,
3668 5218 3686 5249 ι
3723 5208 3778 5252 ιιι
3808 5209 3897 5254 est

2295 5277 2435 5346 apud
2481 5278 2849 5336 Firmilianum
2878 5325 2891 5347 ,
2928 5283 3232 5353 baptizavit,
3270 5303 3289 5337 ‹
3328 5288 3519 5342 usitata
3572 5298 3625 5343 et
3656 5288 3894 5360 legitima

2294 5370 2455 5424 verba
2494 5371 2925 5441 interrogationis
2965 5390 3247 5445 usurpans,
3280 5389 3335 5433 ut
3366 5380 3439 5433 nil
3468 5380 3774 5450 discrepare
3817 5383 3892 5437 ab

2292 5461 2652 5519 ecclesiastica
2676 5464 2859 5535 regula
2889 5466 3178 5525 videretur.
3214 5488 3232 5522 ι
3269 5470 3338 5526 Et
3364 5470 3520 5543 paulo
3547 5481 3672 5531 ante
3696 5473 3765 5530 dc
3791 5489 3891 5530 ca-

2361 5686 2444 5761 (ι)
2472 5685 2604 5761 gap.
2634 5686 2940 5761 undecimo.

2360 5757 2443 5832 (ἓ)
2471 5757 2615 5832 [nter
2643 5758 2947 5832 Cyprianic.
2982 5779 3138 5821 cxxv.

2325 5900 2329 5904 _
2364 5828 2442 5901 (3)
2472 5828 2590 5888 Lib.
2620 5828 2930 5903 de‘leiuniis
2981 5848 3099 5907 cap.
3148 5838 3197 5894 1.
