4242 6270
367 359 457 423 85·
789 343 793 346 ’
1306 360 1440 416 rno
1481 361 1576 418 ss.
1612 350 1999 429 PERPETL’A,
2042 350 2444 418 FELICITATE
2486 362 2573 419 ET
2595 360 2824 419 secus.
3586 355 3680 414 se

367 484 493 540 dem
528 477 717 536 femina
760 474 968 535 dixerat
996 520 1007 543 ,
1048 495 1066 529 ι
1112 479 1270 532 etiam
1300 463 1423 556 .hoc
1446 479 1755 549 frequenter
1785 495 1967 534 ansam
2000 462 2055 537 Ᾱ
2078 482 2249 536 versis
2275 498 2491 537 omnetn
2525 479 2655 536 illud
2684 476 3204 535 verisitnilitudinetn
3238 475 3402 533 ducit.
3434 477 3673 532 Primum

366 592 511 641 esse,
543 584 676 629 utet
714 573 1049 627 invocatione
1078 587 1185 626 non
1218 572 1601 643 contemplihili
1643 573 1952 629 sanctiﬁca-

365 683 429 723 re
456 682 516 721 se
550 680 756 735 panem,
789 673 843 717 et
874 661 1262 723 Eucharistiam
1296 662 1471 718 facere
1500 664 1777 721 simularet
1806 676 1857 721 et
1880 682 1966 721 sa-

362 758 625 814 criﬁcium
662 743 886 811 Domino
906 772 1010 810 non
1039 754 1156 809 sine
1184 764 1527 810 sacramento
1559 756 1728 811 solita:
1766 756 1963 827 prvelli-

360 852 590 908 rationis
629 849 868 906 oﬁ‘erret.
908 869 926 901 ι
958 848 1088 917 Qua:
1133 842 1310 904 omnia
1335 848 1700 903 montanistici
1735 849 1957 919 Spiritus

358 945 707 1003 characteres
736 953 879 1007 sunt,
896 951 949 997 et
973 942 1085 997 suis
1107 941 1459 1011 prephetissis
1477 958 1506 997 a
1530 942 1777 997 Montano
1804 942 1966 998 fuisse

358 1036 647 1108 permissa,
687 1035 758 1089 ab
792 1032 1027 1103 antiquis
1058 1032 1417 1102 scriptoribus
1449 1035 1721 1089 memoriae
1774 1033 1963 1104 prndi-

360 1139 476 1185 tum
509 1136 611 1184 est.
641 1126 867 1182 Constat
910 1123 1069 1194 igitur
1096 1132 1380 1196 propterea
1430 1141 1533 1179 non
1564 1141 1682 1181 esse
1731 1126 1962 1197 aliquem

361 1237 393 1279 e
422 1219 866 1277 Montanistarum
918 1216 1158 1287 catalogo
1180 1216 1617 1288 expungendum,
1642 1217 1782 1287 quod
1805 1217 1962 1272 aliam

359 1321 483 1386 post
534 1304 883 1366 Maximillam
929 1308 1210 1380 agnoverit
1248 1304 1641 1380 prophetissam
1675 1327 1688 1375 ;
1718 1311 1964 1379 quamvis

357 1404 500 1461 enim
535 1402 721 1458 insana
766 1401 881 1456 hare
924 1407 1070 1454 vates
1104 1397 1154 1454 id
1185 1399 1254 1455 de
1304 1415 1363 1457 se
1392 1400 1764 1471 przedicaVcrit
1800 1421 1810 1456 :
1840 1403 1963 1457 Μετ’
1992 1436 2003 1453 .

358 1504 441 1566 ἓμὲ
467 1512 701 1569 πρςφῆτις
731 1498 888 1550 οὒκέτι
940 1499 1073 1548 ἔσται
1100 1534 1111 1552 ,
1146 1500 1249 1546 etc.
1281 1535 1296 1559 ,
1340 1494 1576 1546 attamen
1623 1491 1735 1547 ﬁeri
1794 1494 1963 1563 potuit

363 1589 440 1662 (et
462 1588 511 1643 id
544 1586 977 1658 frequentissime
998 1580 1237 1639 'sectariis
1264 1583 1478 1654 accidit)
1518 1594 1573 1639 ut
1613 1585 1677 1639 ad
1707 1585 1824 1640 inec
1853 1595 1960 1640 tam

359 1681 641 1739 manifesta
701 1670 981 1736 mendacia
1050 1677 1286 1734 animum
1334 1678 1601 1735 uolnerint
1644 1680 1958 1748 advertere,

359 1785 452 1832 aut
475 1774 630 1829 aliam
655 1768 946 1844 pr0pheten
971 1771 1353 1836 intellexerint,
1385 1787 1505 1842 qum
1530 1788 1723 1826 novam
1754 1782 1803 1828 et
1836 1789 1957 1843 per-

2072 575 2199 630 illnd
2228 577 2295 631 sit
2319 576 2626 631 Catholicos
2654 589 2758 628 non
2790 572 2952 629 fuisse
2979 589 3007 627 a
3035 572 3368 627 Montanistis
3393 615 3407 639 ,
3438 573 3526 642 qui
3558 586 3663 627 non

2070 672 2289 725 omnino
2314 671 2640 739 desiperent,
2669 677 2728 724 ut
2753 684 2803 724 e.
2830 685 2879 739 g.
2918 683 2948 722 a
2993 666 3338 730 Tertulliano,
3371 683 3466 738 pro
3497 668 3668 722 luere-

2072 763 2191 818 ticis
2222 764 2576 819 existimatos.
2604 761 2661 817 Id
2702 762 2875 831 primo
2917 769 3127 816 constat
3156 776 3221 815 ex
3252 759 3409 830 hujus
3433 759 3568 814 libro
3595 760 3661 815 tle

2070 848 2428 927 Mouogamia,
2456 855 2545 910 ubi
2584 856 2763 910 statim
2809 853 2958 910 initio
2985 854 3274 926 Psychicos
3305 854 3370 910 ab
3396 854 3666 908 lta‘reticis

2068 948 2378 1018 distinguit:
2414 968 2431 998 ‹
2468 945 2716 1003 Hatretici
2763 946 2972 1016 nuptias
2997 946 3264 1013 aulerunt,
3295 943 3537 1016 Psychici
3576 945 3659 1000 in-

2067 1051 2275 1112 gerunt.
2313 1061 2331 1093 ι
2360 1038 2415 1097 Si
2454 1050 2662 1111 quaeras
2696 1040 2963 1111 quomodo
3012 1039 3061 1094 id
3089 1054 3207 1095 esse
3235 1041 3499 1109 potuerit,
3528 1039 3667 1094 ratio

2069 1132 2119 1188 in
2152 1143 2396 1205 promptu
2426 1143 2528 1195 est,
2557 1148 2717 1203 quam
2748 1133 2910 1203 paulo
2938 1132 3156 1186 inferius
3187 1131 3325 1187 idem
3371 1131 3662 1201 subiungit,

2067 1226 2207 1296 qund
2253 1235 2357 1281 tota
2407 1226 2847 1280 illontanistarnm
2886 1240 2912 1278 a
2957 1224 3251 1279 Catholicis
3314 1222 3610 1278 dili'crentia
3639 1264 3653 1284 .

2068 1319 2233 1389 ipsius
2270 1318 2472 1389 judicio
2499 1362 2512 1386 ,
2546 1333 2648 1372 non
2686 1316 2844 1384 ﬁdei,
2877 1316 2970 1372 sed
3011 1316 3308 1385 disciplina:
3349 1333 3436 1371 res
3479 1324 3658 1379 esset;

2068 1411 2165 1466 hac
2194 1413 2333 1465 enim
2368 1411 2574 1465 ratione
2607 1409 2939 1465 Paracletum
2970 1424 3125 1478 suum
3151 1408 3217 1464 ab
3249 1408 3518 1481 haereseos
3550 1424 3665 1463 sns-

2067 1507 2278 1576 picione
2309 1504 2533 1560 liberare
2561 1512 2803 1560 conatur.
2844 1522 2862 1554 ‹
2897 1503 3248 1557 Adversarius
3272 1503 3412 1557 enim
3443 1502 3661 1572 Spiritus

2066 1615 2129 1654 ex
2163 1598 2471 1653 diversitate
2519 1596 2913 1666 pratdicatinnis
2942 1605 3253 1665 appareret,
3278 1596 3458 1662 primo
3506 1610 3663 1666 regn~

2065 1690 2169 1744 lam
2201 1690 2508 1745 adulterans
2536 1686 2657 1743 ﬁdei
2702 1698 2754 1743 et
2796 1689 2865 1743 ita
2896 1686 3140 1743 ordinem
3168 1687 3473 1742 adulti-rans
3503 1687 3665 1742 disci-

2067 1784 2226 1854 plina)
2254 1802 2266 1837 :
2290 1784 2410 1853 quia
2455 1781 2607 1850 cujus
2638 1778 2836 1850 gradus
2868 1779 3014 1851 prior
3041 1786 3123 1833 est
3150 1822 3163 1843 ,
3197 1779 3313 1849 ejus
3358 1780 3662 1849 corruptela

358 1867 639 1923 tectiorem
689 1864 987 1920 doctrinam
1034 1878 1102 1942 ac
1140 1862 1472 1934 disciplinam
1504 1862 1815 1931 inveheret;
1850 1882 1950 1937 quo

2064 1875 2365 1942 antecedit,
2400 1872 2449 1927 id
2477 1876 2559 1928 est
2601 1872 2722 1927 ﬁdei
2757 1888 2877 1941 quae
2906 1873 3050 1941 prior
3081 1880 3159 1926 est
3188 1869 3487 1940 disciplina.
3519 1866 3656 1926 A'nte

355 1975 528 2016 sensu
557 1952 730 2014 novos
757 1956 862 2028 ipsi
918 1971 976 2012 se
1001 1940 1445 2012 Montanistarum
1480 1958 1799 2029 patriarclue
1830 1975 1958 2031 pro-

358 2050 563 2121 phetas
602 2056 1009 2118 nuncuparunt,
1056 2062 1212 2119 quam
1266 2064 1460 2105 novam
1500 2048 1705 2119 judicio
1737 2066 1835 2106 suo
1866 2052 1950 2106 in-

352 2143 617 2199 choarunt
639 2148 756 2214 post
780 2140 1067 2213 Apostolos
1096 2140 1446 2213 prepltetiani.
1484 2142 1551 2200 Ut
1594 2150 1648 2199 ttt
1694 2145 1783 2212 sit,
1818 2154 1961 2214 patet

340 2236 479 2308 jam,
512 2246 663 2307 puto,
693 2214 1029 2293 bodwellum
1061 2228 1272 2292 inﬁrmo
1302 2236 1523 2292 nimium
1566 2236 1662 2292 niti
1697 2236 1912 2294 tibicine
1937 2280 1953 2305 ,

343 2345 469 2387 cum
511 2332 766 2387 Actorum
816 2326 1157 2386 collectorem
1198 2328 1635 2387 Montanistarum
1662 2330 1783 2386 ideo
1815 2340 1958 2387 cata-

347 2421 477 2493 logo
513 2422 718 2488 eximit,
750 2418 890 2493 quod
918 2420 1254 2493 Perpetuam,
1292 2428 1409 2493 post
1437 2416 1801 2489 Maximillam,
1829 2438 1951 2493 pro-

356 2515 559 2588 pheten
604 2512 1008 2582 existimaverit,
1042 2514 1161 2569 cuin
1193 2530 1309 2571 eam
1341 2496 1700 2571 Tertullianus
1743 2530 1955 2585 quoque

357 2604 637 2679 professus
684 2606 1005 2664 montanista
1046 2600 1236 2663 eodem
1275 2606 1392 2663 loco
1464 2623 1526 2663 ac
1579 2622 1804 2663 numero
1853 2607 1944 2663 ha.

341 2700 543 2783 buerit.

424 2784 513 2854 Vl.
558 2794 694 2851 Hinc
727 2804 930 2860 autem,
964 2804 1021 2850 ut
1046 2795 1294 2866 superius
1330 2784 1475 2862 dixi,
1507 2795 1801 2865 Basna‘gius
1838 2796 1951 2867 pri-

348 2903 498 2943 mum
543 2903 697 2943 suum
740 2887 998 2943 adversus
1038 2896 1253 2942 sanctos
1295 2894 1557 2958 martyres
1595 2886 1743 2942 ducit
1787 2903 1946 2958 argu-

343 2988 611 3034 mentum.
650 2997 669 3030 ι
705 2976 782 3033 Ex
826 2970 1105 3045 Actorum,
1136 2966 1341 3048 inquit,
1375 2977 1664 3033 collectore
1698 2993 1829 3032 vero
1874 2977 1941 3031 si-

345 3056 578 3125 millima
604 3064 755 3127 nobis
800 3071 1107 3139 conjectura
1132 3070 1387 3136 nascitur,
1411 3070 1726 3139 Perpetuam
1749 3085 1948 3139 eosque

344 3169 615 3233 martyres
643 3161 811 3232 quise
838 3162 1028 3216 mortis
1060 3161 1237 3216 socios
1281 3160 1382 3231 ipsi
1423 3160 1676 3216 addidere
1698 3158 1764 3215 de
1787 3170 1948 3230 grege

2067 1965 2185 2037 quis
2213 1966 2279 2020 de
2310 1966 2417 2019 lteo
2450 1964 2735 2020 hmt‘eti‘cus
2764 1965 2852 2031 sit,
2886 1977 3103 2019 necesse
3129 1966 3213 2017 est
3251 1970 3303 2017 et
3348 1973 3473 2017 tunc
3497 1961 3563 2016 de
3591 1964 3664 2015 in-

2065 2059 2273 2114 stituto.
2300 2056 2604 2111 Paracletus
2632 2065 2809 2110 autem
2841 2055 3003 2108 multa
3034 2053 3237 2109 habens
3264 2051 3512 2113 edocere.
3540 2062 3658 2122 qum

2064 2151 2115 2204 in
2143 2149 2289 2204 illu'm
2316 2145 2518 2203 distulit
2547 2146 2834 2211 Domintts,
2884 2144 3176 2201 Secundum
3208 2144 3657 2215 pneﬁnitionem,

2064 2240 2236 2311 ipsum
2268 2242 2441 2311 primo
2486 2239 2759 2295 Christum
2799 2237 3207 2303 contestahitur,
3237 2238 3449 2308 qualem
3489 2236 3662 2291 credi-

2062 2350 2179 2390 nms
2208 2342 2319 2389 toto
2346 2346 2464 2387 cum
2495 2333 2682 2388 ordine
2717 2332 2808 2386 Dei
2839 2330 3120 2395 creatoris,
3163 2338 3217 2384 et
3242 2330 3413 2399 ipsum
3456 2326 3657 2399 gloriﬁ-

2060 2425 2221 2491 cabit,
2250 2433 2304 2479 et
2329 2424 2395 2479 de
2423 2424 2538 2495 ipso
2567 2421 3011 2479 columemorabit
3041 2439 3053 2475 :
3079 2428 3133 2476 et
3175 2421 3253 2475 sic
3278 2421 3347 2477 de
3377 2420 3656 2491 principali

2059 2515 2243 2588 regula
2272 2515 2483 2585 agnitus
2507 2557 2521 2582 ,
2555 2513 2643 2568 illa
2672 2514 2833 2568 multa
2859 2558 2872 2580 ,
2906 2528 3023 2582 qua!
3054 2522 3178 2572 sunt
3214 2512 3655 2582 disciplinarum,

2058 2609 2352 2675 revelabit,
2403 2607 2563 2663 ﬁdem
2607 2606 2819 2662 dicente
2862 2621 2959 2677 pro
3006 2607 3083 2661 eis
3114 2606 3417 2677 integritate
3463 2606 3660 2676 pratdi-

2060 2703 2305 2768 cationis,
2343 2703 2464 2756 licet
2488 2700 2675 2768 novls,
2705 2701 2829 2771 quia
2858 2713 2997 2755 nunc
3034 2699 3361 2755 revelantur.
3400 2718 3418 2751 ι
3455 2698 3655 2753 Eadem

2056 2792 2263 2850 ratione
2290 2802 2342 2849 et
2364 2792 2417 2848 in
2448 2793 2537 2848 lib.
2566 2792 2635 2848 de
2665 2792 2894 2862 Jejuniis
2920 2791 3000 2863 (Ι)
3024 2792 3286 2863 objectam
3315 2807 3343 2846 a
3369 2791 3660 2847 Catltolicis

2056 2882 2307 2943 Montano
2326 2886 2594 2941 hatreseos
2624 2894 2802 2939 notam
2829 2884 3105 2956 depellere
3135 2892 3357 2939 conatus
3384 2895 3485 2951 est,
3508 2900 3657 2940 eam-

2056 2981 2287 3050 demque
2326 2976 2650 3049 dijttdicandi
2688 2976 2922 3031 haereses
2968 2977 3202 3047 regulam
3239 2977 3474 3032 tradidit.
3519 2978 3654 3030 Cum

2055 3074 2196 3129 enim
2228 3073 2452 3127 invecta:
2479 3086 2573 3142 per
2596 3069 2901 3126 Montanum
2929 3068 3227 3140 disciplinae
3252 3078 3307 3125 et
3331 3070 3649 3124 institutioni
3736 3123 3752 3137 ρ

2055 3180 2082 3219 a
2114 3162 2401 3219 Catitolicis
2426 3170 2808 3232 opponeretur,
2839 3161 2978 3231 quod
3020 3178 3039 3213 ι
3072 3169 3163 3215 aut
3189 3159 3649 3231 pseudo-prophe-

341 3254 782 3310 Montanistarum
811 3250 993 3311 fuisse.
1024 3246 1193 3310 Nemo
1218 3270 1346 3310 sane
1396 3254 1609 3309 l‘amilize
1651 3249 1806 3324 hujus
1851 3269 1948 3310 ca-
1974 3258 2018 3321 C
2055 3252 2126 3309 tia
2149 3262 2311 3319 esset,
2336 3253 2380 3307 si
2409 3252 2662 3321 spiritalis
2686 3267 2785 3305 vox
2818 3253 3077 3306 solemnia
3105 3251 3193 3305 illa
3221 3251 3530 3317 Constituit,
3559 3259 3650 3306 aut

342 3346 663 3403 tholicorum
706 3330 837 3403 Acta
896 3346 1186 3419 martyrum
1240 3346 1343 3402 luci
1383 3345 1646 3414 dedisset,
1688 3362 1822 3417 quos
1866 3356 1945 3401 ut-

343 3450 469 3511 pote
497 3422 792 3510 Psychicns
818 3436 1143 3509 contemptui
1177 3436 1467 3494 habebant.
1497 3439 1722 3493 Constat
1751 3437 1938 3506 etiam,

345 3528 703 3602 Perpetuam,
757 3526 1130 3598 Felicitatem,
1181 3530 1472 3600 Saturum,
1523 3531 1765 3587 eamdem
1821 3546 1941 3585 cmn

344 3618 599 3679 Actorum
629 3631 851 3679 auctore
879 3610 1037 3678 ﬁdem
1079 3616 1355 3692 proﬁteri,
1391 3630 1447 3677 ut
1473 3639 1543 3679 ex
1573 3621 1753 3678 verbis
1781 3623 1946 3693 ipsius

345 3708 679 3785 exploratum
708 3718 828 3771 est:
862 3733 879 3765 ι
917 3714 985 3770 Ει
1026 3730 1124 3770 nos
1153 3712 1332 3785 itaque
1373 3712 1514 3785 quod
1554 3715 1853 3770 audivimus
1890 3710 1947 3770 et

348 3800 796 3867 contrectavimus
822 3853 835 3879 ,
866 3800 1244 3866 annuntiamus
1267 3818 1321 3865 et
1361 3809 1531 3875 vobis,
1566 3808 1758 3864 fratres
1800 3814 1854 3864 et
1886 3808 1946 3862 ﬁ-

348 3903 487 3972 lioli,
520 3914 575 3958 ut
604 3914 654 3959 et
692 3920 784 3959 vos
824 3905 912 3974 qui
942 3900 1277 3970 int'eriuistis,
1304 3903 1736 3965 rememoremini
1759 3901 1943 3973 glorias

355 3993 571 4051 Domini
595 4014 609 4049 :
633 4005 686 4050 et
714 3992 803 4065 qui
829 4010 969 4050 nunc
1000 3993 1320 4065 cognoscitis
1362 4010 1456 4063 per
1486 3993 1724 4048 auditum
1745 4036 1757 4059 ,
1790 4009 1940 4047 com-

341 4088 650 4145 munionem
676 4080 921 4142 habeatis
946 4102 1066 4141 cum
1115 4086 1315 4141 sanctis
1343 4087 1689 4157 martyribus.
1729 4104 1747 4137 ι
1782 4087 1941 4156 Atqui

341 4180 602 4239 ccillector
624 4162 879 4236 Actorum
909 4195 1009 4235 suo
1032 4193 1092 4235 se
1117 4176 1312 4234 indicio
1335 4180 1713 4233 montanistatn
1741 4180 1936 4250 prodit.

344 4274 548 4332 Deinde
577 4258 942 4331 Tertullianus
971 4272 1263 4329 Catholieis
1293 4271 1705 4336 infensissimus,
1736 4270 1944 4329 Monta-

341 4369 499 4440 nique
522 4354 783 4422 del‘cnsnr
797 4367 1106 4432 acerrimus,
1133 4363 1338 4435 magnis
1361 4364 1676 4434 Perpetuam
1700 4364 1943 4420 laudibus

339 4459 525 4525 afﬁcit,
559 4459 784 4529 ejusque
806 4452 1101 4512 visionibus
1129 4454 1293 4511 utitur
1314 4455 1379 4510 ad
1413 4452 1765 4525 probandum,
1798 4455 1941 4510 ευίοε

341 4560 462 4607 ante
492 4551 637 4607 diem
683 4546 869 4619 judicii
914 4548 1172 4604 solemnis
1219 4556 1481 4619 martyres
1523 4548 1573 4601 in
1616 4547 1813 4602 coelum
1854 4561 1942 4602 re-

2052 3342 2291 3412 hceresis,
2308 3348 2349 3400 si
2369 3346 2592 3400 humana
2614 3345 2957 3416 praesumptio
2977 3344 3249 3399 adinvenit
3265 3385 3280 3411 ,
3305 3365 3323 3397 ι
3347 3344 3415 3399 ita
3431 3354 3624 3414 respon
3641 3375 3657 3387 -

2051 3440 2127 3496 dit
2154 3459 2166 3494 :
2214 3458 2231 3489 t
2252 3436 2550 3493 lnduhitate
2579 3446 2634 3493 et
2661 3437 2881 3492 hrcresis
2906 3445 2957 3492 et
2986 3436 3651 3508 psettdo-pmphetiadivi-

2053 3533 2240 3587 nilatis
2268 3531 2575 3587 diversitate
2613 3530 2993 3601 iudicabuntur
3021 3530 3163 3600 apud
3212 3547 3342 3597 nos,
3377 3532 3518 3586 unici
3554 3530 3645 3585 Dei

2050 3624 2307 3681 Creatoris
2357 3630 2412 3678 et
2468 3622 2665 3678 Christi
2706 3620 2822 3693 ejus
2862 3622 3149 3679 antistites.
3193 3642 3211 3676 ι
3247 3623 3455 3680 Similia
3487 3622 3651 3679 habet

2050 3722 2187 3779 libro
2214 3722 2279 3776 de
2298 3719 2603 3793 Virginibus
2635 3720 2895 3790 Velandls,
2931 3721 3130 3791 pariter
3156 3722 3256 3777 sub
3281 3722 3488 3778 initium
3511 3764 3524 3788 ,
3555 3721 3647 3778 ubi

2050 3812 2374 3868 lucnlentius
2423 3814 2641 3883 exponit
2674 3814 2963 3885 prtemissis
2992 3814 3124 3869 locis
3165 3824 3512 3870 memoratam
3559 3828 3647 3868 re-

2050 3904 2228 3975 gulam
2262 3904 2421 3971 ﬁdei,
2458 3920 2615 3975 quam
2644 3906 2733 3976 qui
2767 3906 3064 3973 adulterat,
3097 3906 3381 3963 bmreticus
3409 3915 3491 3961 est
3517 3923 3531 3960 :
3555 3905 3646 3975 qui

2049 4006 2247 4062 servat,
2273 3999 2515 4067 quamvis
2538 3999 2783 4055 ordinem
2808 3999 3076 4055 adulteret
3104 4009 3195 4055 aut
3239 4001 3456 4056 innovet
3484 3999 3645 4055 disci-

2047 4089 2230 4158 plinae,
2259 4087 2540 4144 hreretieus
2563 4090 2731 4159 ipsius
2745 4090 2946 4159 judicio
2961 4091 3167 4144 censeri
3189 4104 3296 4144 non
3318 4091 3479 4145 debet
3496 4108 3507 4143 :
3524 4083 3644 4144 esse

2048 4188 2228 4237 autem
2258 4180 2598 4251 hujusmodi,
2630 4197 2748 4251 qua:
2790 4180 3071 4236 Montanus
3098 4181 3471 4250 Apostolorum
3505 4195 3643 4249 pra:-

2048 4272 2300 4329 dicationi
2344 4280 2503 4344 atque
2540 4274 2795 4328 institutis
2825 4272 3048 4343 adjecit;
3082 4272 3323 4328 ordinata
3351 4288 3411 4328 ea
3441 4272 3645 4327 scilicet

2048 4379 2168 4421 esse
2187 4365 2251 4420 ad
2281 4365 2680 4436 perliciendam,
2705 4376 2955 4421 manente
2987 4373 3164 4421 tamen
3189 4366 3377 4422 eadem
3406 4362 3527 4421 ﬁdei
3558 4380 3646 4419 re—

2047 4458 2167 4530 gula
2189 4500 2203 4527 ,
2234 4458 2574 4529 disciplinam
2604 4477 2616 4514 :
2644 4472 2748 4515 non
2794 4468 2917 4515 esse
2952 4468 3235 4530 propterea
3278 4460 3528 4516 Montano
3572 4452 3642 4515 de

2049 4560 2319 4607 vetustate
2351 4552 2841 4622 prmscribendum;
2885 4562 2971 4608 aut
3019 4552 3366 4609 Montanistas
3391 4554 3461 4608 ob
3497 4564 3637 4607 nova

342 4646 445 4714 cipi
476 4663 487 4697 :
521 4664 539 4697 ι
571 4641 885 4711 Quomodo,
918 4644 1124 4712 inquit,
1156 4642 1418 4712 Perpetua
1463 4641 1751 4696 fortissima
1798 4658 1941 4696 mar-
1966 4649 2018 4709 D
2050 4640 2165 4697 hzec
2209 4644 2445 4697 instituta
2498 4644 2637 4699 inter
2676 4644 2957 4699 haereticos
3001 4645 3398 4709 numerandos;
3451 4652 3541 4698 aut
3586 4636 3645 4698 ut

350 4745 459 4806 lyr,
493 4747 598 4790 etc.
636 4755 654 4787 ι
690 4730 763 4790 Eo
788 4735 1004 4806 gravius
1033 4730 1084 4789 id
1128 4732 1457 4803 argumenti,
1488 4733 1627 4803 quod
1656 4732 1943 4789 Tertullia-

344 4842 448 4882 nns
495 4835 551 4880 et
594 4824 868 4896 Perpetua:
911 4834 1214 4881 coaetaneus
1258 4835 1310 4880 ct
1362 4825 1532 4879 incola
1574 4825 1939 4896 Carthaginis,

347 4925 434 4977 ubi
469 4920 730 4992 Perpetua
754 4922 914 4976 vitam
943 4937 1062 4975 cum
1100 4932 1272 4977 morte
1296 4921 1664 4987 commutavit,
1698 4921 1943 4988 ignorare

345 5032 450 5071 non
485 5018 714 5086 potuerit
740 5016 1015 5083 cujusnam
1050 5024 1210 5070 sectae
1258 5020 1431 5079 esset,
1461 5013 1574 5069 sive
1606 5015 1799 5069 mulier
1821 5015 1940 5082 illa,

341 5112 456 5164 sive
480 5112 743 5179 passionis
766 5109 880 5180 ejus
907 5108 1180 5165 collector.
1210 5106 1306 5163 Est
1327 5122 1502 5164 autem
1534 5118 1681 5163 certo
1710 5109 1931 5176 certius,

342 5200 732 5257 Tertullianum
762 5217 932 5272 neque
965 5199 1345 5274 Psychicorutn
1377 5200 1534 5255 alieni
1582 5211 1657 5255 tot
1692 5211 1943 5272 tantaque

346 5296 613 5363 pra-conia
639 5293 876 5349 voluisse
907 5284 1098 5356 tribui,
1133 5290 1300 5347 multo
1335 5300 1514 5348 autem
1557 5294 1736 5348 minus
1779 5294 1942 5370 verba

340 5388 529 5458 ipsius,
554 5388 1037 5457 auctoritatemque
1055 5384 1298 5442 adhiberi
1320 5384 1384 5440 ad
1411 5385 1759 5457 probandam,
1784 5402 1942 5457 quam

338 5478 681 5545 atlslruebat,
714 5478 1055 5541 sententiain.
1097 5498 1117 5532 ι

419 5569 490 5624 Ut
513 5568 614 5624 hoc
634 5578 1029 5639 argumentum,
1053 5568 1196 5640 quod
1219 5569 1472 5640 aliquam,
1498 5570 1770 5640 praecipue
1789 5569 1938 5636 mihi,

345 5663 527 5733 primo
557 5662 830 5741 adspectu,
865 5659 1167 5718 molestiam
1188 5672 1374 5719 creare
1406 5676 1563 5733 posse
1593 5660 1821 5730 videtur,
1850 5678 1943 5731 pc-

345 5753 500 5811 nitus
540 5752 824 5824 dissipetur
868 5763 1031 5825 atque
1073 5762 1382 5824 evertatur,
1423 5752 1602 5824 aliqua
1653 5762 1778 5808 sunt
1816 5753 1947 5811 mihi

344 5847 492 5907 circa
519 5846 867 5909 Montanistas
887 5848 1246 5921 observanda,
1272 5865 1338 5909 ex
1359 5849 1552 5922 quibus
1579 5865 1686 5910 non
1710 5850 1948 5916 animad-

2046 4735 2302 4804 deinceps
2343 4735 2644 4791 videbimus
2670 4779 2685 4804 ,
2728 4736 2794 4791 ab
2836 4737 3251 4805 apostolicarum
3294 4735 3644 4791 ecclesiarum

2046 4828 2421 4882 communione
2434 4828 2635 4882 alienos
2663 4842 2785 4882 esse
2799 4826 3096 4881 censendos
3121 4844 3133 4880 :
3156 4845 3174 4878 ί
3202 4827 3404 4897 Regula
3432 4825 3641 4895 quidem

2046 4918 2168 4974 ﬁdei
2205 4934 2306 4972 una
2339 4919 2556 4973 omnino
2595 4927 2696 4986 est,
2725 4918 2838 4973 Sola
2862 4917 3171 4982 immobilis,
3205 4927 3256 4972 et
3287 4915 3645 4973 coniormabi-

2049 5008 2134 5077 lis,
2165 5010 2415 5065 credendi
2460 5010 2662 5065 scilicet
2691 5011 2741 5079 in
2776 5024 2936 5063 unum
2979 5008 3148 5062 Deum
3196 5007 3643 5076 omnipotentem,

2047 5102 2230 5155 mundi
2274 5100 2628 5166 conditorem,
2662 5110 2713 5155 et
2744 5099 2937 5153 Filium
2969 5097 3086 5166 ejus
3114 5096 3295 5152 Jesum
3325 5095 3595 5151 Christum
3624 5136 3640 5164 ,

2048 5199 2231 5246 natum
2252 5207 2317 5245 ex
2338 5191 2543 5261 virgine
2565 5190 2748 5255 Maria,
2772 5187 3084 5243 cruciﬁxum
3108 5187 3207 5242 sub
3229 5186 3418 5243 Pontio
3448 5186 3638 5254 Pilato,

2048 5281 2203 5337 tertia
2235 5281 2321 5336 die
2347 5283 2719 5337 resuscitatum
2742 5295 2769 5332 a
2802 5279 3048 5343 mortuis,
3083 5286 3355 5348 receptum
3386 5280 3437 5332 in
3464 5279 3637 5346 cmlis,

2049 5374 2329 5429 sedentem
2356 5388 2497 5427 nunc
2535 5371 2601 5425 ad
2642 5371 2916 5426 dexteram
2949 5368 3151 5436 Patris,
3185 5379 3470 5425 venturum
3496 5369 3641 5439 judi‘

2048 5479 2172 5519 care
2201 5466 2351 5518 vivos
2380 5473 2434 5519 et
2464 5472 2728 5531 mortuos,
2760 5478 2854 5534 per
2878 5462 3056 5518 carnis
3084 5463 3243 5518 etiam
3286 5464 3640 5519 resurrectio-

2051 5573 2193 5613 nem.
2225 5557 2350 5613 Hrec
2375 5558 2489 5628 lege
2515 5557 2636 5613 ﬁdei
2665 5564 2937 5622 manente,
2967 5563 3159 5613 caetera
3204 5558 3314 5626 jam
3345 5556 3640 5627 disciplinae

2051 5661 2105 5707 et
2129 5651 2577 5718 conversationis,
2594 5650 2887 5707 admittunt
2901 5650 3193 5707 novitatem
3211 5650 3635 5708 correctionis...

2102 5850 2204 5941 ‘(l)
2233 5852 2418 5926 Capite
2447 5851 2749 5912 undecimo.
