4242 6270
585 356 652 416 s1
1461 379 1464 382 μ
1731 332 2175 400 DlSSERTA'l‘lO
2198 331 2677 390 APOLOGETICA
2961 293 2964 296 ⁴
3821 329 3889 388 ss

586 471 717 544 Quae
743 480 825 529 est
849 485 976 541 ergo
1011 465 1264 522 f'aracleti
1293 462 1706 524 administratio,
1743 460 1840 514 nisi
1874 459 2007 524 hzuc,
2038 453 2181 527 quod
2209 450 2260 508 A
2285 463 2510 519 arguere
2539 468 2553 504 :
2592 469 2608 498 ε
2649 449 2752 504 Sed
2792 449 2956 511 alius,
2989 448 3157 519 inquit
3188 448 3264 519 (l)
3288 489 3302 513 ,
3341 447 3554 503 libellus
3599 446 3738 501 lnmc
3765 463 3888 517 gra-

587 564 868 634 disciplin-i
891 561 1158 630 dirigitur,
1185 568 1290 612 etc.
1326 575 1344 610 ι
1372 557 1558 610 Postea
1590 556 1826 624 sequitur
1845 553 1912 606 de
1943 565 2180 606 commu-

585 657 856 713 nicatione
903 669 1060 724 quant
1089 667 1146 707 se
1177 650 1511 726 Montanistae
1538 665 1656 704 cum
1685 648 1938 702 Ecclesiis
1967 655 2179 716 aposto-

589 751 711 806 licis
743 748 940 803 habere
977 745 1252 817 jactabant
1282 743 1350 798 ob
1388 742 1799 798 consensionem
1843 740 1893 792 in
1938 736 2182 793 eamdem

589 845 775 910 ﬁdem,
808 842 1104 911 cadentque
1134 840 1253 895 fidei
1293 845 1625 894 sacramenta
1653 877 1668 902 ,
1699 835 1765 889 de
1793 850 1893 904 qua
1931 832 2183 899 deinceps

590 934 912 990 videbimus.
946 931 1163 986 interim
1193 931 1331 985 idem
1355 927 1584 984 conﬁcio
1609 934 1981 996 argumentum
2008 937 2072 978 ex
2101 921 2184 975 his

589 1044 709 1099 qua:
754 1026 913 1080 docet
958 1026 1008 1079 in
1057 1023 1315 1092 principio
1356 1021 1475 1075 libri
1520 1027 1707 1074 contra
1754 1017 2044 1080 Praxeam,
2096 1014 2184 1068 ubi

585 1120 831 1192 quamvis
862 1130 1048 1186 apertc
1081 1116 1308 1171 fateatur
1333 1131 1409 1178 se,
1455 1113 1524 1168 ob
1553 1113 1810 1167 Paracleti
1858 1109 2183 1181 agnitionem

584 1222 745 1283 atque
773 1210 1141 1265 defensionem
1172 1226 1197 1259 a
1228 1205 1499 1278 Psychicis
1521 1219 1640 1258 esse
1661 1204 1985 1271 disjunctutn
2009 1243 2022 1266 ,
2053 1210 2186 1254 atta-

585 1322 710 1363 men
737 1304 982 1360 eamdem
1014 1301 1340 1371 dijndicandi
1369 1300 1602 1353 hmreses
1637 1298 1871 1364 regulam
1909 1294 2088 1360 tradit,
2119 1309 2186 1348 ex

587 1416 691 1471 qua
725 1400 880 1468 plane
911 1409 1251 1464 consequens
1281 1402 1383 1458 est,
1415 1391 1552 1444 hanc
1589 1388 1938 1443 llloutanistas
1968 1389 2107 1441 inter
2137 1396 2190 1441 et

587 1493 883 1563 Psychicos
934 1490 1351 1552 dissensionem,
1400 1500 1505 1539 non
1538 1484 1600 1538 iis
1647 1483 1698 1537 in
1752 1482 1912 1537 rebus
1961 1480 2189 1550 positam

586 1586 777 1648 fuisse,
801 1600 917 1654 qua:
948 1581 1105 1636 ﬁdem
1135 1581 1300 1649 ipsius
1319 1577 1520 1647 judicio
1547 1575 1828 1638 laederent,
1860 1584 1952 1627 aut
1977 1590 2042 1627 ex
2070 1572 2189 1642 qui-

589 1680 692 1733 bus
720 1684 939 1746 possent.
967 1675 1200 1727 Increscs
1231 1670 1529 1741 pullulare:
1567 1687 1584 1718 ‹
1627 1667 1735 1722 Nos
1768 1681 1894 1721 vero
1916 1707 1930 1731 ,
1959 1673 2010 1720 et
2039 1670 2184 1718 sem-

590 1787 689 1841 per
732 1779 786 1823 et
824 1783 964 1822 nunc
995 1767 1183 1835 magis,
1219 1776 1275 1818 ut
1314 1763 1686 1818 instructiores
1729 1775 1823 1828 per
1853 1757 2191 1812 Paraclctum

2286 540 2411 595 dum
2443 540 2725 595 sustinebit
2756 540 3014 596 adversus
3043 539 3325 595 haereticos
3349 581 3364 605 ,
3395 540 3555 594 etiam
3590 540 3707 594 sine
3733 547 3894 594 retra-

2287 641 2428 688 ctatu
2474 633 2837 686 doctrinarum
2885 632 3278 697 revincendos,
3328 630 3470 700 quod
3521 630 3624 685 hoc
3669 631 3778 684 sint
3826 629 3894 683 de

2292 727 2695 796 praescriptione
2738 725 3008 780 novitatis.
3046 744 3063 776 ι
3100 725 3197 780 Est
3234 734 3447 789 autem,
3481 737 3540 779 ut
3575 725 3690 794 ipse
3733 725 3893 780 etiam

2288 819 2583 889 Basnagius
2609 819 2768 874 ducet
2789 816 2892 888 (9.),
2917 817 3163 872 laudatus
3191 816 3326 873 liber
3355 833 3382 870 a
3411 816 3743 872 Tertulliano
3763 831 3894 870 con-

2289 913 2520 981 scriptus
2541 955 2554 977 ,
2586 923 2867 982 postquam
2900 910 2965 964 ad
3007 894 3354 965 Montanistas
3383 910 3674 966 defecerat.
3703 909 3772 968 Et
3811 917 3895 963 est

2290 1003 2518 1072 scriptus
2544 1003 2800 1059 adversus
2827 1018 3013 1057 omnes
3043 1002 3310 1069 lucreses,
3344 1013 3400 1057 ut
3448 1003 3587 1057 idem
3622 1003 3735 1071 ipse
3764 992 3900 1056 Ter;

2291 1093 2540 1148 tullianus
2599 1095 2723 1149 alibi
2785 1095 2982 1149 diserte
3034 1103 3257 1148 testatur
3305 1094 3381 1165 (3)
3425 1114 3435 1146 :
3483 1111 3501 1144 ‹
3541 1093 3645 1149 Sed
3692 1095 3901 1162 plenius

2291 1188 2552 1256 ejusmodi
2587 1190 3082 1259 praescriptionibus
3121 1189 3379 1245 adversus
3421 1205 3609 1245 omnes
3653 1190 3888 1243 haereses

2291 1286 2415 1340 alibi
2436 1286 2544 1354 jam
2579 1286 2658 1340 usi
2690 1302 2894 1342 sutnns.
2926 1305 2944 1336 ι
2972 1285 3104 1341 Cum
3133 1286 3291 1356 igitur
3323 1286 3452 1340 nihil
3483 1293 3732 1340 occurrat
3758 1285 3809 1337 in
3835 1296 3902 1338 co

2293 1379 2452 1446 libro,
2480 1379 2621 1449 quod
2644 1379 2949 1435 Catholicos
2973 1380 3140 1450 possit
3163 1378 3459 1443 oil’endere,
3487 1379 3591 1433 imo
3617 1378 3756 1448 quod
3785 1393 3892 1431 non

2294 1485 2358 1524 ex
2389 1485 2575 1526 eorum
2611 1472 2879 1526 sententia
2911 1472 3174 1541 prolatum
3207 1472 3310 1536 sit,
3349 1470 3484 1526 adeo
3512 1479 3571 1525 ut
3601 1472 3892 1524 multorum

2294 1562 2476 1630 opinio
2507 1561 2663 1616 fuerit
2694 1560 2796 1633 (4),
2827 1577 2951 1617 eum
2976 1563 3140 1617 luisse
3169 1578 3199 1616 a
3228 1563 3582 1629 Tertulliani),
3613 1572 3901 1631 antequam

2295 1653 2533 1707 Montani
2558 1652 2807 1723 dogmata
2852 1654 3290 1723 amplecteretur,
3320 1655 3731 1719 elucubratum;
3760 1669 3895 1708 coa-

2297 1762 2528 1816 sequens
2574 1757 2655 1800 cst
2693 1746 2984 1818 Psychicos
3029 1763 3125 1802 scu
3169 1746 3480 1802 Catholicos
3522 1763 3627 1802 non
3669 1747 3832 1801 fuisse
3873 1761 3904 1798 a

589 1840 940 1918 deductorem
974 1859 1180 1913 scilicet
1206 1856 1381 1910 omnis
1425 1852 1695 1916 veritatis,
1728 1851 1942 1905 unicum
1975 1848 2192 1918 quidem
2223 1840 2272 1900 Β
2301 1840 2630 1896 Tcrtulliano
2658 1840 2798 1894 inter
2825 1841 3108 1896 haereticos
3133 1852 3491 1912 computatos.

591 1957 762 2008 Deum
795 1951 1088 2015 credimus,
1122 1948 1220 2001 sub
1249 1945 1350 2000 hac
1379 1954 1553 1999 tamen
1580 1942 2004 2012 dispensntionc,
2035 1953 2192 2008 quam

597 2051 867 2112 οἰκονομίαν
898 2041 1157 2104 dicimus,
1192 2049 1248 2092 ttt
1295 2038 1431 2092 unici
1463 2037 1556 2091 Dei
1586 2035 1689 2100 sit,
1724 2043 1778 2090 et
1806 2032 1973 2087 Filius
2015 2047 2193 2086 sermo

594 2140 786 2209 ipsius,
812 2138 901 2208 qui
931 2153 994 2191 ex
1027 2136 1142 2204 ipso
1173 2132 1514 2204 processerit,
1546 2145 1639 2200 per
1661 2143 1820 2199 quem
1849 2127 2028 2182 omnia
2058 2126 2198 2180 facta

597 2240 723 2284 sunt
759 2242 813 2284 et
866 2230 981 2282 sine
1011 2243 1116 2297 quo
1158 2225 1356 2280 factum
1387 2233 1469 2279 est
1511 2222 1666 2277 nihil.
1721 2221 1871 2275 llunc
1913 2221 2135 2274 missum
2166 2233 2197 2272 a

596 2321 756 2377 Patre
782 2321 833 2374 in
855 2319 1150 2390 Virginem,
1179 2327 1233 2372 et
1262 2333 1322 2372 ex
1348 2331 1409 2371 ea
1437 2325 1618 2369 uatum
1650 2313 1923 2367 hominem
1952 2322 2004 2366 et
2032 2313 2196 2365 Deum

593 2413 764 2467 ﬁlium
815 2411 1046 2467 hominis
1089 2420 1143 2464 et
1182 2409 1346 2462 ﬁlium
1379 2407 1510 2473 Dei,
1541 2415 1595 2461 et
1637 2405 2068 2475 cognominatum
2109 2403 2198 2458 Je-

600 2519 720 2559 sum
753 2505 1046 2562 Christum.
1086 2505 1234 2560 llunc
1264 2507 1498 2574 passum,
1535 2503 1677 2556 hunc
1705 2509 1994 2564 mortuum,
2023 2509 2078 2554 ct
2105 2515 2195 2555 se-

594 2598 802 2666 pultum
827 2599 1118 2653 secundum
1143 2599 1466 2666 Scripturas,
1491 2604 1541 2648 et
1567 2595 1940 2648 resuscitatutn
1965 2609 1994 2646 a
2019 2593 2196 2659 Patre,

593 2697 651 2741 et
681 2688 731 2742 in
761 2689 928 2744 ccelos
961 2703 1320 2761 resumptum,
1354 2685 1541 2741 sedere
1585 2683 1652 2738 ad
1695 2683 1969 2741 dexteram
2003 2684 2195 2748 Patris,

599 2792 886 2837 venturum
913 2783 1155 2853 judicare
1182 2784 1331 2837 vivos
1362 2790 1415 2834 et
1442 2787 1703 2834 mortuos.
1737 2779 1835 2847 Qui
1873 2777 2068 2832 exinde
2097 2777 2199 2831 mi-

594 2877 732 2933 serit
760 2877 1052 2932 secundum
1079 2878 1492 2947 promissionem
1521 2891 1673 2932 suam
1702 2893 1729 2929 a
1760 2876 1917 2931 Patre
1942 2875 2200 2944 Spiritqu

597 2972 852 3025 Sanctum
900 2972 1269 3037 I’aracletum,
1316 2970 1762 3025 sanctiﬁcatorem
1809 2968 1929 3022 ﬁdei
1972 2984 2195 3036 eorum,

599 3068 691 3133 qni
723 3065 946 3118 credunt
991 3066 1040 3118 in
1092 3065 1303 3118 Patrem
1344 3072 1397 3118 ct
1447 3062 1644 3116 Filium
1684 3070 1739 3117 et
1783 3061 2036 3130 Spiritum
2068 3061 2200 3116 San-

606 3166 775 3210 ctum.
813 3157 958 3211 llanc
988 3157 1224 3225 regulam
1253 3155 1319 3210 ab
1346 3155 1496 3210 initio
1533 3154 1806 3223 Evangelii
1829 3153 2200 3210 decucurrisse

2377 1933 2490 1987 V'll.
2550 1929 2796 1986 Secundo
2849 1933 3138 1988 notandum
3191 1942 3276 1988 est
3319 1933 3456 2002 quod
3495 1943 3545 1987 et
3589 1947 3655 1987 ex
3695 1947 3902 2000 prmce-

2300 2025 2550 2082 dentibus
2601 2037 2795 2098 sponte
2836 2027 2969 2092 ﬂuit,
2999 2034 3054 2080 et
3082 2041 3199 2092 quin
3238 2024 3347 2094 jam
3392 2025 3530 2078 dicta
3583 2037 3702 2077 sunt
3755 2025 3904 2078 Inru-

2303 2119 2502 2176 lentitts
2531 2121 2708 2176 adhuc
2739 2121 3062 2176 conﬁrmat:
3098 2106 3466 2194 Montanistas,
3496 2118 3740 2188 quamvis
3771 2133 3902 2170 con-

2311 2214 2620 2268 versatione
2661 2225 2714 2268 et
2745 2213 3026 2282 disciplina
3084 2212 3150 2265 ab
3178 2211 3589 2281 apostolicarum
3639 2209 3910 2265 Ecciesia-

2304 2319 2424 2358 rnm
2458 2305 2885 2361 institutionibus
2938 2303 3282 2372 moribusque
3309 2300 3604 2366 differrent,
3638 2315 3696 2356 se
3724 2311 3903 2356 tamen

2305 2413 2409 2450 non
2441 2412 2562 2450 esse
2586 2397 2871 2452 arbitratos
2895 2397 2947 2450 in
2976 2397 3038 2450 iis
3061 2396 3112 2450 in
3143 2395 3335 2465 quibus
3357 2393 3478 2448 ﬁdei
3506 2403 3560 2446 et
3588 2392 3897 2456 christiana:

2305 2490 2578 2560 religionis
2625 2507 2832 2545 summa
2875 2491 3138 2557 vertitur,
3195 2489 3261 2544 ab
3304 2502 3486 2542 earum
3528 2487 3906 2542 communione

2304 2584 2526 2639 alienos.
2565 2584 2619 2638 ld
2673 2601 2736 2640 ex
2779 2584 2970 2640 eodem
3018 2581 3373 2646 Tertulliani),
3407 2587 3461 2635 et
3505 2580 3694 2635 iisdem
3734 2577 3920 2634 ferme-

2305 2675 2438 2730 locis
2489 2686 2823 2745 compertum
2880 2684 2981 2730 est.
3062 2673 3225 2728 Libro
3281 2672 3428 2726 enim
3484 2669 3550 2724 de
3603 2670 3904 2741 Virginibus

2304 2767 2562 2833 velandis,
2618 2777 2897 2836 postquam
2957 2765 3135 2820 docuit
3196 2761 3502 2818 Catholicos
3560 2769 3617 2817 et
3684 2762 3894 2817 Monta-

2309 2865 2475 2917 nistas
2507 2864 2561 2916 in
2591 2876 2754 2916 unam
2802 2859 2925 2914 ﬁdei
2955 2858 3194 2928 regulam
3225 2857 3556 2926 conspirare,
3579 2865 3633 2910 et
3659 2855 3904 2910 Paracle-

2309 2963 2418 3009 tum
2471 2969 2576 3008 non
2610 2954 2767 3007 fidem
2815 2952 3172 3018 adulterasse,
3222 2950 3317 3005 sed
3363 2949 3664 3020 disciplina:
3716 2932 3902 3020 supre-

2307 3063 2446 3102 mam
2491 3047 2797 3103 admovisse
2851 3061 3066 3101 manum
3099 3089 3113 3113 ,
3164 3046 3341 3100 statim
3393 3044 3666 3114 subjungit
3703 3059 3715 3093 :
3747 3063 3764 3095 ‹
3801 3043 3902 3099 Per

2306 3140 2565 3196 Grmciam
2597 3149 2651 3194 et
2679 3139 2936 3210 quasdam
2966 3139 3239 3194 barbarias
3282 3138 3399 3208 ejus
3429 3138 3612 3207 plures
3639 3136 3900 3192 Ecclesia:

601 3247 764 3301 etiam
807 3257 932 3302 {mle
975 3224 1179 3316 pripres
1220 3263 1461 3317 quosque
1499 3247 1812 3310 Iuercﬁcos,
1848 3245 2038 3300 nedum
2070 3253 2194 3301 ante
2223 3224 2267 3287 C
2303 3234 2535 3302 virgines
2553 3233 3044 3288 suasabscondnnt.
3076 3232 3171 3286 ESl
3195 3239 3248 3286 et
3271 3231 3370 3286 sub
3395 3230 3498 3284 hoc
3518 3233 3656 3285 caelo
3687 3231 3897 3284 institu-

594 3340 858 3397 Praxeam
912 3342 1264 3406 hesternum,
1321 3340 1567 3410 probabit
1612 3348 1719 3392 tam
1771 3339 1867 3392 ista
1914 3338 2196 3406 posteritas

596 3438 836 3491 omnium
881 3437 1287 3500 lnereticorttm,
1320 3452 1476 3506 quam
1511 3435 1622 3503 ipsa
1660 3432 1938 3486 novellitas
1976 3432 2196 3488 Praxea}

597 3528 859 3583 hesterni.
891 3530 1008 3597 Quo
1052 3543 1300 3599 pera-que
1338 3527 1597 3583 adversus
1644 3526 1920 3580 universas
1963 3525 2196 3580 haereses

593 3621 705 3690 jam
735 3621 859 3676 hinc
889 3621 1291 3691 prurjudicatum
1325 3620 1416 3686 sit,
1447 3618 1500 3673 id
1525 3634 1645 3674 esse
1669 3634 1851 3673 verunt
1900 3617 2197 3686 quodcum-

599 3730 704 3784 que
736 3715 963 3784 primum
993 3736 1006 3769 :
1032 3717 1080 3769 id
1107 3730 1228 3770 esse
1251 3715 1550 3769 adulterum
1589 3714 1965 3784 quodcumque
2013 3722 2196 3782 poste-

597 3808 731 3862 rius.
771 3831 788 3859 ι
838 3809 1082 3864 Profecto
1113 3825 1218 3864 non
1267 3808 1540 3878 ignorabat
1571 3806 1950 3871 Tertullianus,
1999 3807 2106 3859 imo
2129 3807 2196 3875 "id

598 3910 783 3972 aperte
827 3903 1106 3975 fatebatur,
1141 3917 1334 3955 novam
1371 3917 1491 3956 esse
1536 3900 1771 3954 Montani
1820 3898 2192 3969 prophetiam,

598 4011 794 4049 novam
830 3997 994 4063 ipsius
1027 3996 1458 4067 prmdicationetn
1485 4037 1498 4060 ,
1529 3994 1646 4065 ejus
1686 3993 1923 4048 instituta
1951 3994 2017 4048 ab
2047 3994 2198 4048 initio

597 4089 874 4159 Evangelii
907 4091 1123 4144 minime
1149 4089 1539 4152 decucurrisse,
1566 4087 1660 4144 sed
1683 4089 1732 4144 in
1759 4089 2051 4158 posteriora
2083 4088 2200 4144 hzec

599 4192 860 4250 tempora,
895 4183 966 4236 uti
994 4182 1328 4238 Montanistze
1356 4181 1668 4237 eil'utiebant
1693 4223 1708 4247 ,
1744 4180 1909 4237 fuisse
1929 4197 1954 4235 a
1981 4179 2198 4236 Christo

597 4269 782 4326 dilata.
819 4271 969 4330 Unde
1011 4290 1118 4328 non
1158 4274 1258 4328 alia
1300 4273 1709 4342 ratione’potuit
1745 4288 1774 4326 a
1817 4271 2069 4325 Montano
2099 4285 2198 4327 suo

596 4366 867 4422 haereseos
911 4368 1022 4422 sive
1071 4367 1318 4422 adulterii
1361 4367 1595 4421 haeretici
1648 4365 1858 4434 culpam
1901 4364 2198 4420 infamiam-

597 4476 704 4529 quc
731 4475 1003 4524 amovere,
1034 4473 1191 4528 quam
1217 4457 1464 4522 dicendo,
1492 4458 1735 4512 inductas
1758 4456 1826 4510 ab
1855 4471 1921 4512 eo
1943 4456 2196 4511 hesterna

597 4549 688 4604 die
739 4549 1081 4613 traditiones,
1126 4564 1230 4602 non
1285 4548 1406 4603 ﬁdei
1458 4549 1695 4618 regulam
1739 4547 2074 4611 adulterare,
2104 4548 2196 4604 sed

601 4641 864 4710 perﬁcere
894 4640 1229 4711 disciplinam
1257 4657 1270 4706 ;
1303 4641 1546 4711 adeoque
1589 4640 1654 4695 ad
1686 4639 2054 4711 disciplinam,
2088 4656 2194 4697 non

599 4733 666 4788 ad
691 4732 849 4788 ﬁdem
881 4733 1199 4801 pertinuisse
1234 4734 1634 4789 controversias
1665 4733 2011 4788 Montanistas
2057 4734 2196 4791 inter

598 4837 654 4882 et
682 4828 986 4882 Catholicos
1015 4829 1306 4892 excitatas;
1347 4837 1401 4883 et
1427 4843 1601 4898 neque
1644 4827 1760 4890 hos,
1794 4843 1967 4897 neque
1997 4827 2115 4882 illos
2144 4829 2194 4882 in

599 4921 977 4975 hereticorum
1005 4934 1225 4974 censum
1269 4918 1434 4974 fuisse
1479 4918 1813 4985 referendos,
1847 4919 2012 4988 quod,
2047 4920 2192 4974 salva

593 5012 719 5067 ﬁdei
760 5012 963 5082 regula,
993 5013 1044 5065 in
1095 5011 1160 5066 iis
1198 5027 1319 5080 qua:
1357 5010 1780 5066 conversationis
1820 5021 1872 5065 et
1901 5011 2193 5081 disciplina:

595 5114 743 5165 sunt,
779 5105 1006 5158 invicem
1035 5102 1376 5159 dissiderent.
1401 5102 1547 5158 Idem
1570 5104 1727 5157 etiam
1751 5113 1979 5166 constat,
2012 5103 2193 5157 utalia

598 5197 827 5266 plurima
859 5197 1134 5262 omittam,
1168 5213 1233 5251 ex
1276 5204 1385 5251 toto
1418 5195 1554 5251 libro
1585 5195 1652 5250 de
1693 5195 2193 5265 Prtescriptionibus

598 5291 857 5346 adversus
877 5290 1175 5357 haereticos,
1209 5306 1312 5360 quo
1338 5301 1484 5346 certe
1509 5289 1659 5345 titulo
1691 5304 2023 5359 nequaquam
2057 5290 2190 5359 Psy-

596 5387 798 5447 cliicos,
829 5389 943 5440 sive
969 5384 1276 5441 Catholicos
1305 5385 1732 5456 comprehendit.
1763 5401 1882 5441 cum
1913 5387 2040 5440 nihil
2073 5401 2190 5439 ma-

593 5479 675 5548 gis
703 5479 964 5534 adversns
990 5480 1272 5536 haereticos
1300 5491 1505 5550 urgeat,
1550 5496 1708 5551 quam
1741 5489 1951 5534 veteres
1977 5489 2029 5534 et
2063 5495 2191 5549 apo-

591 5572 809 5627 stolicas
859 5575 1209 5639 traditiones,
1261 5585 1314 5629 ct
1361 5575 1774 5644 apostolicarum
1830 5575 2186 5629 Ecclesiarnm

587 5666 997 5732 auctoritatem;
1033 5668 1164 5728 nihil
1198 5669 1366 5738 magis
1412 5669 1680 5723 haereticis
1709 5669 1997 5738 exprobret
2025 5685 2184 5740 quam

590 5760 922 5824 novitatem;
953 5760 1062 5816 imo
1093 5761 1196 5815 hoc
1223 5761 1269 5814 ei
1306 5761 1641 5830 propositum
1673 5762 1852 5826 fuerit,
1887 5769 1944 5814 ut
1969 5777 2033 5816 ex
2066 5761 2184 5830 ipso

587 5847 862 5914 discimus,
891 5865 1078 5906 omnes
1111 5851 1483 5906 haereticorum
1515 5861 1689 5908 sectas
1738 5852 1838 5908 hoc
1879 5853 1997 5907 solo
2023 5851 2180 5910 titulo

2303 3338 2412 3382 tum
2438 3328 2574 3382 istud
2598 3325 2810 3393 alicubi,
2829 3341 2894 3380 ne
2917 3327 3004 3394 qui
3027 3324 3302 3396 gentilitati
3330 3323 3640 3395 graecanica:
3672 3333 3762 3377 aut
3784 3323 3902 3376 bar-

2301 3418 2498 3474 barica:
2542 3417 2982 3474 consuetudinem
3021 3417 3166 3471 illam
3207 3415 3496 3470 adscribat.
3529 3413 3636 3469 Sed
3679 3429 3770 3468 eas
3799 3429 3900 3483 ego

2301 3509 2554 3565 ecclesias
2579 3510 2848 3579 preposui,
2865 3524 2997 3579 quas
3019 3520 3072 3564 et
3100 3509 3196 3577 ipsi
3215 3507 3480 3578 Apostoli,
3501 3507 3583 3561 vel
3610 3505 3897 3576 apestol'ci

2301 3600 2398 3654 viri
2422 3599 2795 3665 condiderunt,
2819 3611 2872 3654 ct
2905 3609 3028 3668 puto
3053 3609 3177 3654 ante
3202 3598 3474 3669 quosdam.
3505 3596 3891 3667 Habentigitur

2302 3703 2355 3768 et
2387 3694 2487 3747 illa:
2513 3694 2755 3750 eamdem
2784 3693 3192 3748 consuetudinis
3218 3692 3608 3755 auctoritatem,
3651 3701 3897 3761 tempora

2301 3793 2745 3840 et-antccessorcs
2775 3794 3069 3855 opponunt,
3108 3785 3276 3854 magis
3311 3799 3466 3854 quain
3501 3793 3729 3852 posterae
3756 3783 3895 3838 istm.

2301 3875 2439 3943 Quid
2468 3877 2894 3938 observabimus,
2923 3877 3049 3946 quid
3111 3875 3432 3946 diligemus?
3467 3874 3581 3930 Non
3617 3889 3900 3947 possumus

2304 3983 2562 4038 respuere
2616 3967 3081 4032 consuetudinem,
3110 3983 3267 4037 quam
3291 3967 3548 4022 damnare
3575 3982 3681 4022 non
3714 3983 3901 4038 possu-

2303 4075 2445 4127 mus,
2471 4070 2656 4131 utpote
2690 4076 2796 4115 non
2828 4069 3163 4125 extraneam,
3197 4059 3319 4130 quia
3364 4075 3467 4115 non
3496 4069 3894 4126 extraneorum,

2302 4169 2421 4209 cum
2448 4156 2643 4226 quibus
2681 4151 2891 4209 scilicet
2917 4154 3377 4209 communicamus
3403 4153 3491 4223 jus
3523 4154 3687 4224 pacis,
3717 4161 3771 4208 et
3796 4166 3895 4206 no-

2305 4261 2426 4301 men
2453 4246 2826 4302 fraternitatis.
2853 4245 2971 4302 Una
3001 4245 3175 4310 nobis,
3193 4255 3242 4299 et
3267 4245 3370 4300 illis
3395 4245 3546 4309 ﬁdes,
3573 4258 3708 4298 unus
3737 4243 3895 4309 Deus,

2303 4341 2445 4397 idem
2485 4341 2758 4404 Christus,
2815 4340 3002 4395 cadent
3059 4339 3254 4394 lavacri
3309 4349 3665 4393 sacramenta.
3711 4336 3892 4393 Semel

2302 4433 2554 4499 dixerim,
2585 4451 2684 4488 una
2715 4433 2956 4488 Ecclesia
2986 4448 3194 4488 sumus.
3222 4433 3295 4487 Ita
3322 4443 3562 4486 nostrum
3595 4439 3698 4498 est,
3721 4431 3895 4501 quod-

2303 4539 2530 4595 cumque
2559 4535 2865 4580 nostrorum
2895 4534 2994 4579 est.
3035 4545 3053 4577 ι
3085 4524 3191 4580 Sed
3237 4523 3365 4578 nihil
3399 4523 3718 4579 luculentins
3748 4521 3812 4574 ad
3845 4521 3896 4576 id

2221 4620 2278 4680 D
2304 4619 2637 4692 probandum
2666 4619 2840 4675 afferri
2873 4627 3052 4690 potest
3111 4619 3195 4683 iis,
3229 4633 3347 4688 qute
3397 4617 3448 4671 in
3497 4613 3738 4671 eamdem
3770 4629 3896 4668 seu-

2302 4713 2522 4768 tentiam
2554 4713 2902 4768 subtilissime
2934 4712 3170 4783 disputat
3194 4711 3245 4764 in
3274 4711 3411 4768 libro
3439 4709 3505 4764 de
3527 4709 3900 4776 Prmscriptio-

2299 4807 2457 4872 nibus
2484 4806 2741 4861 adversus
2770 4807 3219 4875 haereses,quem,
3246 4801 3472 4868 utidixi,
3491 4801 3602 4871 jam
3627 4800 3896 4854 montani-

2298 4908 2379 4953 sta
2419 4897 2740 4967 composuit.
2765 4897 2955 4967 Aliqua
2984 4912 3050 4951 ex
3077 4910 3143 4949 eo
3171 4893 3308 4948 libro
3339 4893 3471 4956 loca,
3505 4891 3749 4962 quamvis
3775 4904 3899 4960 pro-

2297 4989 2507 5054 lixiora,
2535 4989 2710 5044 adhuc
2734 4987 2925 5044 afferre
2959 5003 3136 5057 opera:
3167 4986 3391 5056 pretium
3423 4983 3742 5050 existimavi,
3775 4982 3899 5053 quia

2299 5098 2414 5138 rem
2444 5083 2599 5153 plane
2619 5083 2929 5149 conﬁciunt,
2964 5090 3017 5136 et
3043 5082 3246 5150 optimo
3282 5079 3334 5134 in
3367 5079 3568 5134 lumine
3597 5077 3890 5134 collocant.

2299 5177 2388 5232 Ait
2411 5179 2569 5248 igitur
2596 5176 2662 5232 ad
2692 5175 3090 5232 convincendos
3115 5175 3401 5230 haereticos
3428 5173 3528 5228 hoc
3573 5172 3743 5226 solum
3775 5187 3900 5228 esse

2298 5270 2676 5342 diSputandum
2705 5269 2822 5341 (5):
2861 5288 2881 5321 ι
2923 5269 3127 5337 Quibus
3158 5276 3429 5339 competat
3480 5265 3612 5321 ﬁdes
3644 5267 3781 5336 ipsa,
3802 5279 3899 5319 cu-

2401 5429 2446 5498 l)
2475 5430 2592 5485 Lib.
2624 5447 2640 5484 ι
2699 5430 2914 5484 Adverti.
2950 5429 3230 5494 Marciam,
3258 5443 3378 5497 cap.
3415 5428 3467 5482 1.

2391 5495 2446 5572 2)
2482 5506 2635 5556 Anno
2666 5503 2726 5556 D.
2755 5500 2862 5556 200
2894 5517 3041 5556 nmn.
3072 5500 3271 5556 tx.Vid.
3299 5495 3354 5555 et
3382 5497 3741 5570 Pagium.An.
3770 5495 3895 5552 195.

2293 5590 2439 5629 num.
2472 5589 2543 5628 tv.

2363 5644 2440 5716 ('5)
2467 5645 2585 5716 Lib.
2617 5644 2681 5699 de
2707 5643 2874 5699 Carne
2901 5645 3110 5716 Christi,
3141 5659 3265 5716 cap.
3299 5642 3356 5698 2.

2363 5711 2439 5787 (4)
2477 5715 2814 5770 \'id.Pamcl.
2864 5718 2913 5771 in
2959 5715 3073 5770 Vita
3120 5711 3336 5769 Tertull.
3367 5712 3432 5768 ad
3454 5711 3732 5787 An._20§_;
3777 5719 3893 5787 μέ.

2287 5783 2391 5844 col.
2408 5788 2494 5845 65.
2522 5787 2662 5841 conf.
2682 5787 2818 5860 Aug.
2845 5787 3106 5844 Noesselt.
3133 5787 3367 5853 οἰκίη-1.,
3388 5794 3427 5840 1.
3446 5785 3604 5854 t,c0l.
3627 5783 3891 5838 171-177.

2359 5857 2436 5929 (5)
2465 5855 2593 5927 Cap.
2627 5858 2716 5912 l9.
3557 5860 3559 5863 '
