4242 6270
357 335 428 391 89
938 343 944 348 ’
1297 335 1431 392 PRO
1468 335 1563 395 SS.
1598 335 1868 392 PERPET
1876 337 1987 405 UA,
2018 336 2429 395 FELICITATE
2495 339 2584 396 ET
2625 339 2857 400 SOCllS.
3595 345 3663 403 90

353 451 447 522 jus
476 450 584 504 sint
607 449 1088 520 Scripturar,aquo
1109 458 1160 505 et
1185 465 1278 520 per
1299 465 1432 521 quos
1459 462 1510 505 et
1541 452 1753 521 quando
1784 453 1960 521 ctqui-
1987 456 2038 514 Α
2066 454 2135 508 ita
2189 469 2283 523 per
2329 456 2704 512 successiones
2732 458 2799 512 ab
2837 457 2988 513 initio
3041 457 3440 524 decurrentem,
3474 469 3530 513 ut
3553 460 3662 530 pri-

357 544 462 600 bns
487 545 558 599 sit
611 543 802 598 tradita
842 543 1147 613 disciplina,
1176 559 1278 613 qua
1328 545 1460 599 liunt
1489 544 1797 600 Christiani.
1861 544 1958 601 Ubi

359 638 507 691 enim
555 635 867 706 apparuerit
912 649 1034 690 esse
1086 634 1364 690 veritatem
1403 636 1722 706 disciplinze,
1755 647 1810 691 et
1839 637 1959 692 lidei

355 727 695 793 christiana;
729 727 838 780 illic
865 727 962 781 erit
993 728 1193 782 veritas
1217 728 1634 798 Scripturarum,
1667 736 1721 783 et
1749 728 1961 797 exposi-

354 823 562 876 tionum
593 865 607 886 ,
654 830 710 876 et
759 821 1000 875 onmium
1059 820 1402 876 traditionum
1454 821 1892 877 Christianarum.
1934 842 1952 872 ι

353 912 567 968 Deinde
633 913 913 984 subjungit
971 913 1113 983 quod
1164 914 1428 983 Apostoli,
1479 930 1507 967 a
1558 914 1771 969 Christo
1824 915 1955 970 edo-

351 1005 422 1064 cti
457 1003 562 1074 (l),
603 1024 620 1054 ι
652 1015 701 1058 et
733 1005 1011 1060 consecuti
1045 1005 1362 1074 promissam
1405 1005 1508 1058 vim
1555 1006 1785 1075 Spiritus
1829 1022 1954 1062 san-

354 1097 424 1150 cti
455 1097 524 1150 ad
549 1098 796 1162 virtutes,
828 1105 882 1151 et
909 1097 1200 1166 eloquium,
1233 1098 1404 1166 primo
1433 1113 1524 1167 per
1554 1097 1793 1152 .ludaram
1823 1115 1955 1154 cort-

357 1199 552 1244 tcstata
587 1189 690 1244 ﬁde
723 1191 773 1243 in
801 1188 983 1244 Jesum
1012 1189 1306 1258 Christum,
1336 1201 1390 1246 et
1413 1192 1652 1247 ecclesiis
1681 1195 1953 1261 institutis,

351 1281 555 1337 dehinc
587 1283 640 1335 in
689 1281 875 1336 orbem
919 1281 1165 1351 profecti,
1199 1283 1444 1338 eamdem
1474 1283 1771 1340 doctrinam
1804 1286 1954 1355 ejus-

351 1372 476 1429 dem
508 1373 635 1429 ﬁdei
668 1375 974 1429 nationibus
1000 1376 1493 1446 promulgaverunt,
1529 1386 1582 1432 et
1614 1378 1839 1448 proinde
1869 1395 1954 1434 ec—

352 1469 574 1524 clesiam
618 1468 760 1537 apud
807 1483 1240 1540 unamquamque
1275 1469 1543 1532 civitatem
1574 1469 1949 1537 condiderunt,

355 1577 384 1615 a
414 1562 611 1632 quibus
648 1561 925 1618 traducem
981 1562 1101 1618 ﬁdei
1131 1574 1186 1617 et
1226 1567 1429 1618 semina
1455 1564 1713 1620 doctrinae
1743 1575 1955 1622 creterra

358 1655 553 1711 exinde
580 1655 827 1711 ecclesiae
874 1666 1127 1710 mutuatae
1179 1665 1304 1710 sunt
1351 1665 1405 1712 et
1431 1658 1668 1728 quotidie
1707 1671 1953 1714 minuan-

359 1758 468 1814 tur,
503 1760 556 1801 ut
581 1749 828 1804 ecclesize
849 1749 998 1803 ﬁant.
1024 1751 1100 1803 Ac
1133 1764 1226 1818 per
1251 1749 1374 1814 hoc,
1407 1761 1461 1806 et
1492 1752 1621 1820 ipsa:
1644 1752 1952 1822 apostolicae

2065 560 2182 599 mus
2211 545 2300 600 ille
2352 549 2640 618 cpiscopus
2697 548 2929 618 aliquem
2988 564 3051 604 ex
3084 550 3377 619 Apostolis,
3412 551 3495 606 vel
3525 566 3656 622 apo-

2064 636 2266 692 stolicis
2295 639 2441 706 viris,
2473 641 2560 710 qui
2592 653 2770 695 tamen
2799 657 2920 696 cum
2955 642 3229 711 Apostolis
3272 659 3657 711 perseverave-

2064 730 2153 795 rit,
2188 730 2434 786 habuerit
2480 743 2756 788 auctorem
2815 742 2870 788 et
2900 743 3320 789 antecessorem.
3371 735 3484 790 Hoc
3513 736 3658 790 enim

2062 824 2223 878 modo
2280 824 2534 879 Eccle~i2e
2581 826 2886 896 apostolicae
2935 842 3130 882 census
3180 845 3305 883 suos
3355 829 3655 884 deferunt:

2061 915 2198 968 sicut
2225 913 2623 985 Smyrmeorum
2665 918 2891 973 ecclesia
2941 917 3145 974 habens
3175 920 3529 992 Polyearpum
3591 923 3659 975 ah

2059 1006 2304 1063 Johanne
2333 1010 2648 1064 Collocatum
2699 1010 2863 1066 refert
2895 1013 2938 1076 ;‘
2964 1010 3104 1066 sicut
3143 1011 3507 1068 Romanorum
3539 1013 3658 1068 Cle-

2060 1109 2294 1154 mentem
2345 1116 2372 1153 a
2403 1101 2560 1156 Petro
2607 1101 2913 1156 ordinatum
2944 1102 3058 1157 edit
3088 1121 3103 1169 ;
3140 1104 3363 1172 proinde
3395 1108 3575 1175 utique
3603 1115 3657 1160 et

2059 1198 2270 1245 craterae
2301 1191 2555 1246 exhibent
2604 1208 2739 1261 quos
2766 1195 2834 1248 ab
2882 1194 3153 1263 Apostolis
3202 1195 3260 1264 in
3286 1196 3653 1265 episcopatum

2058 1282 2417 1349 constitutos,
2489 1284 2764 1352 apostolici
2818 1285 3040 1340 seminis
3105 1287 3350 1341 traduces
3402 1286 3655 1342 habeant.

2057 1374 2376 1444 Conlingant
2405 1376 2508 1430 tale
2535 1375 2735 1445 aliquid
2777 1376 3035 1432 haeretici.
3067 1377 3204 1445 Quid
3237 1380 3377 1433 enim
3403 1379 3506 1435 illis
3536 1391 3658 1451 post

2057 1471 2442 1540 blaSphentiam
2493 1470 2738 1525 illicitum
2797 1472 2929 1526 est?
2987 1471 3092 1526 Sed
3131 1473 3233 1526 etsi
3272 1473 3651 1541 conﬁnxerint,

2059 1564 2192 1619 nihil
2236 1564 2647 1633 promovebant.
2681 1563 2798 1633 Ipsa
2841 1563 2984 1619 enim
3013 1563 3258 1619 doctrina
3294 1580 3483 1620 eorum
3529 1582 3652 1621 cum

2057 1656 2351 1726 apostolica
2377 1665 2684 1726 comparata
2733 1671 2798 1710 ex
2835 1655 3151 1711 diversitate
3180 1664 3238 1711 et
3275 1658 3655 1714 contrarietate
3735 1715 3737 1718 .

2056 1763 2151 1802 sna
2194 1746 2590 1816 pronuntiabit,
2627 1760 2799 1816 neque
2848 1746 3093 1815 Apostoli
3139 1747 3370 1816 alicujus
3417 1749 3652 1804 auctoris

354 1840 697 1909 deputantur,
747 1851 805 1895 ut
843 1841 1061 1897 soboles
1109 1841 1526 1912 apostolicarum
1576 1843 1944 1898 ecclesiarum.
1980 1846 2027 1905 B
2058 1855 2202 1907 esse,
2237 1855 2413 1910 neque
2439 1839 2741 1910 apostolici.
2771 1838 2908 1906 Quia
2944 1840 3081 1894 sicut
3121 1841 3364 1909 Apostoli
3413 1856 3518 1896 non
3567 1841 3644 1896 di-

353 1933 530 1988 Umne
580 1949 748 2002 genus
776 1933 840 1987 ad
892 1933 1152 2003 originem
1201 1949 1350 1989 suam
1399 1945 1680 1990 censeatur
1731 1951 1953 1992 necesse

352 2035 460 2080 est.
492 2023 678 2094 itaque
707 2034 780 2080 tot
809 2040 871 2080 ac
895 2034 1054 2080 tanta:
1077 2025 1333 2082 Ecclesia:
1357 2041 1460 2081 una
1486 2037 1567 2082 est
1594 2027 1682 2082 illa
1715 2029 1782 2083 ab
1809 2028 1954 2098 Apo-

355 2118 517 2172 stolis
567 2119 754 2187 prima,
785 2133 848 2174 ex
889 2134 992 2188 qua
1045 2133 1268 2174 omnes:
1310 2121 1389 2175 sic
1439 2135 1628 2176 omnes
1683 2122 1866 2191 primae
1900 2132 1954 2178 et

353 2224 543 2265 omnes
568 2211 918 2281 apostolicae,
959 2211 1084 2265 dum
1118 2226 1222 2266 una
1267 2227 1456 2268 omnes
1504 2212 1732 2283 probant
1778 2214 1954 2269 unita-

351 2313 461 2358 tem
494 2347 509 2368 ,
543 2304 671 2358 dum
711 2313 799 2358 est
826 2304 928 2358 illis
974 2305 1390 2360 communicatio
1422 2306 1587 2375 pacis,
1619 2289 1674 2361 et
1718 2307 1952 2376 appella-

354 2398 430 2452 tio
487 2397 852 2462 fratcrnitatis,
878 2407 932 2453 et
957 2399 1345 2454 contesseratio
1377 2399 1752 2468 hospitalitatis
1788 2418 1803 2466 ;
1832 2417 1952 2471 qua:

345 2493 467 2561 jura
514 2506 619 2546 non
662 2492 765 2546 alia
806 2491 941 2546 ratio
970 2493 1132 2562 regit,
1171 2508 1328 2563 quam
1361 2493 1602 2562 ejusdem
1630 2496 1950 2551 sacramenti

348 2600 451 2640 una
472 2582 710 2639 traditio.
727 2585 877 2639 Hanc
899 2585 1057 2655 igitur
1075 2584 1353 2656 dirigimus
1373 2586 1827 2654 prmscriptionetn
1846 2587 1946 2658 (9.):

347 2679 392 2732 si
422 2677 686 2732 Dominus
723 2677 881 2732 Jesus
910 2678 1152 2732 Christus
1200 2679 1485 2746 Apostolos
1536 2678 1681 2732 misit
1710 2680 1775 2733 ad
1810 2695 1948 2749 prae-

347 2752 659 2836 dicandum,
693 2771 827 2825 alios
872 2786 979 2825 non
1031 2785 1162 2849 esse!
1189 2770 1524 2840 recipiendos
1573 2771 1950 2842 praedicatores

349 2877 512 2931 quam
544 2879 681 2934 quos
723 2863 967 2918 Christus
998 2865 1338 2919 instituit.....
1363 2864 1500 2931 Quid
1543 2877 1720 2922 autem
1759 2868 1948 2937 praedi-

352 2959 614 3024 cavcrint,
643 2959 691 3012 id
720 2969 802 3013 est
839 2959 964 3029 quid
994 2960 1093 3014 illis
1126 2957 1372 3015 Christus
1402 2961 1742 3028 revelaverit,
1786 2971 1840 3017 et
1863 2962 1948 3017 hic

353 3051 684 3122 prescribam
733 3067 836 3106 non
868 3052 1023 3106 aliter
1051 3052 1267 3123 probari
1303 3051 1525 3119 debere,
1560 3053 1659 3108 nisi
1709 3068 1805 3122 per
1831 3067 1948 3108 eas-

350 3145 474 3200 dem
517 3145 792 3210 ecclesias,
828 3159 964 3216 qnas
1004 3145 1103 3214 ipsi
1155 3144 1398 3214 Apostoli
1447 3145 1946 3216 condiderunt,ipsi

2057 1948 2208 1988 versa
2238 1932 2376 1986 inter
2405 1947 2462 1986 se
2506 1931 2846 1998 docuissent,
2900 1931 2970 1985 ita
2997 1941 3051 1987 et
3071 1933 3349 2004 apostolici
3380 1948 3485 1988 non
3514 1950 3644 1988 con-

2056 2025 2217 2079 traria
2247 2024 2519 2095 Apostolis
2546 2024 2876 2090 edidissent,
2910 2024 3012 2078 nisi
3043 2024 3116 2078 illi
3161 2025 3252 2095 qui
3285 2026 3351 2097 ab
3373 2027 3642 2098 Apostolis

2056 2117 2418 2181 desciverunt,
2449 2126 2502 2170 et
2523 2115 2678 2170 aliter
2708 2114 3158 2186 prtedicaverunt.
3191 2117 3273 2171 Ad
3302 2118 3439 2174 hanc
3473 2119 3651 2188 itaque

2055 2209 2280 2264 formam
2339 2209 2774 2280 provocabuntur
2825 2209 2892 2263 ab
2942 2209 3044 2264 illis
3075 2209 3345 2277 ecclesiis,
3375 2226 3494 2282 quae
3525 2212 3652 2268 licet

2055 2302 2258 2356 nullum
2299 2316 2366 2354 ex
2394 2301 2686 2369 Apostolis,
2718 2300 2798 2355 vel
2831 2301 3140 2370 apostolicis
3175 2311 3452 2357 auctorem
3493 2318 3647 2358 suum

2054 2393 2350 2465 proferant,
2381 2402 2440 2446 ut
2489 2394 2659 2448 multo
2717 2394 3066 2462 posteriores,
3090 2410 3210 2465 quae
3255 2395 3490 2466 denique
3517 2413 3649 2468 quo-

2056 2486 2184 2541 tidie
2227 2485 2595 2549 instituuntur,
2645 2495 2821 2540 tamen
2873 2487 2925 2540 in
2972 2485 3161 2540 eadem
3197 2487 3301 2541 ﬁde
3326 2489 3647 2558 conspiran-

2056 2587 2159 2644 tes,
2190 2593 2295 2632 non
2350 2577 2526 2630 minus
2571 2577 2880 2646 apostolica:
2936 2577 3261 2646 deputantur
3293 2593 3389 2647 pro
3420 2595 3649 2635 consan—

2053 2670 2310 2742 guinitate
2349 2669 2627 2724 doctrinae.
2661 2666 2737 2722 lta
2768 2683 2956 2722 omnes
3003 2668 3237 2723 lncreses
3274 2667 3341 2722 ad
3367 2678 3650 2740 utramque

2052 2767 2279 2820 formam
2307 2780 2336 2818 a
2365 2764 2563 2819 nostris
2593 2764 2834 2818 ecclesiis
2860 2771 3161 2832 provocatae
3189 2765 3418 2834 probent
3443 2780 3502 2820 se
3520 2782 3650 2831 qua-

2053 2877 2156 2930 qua
2191 2869 2378 2929 putant
2407 2857 2748 2928 apostolicas.
2776 2855 2882 2912 Sed
2911 2857 3046 2912 adeo
3077 2872 3176 2912 nec
3215 2867 3359 2919 sunt.
3394 2873 3494 2914 nec
3526 2874 3648 2930 pos-

2053 2962 2178 3008 sunt
2210 2951 2441 3022 probare
2461 2950 2603 3022 quod
2629 2966 2732 3004 non
2765 2958 2926 3014 sunt;
2959 2965 3059 3005 nec
3083 2950 3421 3020 recipiuntur
3462 2953 3512 3004 in
3553 2967 3649 3022 pa—

2014 3048 2018 3051 “
2052 3061 2169 3102 cem
2196 3085 2210 3112 ,
2245 3055 2299 3099 et
2352 3044 2405 3098 in
2447 3043 2987 3099 communicationem
3033 3043 3101 3097 ab
3142 3043 3388 3098 ecclesiis
3434 3058 3647 3114 quoque

2054 3139 2214 3194 modo
2239 3139 2549 3209 apostolicis
2573 3157 2590 3205 ς
2620 3139 2828 3193 scilicet
2845 3137 2913 3192 ob
2937 3137 3304 3193 diversitatem
3325 3139 3645 3192 sacramenti

348 3238 428 3291 eis
478 3235 844 3305 praedicando,
899 3244 1005 3290 tam
1038 3237 1153 3290 viva
1187 3235 1350 3308 (quod
1401 3238 1570 3305 aiunt)
1602 3251 1754 3300 voce,
1789 3253 1946 3307 quam
1974 3235 2019 3298 C
2054 3235 2204 3289 nullo
2235 3235 2394 3288 modo
2422 3233 2754 3305 apostolicae.
2794 3253 2812 3285 ›
2847 3231 2953 3288 Sed
3001 3233 3128 3286 nihil
3187 3233 3509 3288 lncnlentius
3557 3234 3643 3301 iis,

350 3343 445 3397 per
470 3327 729 3398 epistolas
761 3336 964 3396 postea.
997 3326 1050 3380 Si
1083 3327 1196 3381 haec
1217 3327 1286 3380 ita
1315 3336 1458 3392 sunt,
1488 3336 1697 3381 constat
1726 3327 1947 3396 proinde

351 3435 562 3473 omnem
595 3419 1052 3490 ductrinam,qu:e
1084 3435 1205 3473 cum
1235 3420 1340 3474 illis
1373 3421 1613 3474 ecclesiis
1640 3422 1945 3490 apostolicis

351 3510 662 3565 matricibus
715 3521 766 3563 et
807 3510 1159 3581 originalibus
1208 3509 1329 3565 fidei
1385 3512 1656 3580 COIISpil‘Et
1685 3554 1699 3578 ,
1732 3512 1945 3569 veritati

349 3603 732 3672 deputandam,
760 3603 809 3658 id
852 3604 967 3658 sine
994 3603 1174 3667 dubio,
1208 3612 1476 3657 tenentem
1511 3602 1653 3673 quod
1688 3603 1946 3659 Ecclesiae

351 3698 416 3749 ah
448 3696 740 3766 Apostolis,
765 3695 1008 3766 Apostoli
1040 3711 1068 3748 a
1093 3695 1333 3766 Christo,
1362 3695 1608 3750 Christus
1637 3711 1664 3748 a
1693 3695 1803 3751 Deo
1827 3711 1946 3750 sns-

353 3792 497 3859 ccpit
528 3809 544 3846 :
575 3792 827 3860 reliquam
862 3804 987 3844 vero
1030 3804 1246 3844 omnem
1287 3788 1583 3844 doctrinam
1601 3776 1680 3845 °de
1727 3789 1946 3845 menda-

354 3885 441 3937 cio
470 3881 930 3952 prmjndicandam,
962 3899 1080 3952 qua:
1119 3884 1292 3952 sapiat
1325 3891 1510 3937 contra
1536 3883 1815 3938 veritatem
1855 3899 1943 3938 cc-

352 3975 632 4029 clesiarum
663 4018 676 4041 ,
733 3984 787 4029 et
831 3975 1208 4044 Apostolorum
1243 4017 1257 4040 ,
1308 3985 1362 4030 et
1421 3975 1619 4029 Christi
1652 4016 1666 4038 ,
1717 3984 1772 4030 et
1826 3975 1940 4029 Dei.

345 4063 602 4136 Superest
652 4082 780 4136 ergo
848 4067 922 4122 uti
976 4067 1426 4135 demonstremus,
1474 4085 1538 4123 an
1592 4069 1708 4124 lure
1763 4082 1943 4125 neStra

346 4159 610 4224 doctrina,
634 4161 788 4230 cujus
828 4161 1068 4230 regulam
1099 4177 1258 4231 supra
1304 4162 1591 4225 edidimus,
1623 4161 1690 4216 de
1714 4163 1945 4232 Aposto-

345 4253 515 4308 lorum
547 4255 835 4310 traditione
859 4265 1160 4321 censeatur,
1195 4265 1248 4309 et
1280 4270 1341 4310 ex
1374 4255 1475 4310 hoc
1497 4256 1613 4326 ipso
1644 4270 1710 4310 an
1733 4264 1943 4311 cetera:

343 4345 411 4400 de
441 4346 723 4401 mendacio
752 4347 988 4401 veniant.
1018 4347 1486 4401 Communicamus
1525 4362 1645 4402 cum
1697 4347 1941 4403 ecclesiis

344 4437 675 4504 apostolicis,
726 4438 867 4506 quod
897 4437 1041 4492 nulla
1074 4437 1315 4492 doctrina
1345 4438 1553 4492 diversa
1585 4455 1598 4491 :
1632 4439 1732 4492 hoc
1757 4447 1838 4492 est
1860 4447 1941 4494 te-

341 4528 653 4582 stimonium
708 4529 965 4583 veritatis.
1021 4549 1038 4581 »
1087 4529 1152 4584 Et
1198 4526 1354 4592 infra,
1409 4529 1664 4585 adversus
1707 4531 1941 4585 lncreses

2051 3344 2170 3397 quae
2212 3343 2316 3383 non
2366 3327 2534 3381 multo
2574 3326 2793 3380 inferius
2823 3326 2890 3380 de
2920 3325 3202 3396 praecipuis
3233 3325 3490 3379 Ecclesiis
3517 3341 3644 3395 apo—

2050 3419 2252 3472 stolicis
2312 3427 2365 3472 et
2410 3419 2706 3487 praesertim
2765 3417 3047 3478 Romana,
3131 3416 3348 3472 disserit
3415 3417 3466 3471 in
3532 3416 3647 3473 hrcc

2050 3511 2212 3565 verba
2234 3509 2313 3581 (l)
2347 3528 2360 3565 :
2389 3529 2407 3562 ‹
2445 3512 2555 3578 Age
2577 3511 2708 3579 jam,
2739 3512 2831 3582 qui
2859 3511 3008 3566 voles
3057 3508 3424 3564 curiositatem
3454 3509 3646 3564 melius

2049 3618 2303 3658 exercere
2335 3603 2386 3656 in
2434 3604 2650 3673 negotio
2702 3603 2890 3658 salutis
2920 3613 3055 3667 tute,
3095 3616 3350 3672 percurre
3378 3602 3645 3657 Ecclesias

2049 3694 2392 3765 aposmlicas,
2439 3695 2576 3765 apud
2627 3710 2759 3765 quas
2811 3695 2940 3764 ipsa:
2985 3695 3161 3750 adhuc
3205 3693 3477 3750 cathedra:
3510 3698 3645 3766 Apo-

2048 3786 2307 3841 stolorum
2340 3787 2452 3840 suis
2481 3786 2612 3841 locis
2635 3786 3011 3856 prtesidentur,
3044 3787 3184 3857 apud
3225 3803 3358 3856 quas
3384 3787 3513 3857 ipsa:
3544 3802 3642 3841 au-

2051 3879 2300 3933 thentica:
2324 3879 2513 3934 littera:
2560 3893 2748 3933 eorum
2802 3879 3117 3944 recitantur,
3149 3889 3404 3934 sonantes
3433 3893 3640 3945 vocem,

2048 3978 2100 4023 et
2124 3978 2571 4037 reprtesentantes
2599 3969 2785 4025 facient
2821 3971 3256 4041 uniuscujusque.
3291 3972 3539 4028 Proxime
3561 3982 3644 4029 est

2047 4061 2142 4114 tibi
2184 4059 2418 4126 Achaia,
2461 4061 2627 4116 habes
2677 4063 3018 4117 Corintlnnu.
3079 4062 3136 4116 Si
3191 4078 3296 4117 non
3340 4063 3495 4132 longe
3525 4079 3583 4118 es
3611 4080 3640 4119 a

2047 4154 2353 4210 Macedonia
2383 4196 2397 4220 ,
2431 4154 2596 4210 habes
2642 4155 2937 4223 Philippos,
2985 4154 3152 4208 habes
3200 4155 3644 4210 'I‘hessalonieen-

2046 4263 2153 4302 ses.
2187 4247 2244 4303 Si
2289 4253 2440 4317 potes
2468 4246 2520 4300 in
2577 4247 2760 4301 Asiam
2791 4245 3030 4310 tendere,
3061 4245 3225 4300 habes
3251 4245 3523 4316 Ephesum
3556 4264 3570 4311 ;
3597 4249 3640 4302 si

2045 4351 2223 4396 autem
2270 4339 2436 4394 Italiae
2488 4338 2738 4410 adjaces,
2797 4338 2962 4394 habes
3000 4338 3248 4400 Romam.
3288 4338 3428 4393 unde
3489 4339 3641 4394 nobis

2045 4449 2260 4505 quoque
2307 4434 2597 4488 auctoritas
2625 4441 2821 4503 prtesto
2847 4439 2931 4487 est
2981 4448 2993 4484 :
3026 4439 3169 4486 statu
3217 4433 3339 4487 l’clix
3371 4430 3637 4494 Ecclesia,

2045 4530 2144 4583 cui
2164 4535 2327 4582 totam
2351 4527 2596 4597 Apostoli
2623 4527 2919 4583 doctrinam
2943 4544 3066 4584 cum
3099 4531 3361 4600 sanguine
3395 4543 3493 4584 suo
3520 4544 3641 4600 pro-

345 4636 464 4689 qua:
512 4636 569 4674 se
617 4623 683 4675 de
715 4631 982 4677 vetustate
1021 4622 1327 4692 jactabant,
1377 4637 1605 4691 seseque
1653 4623 1935 4692 imperitis,
1964 4620 2326 4689 Dfuderunt,
2383 4621 2469 4675 ubi
2525 4621 2716 4677 Petrus
2767 4622 3002 4701 passioni
3055 4621 3338 4678 dominij
3393 4626 3642 4695 adaqua-

347 4711 491 4779 qnod
516 4713 612 4766 sub
661 4713 931 4782 Apostolis
972 4713 1219 4778 fuissent,
1247 4729 1344 4783 pro
1365 4715 1672 4788 apostolicis
1700 4715 1940 4770 vendita-

347 4803 516 4857 bant:
547 4803 617 4865 id,
646 4805 736 4871 ait,
765 4806 873 4860 illis
903 4806 1230 4870 incumbere,
1276 4814 1333 4859 ut
1377 4806 1662 4860 ostendant
1709 4806 1939 4876 aliquem

345 4911 426 4961 Se,
464 4896 547 4951 vel
577 4913 639 4952 ex
674 4898 966 4967 Apostolis,
991 4895 1080 4953 vel
1110 4913 1174 4952 ex
1212 4898 1519 4973 apostolicis
1553 4899 1701 4964 viris,
1745 4899 1834 4968 qui
1865 4907 1944 4954 ta—

343 5005 469 5044 nien
495 4982 919 5058 cum’Apostolis
976 4992 1434 5060 perseveraverit,
1485 5006 1596 5046 sua:
1629 4990 1828 5047 habere
1861 4992 1942 5046 in-

340 5083 637 5138 stitutionis
689 5095 989 5151 auctorem,
1021 5095 1112 5140 aut
1158 5085 1345 5140 Saltem
1395 5085 1808 5155 apostolicarnm
1857 5100 1946 5141 ec-

340 5175 627 5231 clesiarum
655 5178 1036 5232 communione
1066 5178 1220 5248 potiri
1252 5178 1330 5250 (5)
1371 5194 1383 5230 :
1416 5177 1712 5233 «Caeterum
1743 5179 1787 5232 si
1819 5194 1938 5248 qua:

341 5269 540 5324 audent
570 5270 810 5326 inserere
833 5285 894 5326 se
914 5271 1059 5325 :etati
1085 5270 1416 5341 apostolicaz,
1439 5280 1495 5325 ut
1522 5270 1642 5326 ideo
1659 5271 1939 5326 videantur

336 5368 406 5420 ab
458 5365 734 5434 Apostolis
787 5365 1033 5432 traditze,
1078 5367 1199 5437 quia
1239 5366 1339 5421 sub
1383 5365 1654 5436 Apostolis
1708 5365 1936 5428 fuerunt,

334 5472 628 5526 possumus
678 5459 858 5512 dicere
892 5475 903 5510 :
938 5458 1098 5513 edant
1137 5473 1264 5529 ergo
1308 5458 1541 5528 origines
1590 5459 1939 5512 ecclesiarum

337 5564 581 5614 suarum,
639 5551 893 5606 cvolvant
941 5550 1184 5607 ordinem
1251 5551 1623 5622 episeoporum
1696 5564 1935 5616 suorum,

444 5685 496 5756 l)
520 5687 649 5757 Cap.
680 5690 773 5745 20.

439 5759 494 5828 ε)
520 5759 652 5828 Cap.
680 5760 768 5815 2t.

435 5831 494 5900 ε)
528 5828 658 5903 Cap.
687 5833 769 5888 32.

2045 4721 2170 4778 tur;
2203 4713 2289 4768 ubi
2319 4713 2512 4769 Paulus
2554 4713 2813 4769 Johannis
2858 4716 3007 4770 exitu
3035 4726 3363 4780 coronatur,
3403 4717 3487 4770 nhi
3512 4729 3643 4784 apo-

2044 4805 2216 4861 stolus
2267 4805 2562 4872 Johanncs,
2599 4817 2944 4878 posteaquam
2998 4809 3049 4863 in
3085 4809 3260 4863 oleum
3293 4811 3502 4878 igneum
3544 4807 3642 4862 de-

2047 4915 2291 4967 mersus,
2326 4901 2455 4955 nihil
2503 4917 2693 4971 passus
2721 4911 2802 4957 est
2827 4942 2842 4967 ,
2882 4902 2932 4955 in
2966 4901 3192 4956 insulam
3237 4903 3519 4970 relegatur.
3550 4901 3640 4954 Vi-

2045 4995 2266 5051 deamus
2294 4995 2421 5066 quid
2465 4995 2683 5063 dixerit,
2709 4995 2834 5066 qttid
2865 4994 3133 5060 docuerit,
3167 4994 3292 5064 quid
3341 5010 3460 5047 cum
3495 4992 3637 5046 Afri-

2049 5090 2197 5143 canis
2233 5104 2448 5159 quoque
2490 5090 2733 5144 ecclesiis
2785 5089 3202 5142 contesserarit:
3265 5103 3426 5140 untun
3474 5087 3638 5140 Deum

2043 5183 2193 5235 novit
2234 5189 2536 5236 creatorem
2578 5179 2962 5246 universitatis,
2991 5188 3046 5232 et
3063 5177 3331 5234 Christum
3365 5177 3548 5232 Jesum
3573 5193 3636 5232 ex

2043 5273 2260 5343 Virgine
2286 5272 2449 5327 Maria
2491 5272 2680 5326 Filium
2721 5273 2812 5327 Dei
2842 5271 3124 5337 creatoris,
3148 5281 3202 5325 et
3230 5270 3412 5324 carnis
3450 5283 3634 5324 resur-

2043 5366 2335 5420 rectionem
2386 5380 2398 5417 :
2445 5365 2616 5433 legem
2641 5372 2697 5416 et
2747 5360 3034 5432 prephetas
3061 5377 3184 5417 cum
3236 5359 3562 5431 evangelicis
3587 5368 3641 5414 ct

2044 5455 2355 5526 apostolicis
2385 5454 2582 5510 litteris
2631 5455 2843 5522 miscet,
2870 5462 2927 5508 et
2957 5452 3081 5509 inde
3113 5461 3262 5524 potat
3291 5451 3448 5508 tidem
3471 5466 3589 5506 eam
3623 5492 3637 5512 ,

2045 5563 2180 5620 aqua
2212 5548 2424 5618 signat,
2475 5547 2674 5604 Sancto
2719 5547 2916 5620 Spiritu
2942 5548 3141 5613 vestit,
3189 5545 3517 5601 Encharistia
3550 5559 3644 5614 pa-

2046 5651 2168 5719 scit,
2203 5651 2464 5723 martyrio
2493 5652 2848 5718 exhortatur;
2890 5658 2945 5705 et
2987 5650 3058 5705 ita
3111 5646 3370 5704 adversus
3397 5645 3533 5699 hanc
3561 5642 3644 5698 in-

2121 5831 2197 5905 (l)
2223 5831 2349 5904 Cap.
2379 5830 2470 5890 36.
