4190 6246
577 360 657 424 μυί
1699 365 2022 425 DISSER'I‘A
2033 366 2144 422 Tit)
2181 357 2447 420 APOLUG
2461 359 2658 420 E'l'lCA
3817 355 3886 420 99

594 487 924 542 stitntionem
979 483 1245 539 neminem
1302 484 1510 554 recipit.
1547 483 1670 540 liam
1725 485 2020 552 institutio,
2072 499 2178 540 non
2208 481 2260 540 Α
2289 483 2643 556 prophetiam,
2687 489 2740 536 et
2787 477 3120 550 disciplinam
3170 474 3486 550 reprobari,
3520 491 3680 548 quam
3733 475 3884 532 Mon-

593 581 712 636 dico
740 581 845 646 jam
877 593 993 648 quae
1023 577 1227 632 intui-as
1257 579 1488 632 haereses
1539 580 1946 647 pra'nuntiabat.
1974 579 2066 633 sed
2117 579 2183 633 de

594 689 695 743 qua
739 672 969 725 lucreses
994 671 1322 739 prodierunt.
1353 671 1458 725 Sed
1490 685 1592 724 non
1639 672 1851 726 fuerunt
1878 689 1940 725 ex
1976 671 2084 734 illa,
2118 686 2185 725 ex

594 782 700 836 quo
733 766 883 820 facta:
913 775 1032 819 sunt
1068 765 1321 820 adversus
1366 765 1530 818 illam.
1567 766 1736 818 Etiam
1785 765 1851 819 de
1887 764 2042 818 olivm
2085 779 2183 817 nu-

594 862 710 916 cleo
751 860 925 919 mitis.
954 868 1006 913 et
1037 859 1227 928 oplrnre
1277 870 1328 913 et
1358 860 1676 912 necessaria:
1707 901 1720 921 ,
1759 873 1914 928 asper
1957 857 2187 911 oleaster

593 951 832 1006 exoritur
891 969 902 1002 :
958 951 1116 1005 etiam
1166 950 1229 1002 de
1286 963 1548 1020 papavere
1610 951 1692 1005 iici
1762 950 2076 1020 gratissimae
2134 957 2188 1003 et

595 1043 960 1104 suavissime,
1017 1049 1236 1094 ventosa
1296 1052 1348 1094 et
1399 1055 1534 1094 vana
1591 1043 1871 1108 caprilleus
1923 1042 2182 1110 exsurgit.

595 1135 670 1190 lta
703 1143 756 1188 et
812 1133 1043 1188 ltzereses
1093 1135 1158 1187 de
1204 1145 1389 1187 nostro
1419 1134 1892 1198 l‘rnetiiicaverunt,
1939 1148 2042 1186 non
2094 1148 2188 1186 no-

598 1237 753 1288 strze,
785 1223 1080 1295 degeneres
1106 1225 1342 1279 veritatis
1385 1240 1569 1294 grano,
1601 1236 1656 1279 et
1705 1224 1984 1279 mendacio
2011 1224 2192 1294 sylve-

597 1331 754 1376 strcs.
811 1337 828 1370 ι
880 1319 1214 1372 Potuissetne
1242 1331 1268 1370 a
1315 1317 1564 1383 Baronio,
1592 1317 1936 1381 Beliarmius,
1977 1324 2030 1370 et
2074 1315 2191 1369 aliis

597 1412 685 1481 qui
739 1421 974 1464 romana!
1025 1409 1282 1463 Ecclesia:
1329 1408 1678 1461 addictis-simi
1721 1406 2007 1472 habentur,
2036 1406 2192 1477 quid-

598 1515 754 1571 quam
787 1501 852 1555 de
882 1501 965 1554 illa
989 1505 1082 1554 aut
1111 1500 1538 1569 magniﬁcentius
1567 1509 1658 1553 aut
1687 1499 1946 1553 illustrius
1993 1499 2193 1568 praedi-

599 1594 751 1647 cari?
777 1591 907 1658 Quis
947 1591 1192 1647 crederet
1221 1592 1337 1646 inec
1365 1591 1619 1646 haeretico
1646 1590 1870 1656 homini,
1911 1601 1965 1646 et
1994 1592 2062 1646 ab
2095 1591 2195 1647 Ec-

600 1688 759 1742 clesia
819 1699 1034 1740 romana
1081 1687 1277 1740 extorri
1327 1685 1576 1740 excidere
1631 1684 1872 1754 potuisse
1908 1725 1921 1750 ,
2001 1683 2194 1753 quibus

600 1799 789 1838 omnes
836 1784 1049 1852 penitus
1092 1780 1351 1834 adversus
1399 1779 1638 1849 ejusdem
1699 1773 1957 1834 Ecclesiae
1996 1778 2194 1834 doctri-

2288 585 2442 631 tanus
2474 579 2780 637 invexerat;
2814 582 2866 627 et
2897 580 3072 625 tamen
3096 570 3349 625 Romana:
3381 567 3658 634 l-chlesiac,
3694 579 3747 624 et
3775 585 3883 626 eteo

2289 676 2523 722 terarutn
2575 665 2989 736 apostolicarum
3031 662 3403 716 auctoritatem
3458 661 3654 732 ubique
3687 663 3882 730 pmdio

2289 758 2460 820 dicat,
2490 757 2792 827 mirumque
2819 755 2870 810 in
2923 753 3137 808 modum
3166 752 3396 816 extollit,
3430 767 3630 822 eosque
3681 768 3709 806 a
3740 752 3884 808 chris

2290 851 2606 916 StianiStno,
2649 849 2716 904 ab
2771 847 3040 919 Apostolis
3087 855 3139 902 et
3169 861 3196 899 a
3244 845 3460 900 Christo
3514 847 3718 902 alienos
3765 855 3884 904 esse

2290 943 2548 1002 decernit,
2571 942 2658 1012 qui
2686 957 2789 995 non
2815 943 2864 994 in
2890 955 3048 994 unam
3092 939 3444 1008 eamdemque
3465 937 3622 994 iidem
3654 955 3776 994 cum
3798 941 3887 995 Ec-

2291 1037 2468 1092 clesiis
2495 1036 2803 1105 apoStolieis
2849 1033 3294 1103 conspiraret-int.
3321 1032 3474 1101 Quod
3509 1034 3744 1101 profecto
3765 1047 3886 1087 εει-ι

2293 1130 2498 1185 tissimo
2525 1139 2604 1185 est
2631 1140 2965 1196 argumento,
2985 1145 3086 1182 non
3120 1127 3282 1182 l‘ul55e
3311 1125 3645 1182 Montanistis
3671 1143 3888 1198 persua-

2292 1236 2431 1286 sum,
2465 1235 2522 1273 se
2567 1221 2634 1272 ab
2663 1220 2914 1274 Ecclesize
2969 1218 3246 1274 catholica:
3289 1219 3668 1274 communione
3713 1220 3764 1274 in
3819 1219 3884 1275 iis

2294 1329 2412 1383 qua:
2445 1312 2565 1367 lidei
2599 1322 2752 1372 sunt.
2786 1312 3067 1367 excidisse.

2369 1405 2640 1472 Denique,
2701 1414 2758 1458 ut
2815 1405 3094 1459 innumera
3153 1405 3554 1475 pra-termittam
3605 1419 3724 1475 qua:
3785 1405 3890 1459 huc

2295 1497 2349 1550 in
2381 1497 2621 1551 eamdem
2653 1496 2969 1552 sententiam
2993 1495 3170 1552 afferri
3201 1507 3448 1566 possent,
3484 1511 3665 1551 veram
3689 1495 3890 1552 ChriSti

2299 1587 2590 1643 Ecclesiam
2643 1603 2745 1642 non
2803 1588 2968 1644 fuisse
3021 1589 3328 1644 Tertulliani
3372 1588 3574 1658 judicio
3607 1587 3672 1642 ad
3717 1589 3888 1643 solam

2298 1680 2734 1735 Montanistarutn
2778 1691 2978 1736 sectam
3027 1689 3386 1748 coarctatam,
3442 1679 3535 1736 sed
3588 1681 3891 1737 Catltoilcos

2299 1787 2510 1842 quoque
2559 1773 2625 1826 ad
2667 1783 2832 1827 unum
2891 1773 3138 1844 idemque
3179 1773 3433 1829 Ecclesia:
3479 1779 3672 1844 corpus
3731 1775 3894 1844 perti-

601 1892 721 1930 natn
769 1877 1003 1929 lucreses
1036 1873 1384 1942 proﬂigantur
1411 1871 1434 1924 ?
1474 1871 1641 1927 Nemo
1687 1883 1926 1941 prorsus,
1953 1873 2042 1943 qui
2090 1885 2193 1927 non
2224 1871 2273 1934 Β
2301 1866 2511 1930 nuisse,
2551 1866 2702 1934 cujus
2733 1865 3000 1932 membra,
3030 1865 3268 1935 quamvis
3301 1871 3404 1920 non
3431 1866 3642 1920 easdem
3673 1865 3895 1918 omnino

601 1967 891 2022 adverterit
931 1965 994 2019 ad
1029 1977 1089 2020 ea
1120 1973 1238 2035 qum
1284 1963 1542 2019 hactenus
1572 1979 1665 2019 ex.
1703 1963 1803 2019 ltoc
1853 1975 2072 2019 auctore
2102 1965 2196 2020 de-

602 2058 868 2119 duximus,
899 2071 1006 2111 non
1033 2056 1081 2109 id
1125 2057 1329 2110 Scilicet
1357 2057 1408 2110 in
1440 2064 1674 2110 mentem
1729 2057 1942 2111 venisse
1992 2055 2198 2110 Monta-

604 2150 774 2210 nistis,
808 2161 866 2203 se
916 2149 984 2201 ob
1019 2161 1211 2203 novatn
1271 2147 1602 2216 prophetiam
1658 2161 1720 2201 ac
1761 2146 2096 2219 disciplinam
2129 2148 2196 2202 ab

603 2241 948 2296 ecclesiarum
996 2241 1407 2310 apostolicarum
1447 2242 1823 2295 communione
1855 2243 1905 2296 in
1958 2243 2022 2296 iis
2079 2257 2198 2311 qua:

606 2334 727 2388 lidei
775 2341 917 2396 sunt,
950 2342 1003 2387 et
1050 2333 1100 2385 ln
1144 2332 1337 2401 quibus
1376 2347 1583 2386 summa
1635 2333 1860 2386 vertitur
1901 2321 2228 2402 religionis,‘

604 2425 888 2480 excidisse.
915 2423 1164 2478 Attamen
1196 2423 1317 2493 quia
1370 2438 1474 2476 non
1507 2438 1693 2477 omnes
1727 2425 2093 2487 consentiunt,
2127 2423 2193 2477 li-

603 2517 757 2570 brum
793 2515 860 2571 de
899 2514 1401 2584 Prtescriptionibus
1442 2531 1469 2568 a
1519 2515 1879 2581 Tel-tulliano,
1907 2517 2030 2570 dum
2064 2517 2203 2572 inter

604 2608 913 2664 Catholicos
942 2617 1268 2673 versaretur,
1320 2625 1425 2662 non
1459 2609 1623 2665 fuisse
1673 2611 2029 2680 compositum
2062 2630 2074 2677 ;
2107 2611 2202 2666 ad-

603 2700 725 2755 dam
758 2715 821 2755 es
853 2699 946 2756 lib.
981 2716 1033 2755 tv
1084 2709 1228 2754 cont.
1263 2699 1540 2766 Marcion,
1589 2716 1745 2771 quem
1777 2707 2007 2765 constat,
2062 2712 2203 2772 post-

603 2807 760 2863 quam
813 2793 1110 2848 simultates
1139 2808 1260 2848 cum
1307 2789 1606 2864 Psyclticis,
1659 2801 1715 2847 ttt
1749 2795 1824 2848 ait
1865 2794 1967 2864 (Ι),
2003 2794 2202 2851 habere

607 2895 865 2954 coeperat,
900 2883 1063 2939 fuisse
1091 2885 1157 2939 ab
1187 2899 1250 2940 eo
1285 2886 1684 2950 concinnatum,
1717 2887 1892 2941 simile
1919 2887 1986 2942 de
2029 2889 2204 2944 eccle-

605 2976 698 3029 siis
726 2976 1031 3045 apostolicis
1056 3018 1071 3041 ,
1100 2985 1152 3030 et
1178 2978 1474 3043 praesertim
1506 2976 1766 3043 Romana,
1795 2979 2158 3034 testimoniqu
2186 3023 2200 3045 ,

611 3065 912 3122 adulterum
963 3067 1167 3122 scilicet
1217 3079 1268 3122 et
1335 3069 1642 3124 itmreticunt
1712 3083 1833 3125 esse
1898 3069 2199 3127 habendum

607 3157 864 3228 quidquid
899 3159 951 3213 in
989 3160 1150 3213 rebus
1194 3159 1315 3215 lidei
1344 3161 1410 3214 ab
1444 3177 1626 3216 earum
1661 3163 1946 3219 traditione
1976 3166 2198 3232 recedit,

2301 1967 2633 2012 sectarentur
2687 1965 2894 2010 moi-tun
2940 1957 3296 2012 institutiOnes
3323 2001 3337 2021 ,
3383 1957 3570 2013 eadem
3627 1957 3896 2010 nihilomi-

2301 2062 2402 2101 nus
2432 2048 2532 2102 l'idc
2553 2093 2564 2112 ,
2611 2047 2902 2117 iisd'eitt'qne
2932 2048 3282 2103 sacramentis
3313 2049 3451 2103 inter
3481 2059 3539 2103 se
3575 2049 3895 2116 colligaren'o

2303 2147 2420 2204 tur;
2463 2151 2524 2193 ea
2558 2139 2853 2193 lucnieuter
2889 2141 3178 2194 tlSlCtldtlttl
3199 2183 3213 2206 ,
3249 2141 3365 2210 qua:
3396 2140 3461 2195 de
3491 2139 3769 2194 cltristiani
3800 2155 3900 2193 no-

2303 2232 2460 2286 minis
2512 2231 2874 2302 Ecclesithue
2939 2233 3292 2302 amplitudine
3352 2233 3605 2288 adversus
3650 2233 3899 2288 ethnicos

2303 2328 2537 2397 disputat
2567 2329 2644 2400 (Ι)
2679 2343 2694 2383 :
2734 2341 2751 2379 ι
2790 2328 3038 2382 llesmrui
3064 2341 3269 2392 sumus,
3304 2339 3356 2384 et
3385 2335 3557 2383 VeStra
3586 2330 3763 2382 omnia
3795 2329 3898 2382 itu-

2308 2422 2589 2488 |-levittttts,
2634 2421 2812 2485 nrbes,
2849 2423 3071 2488 insulas,
3102 2423 3342 2482 castella,
3382 2422 3687 2492 municipia,
3715 2421 3900 2476 conci-

2307 2512 2501 2567 liabula
2529 2555 2542 2578 ,
2583 2525 2754 2569 castra
2796 2515 2929 2583 ipsa,
2982 2517 3172 2581 tribus,
3212 2516 3475 2582 decurias,
3512 2517 3781 2586 palatium,
3817 2530 3901 2569 sc-

2309 2619 2522 2670 natum,
2557 2608 2764 2671 lorum,
2808 2610 2918 2662 sola
2967 2609 3118 2664 vobis
3165 2611 3517 2681 relinquimus
3547 2611 3758 2680 templa.
3803 2610 3899 2665 Cui

2307 2700 2446 2754 bello
2497 2716 2599 2755 non
2656 2701 2864 2766 idonei,
2925 2711 3030 2756 non
3089 2704 3318 2773 prompti
3364 2704 3684 2770 fuissemus,
3738 2703 3898 2758 etiam

2308 2791 2540 2861 impares
2567 2790 2765 2861 cepiis,
2815 2792 2901 2862 qtti
2932 2799 3036 2846 tam
3081 2794 3308 2848 libenter
3337 2795 3686 2862 trucidamur,
3718 2796 3764 2849 sl
3795 2799 3899 2848 non

2307 2884 2444 2953 apud
2485 2884 2640 2937 istam
2681 2884 3016 2954 disciplinam
3063 2886 3230 2955 magis
3272 2886 3443 2941 occidi
3481 2887 3693 2951 liceret,
3743 2901 3898 2956 quam

2306 2976 2594 3031 cecidere?
2640 2977 2914 3032 Potuimus
2965 2987 3019 3032 et
3069 2978 3318 3041 inermes,
3367 2987 3466 3033 nec
3515 2979 3760 3041 rebelles,
3808 2979 3900 3034 scd

2307 3069 2678 3123 tantummodo
2707 3067 2981 3125 discordes
3021 3069 3189 3125 solius
3217 3070 3426 3125 divortii
3468 3071 3662 3124 invidia
3710 3071 3904 3124 adver-

2306 3175 2398 3216 sus
2444 3175 2536 3216 vos
2583 3162 2882 3218 dimicasse.
2927 3164 2984 3219 Si
3034 3166 3176 3218 enim
3221 3171 3362 3219 tanta
3404 3166 3484 3220 vis
3528 3166 3801 3220 hominum
3849 3167 3900 3221 in

607 3263 660 3308 et
687 3263 1000 3308 extraneum
1033 3269 1153 3308 esse
1196 3254 1608 3311 existimandum
1639 3256 1893 3327 quidquid
1933 3274 2053 3314 cum
2095 3259 2198 3314 illis
2225 3263 2271 3328 (ι
2303 3253 2534 3323 aliquem
2573 3254 2718 3308 orbis
2762 3256 2948 3309 remoti
2993 3256 3167 3310 sinunt
3208 3257 3611 3327 abrupissemus
3654 3271 3682 3312 a
3721 3259 3894 3324 vobis,

608 3360 713 3400 non
759 3346 810 3399 in
862 3359 963 3400 una
1010 3345 1304 3415 eademque
1349 3348 1451 3401 ilde
1495 3350 1853 3403 communicat
1899 3350 2020 3420 (2):
2089 3370 2106 3402 ι
2142 3351 2196 3405 In

607 3451 812 3490 summa
867 3436 911 3491 si
969 3448 1198 3503 constat,
1235 3438 1282 3492 id
1313 3441 1489 3494 verius
1535 3441 1676 3510 quod
1707 3442 1857 3511 prius
1887 3487 1900 3508 ,
1945 3443 1992 3497 id
2045 3445 2195 3514 prius

607 3529 745 3599 quod
779 3539 830 3585 ct
859 3529 926 3584 ab
954 3531 1103 3584 initio
1131 3573 1143 3596 ,
1177 3532 1242 3583 al)
1283 3533 1433 3586 initio
1477 3535 1614 3601 quod
1661 3536 1728 3587 ab
1760 3537 2028 3604 Apostolis
2059 3581 2067 3595 ,
2106 3551 2198 3605 pa-

611 3622 742 3675 riter
786 3623 966 3690 ntique
1021 3622 1324 3687 consmbit,
1362 3639 1480 3678 esse
1535 3625 1600 3678 ab
1634 3623 1901 3695 Apostolis
1950 3629 2197 3684 ttadittun

609 3715 749 3785 quod
799 3715 936 3785 apud
1002 3716 1258 3772 ecclesias
1304 3717 1677 3786 Apostolorum
1734 3717 1887 3773 litt-rit
1924 3735 2200 3776 sacroSan-

608 3816 772 3863 ctum.
800 3807 1087 3862 Videamus
1130 3807 1268 3877 qttod
1322 3807 1400 3863 lac
1453 3819 1478 3862 a
1527 3810 1688 3865 Paulo
1721 3813 1976 3867 Corinthii
2012 3813 2201 3869 ltausc-

610 3901 711 3954 rint
739 3918 751 3964 ;
782 3903 846 3953 ad
872 3891 1028 3971 quam
1054 3900 1289 3972 regulam
1339 3901 1542 3957 Gaiano
1574 3905 1680 3957 sint
1720 3903 2005 3960 recorrec'ti
2033 3921 2046 3970 ;
2077 3906 2200 3974 quid

610 3993 790 4062 legant
808 3993 1202 4064 Pltilippcnses,
1236 3995 1759 4059 Thessalonicenses,
1796 3997 2011 4068 Ephesii
2038 4018 2052 4065 ;
2078 4001 2201 4070 quid

608 4086 765 4139 etiam
792 4085 1014 4141 Romani
1042 4088 1107 4141 de
1127 4088 1370 4157 proximo
1395 4097 1616 4155 sonent,
1638 4089 1832 4159 quibus
1850 4089 2198 4161 Evangelium

609 4189 660 4233 et
693 4179 878 4234 Petrus
930 4189 982 4234 et
1027 4181 1222 4235 Paulus
1271 4185 1527 4251 sanguine
1571 4195 1780 4252 quoque
1809 4198 1907 4237 suo
1935 4184 2200 4254 signatum

609 4273 959 4341 relirpterunt.
991 4273 1256 4328 ilahemus
1291 4285 1340 4329 et
1374 4275 1630 4330 Johannis
1657 4270 1897 4332 alumnas
1925 4277 2199 4334 ecclesias.

607 4363 737 4418 Nam
771 4373 822 4418 et
851 4365 894 4418 si
932 4363 1304 4433 Apoealypsim
1355 4366 1468 4434 ejus
1521 4367 1748 4421 Marcion
1783 4367 1987 4437 respuit
2021 4409 2034 4433 ,
2071 4369 2204 4422 ordo

612 4467 792 4510 tamen
825 4457 1200 4524 episcoporum
1233 4457 1296 4510 ad
1329 4459 1587 4527 originem
1621 4473 1891 4526 recensus,
1926 4462 1974 4513 iu
2005 4460 2207 4516 Johan-

613 4565 736 4602 ttcm
773 4549 934 4602 stabit
973 4559 1267 4603 attetm‘em.
1307 4551 1393 4604 Sie
1420 4561 1473 4606 ct
1502 4563 1816 4606 emterarum
1875 4558 2205 4622 generositas

2303 3346 2611 3401 suﬂ'udisset
2663 3346 2844 3416 utique
2901 3346 3321 3402 dominationem
3376 3358 3608 3403 vestram
3653 3357 3728 3404 tot
3772 3365 3904 3420 qua-

2302 3441 2660 3511 liumcumque
2689 3441 2920 3496 'atnissio
2948 3443 3141 3497 civium
3166 3463 3178 3508 ;
3210 3443 3375 3496 immo
3401 3443 3558 3497 etiam
3591 3451 3644 3498 et
3674 3443 3784 3512 ipsa
3812 3443 3908 3496 de-

2303 3531 2581 3585 stitutione
2613 3531 2881 3600 punisset:
2901 3533 3084 3602 procul
3113 3534 3276 3588 dubio
3304 3534 3658 3603 expavissetis
3687 3533 3752 3588 ad
3783 3534 3908 3587 soli-

2307 3628 2541 3681 tudinem
2575 3639 2804 3682 veSIram
2829 3671 2843 3694 ,
2876 3628 2940 3682 ad
2976 3627 3242 3683 silentium
3283 3641 3457 3682 rerum
3487 3669 3502 3694 ,
3531 3636 3585 3681 et
3618 3635 3896 3696 stuporem

2304 3721 2590 3790 quamdam
2620 3721 2768 3790 quasi
2808 3729 3030 3774 mortua:
3083 3721 3228 3775 ttrbis
3274 3718 3604 3789 quzesisse'tis
3627 3719 3820 3788 quibus
3851 3719 3904 3772 itt

2307 3827 2367 3868 ea
2398 3814 2778 3884 itupcrassetis.
2811 3814 2996 3869 Plures
3037 3815 3218 3869 hostes
3260 3831 3415 3885 quam
3445 3814 3589 3868 cives
3624 3815 3773 3869 vobis
3817 3830 3871 3868 re
3894 3844 3906 3854 -

2307 3906 2662 3968 mansissent,
2691 3921 2832 3960 nunc
2855 3907 2994 3958 enim
3026 3907 3301 3976 pauciores
3338 3910 3514 3959 hostes
3551 3905 3756 3959 habetis
3788 3921 3898 3972 piae

2308 3996 2645 4050 multitudine
2668 3997 3090 4051 Christianorum
3123 4013 3254 4067 pene
3277 4000 3512 4050 omnium
3533 3997 3745 4057 civium,
3770 4011 3910 4064 pt-uc

2307 4104 2494 4143 omnes
2527 4091 2671 4143 cives
2700 4089 3021 4143 christianos
3061 4090 3327 4144 habendo.
3367 4089 3472 4144 Sed
3505 4089 3686 4144 hostes
3716 4088 3909 4141 'ntalui-

2308 4185 2403 4238 stis
2429 4183 2606 4238 vocari
2633 4186 2843 4252 generis
2875 4185 3088 4238 humani
3145 4185 3317 4252 potius
3373 4198 3527 4253 quam
3579 4181 3776 4236 erroris
3806 4179 3912 4234 hu-

2309 4277 2471 4330 mani.
2512 4297 2528 4328 ι
2583 4277 2704 4331 Ιιςιιε
2730 4277 2796 4330 de
2837 4278 2968 4331 Solis
3004 4277 3335 4330 Montanistis
3365 4273 3591 4344 intelligi
3629 4277 3758 4328 sane
3795 4289 3907 4326 non

2308 4377 2546 4437 posSuut.
2567 4368 2864 4438 Numquam
2899 4370 3037 4423 ettitn
3064 4368 3176 4422 lucc
3198 4381 3341 4423 seeta
3366 4367 3499 4423 adeo
3531 4365 3784 4434 potnteria
3810 4379 3908 4418 sui

2309 4459 2574 4514 dilatavit.
2613 4462 2715 4516 Sed
2746 4477 2914 4531 neque
2937 4461 3005 4516 de
3035 4460 3354 4515 Christianis
3379 4505 3391 4526 ,
3427 4468 3582 4528 prout
3611 4459 3769 4512 etiam
3795 4456 3913 4510 luc-

2309 4555 2459 4607 retici
2491 4556 2589 4609 hoc
2627 4555 2840 4609 nomine
2868 4555 3232 4609 continentur.
3271 4553 3561 4607 liwreliCos
3588 4552 3726 4605 enim
3753 4551 3914 4604 Citri-

610 4641 1030 4709 rccognnscitttr.
1077 4640 1202 4695 Dico
1232 4644 1406 4712 itaque
1445 4643 1580 4712 apud
1616 4645 1753 4708 illas,
1789 4662 1884 4701 nec
1929 4647 2069 4700 Solas
2091 4648 2198 4716 jam
2228 4655 2280 4716 1)
2307 4647 2598 4702 stianorntn
2618 4661 2861 4710 numero,
2887 4647 3075 4701 eodem
3096 4646 3226 4700 libro
3255 4645 3358 4717 (2),
3387 4654 3570 4714 aperte
3599 4642 3870 4696 submovit
3897 4659 3912 4695 :

612 4731 954 4801 apostolicos,
985 4731 1077 4784 sed
1132 4733 1268 4802 apud
1323 4736 1597 4789 universas
1627 4753 1740 4806 qua:
1787 4737 1890 4792 illis
1923 4737 1988 4793 de
2027 4742 2198 4794 socie-

613 4830 719 4876 tate
759 4823 1078 4876 sacramentl
1111 4826 1564 4894 eutl’tetlet-antnr,
1598 4829 1644 4881 id
1673 4829 2014 4899 Evangelittm
2046 4830 2204 4887 Luca:

612 4913 678 4967 ab
711 4914 862 4968 initio
887 4915 1140 4970 editionis
1167 4926 1312 4974 stare
1341 4919 1480 4988 quod
1509 4936 1628 4975 eum
1661 4926 1893 4977 maxime
1936 4934 2197 4979 tuemur.»

610 5007 736 5062 Haec
767 5008 1023 5078 proiecto,
1057 5023 1110 5065 et.
1156 5011 1236 5065 his
1276 5013 1464 5067 similia
1515 5016 1653 5085 qua?
1682 5017 1820 5084 apud
1853 5033 1972 5072 eum
2009 5023 2203 5087 passim

610 5112 899 5155 occurrunt
935 5105 1094 5156 etiam
1137 5108 1187 5158 in
1221 5105 1284 5158 iis
1335 5107 1483 5162 libris
1509 5125 1642 5178 quos
1665 5117 1888 5175 constat,
1927 5125 2205 5184 postquam

611 5192 674 5246 ad
701 5193 932 5247 Montani
960 5195 1152 5264 dogma
1179 5197 1428 5267 delapsus
1474 5211 1569 5264 est,
1603 5201 1668 5256 ab
1695 5217 1758 5256 eo
1783 5203 1941 5258 fuisse
1972 5207 2208 5273 promul-

615 5294 789 5354 ga'os,
829 5288 1064 5343 scribere
1094 5299 1382 5359 numquam
1414 5309 1576 5350 ausus
1622 5296 1824 5363 fuisset,
1862 5300 1949 5368 qui
1997 5317 2054 5356 se
2102 5320 2206 5357 non

611 5377 970 5433 existinmsset
1004 5381 1056 5434 in
1087 5382 1271 5436 iisdem
1309 5401 1429 5439 cum
1479 5389 1724 5444 ecclesiis
1752 5394 2056 5460 apostolicis
2090 5397 2210 5451 lidei

612 5469 948 5537 dogmatibus
997 5478 1416 5532 communicare.
1469 5477 1584 5534 Non
1647 5483 1920 5551 ignorabat
1973 5488 2210 5554 profecto

613 5559 990 5631 Tertulliauus,
1031 5581 1222 5621 novam
1271 5567 1338 5622 ab
1383 5569 1624 5627 Ecclesia
1689 5588 1907 5630 romana
1967 5578 2206 5636 damnari

671 5769 749 5842 (ξ)
777 5767 902 5824 Vid.
926 5784 1043 5842 cap.
1073 5771 1146 5826 23

671 5838 743 5908 (2)
763 5843 901 5906 Cap.
933 5841 982 5894 5.

2314 4758 2331 4792 ι
2367 4740 2470 4794 Sed
2501 4740 2639 4793 dicet
2671 4740 2890 4808 aliquis,
2920 4740 3079 4793 etiam
3111 4738 3179 4792 de
3221 4739 3418 4792 nostris
3461 4735 3723 4791 excedere
3749 4748 3915 4803 quos-

2309 4834 2428 4889 dam
2453 4850 2480 4888 a
2511 4832 2690 4903 regula
2721 4833 3050 4902 disciplinte:
3084 4833 3331 4887 desinunt
3362 4841 3472 4885 tum
3500 4829 3785 4885 Christiani
3813 4829 3916 4880 ba-

2311 4929 2425 4982 beri
2479 4943 2639 4996 penes
2681 4941 2797 4981 uos.
2837 4947 2853 4978 ι
2910 4927 3034 4980 [hec
3085 4928 3243 4996 igitur
3301 4925 3573 4988 Ecclesia,
3621 4924 3773 4991 cujus
3819 4936 3919 4990 per

2313 5023 2478 5073 t'otutn
2512 5021 2703 5074 librum
2745 5020 3043 5089 ineuipatos
3075 5019 3547 5086 sanctissimosque
3582 5031 3760 5071 mores
3814 5019 3919 5067 tit--

2313 5114 2502 5168 scribit
2525 5157 2537 5178 ,
2570 5125 2727 5184 atque
2753 5123 2952 5180 tuetur,
2985 5123 3037 5166 et
3067 5129 3096 5168 e
3125 5113 3278 5182 eujus
3307 5112 3425 5165 sinu
3459 5112 3652 5164 tnnltos
3677 5154 3690 5176 ,
3724 5112 3822 5172 ait,
3862 5111 3917 5164 id

2313 5210 2572 5278 temporis
2603 5209 3017 5278 innumerosque
3055 5218 3318 5277 martyres
3352 5204 3646 5276 prodiisse,
3683 5220 3916 5273 quorum

2314 5304 2528 5373 sanguis
2565 5318 2747 5355 semen
2780 5309 2889 5355 erat
2924 5300 3351 5355 Christianorum
3375 5342 3389 5364 ,
3427 5313 3596 5368 neque
3631 5297 3919 5351 haereticos

2313 5395 2788 5466 complectebatur,
2841 5401 3012 5462 neque
3057 5393 3206 5446 solos
3251 5390 3635 5454 Montanistas,
3687 5387 3776 5442 sed
3827 5389 3916 5442 vel

2316 5487 2544 5541 maxime
2574 5486 2875 5539 (latholieos
2895 5528 2908 5550 ,
2940 5484 3027 5554 qtti
3062 5496 3116 5536 ιη
3151 5494 3232 5538 est
3260 5483 3397 5552 apud
3426 5482 3672 5536 eumdem
3701 5479 3923 5534 Tertul-

2314 5578 2511 5632 liauum
2547 5577 2621 5650 (5)
2650 5618 2662 5642 ,
2695 5576 2763 5632 de
2795 5575 3134 5632 tnultitudine
3165 5575 3547 5646 gloriabantur,
3580 5583 3634 5629 et
3663 5589 3692 5629 e
3717 5572 3918 5644 quibus

2389 5717 2464 5784 (ii
2494 5715 2734 5786 Apolog.,
2766 5730 2884 5784 cap.
2915 5716 3003 5771 '57.

2390 5787 2466 5857 (2)
2493 5786 2648 5857 libid.,
2682 5802 2801 5857 cap.
2829 5787 2921 5841 46.

2391 5855 2468 5929 (ὅ)
2497 5856 2614 5913 Lib.
2648 5859 2710 5912 de
2728 5855 2969 5927 Jejtmit's,
3001 5871 3118 5928 cap.
3148 5855 3236 5913 40.
