4218 6268
303 364 378 429 93
1174 369 1307 428 PRO
1346 371 1441 428 SS.
1488 371 1876 441 PERI’ETUA,
1920 371 2327 429 FELICITATE
2367 371 2452 428 ET
2490 371 2721 429 SOCIIS.
3545 363 3614 424 9-1

305 498 557 551 constat,
608 489 919 544 innmueros
951 501 1059 558 prie
1096 488 1214 542 aliis
1245 490 1406 543 sectis
1443 489 1606 542 fuisse
1652 500 1913 559 martyres
1941 493 1990 552 Α
2023 510 2042 542 ι
2077 492 2245 558 Quam
2280 505 2460 559 pacem
2503 489 2719 560 quidam
2753 489 2805 544 iit
2849 487 3085 545 Ecclesia
3129 497 3233 543 non
3283 487 3540 544 habentes
3584 505 3611 542 a

304 592 618 638 coronatos.
670 584 920 634 Attamen
978 593 1122 641 cum,
1173 579 1486 633 Tertulliani
1533 580 1755 649 judicio,
1807 596 1913 650 quo

307 684 551 744 tempore
580 672 987 742 Apologeticum
1022 671 1394 742 promulgavit,
1433 688 1626 740 nempe
1657 674 1706 726 in
1740 674 1914 728 medio

304 778 442 824 testu
477 764 902 836 persecutionis,
933 763 1033 832 ipsi
1063 778 1276 832 quoque
1314 763 1650 816 illontani~tm
1678 765 1915 817 Catizoli-

305 877 492 918 eorum
534 873 762 913 numero
801 866 1190 920 censerentur;
1229 856 1565 909 manifestum
1593 865 1710 916 est,
1745 873 1808 910 ex
1848 858 1910 910 iis

303 966 354 1011 et
385 954 526 1009 veris
551 951 847 1007 Catholicis
880 964 1038 1003 uuam
1062 949 1436 1018 eamdemque,
1473 964 1532 1000 ex
1563 949 1678 1012 cius
1701 958 1915 1002 senten-

306 1047 376 1101 tia
417 1045 618 1099 Christi
652 1041 944 1096 Ecclesiam
993 1039 1305 1094 coastitisse
1331 1083 1344 1104 ,
1389 1055 1505 1106 qua:
1553 1039 1676 1092 licet
1714 1039 1913 1109 ubique

310 1152 421 1192 non
449 1136 665 1191 easdem
697 1134 915 1188 omnino
948 1146 1155 1185 morum
1199 1133 1560 1186 institutiones
1588 1142 1864 1200 usurparet
1896 1152 1908 1186 :

309 1245 481 1284 unum
537 1242 712 1282 tamen
770 1224 1019 1292 idemque
1065 1222 1342 1292 religionis
1392 1237 1588 1291 corpus
1639 1222 1911 1276 censemla

309 1332 480 1389 esset,
506 1323 648 1392 quod
690 1322 739 1374 in
773 1320 959 1374 eadem
994 1319 1114 1373 fidei
1146 1318 1394 1387 dogmata
1425 1320 1784 1386 conspiraret,
1819 1318 1905 1370 iis-

306 1415 540 1482 demque
576 1412 698 1466 fidei
726 1411 1078 1466 sacrzunentis
1111 1421 1367 1464 uteretur.

382 1505 512 1559 VIII.
555 1504 738 1559 Tertio
768 1502 1058 1556 notandum
1080 1512 1179 1566 est,
1217 1501 1268 1555 id
1297 1501 1437 1573 quod
1467 1501 1626 1554 etiam
1674 1517 1740 1556 ex
1769 1516 1911 1570 pne-

307 1599 486 1653 missis
515 1605 706 1666 sponte
721 1610 815 1648 sua
845 1595 1222 1664 proficiscitur,
1243 1593 1636 1646 (Iatholicorum
1654 1602 1914 1665 martyres

309 1693 476 1747 fuisse
500 1707 528 1743 ιι
563 1689 901 1744 Μοιιιιιιιίςιίε
929 1703 1025 1757 pro
1061 1688 1203 1741 veris
1231 1687 1550 1756 martyribus
1577 1687 1873 1740 :estimatos
1894 1729 1908 1751 ,

312 1792 370 1838 et
417 1781 482 1834 ad
527 1795 708 1836 eorum
741 1779 1123 1849 quoquomndo
1151 1779 1582 1831 conununionem
1615 1778 1750 1830 viam
1783 1776 1913 1830 all‘e-

2021 591 2342 669 martyribus
2373 592 2422 644 in
2449 607 2664 644 carcere
2694 606 2917 646 cxttrare
2950 599 3364 644 con5uevcrunt.
3398 589 3462 642 Et
3490 587 3610 641 ideo

2018 697 2134 736 eam
2168 685 2324 735 etiam
2372 695 2647 752 propterea
2691 684 2739 736 in
2789 681 2939 736 vobis
2977 682 3203 744 habere,
3245 691 3298 734 et
3341 678 3610 732 custodire

2019 771 2259 832 debetis.
2295 783 2348 826 ut
2378 776 2420 824 si
2449 775 2610 835 forte,
2648 784 2699 826 et
2727 773 2845 826 aliis
2892 781 3146 842 praestare
3181 772 3410 840 possitis.
3452 792 3468 822 ι
3517 769 3613 824 llic

2019 868 2159 920 enim
2192 868 2578 921 Catholicorum
2614 885 2727 920 ιιιυς
2758 867 2885 929 fuit,
2921 877 2975 918 ιιι
3004 865 3380 918 communione
3409 861 3477 916 oh
3503 861 3604 917 eii-

2019 959 2159 1010 mina
2186 958 2427 1025 capitalia
2464 957 2654 1027 dejecti
2677 1000 2690 1022 ,
2736 967 3028 1028 martyrum
3056 970 3211 1025 opem
3241 956 3607 1023 implorarent.

2019 1047 2184 1104 l’orro
2211 1049 2468 1103 Catholici
2501 1050 2564 1103 ad
2598 1051 2960 1114 Montanislas,
2995 1050 3184 1119 quibus
3212 1048 3449 1100 sciebant.
3472 1046 3612 1116 ejus-

2018 1141 2160 1195 modi
2208 1143 2461 1196 Ecclesiae
2507 1143 2783 1195 catholica:
2827 1158 3028 1195 morem
3075 1150 3128 1195 ct
3173 1137 3611 1193 CouSttclttdittt‘ttt

2019 1233 2306 1300 improbari
2333 1277 2344 1296 ,
2372 1233 2595 1286 minime
2630 1221 3010 1300 confugissent.
3043 1228 3226 1284 Tertio
3258 1272 3270 1293 ,
3301 1241 3504 1284 certum
3533 1239 3612 1282 est

2020 1335 2302 1394 martyres,
2334 1323 2396 1375 ad
2432 1338 2564 1392 quies
2595 1324 2855 1392 ejusmodi
2884 1323 3075 1376 lihruut
3101 1321 3462 1376 'I'ertullianus
3486 1320 3610 1373 des-

2018 1418 2200 1472 tinavit
2221 1459 2234 1476 ,
2282 1432 2308 1468 a
2346 1433 2438 1469 sua
2466 1418 2840 1469 communione
2868 1417 3070 1468 alienos
3098 1415 3402 1482 neutiquam
3442 1413 3615 1466 credi-

2018 1509 2176 1564 disse.
2212 1509 2320 1562 Eos
2347 1509 2487 1562 enim
2533 1519 2718 1578 rogat,
2761 1505 2900 1577 quod
2950 1509 3088 1561 inter
3127 1507 3376 1560 alimenta
3410 1507 3608 1567 carnis,

2017 1617 2134 1671 qme
2165 1602 2267 1654 illis
2299 1601 2532 1653 Eetrlesia
2563 1599 3030 1660 sulnuiuislrabat,
3069 1611 3120 1651 et
3153 1598 3253 1651 hoc
3279 1599 3344 1652 ab
3382 1613 3445 1652 eo
3495 1615 3612 1650 mu.

2020 1694 2296 1747 nusculum
2323 1692 2624 1761 acciperent
2647 1733 2659 1754 ,
2715 1691 2853 1760 quod
2890 1689 2954 1744 ad
2993 1689 3338 1759 saginandum
3366 1691 3610 1758 Spiri‘tltlt

2018 1786 2257 1847 faceret;
2293 1783 2430 1851 quod
2482 1792 2627 1836 certe
2666 1791 2860 1835 mutum
2902 1781 3296 1834 communionis
3336 1781 3608 1836 indubitnu

306 1887 502 1931 ctasse.
533 1874 853 1928 Catltoiicos
877 1872 1094 1942 quidem
1127 1881 1391 1942 martyres
1413 1888 1440 1923 ιι
1467 1870 1907 1924 itlontanistarum

2020 1891 2097 1936 est
2129 1885 2521 1946 argumentum.
2567 1877 2784 1932 Certum
2809 1875 3037 1944 denique
3061 1885 3140 1929 est
3177 1875 3463 1929 Ecclesium
3494 1889 3612 1943 qtae

309 1969 696 2025 communione
747 1967 1126 2031 abhorruisse,
1167 1967 1438 2018 memoriae
1485 1964 1713 2034 prodidit
1753 1963 1910 2018 Aste-

308 2060 429 2117 rius
474 2059 748 2124 Urbanus,
801 2074 905 2112 ιιοιι
958 2059 1083 2111 item
1128 2056 1474 2111 Montanistas
1511 2055 1908 2110 Catholicurum

313 2159 612 2221 martyrum
687 2150 1123 2203 communionem
1195 2163 1316 2202 esse
1387 2156 1661 2202 aversatos
1736 2149 1839 2218 (l)
1892 2165 1907 2202 :

312 2261 337 2293 ι
369 2241 725 2308 Quamobrem
746 2281 762 2305 ,
795 2239 997 2309 inquit,
1053 2243 1497 2310 quotiescumque
1528 2239 1780 2293 Ecclesia:
1813 2239 1908 2293 viri

301 2335 369 2390 ad
393 2335 734 2405 martyrium
767 2349 863 2402 pro
894 2348 1018 2386 vera
1057 2332 1164 2386 ﬁde
1192 2331 1528 2387 subeundum
1559 2332 1763 2395 vocati,
1807 2347 1908 2385 una

304 2444 429 2483 cum
472 2429 788 2498 quibusdam
832 2427 898 2482 de
941 2428 1208 2497 Phrygum
1247 2425 1474 2487 hrcrcsi,
1525 2426 1611 2494 qui
1647 2435 1910 2494 martyres

309 2521 574 2585 dicantur,
610 2535 740 2574 casu
769 2519 998 2588 quodam
1035 2519 1292 2584 coierint,
1333 2532 1548 2586 semper
1578 2516 1644 2569 ab
1673 2517 1776 2569 illis
1804 2514 1912 2569 dis-

303 2613 542 2669 sentiunt
570 2633 581 2665 :
613 2622 668 2665 et
696 2611 1135 2666 communionem
1171 2624 1360 2664 eorum
1389 2597 1618 2662 sollicite
1653 2609 1907 2673 vitantes,

302 2708 594 2777 gloriosum
631 2705 870 2776 martyrii
907 2706 1106 2759 exitum
1135 2709 1564 2773 consequantur;
1599 2702 1794 2772 quippe
1821 2700 1909 2770 qui

303 2799 537 2854 Montani
565 2809 621 2854 et
652 2799 1086 2853 muliercularum
1121 2797 1336 2867 Spiritui
1357 2810 1642 2850 assensum
1673 2809 1910 2849 commo-

305 2893 434 2948 dare
479 2891 629 2946 nefas
674 2890 890 2945 ducant.
938 2891 1110 2960 Atque
1143 2889 1193 2942 id
1227 2903 1408 2942 verum
1441 2902 1561 2942 esse
1607 2896 1814 2940 constat
1845 2902 1908 2940 ex

309 2985 380 3040 iis
416 3001 536 3054 quae
565 2996 743 3038 nostra
779 2993 934 3037 astate
961 2985 1010 3037 in
1036 2982 1173 3036 urbe
1203 2983 1458 3051 Apamea,
1493 2996 1611 3050 qua:
1640 2980 1706 3033 ad
1736 2980 1911 3033 Mean-

309 3075 468 3131 drdm
535 3076 633 3129 sita
678 3088 788 3140 est,
836 3083 982 3144 gesta
1049 3085 1172 3129 sunt
1233 3089 1262 3127 a
1303 3072 1433 3128 Caio
1497 3082 1551 3126 et
1607 3073 1910 3126 Alexandro

308 3169 672 3240 martyribus,
719 3168 961 3221 oriundis
1004 3167 1282 3220 Eumcuia.
1323 3183 1341 3216 ι
1393 3165 1557 3235 Ilujus
1592 3179 1802 3234 quoque
1831 3165 1907 3218 rei

2018 1973 2260 2028 laudatos
2313 1985 2572 2044 martyres
2637 1972 2902 2025 alimentis
2967 1970 3146 2024 carnis
3217 1979 3467 2038 tanquam
3530 1969 3610 2036 pia

2020 2077 2191 2120 mater
2223 2066 2468 2130 fovebat,
2502 2079 2681 2118 veram
2704 2063 2902 2117 Christi
2935 2061 3228 2117 Ecclesiam
3257 2103 3269 2126 ,
3298 2059 3610 2116 Tertulliani

2017 2172 2228 2226 quoque
2252 2157 2452 2226 judicio
2484 2155 2644 2209 fuisse
2679 2173 2689 2206 :
2730 2169 2749 2206 ι
2791 2154 2933 2208 Inter
2959 2153 3134 2206 carnis
3165 2150 3419 2205 alimenta
3451 2151 3610 2206 bene.

2017 2245 2142 2301 dicti
2177 2258 2442 2319 martyres
2469 2246 2726 2317 designati
2755 2288 2768 2309 ,
2799 2261 2919 2315 qua:
2944 2243 3095 2297 vobis
3124 2249 3173 2296 cl
3203 2241 3416 2295 domina
3443 2250 3613 2297 mater

2017 2341 2257 2396 Ecclesia
2289 2342 2354 2394 de
2380 2339 2632 2394 uberibus
2663 2339 2774 2392 suis
2800 2380 2814 2403 ,
2855 2345 2909 2390 et
2941 2336 3145 2406 singula
3177 2332 3370 2389 fratres
3405 2335 3470 2388 de
3499 2335 3612 2404 opi-

2016 2433 2114 2487 bus
2145 2436 2254 2486 suis
2285 2434 2511 2501 propriis
2537 2434 2586 2485 in
2617 2445 2831 2484 carcere
2860 2429 3299 2492 subministrant,
3323 2427 3493 2496 capite
3516 2427 3612 2480 ali-

2016 2525 2139 2596 quid
2170 2535 2222 2578 et
2245 2539 2273 2577 a
2300 2525 2449 2578 nobis
2475 2564 2488 2588 ,
2519 2521 2658 2592 quod
2684 2521 2840 2576 faciat
2870 2519 2934 2573 ad
2967 2521 3208 2588 spiritum
3243 2534 3452 2587 quoque
3477 2518 3609 2572 edn-

2015 2619 2264 2676 Candum.
2300 2637 2316 2669 ι
2368 2618 2521 2684 Atqui
2550 2615 2813 2669 catholica
2845 2612 3081 2667 Ecclesia
3112 2613 3213 2665 nisi
3239 2610 3304 2664 de
3337 2610 3610 2664 catholicis

2017 2709 2343 2780 martyribus
2374 2707 2598 2762 sollicita
2628 2723 2732 2759 non
2763 2706 2968 2759 fuisset.
3003 2703 3268 2758 Przeteiea
3298 2702 3436 2755 inter
3465 2715 3603 2769 prce—

2015 2803 2198 2871 cipuas
2232 2801 2480 2854 Ecclesia:
2511 2799 2763 2852 Romana:
2787 2796 2973 2860 dotes,
3005 2811 3066 2849 ex
3113 2793 3304 2864 quibus
3346 2792 3518 2857 illam,
3551 2800 3609 2846 ut

2015 2910 2171 2962 supra
2204 2893 2468 2954 videmus,
2501 2904 2842 2958 summepere
2874 2887 3232 2948 commendat,
3265 2885 3404 2939 hanc
3445 2887 3606 2940 etiam

2016 2995 2295 3052 recenset,
2349 2985 2489 3054 quod
2535 3000 2662 3038 suos
2717 2985 2781 3038 ad
2835 2983 3143 3054 martyrium
3194 2980 3604 3034 adhortaretur:

2016 3081 2291 3152 Mai-lyrio,
2327 3081 2516 3150 inquit,
2550 3080 2872 3132 adhortatur.
2903 3076 3031 3144 Qua:
3059 3090 3185 3130 vero
3210 3076 3346 3136 laus,
3380 3082 3471 3127 aut
3494 3073 3608 3142 glo-

2023 3175 2099 3228 ria
2157 3173 2340 3226 fuisset
2407 3187 2509 3225 non
2580 3173 2878 3242 genuinos,
2936 3169 3025 3222 sed
3078 3167 3348 3222 adulteros
3394 3165 3608 3220 Christo

308 3260 590 3314 manifesta
641 3260 792 3313 nobis
822 3275 888 3313 ex
923 3258 1112 3312 eodem
1142 3256 1468 3310 Tertulli-auo
1504 3264 1793 3324 suppetunt
1824 3271 1908 3308 ar-

2020 3273 2275 3335 martyres
2317 3263 2541 3331 parere?
2587 3272 2677 3316 aut
2713 3265 2833 3332 quis
2861 3260 3069 3315 dubitet
3114 3275 3178 3312 an
3206 3273 3364 3313 veros
3407 3258 3606 3314 Christi

306 3362 554 3425 gumenta
586 3372 597 3405 ε
634 3353 894 3421 imprimis
913 3368 976 3406 ex
1002 3351 1136 3406 libro
1158 3351 1223 3404 ad
1251 3349 1532 3421 Martyras.
1563 3349 1650 3418 qui
1681 3365 1802 3402 cum
1831 3347 1905 3401 l'u-

310 3457 459 3502 rente
492 3448 866 3516 persecutione
891 3445 1063 3500 editus
1107 3443 1303 3508 fuerit,
1339 3443 1543 3496 nullum
1576 3443 1794 3495 dubium
1825 3450 1908 3496 est

311 3544 436 3613 quin
469 3541 534 3596 ad
556 3555 744 3596 eorum
772 3540 1001 3594 classem
1030 3538 1325 3608 pertineat,
1356 3551 1491 3606 quos
1516 3536 1640 3588 dum
1673 3536 1722 3588 in
1757 3535 1876 3589 Mon
1895 3564 1908 3574 -

313 3637 418 3690 tani
447 3636 639 3690 castris
670 3633 943 3697 militaret,
979 3630 1330 3687 elucubravit.
1363 3628 1579 3683 Certum
1605 3638 1780 3681 autem
1809 3629 1907 3680 im-

312 3730 498 3798 primis
517 3737 601 3782 est
637 3727 780 3780 hunc
808 3726 1006 3780 librum
1038 3725 1209 3788 veris,
1240 3739 1304 3778 ex
1335 3723 1647 3777 Tertulliani
1691 3736 1904 3792 quoque

315 3822 583 3874 sententia
603 3861 618 3886 ,
651 3819 849 3873 Christi
883 3819 1207 3888 martyribus
1235 3816 1395 3870 fuisse
1427 3825 1789 3884 nuncupatum
1811 3855 1825 3879 ,
1859 3823 1914 3867 ut

317 3926 456 3982 quos
484 3912 768 3964 innumeris
795 3910 1044 3965 laudibus
1069 3909 1340 3969 cumulat,
1374 3917 1428 3962 et
1455 3908 1764 3962 benedictus
1795 3909 1914 3975 pa‘s-

315 4007 416 4060 sint
462 4003 687 4073 appellat
723 4003 801 4074 (2)
843 4020 854 4054 :
915 4023 932 4053 ι
971 4003 1113 4056 Inter
1141 3995 1318 4054 carnis
1350 3999 1596 4053 alimenta
1648 3998 1915 4053 benedicti

313 4109 582 4170 martyres
612 4095 893 4166 designati.
925 4095 1190 4165 Imprimis
1213 4109 1339 4163 ergo
1369 4094 1655 4157 benedicti,
1681 4102 1784 4146 ctc.
1815 4092 1912 4162 (5).

310 4193 426 4260 Quo
457 4206 553 4245 vos
584 4191 854 4246 benedicti
883 4191 950 4246 de
976 4205 1193 4244 carcere
1214 4231 1226 4249 ,
1261 4200 1363 4243 etc.
1403 4187 1503 4260 (l).
1537 4188 1626 4243 Sic
1657 4201 1792 4240 mine
1827 4186 1917 4240 he-

311 4282 542 4347 ucdicti,
589 4291 696 4336 etc.
751 4281 980 4336 Proinde
1014 4295 1112 4334 vos
1154 4279 1484 4339 benedictae,
1521 4290 1624 4330 etc.
1660 4275 1760 4346 (ὃ).
1795 4277 1918 4331 Ilaec

310 4376 577 4430 benedicti
628 4391 733 4429 non
779 4376 894 4429 sine
932 4390 1118 4428 caussa
1146 4416 1160 4438 ,
1191 4385 1294 4426 etc.
1336 4393 1353 4423 ι
1387 4371 1633 4427 Scenndo
1657 4415 1669 4434 ,
1705 4371 1914 4424 tet-tium

307 4479 410 4528 est,
449 4468 572 4537 hos,
616 4484 754 4536 quos
793 4468 954 4520 tantis
985 4463 1447 4520 benedictionibus
1485 4464 1742 4527 cumulat,
1773 4472 1825 4516 et
1851 4462 1916 4515 ad

311 4561 512 4614 cmlum
543 4575 713 4629 usque
743 4560 986 4613 laudibus
1012 4558 1165 4614 effert
1191 4598 1206 4622 ,
1238 4571 1341 4609 non
1373 4555 1725 4609 moutanistas
1757 4551 1918 4608 fuisse

2014 3366 2274 3427 martyres
2302 3355 2353 3408 in
2382 3356 2583 3409 honore
2615 3355 2970 3408 Tertulliauus
3025 3352 3268 3406 habuerit
3290 3394 3303 3415 ,
3335 3359 3387 3406 et
3423 3365 3607 3405 eorum

2013 3463 2078 3501 co
2103 3449 2447 3500 l-Illlllllflllem
2488 3444 2794 3514 emptarit?
2837 3445 3143 3508 l‘0stremo,
3198 3457 3382 3496 eorum
3409 3452 3608 3513 marIy-

2016 3555 2133 3594 rum
2161 3583 2174 3606 ,
2205 3556 2431 3611 quorum
2461 3539 2617 3594 fidem
2646 3579 2658 3604 ,
2707 3538 3062 3593 Constantiam
3087 3578 3100 3597 ,
3133 3545 3186 3590 et
3216 3536 3605 3590 multitttdincm

2015 3649 2134 3688 cum
2189 3634 2240 3686 in
2290 3633 2668 3703 Apologetieo.
2705 3641 2814 3686 tum
2865 3635 2914 3686 in
2965 3630 3099 3685 libro
3122 3631 3187 3682 ad
3222 3630 3522 3699 Scapulam,
3556 3638 3609 3684 ct

2015 3725 2138 3779 alibi
2204 3723 2630 3792 frequentissime
2698 3723 2990 3793 praedicat,
3056 3723 3340 3776 maximam
3407 3732 3606 3792 partem

2020 3817 2183 3871 fuisse
2224 3816 2618 3871 Calbolicorum
2646 3859 2658 3881 ,
2703 3833 2801 3872 nec
2846 3818 3169 3884 Basnagius,
3206 3825 3362 3884 puto,
3406 3817 3608 3869 inficiai

2021 3909 2188 3962 iturtts
2213 3919 2295 3963 est
2324 3927 2336 3962 :
2381 3910 2480 3962 nisi
2516 3911 2649 3964 forte
2682 3911 2806 3963 velit
2845 3912 3094 3964 eximiam
3131 3911 3265 3963 hanc
3291 3909 3605 3966 Catholirm,

2019 4001 2255 4067 adeoque
2279 4015 2414 4052 νει-ω
2429 3999 2624 4052 Christi
2647 3999 2898 4054 Ecclesiae
2919 4000 3126 4053 laudem
3151 3999 3604 4069 detraltere,qm;d

2021 4087 2396 4142 fecundissima
2440 4090 2596 4142 fuerit
2623 4099 2924 4142 sanctorum
2970 4097 3258 4158 martyrum
3289 4104 3498 4159 parens.

2096 4199 2185 4253 IX.
2233 4198 2321 4253 llis
2367 4199 2788 4260 animadversis,
2820 4199 3050 4258 nullam,
3088 4209 3246 4266 puto,
3284 4200 3332 4250 in
3362 4199 3604 4267 Basnagii

2023 4291 2306 4360 propositis
2371 4290 2696 4360 argumentis
2734 4305 3015 4359 superesse
3041 4289 3428 4344 difficultatem.
3483 4290 3612 4357 Quis

2022 4388 2161 4437 enim
2189 4383 2414 4437 miretur
2443 4382 2507 4452 (si
2541 4382 2604 4435 ad
2631 4397 2690 4435 ea
2711 4424 2724 4444 ,
2759 4381 2825 4436 de
2858 4380 3048 4451 quibus
3081 4383 3336 4435 hactenus
3362 4381 3612 4435 disserui-

2023 4492 2160 4539 mus,
2203 4477 2439 4528 animutn
2487 4472 2823 4544 adverterit);
2877 4474 3026 4541 quis,
3074 4473 3319 4542 inquam,
3366 4473 3614 4538 miretur,-

2023 4573 2292 4620 auctorem
2337 4566 2714 4619 montanistam
2743 4567 3127 4619 catholicorum
3170 4575 3287 4619 acta
3321 4576 3612 4638 martyrum

312 4661 602 4722 martyres,
622 4653 715 4706 sed
743 4650 1062 4714 catholicos,
1091 4660 1182 4703 aut
1212 4665 1275 4703 ex
1303 4648 1384 4701 his
1414 4647 1600 4700 saltem
1634 4645 1915 4716 plurimam
1947 4671 1996 4735 D
2024 4659 2076 4713 ίη
2109 4661 2277 4714 lucem
2327 4660 2488 4714 edere
2518 4659 2783 4720 voluisse,
2827 4668 2878 4713 ει
2922 4658 2985 4712 ad
3023 4659 3318 4713 habendam
3348 4676 3467 4713 cum
3511 4657 3616 4714 illis

313 4759 503 4797 eorum
536 4755 736 4812 partem
765 4744 1094 4799 constitisse.
1125 4741 1179 4795 Id
1204 4749 1414 4793 constat
1441 4755 1504 4793 ex
1530 4739 1704 4808 capite
1725 4739 1915 4806 primo,

319 4836 409 4890 ubi
448 4851 545 4890 eos
588 4837 650 4888 ad
693 4846 929 4890 mutuam
981 4849 1164 4902 pacem
1205 4833 1287 4886 bis
1331 4831 1513 4886 verbis
1559 4830 1919 4884 adhortatur:

389 4970 467 5041 (Ι)
511 4956 621 5024 ὅθεν
660 4994 730 5024 τοι
761 4975 842 5022 καὶ
884 4973 1069 5024 ἐπειδὰν
1112 4977 1155 5022 οἱ
1194 4972 1270 5022 ἐπὶ
1313 4975 1366 5019 τὸ
1411 4981 1498 5024 τῆς
1543 4973 1667 5022 κατὰ
1697 4967 1922 5023 ἀλήθειαν

313 5054 510 5102 πίστεως
542 5047 796 5112 μαρτύριον
822 5049 1069 5101 anas-ne;
1101 5046 1198 5093 ἀπὸ
1220 5054 1302 5100 τῆς
1322 5047 1588 5096 Bunker/at;
1612 5041 1923 5103 τῦχωσιμετά.

312 5137 451 5168 τινων
475 5132 566 5169 τῶν
592 5120 689 5167 ἀπὸ
721 5129 802 5175 τίς
825 5129 912 5167 τῶν
942 5121 1126 5181 Φρυγῶν
1156 5115 1374 5178 αἱρέσεως
1404 5116 1655 5175 λςγομὲνων
1675 5116 1924 5178 μαρτύρων

313 5189 615 5257 ὃιιφέρσντιί
659 5208 706 5238 τε
753 5196 864 5253 πρὸς
908 5188 1108 5246 αὐτοὺς,
1144 5193 1222 5236 καὶ
1259 5193 1332 5249 prb
1361 5197 1714 5239 χοινωντζσανττς
1759 5184 1919 5241 αὐτοῖς

313 5263 627 5317 τελειοῦντκι,
670 5259 749 5306 διὰ
790 5266 844 5308 τὸ
889 5266 957 5322 μιῖι
996 5259 1251 5323 βιὺὶεσθειι
1301 5259 1671 5320 σηκειταθέσῖίςιι
1841 5255 1920 5302 διὰ

314 5334 566 5382 Mam-2.9:?
595 5331 674 5378 καὶ
704 5339 794 5379 τῶν
823 5344 1051 5390 γυναικῶν
1081 5328 1328 5388 πνςῦματι,
1363 5327 1441 5375 καὶ
1477 5327 1548 5375 ὃτι
1584 5328 1718 5374 τοῦτο
1749 5322 1901 5379 sil-770':

309 5404 390 5451 καὶ
420 5405 497 5452 ἐπὶ
521 5410 611 5452 τῶι
640 5407 873 5465 ἡμττσρῶν
900 5401 1067 5465 χρόνων
1103 5402 1146 5447 ἐν
1169 5403 1393 5460 Atra/uia}.
1419 5408 1474 5459 τῇ
1512 5402 1623 5466 τξρὸς
1660 5396 1921 5460 Μαιάνδρῳ

309 5479 533 5536 τιηχὲνει
561 5478 875 5538 γηενημένςν,
907 5475 951 5520 ἐν
973 5473 1069 5526 τοῖς
1090 5477 1192 5535 περὶ
1221 5473 1364 5518 Γάϊον
1399 5468 1476 5516 καὶ
1507 5467 1796 5538 ἒὯέξριθιῗῖι-ειξ
1821 5466 1918 5513 ἀπὸ

315 5531 590 5607 Eius-asiae.
616 5531 972 5610 "uatp'rupurowt,
1021 5531 1268 5610 πρὸδῆλθν.
1306 5535 1456 5606 Apud
1486 5533 1707 5599 Euscb.,
1739 5531 1832 5586 lib.
1868 5548 1919 5599 V,

317 5625 440 5680 Cap.
475 5612 564 5665 16.

401 5682 472 5749 β)
497 5683 627 5749 Cap.
658 5683 711 5735 I.

414 5693 472 5746 Ξ)
497 5693 627 5749 Cap.
658 5693 711 5735 ι.

392 5693 477 5820 i5)
516 5751 642 5820 Cap.
699 5752 755 5806 2.

392 5776 477 5893 iii
505 5776 642 5889 ἕξεί
668 5776 722 5877 si

392 5896 472 5969 (ὅ)
499 5893 630 5968 Cap.
671 5895 725 5953 4.

2027 4754 2456 4808 couununioncm
2483 4767 2607 4807 SIIOs
2644 4753 2803 4806 fuisse
2831 4751 3216 4806 adhortatum?
3257 4754 3338 4806 An
3370 4751 3419 4805 id
3449 4752 3615 4821 magis

2025 4850 2346 4912 mirandum,
2378 4863 2533 4917 quam
2558 4848 2621 4900 ad
2641 4847 2779 4916 quod
2808 4863 2921 4909 eos,
2943 4860 3127 4901 auctor
3150 4847 3394 4901 similiter
3413 4856 3616 4900 monta-

2027 4941 2189 4999 nista,
2215 4940 2406 4993 Iibrunt
2436 4954 2621 4993 eorum
2652 4939 2896 4992 laudibus
2920 4937 3195 5000 refertum,
3226 4938 3616 4990 communionis

2031 5035 2210 5100 utique
2259 5030 2600 5101 symbolum,
2637 5029 2950 5084 destinarit?
2999 5039 3088 5082 aut
3126 5028 3266 5097 quod
3308 5026 3616 5095 apostolica-

2026 5137 2141 5177 rum
2168 5123 2524 5177 Ecclesiat'um
2553 5121 3003 5180 communionem,
3026 5133 3247 5188 quarum
3270 5116 3405 5172 inter
3426 5118 3614 5185 pra-ci-

2026 5231 2125 5285 pu:i
2156 5217 2391 5270 membra
2428 5224 2687 5285 martyres
2718 5223 3125 5280 computantur,
3160 5221 3433 5281 tantopere
3473 5228 3615 5266 cor.-

2025 5308 2328 5364 tnendarit?
2365 5307 2492 5373 Quis
2533 5306 2690 5359 etiam
2724 5305 2947 5358 miretur
2976 5304 3363 5358 Tertullianum
3415 5303 3618 5373 magnis

2027 5402 2342 5470 Perpetuam
2395 5397 2638 5451 laudibus
2688 5397 2962 5460 affecisse,
3013 5395 3425 5466 fortissimzeque
3476 5410 3607 5450 mar-

2031 5495 2160 5564 Iyris
2192 5492 2459 5560 praeconio
2487 5489 2822 5543 exon-nasse?
2875 5491 3060 5544 Annon
3096 5490 3262 5560 magis
3295 5487 3616 5551 mirandmn,

2031 5583 2172 5653 quod
2201 5581 2494 5636 catholicos
2526 5589 2824 5652 martyres,
2867 5582 2918 5635 in
2953 5581 3088 5636 libro
3126 5581 3254 5651 ipsis
3295 5591 3616 5650 nuncupata,

2032 5687 2109 5733 tot
2131 5658 2590 5731 benedictionibus
2617 5674 2898 5738 cumulari,
2928 5675 3068 5745 quod
3098 5690 3284 5730 eorum
3315 5673 3622 5729 certaminis

2036 5786 2056 5822 ι
2078 5767 2453 5840 agonotheteni
2476 5779 2495 5818 ι
2517 5782 2635 5823 esse
2655 5767 2849 5826 dixerit
2869 5766 2944 5840 (l)
2969 5786 2986 5820 ι
3008 5767 3173 5825 Deum
3196 5771 3398 5835 vivum,
3415 5771 3621 5838 xystar-

2105 5885 2186 5956 (t)
2215 5881 2399 5955 Capite
2427 5867 2603 5943 tertio.
