4218 6268
564 333 637 402 85
1686 341 2134 399 DlSSlleTATIi)
2191 339 2667 404 APOLOGETICA
3799 354 3872 416 υς

565 450 997 526 ειιιιιηξερὶιιίιιιηι
1014 453 1545 520 Sauctum,coronam
1567 458 1877 511 zetcrnitatis
1902 457 2160 524 bravium,
2191 456 2242 514 A
2271 471 2515 526 magnmn
2549 461 2800 518 Basiliam
2829 505 2842 527 ,
2885 464 3200 537 Gregorium
3233 467 3563 541 Theologum
3587 515 3600 539 ,
3629 473 3872 547 aliosque

565 549 823 618 angelicae
851 546 1162 601 substantiae
1193 547 1431 616 politiam
1457 548 1508 601 in
1538 549 1710 612 cmlie,
1736 549 1957 617 gloriam
1982 549 2033 601 in
2055 564 2160 603 Stc-

566 642 685 693 cula
713 638 1070 692 saeculorum?
1103 658 1120 690 ι
1156 639 1287 705 Quis
1313 639 1543 710 denique
1582 641 1803 694 miretur
1825 683 1838 704 ,
1884 639 2163 708 Perpetua:

566 727 862 782 visionibus
909 729 981 781 uti
1035 743 1157 783 eum
1200 730 1435 786 voluisse
1476 730 1540 784 ad
1591 730 1963 798 probandum,
2018 731 2164 786 solos

565 828 690 874 ante
730 818 870 874 diem
902 819 1092 890 judicii
1137 821 1396 877 solemnis
1439 833 1703 895 martyres
1743 825 1792 878 in
1837 825 2031 879 cceltnn
2079 841 2165 880 rc—

564 911 708 984 cipi?
755 912 871 968 Non
905 925 988 970 est.
1028 915 1266 986 profecto
1308 916 1358 971 id
1411 919 1577 988 magis
1617 918 1953 981 mirandum,
2003 933 2161 988 quam

567 1005 711 1076 quod
750 1006 932 1062 Rutilii
975 1011 1222 1079 martyris
1269 1013 1318 1064 in
1379 1011 1513 1065 libro
1566 1011 1822 1065 adversus
1872 1010 2163 1065 Ecelesiant

568 1098 908 1169 promulgato
962 1116 1084 1154 cum
1131 1103 1295 1156 multa
1343 1101 1499 1156 laude
1545 1103 1892 1167 meminerit,
1943 1104 2165 1172 ejusque

569 1191 818 1260 exemplo
857 1205 984 1244 usus
1024 1189 1182 1246 fuerit
1210 1192 1274 1246 ad
1311 1192 1641 1261 probandum
1668 1234 1681 1257 ,
1723 1192 2024 1262 fugiendam
2060 1209 2164 1246 non

571 1298 694 1339 esse
725 1286 1153 1354 persecutionem
1182 1327 1194 1350 ,
1234 1287 1357 1356 quia
1391 1286 1520 1339 nihil
1550 1286 1668 1355 fuga
1699 1287 1903 1356 prosit,
1941 1286 1983 1338 si
2027 1285 2168 1339 Deus

573 1377 728 1433 nolit.
777 1396 795 1429 ι
836 1378 1067 1433 Rutilius
1111 1380 1478 1433 sanctissimus
1520 1389 1740 1450 martyr,
1782 1394 1904 1433 cum
1946 1379 2165 1443 totiens,

574 1469 746 1539 inquit
770 1466 851 1540 (l)
878 1511 893 1534 ,
927 1467 1149 1538 fugis~ct
1176 1471 1602 1540 persecutionem
1633 1468 1700 1522 de
1732 1469 1849 1524 loco
1886 1469 1938 1522 in
1968 1470 2166 1534 locum,

573 1561 734 1618 etiam
775 1561 1069 1631 periculum
1133 1561 1213 1634 (ut
1255 1561 1492 1632 putabat)
1540 1563 1772 1617 minimis
1830 1563 2166 1630 redemisset,

576 1668 697 1732 post
746 1668 910 1712 totam
957 1660 1334 1725 securitatem,
1361 1677 1519 1730 quam
1561 1659 1660 1714 sibi
1696 1666 2073 1728 prospexerat.
2106 1672 2168 1709 ex

578 1753 854 1824 inopinato
881 1754 1268 1826 apprehensus,
1303 1765 1353 1809 et
1381 1755 1594 1825 przesidi
1625 1754 1855 1817 oblatus,
1890 1752 2173 1806 tormentis

2269 553 2316 606 id
2346 554 2557 623 generis
2603 555 2853 613 doctores
2903 561 3198 617 catholicos
3242 578 3346 617 non
3395 565 3669 622 afﬁciunt?
3699 569 3870 638 Quam

2268 645 2425 700 iidem
2470 663 2572 701 non
2613 648 2852 722 tribuunt
2891 651 3124 709 Niczenis
3162 654 3410 711 Patribus
3454 661 3871 719 auctoritatem?

2267 736 2433 804 Quam
2467 755 2672 809 magum
2709 742 2831 796 huic
2853 744 3060 813 synodo
3084 748 3871 825 reverentiam,honoremque

2268 843 2372 882 non
2395 829 2678 886 deferunt?
2708 835 2950 902 quamvis
2969 836 3230 892 Catharos
3252 853 3346 893 seu
3369 839 3698 900 Novatianos
3729 847 3872 902 inter

2269 921 2547 976 iIICI‘CIlCUS
2601 927 2912 980 numerarii.
2985 928 3121 992 Quid
3163 946 3324 1000 porro
3367 933 3540 990 dicam
3566 937 3634 992 de
3676 939 3739 994 iis
3769 942 3862 1011 qui

2268 1014 2366 1067 sub
2382 1013 2593 1068 Juliano
2621 1012 2896 1086 Apostata,
2926 1020 3026 1074 sub
3049 1019 3275 1078 Valente
3297 1023 3624 1094 imperatore
3653 1031 3866 1097 ariano,

2268 1113 2320 1159 et
2352 1106 2401 1158 in
2431 1105 2652 1160 Perside
2688 1108 2786 1162 sub
2815 1109 3050 1178 Sapore,
3093 1113 3418 1184 martyribus
3441 1159 3455 1183 ,
3506 1119 3646 1187 passi
3693 1132 3813 1177 sunt
3841 1123 3864 1176 2

2269 1198 2480 1266 quantis
2507 1213 2536 1250 a
2558 1198 2778 1254 Socrate
2805 1201 3193 1270 etSozomeno,
3225 1206 3470 1261 laudilms
3486 1211 3870 1269 celebrantur?

2271 1305 2449 1344 annon
2482 1305 2574 1344 eos
2617 1307 2772 1346 veros
2811 1293 2970 1357 inter,
3001 1309 3060 1348 ac
3090 1299 3578 1366 genuinosChristi
3607 1314 3874 1377 martyres

2274 1385 2592 1438 numerant?
2639 1401 2816 1442 annon
2860 1403 3044 1443 eormn
3098 1393 3265 1456 Acta,
3315 1404 3576 1463 quantum
3631 1398 3868 1468 ipsorum

2276 1475 2326 1528 in
2349 1477 2645 1530 scribendis
2672 1477 2910 1534 historiis
2938 1480 3238 1536 institutum
3261 1484 3581 1552 patiebatur,
3617 1488 3668 1541 in
3694 1490 3865 1546 lucem

2276 1565 2586 1636 proferunt?
2633 1584 2808 1624 annon
2841 1571 3082 1626 eamdem
3136 1573 3258 1638 illis,
3289 1593 3447 1644 quam
3470 1579 3706 1650 antiquis
3733 1597 3874 1638 mar-

2277 1660 2482 1731 tyribus
2530 1661 2768 1716 tribuunt
2795 1665 3202 1733 auctoritatem,
3241 1671 3486 1734 quamvis
3511 1689 3614 1728 non
3655 1650 3873 1744 ignora-

2285 1761 2404 1806 rent
2455 1768 2559 1806 non
2590 1769 2686 1809 eos
2708 1757 3005 1812 novatianre
3035 1757 3199 1815 fuisse
3223 1801 3238 1825 ,
3280 1764 3373 1817 sed
3427 1766 3701 1822 catholica:
3724 1784 3874 1825 como

575 1847 866 1918 dissipatus
895 1890 911 1914 ,
955 1848 1114 1904 credo
1143 1891 1156 1914 ,
1210 1864 1304 1919 pro
1350 1848 1485 1918 iuga:
1546 1848 1928 1918 castigatione,
1983 1845 2178 1902 dehinc
2207 1840 2256 1899 B
2287 1845 2593 1900 munionis?
2626 1847 2687 1900 lit
2714 1862 2872 1917 porro
2898 1851 3233 1917 mirabimur,
3265 1853 3309 1907 si
3338 1865 3523 1911 auctor
3548 1862 3871 1917 montanista

577 1939 789 2010 ignibus
810 1939 985 2003 datus,
1012 1941 1337 2009 passionem,
1367 1946 1524 2007 quam
1550 1941 1758 2001 vitarat,
1786 1940 2168 1994 misericordiae

580 2034 676 2089 Dei
709 2033 909 2089 retulit.
943 2034 1076 2102 Quid
1104 2033 1246 2089 aliud
1273 2035 1440 2089 voluit
1474 2035 1731 2089 Dominus
1763 2034 1914 2088 nobis
1939 2033 2161 2089 demon-

578 2135 752 2182 strare
803 2127 905 2181 hoc
933 2125 1297 2190 documento,
1328 2143 1487 2196 (piam
1535 2127 1836 2196 fugiendum
1879 2141 1982 2179 non
2026 2140 2168 2191 esse,

579 2219 701 2289 quia
741 2218 871 2272 nihil
915 2217 1035 2287 fuga
1082 2219 1286 2288 prosit,
1327 2219 1369 2272 si
1410 2219 1551 2273 Dens
1587 2218 1764 2273 nolit?
1799 2239 1817 2269 ι
1854 2217 1968 2273 Νοιι
2011 2217 2169 2282 hunc,

579 2319 729 2382 puto,
764 2310 1056 2381 Basnagius
1081 2309 1320 2366 dicturus
1346 2320 1428 2365 est
1454 2321 1741 2382 martyrem
1771 2311 2170 2371 montanistam,

580 2418 703 2457 cum
752 2403 852 2457 sibi
885 2403 1092 2458 licitum
1119 2419 1238 2458 esse
1269 2402 1557 2458 crediderit
1582 2403 1736 2456 saluti
1771 2417 1878 2456 sum
1912 2401 2029 2472 fuga
2055 2417 2177 2456 con-

582 2494 756 2550 sulere
799 2505 852 2549 et
909 2496 1202 2564 periculum
1262 2495 1432 2566 pretio
1483 2492 1778 2557 redimere;
1829 2510 1946 2563 qua:
1995 2493 2176 2547 illicita

584 2605 652 2647 ex
681 2589 915 2646 Montani
944 2590 1219 2663 disciplina
1248 2591 1613 2658 habebantur;
1661 2598 1716 2645 et
1743 2599 1918 2645 tamen
1950 2599 2023 2644 tot
2057 2599 2176 2643 tan-

585 2691 746 2754 taque
769 2684 820 2738 in
843 2698 964 2738 cum
991 2685 1234 2755 congerit
1264 2684 1528 2754 praeconia
1555 2726 1567 2745 ,
1597 2685 1821 2754 ejusque
1849 2683 2175 2752 exemplum,

581 2783 641 2830 ut
705 2775 1024 2831 sanctissimi
1077 2778 1364 2847 martyris,
1423 2775 1644 2831 adhibet
1712 2776 1779 2830 ad
1850 2777 2174 2846 probandam

582 2885 743 2940 qttam
791 2868 1103 2924 adstruebat
1131 2874 1474 2926 sententiam.
1518 2871 1689 2926 Mavili
1736 2873 1894 2928 etiam
1930 2873 2179 2944 martyris

583 2961 921 3016 Adrumetini
950 2980 1071 3018 cum
1101 2966 1255 3021 laude
1283 2968 1524 3022 meminit
1555 2968 1605 3022 in
1632 2966 1768 3021 libro
1784 2967 1849 3020 ad
1873 2965 2174 3037 Scapulam,

584 3057 806 3125 ejusque
877 3061 1122 3128 exemplo
1171 3064 1334 3117 ntitur
1376 3063 1442 3118 ad
1491 3065 1819 3134 probandam
1880 3083 2036 3138 quam
2087 3068 2181 3122 ad-

585 3152 829 3206 struebat
878 3154 1195 3208 sententiam
1239 3171 1256 3208 :
1300 3156 1440 3225 quod
1500 3157 1638 3212 nulla
1685 3159 1935 3214 videlicet
1964 3161 2173 3225 civitas,

2275 1940 2656 1994 catholicorum
2685 1943 3036 2011 quorumdam
3072 1947 3200 2000 Acta
3234 1959 3525 2020 martyrum
3575 1954 3867 2024 collegerit,

2275 2045 2337 2085 ac.
2367 2030 2557 2086 litteris
2579 2034 2944 2103 consignarit?
2966 2037 3022 2091 Si
3045 2037 3406 2095 Tertullianus
3427 2041 3747 2101 fortissimos
3775 2063 3871 2102 cos

2278 2133 2542 2194 martyres
2571 2128 2909 2197 tmncuparit,
2941 2138 2994 2184 et
3028 2147 3214 2186 eorum
3248 2134 3661 2192 revelationibus
3683 2150 3869 2195 aucto-

2278 2219 2488 2272 ritatem
2543 2221 2773 2290 aliquam
2817 2221 3182 2294 honoremque
3225 2225 3518 2282 detulerit?
3568 2228 3734 2301 quue
3772 2233 3873 2288 adi

2279 2324 2465 2364 versus
2491 2327 2674 2366 eorum
2721 2313 3092 2370 orthodoxiatn
3118 2318 3488 2388 gravissimum
3518 2337 3638 2378 esse
3674 2327 3869 2394 pratjtt-

2279 2400 2497 2468 dicium,
2515 2412 2568 2456 et
2584 2417 2678 2457 eos
2697 2405 2917 2474 proinde
2938 2407 3318 2464 catholicorum
3342 2427 3563 2467 numero
3576 2424 3871 2486 martyrum

2281 2496 2617 2562 eximendos,
2642 2508 2694 2552 et
2709 2497 3041 2562 Montanistis
3058 2501 3454 2573 relinquendos,
3473 2505 3874 2564 arbitrabimur?

2283 2585 2337 2641 Id
2357 2589 2400 2642 si
2435 2589 2503 2642 ita
2525 2600 2604 2643 est
2626 2630 2639 2652 ,
2668 2600 3041 2662 expungantur
3076 2594 3235 2647 etiam
3267 2606 3477 2664 oportet
3515 2611 3546 2652 e
3570 2596 3873 2654 Catholico-

2284 2695 2400 2735 rmn
2434 2682 2700 2754 diptychis
2732 2693 2808 2738 tot
2847 2687 3170 2740 sanctissimi
3203 2687 3452 2745 doctores
3476 2732 3491 2757 ,
3543 2691 3650 2746 imo
3678 2701 3732 2746 et
3770 2692 3871 2763 ipsi

2283 2778 2480 2834 Nicami
2515 2780 2696 2834 Patres
2717 2821 2731 2845 ,
2759 2789 2834 2834 tot
2861 2779 3138 2836 fortissimi
3180 2794 3462 2856 martyres,
3498 2794 3572 2840 tot
3600 2787 3758 2841 etiam
3785 2804 3870 2842 rc-

2286 2869 2608 2938 ligiosissimi
2640 2872 2924 2936 monachi,
2965 2889 3190 2943 quorum
3229 2875 3414 2930 laudes
3452 2893 3552 2932 nec
3603 2878 3871 2948 Socrates,

2285 2979 2384 3019 nec
2412 2965 2744 3019 Sozomenus
2771 2975 3086 3030 tacuerunt;
3125 2979 3530 3038 expunganlur,
3569 2971 3812 3041 inquam,
3847 2989 3876 3027 e

2285 3057 2662 3112 catholicarum
2694 3060 3043 3114 ecclesiarum
3063 3059 3348 3131 diptychis,
3372 3072 3424 3116 et
3447 3061 3750 3118 Novatianis
3783 3081 3874 3118 ac-

2284 3161 2628 3215 censeantur.
2663 3164 2943 3224 propterea
2970 3156 3109 3228 quod
3143 3159 3193 3210 in
3225 3171 3319 3212 eos
3334 3157 3617 3213 Novatiani
3649 3159 3875 3230 scriptos

585 3244 763 3300 nullus
797 3254 1104 3311 persecutor
1128 3247 1344 3316 impune
1370 3250 1527 3304 laturi
1555 3260 1735 3307 essent
1766 3251 2040 3309 christiani
2066 3271 2180 3309 san-

2288 3260 2370 3300 res
2402 3253 2477 3299 tot
2507 3255 2758 3315 tantaque
2788 3226 3052 3315 prmeotiia
3094 3248 3440 3304 coitlulerint.

585 3337 760 3406 guinis
777 3335 1090 3393 eﬂ‘usionem
1119 3338 1196 3410 (2)
1223 3358 1235 3393 :
1261 3359 1278 3392 ι
1307 3341 1424 3398 Tibi
1446 3359 1657 3414 quoque
1671 3348 2176 3415 optanmsadmoni-

587 3429 783 3484 tionem
813 3431 980 3485 solam
1022 3432 1214 3496 luisse,
1254 3435 1393 3504 quod
1421 3452 1542 3493 cum
1583 3439 1989 3496 Adrumeticnm
2018 3443 2181 3498 Mavi-

587 3521 694 3576 lum
739 3521 802 3575 ad
850 3523 1047 3578 bestias
1095 3527 1446 3593 damnasscs,
1493 3537 1547 3584 et
1599 3532 1778 3585 statim
1828 3536 1941 3588 hate
1973 3537 2182 3591 vexatio

585 3612 867 3669 subsecuta
901 3627 981 3669 est
1002 3661 1016 3682 ,
1049 3626 1101 3671 et
1141 3634 1280 3671 nunc
1311 3635 1373 3674 ex
1401 3621 1586 3678 eadem
1634 3639 1792 3679 causa
1824 3627 2182 3697 interpellatio

587 3707 882 3775 sanguinis.
920 3727 936 3761 ι
993 3709 1060 3764 Et
1091 3710 1231 3766 hunc
1284 3713 1442 3783 igitur
1480 3715 1770 3788 Basnagius
1805 3720 2024 3775 audebit
2077 3732 2182 3776 tam

589 3797 692 3854 levi
719 3799 1026 3868 conjectura
1048 3845 1060 3864 ,
1087 3803 1225 3870 quod
1253 3820 1283 3858 a
1315 3805 1646 3862 'l‘ertulliano
1672 3809 1915 3864 laudatus
1945 3811 2124 3877 fuerit,
2154 3829 2185 3869 e
2224 3843 2238 3863 .

589 3889 1032 3948 Montanistarum
1059 3906 1202 3949 secta
1231 3909 1522 3969 martyrem
1556 3901 1938 3968 pronuntiare?
1967 3903 2186 3974 Psychi-

591 3999 682 4038 cos
715 4001 819 4039 non
843 3985 1008 4052 adeo,
1042 3997 1096 4040 ut
1121 3989 1360 4055 ostendi,
1385 3991 1713 4060 contemptui
1744 3991 2014 4047 habebant
2037 3992 2186 4048 Mon-

591 4081 798 4136 tanistae
820 4123 834 4146 ,
867 4091 922 4136 ut
945 4097 1039 4137 eos
1063 4084 1130 4140 ab
1154 4084 1418 4140 lia-reticis
1445 4101 1548 4139 non
1585 4085 1972 4156 distinguerent
1999 4130 2013 4152 ,
2052 4097 2106 4141 ut
2135 4088 2185 4142 in

589 4173 656 4229 iis
690 4190 809 4243 qua:
849 4185 972 4229 sunt
1000 4175 1141 4243 ﬁdei,
1175 4178 1361 4232 alieme
1383 4195 1476 4234 eos
1502 4181 1892 4234 communionis
1918 4196 2036 4236 esse
2057 4196 2186 4236 cen-

590 4277 806 4333 sercnt,
853 4277 910 4322 ut
939 4284 1125 4324 eorum
1169 4271 1400 4340 denique
1435 4285 1696 4342 martyres
1731 4272 1960 4326 ludibrio
1991 4274 2189 4342 pariter

592 4359 852 4414 haberent
885 4380 897 4414 :
927 4377 1098 4431 neque
1128 4362 1508 4427 Tertullianus,
1542 4380 1862 4434 quamquam
1899 4363 2189 4420 Catholieis
2217 4429 2234 4440 _

599 4453 993 4508 inl'ensissimus
1020 4463 1074 4507 ct
1101 4454 1334 4508 Montani
1363 4457 1613 4511 defensor
1642 4458 1958 4523 acerrimus,
1989 4473 2054 4511 eo
2085 4475 2188 4512 un-

593 4560 752 4614 quam
776 4547 1004 4600 vesania:
1025 4549 1303 4616 processit,
1333 4559 1387 4603 nt
1413 4550 1476 4604 iis
1501 4552 1588 4622 qui
1620 4552 1670 4604 in
1693 4549 1985 4604 Catholicm
2002 4551 2186 4606 Eccle-

594 4635 688 4688 sim
713 4635 830 4689 sinu
851 4647 1110 4708 martyres
1138 4640 1532 4710 occubuissent,
1550 4652 1637 4696 aut
1664 4642 1902 4714 martyrii
1929 4658 2181 4699 coronam
2208 4615 2264 4677 Β

594 4727 920 4794 detraheret,
941 4739 1030 4783 :utt
1047 4731 1263 4786 meritas
1287 4733 1468 4788 laudes
1499 4737 1870 4806 praeconiaquc
1899 4735 2179 4792 invideret.

666 4818 733 4873 Χ.
767 4821 884 4889 Quo
927 4820 978 4874 id
1021 4821 1194 4876 minus
1237 4825 1494 4881 mirentur
1536 4829 1588 4882 in
1634 4827 2002 4893 Montanistis,
2033 4832 2187 4886 simi-

596 4910 717 4968 liter
741 4913 1115 4968 htet'eticorum
1141 4919 1381 4986 exempla
1417 4937 1520 4972 non
1545 4919 1758 4974 desunt.
1797 4921 2018 4988 Quantis
2041 4924 2182 4978 enim

595 5002 839 5061 laudibus
869 5005 1116 5063 Socrates
1142 5019 1196 5065 et
1233 5009 1566 5066 Sozomenus
1590 5053 1604 5079 ,
1634 5011 1757 5068 licet
1792 5012 2074 5069 Novatiani
2099 5030 2185 5070 ca-

595 5099 821 5154 tholicos
871 5115 975 5153 non
1036 5100 1207 5156 solmn
1260 5113 1552 5173 martyres,
1604 5104 1698 5158 sed
1749 5105 1910 5160 etiam
1940 5105 2190 5163 doctores

595 5206 700 5246 non
728 5193 1027 5246 exornant?
1053 5193 1236 5265 Neque
1263 5211 1357 5250 eos
1376 5195 1496 5251 dico
1524 5207 1788 5270 martyres
1823 5209 1913 5253 aut
1941 5199 2191 5258 doctores

593 5288 714 5355 qui.
748 5295 1031 5357 antequam
1067 5288 1393 5344 Novatianus
1423 5291 1656 5346 schisma
1684 5292 1974 5361 conﬂaret,
2009 5295 2060 5349 in
2091 5295 2192 5351 Ee-

593 5379 753 5434 clesia
773 5380 1031 5435 catholica
1048 5380 1339 5436 ﬂoruerunt
1357 5401 1369 5438 :
1389 5383 1482 5438 sed
1505 5399 1619 5442 eos.
1643 5386 1732 5456 qui
1751 5386 2004 5458 deinceps
2021 5390 2190 5445 exorti

594 5481 738 5534 sunt,
770 5480 825 5524 et
850 5485 876 5522 a
917 5471 1110 5539 quibus
1135 5473 1331 5528 laudati
1355 5476 1646 5545 scriptores
1669 5478 1870 5547 optime
1902 5488 2185 5547 noverant,

593 5559 919 5616 Novatianos
951 5563 1090 5618 inter
1131 5564 1411 5620 hmreticos
1452 5570 1769 5638 computari.
1803 5570 2006 5639 Quibus
2044 5574 2188 5628 enim

594 5653 882 5725 prteconiis
909 5654 1152 5724 Hosium,
1187 5657 1578 5725 Athanasium,
1613 5662 1978 5721 Alexandrum
2005 5665 2066 5722 C.
2098 5669 2186 5738 P.,

666 5766 747 5844 (1)
772 5767 892 5844 Lib.
919 5769 984 5844 de
1011 5769 1160 5843 Fuga
1182 5773 1236 5826 in
1265 5769 1527 5827 Persecut.
1556 5787 1674 5844 cap.

673 5839 750 5906 ('2)
781 5838 910 5908 Cap.
945 5841 998 5894 5.

2291 3377 2294 3379 λ
2355 3339 2448 3395 XI.
2480 3347 2546 3394 At
2567 3356 2667 3410 ego
2691 3358 2794 3395 non
2817 3342 2992 3396 solum
3010 3359 3072 3397 ex
3092 3353 3311 3399 auctore
3335 3346 3656 3401 montanisla
3675 3347 3876 3401 nullum

2283 3433 2452 3486 creari
2479 3447 2634 3501 posse
2648 3433 2898 3487 existimo
2920 3433 3118 3489 sanctis
3140 3436 3466 3507 martyribus
3489 3438 3875 3508 pnejudicium,

2285 3524 2409 3592 quin
2442 3534 2497 3579 et
2524 3527 2896 3594 gravissimum
2933 3527 3056 3582 inde
3086 3543 3182 3598 pro
3207 3529 3314 3584 illis
3340 3533 3604 3586 coniicere
3635 3533 3764 3586 mihi
3797 3533 3877 3586 vi-

2285 3614 2416 3669 deor
2443 3627 2838 3682 argumentum.
2863 3617 2976 3673 Non
3003 3620 3144 3674 enim
3164 3621 3394 3691 scriptor
3418 3624 3736 3677 montanista
3763 3623 3848 3679 dis
3869 3655 3882 3667 -

2286 3707 2609 3772 simulasset,
2643 3718 2734 3762 aut
2762 3710 2937 3763 verbis
2964 3711 3134 3764 solum
3161 3712 3423 3782 ambiguis
3450 3723 3502 3767 et
3529 3714 3775 3768 obscuris
3799 3717 3880 3771 in-

2287 3797 2538 3863 dicasset,
2563 3798 2880 3854 fortissimos
2903 3801 3130 3856 athletas
3151 3815 3312 3858 secta:
3337 3819 3444 3859 suae
3481 3815 3745 3878 martyres
3791 3824 3882 3862 ex-

2287 3891 2510 3958 stitisse,
2543 3891 2640 3947 hos
2669 3907 2857 3947 novam
2879 3895 3206 3963 pr0phetiam
3225 3898 3425 3952 fruetus
3447 3900 3878 3968 germinassc,ad

2263 3983 2551 4054 ejusmodi
2595 3985 2887 4039 certamina
2919 3985 3138 4041 duriore
3183 4004 3340 4057 quam
3374 3989 3677 4055 invexerat,
3723 3992 3882 4045 disci-

2291 4079 2435 4148 plina
2466 4079 2773 4134 Montanum
2804 4079 3050 4135 imbelles
3068 4097 3283 4151 quoque
3312 4082 3539 4138 feminas
3564 4084 3875 4138 instituisse.

2289 4172 2550 4241 Quinimo-
2585 4173 2698 4227 hrec
2743 4174 2951 4242 aliaque
2989 4173 3294 4241 hujusmodi
3345 4177 3517 4245 palam
3577 4177 3883 4247 apertisque

2291 4267 2470 4321 verbis
2516 4265 2893 4334 praedicasset,
2936 4276 2990 4320 et
3046 4277 3348 4337 Opportune
3393 4269 3697 4338 importune
3742 4269 3883 4322 nulla

2293 4373 2398 4412 non
2425 4359 2590 4411 ferme
2615 4359 2802 4427 pagina
2824 4359 3110 4414 lectoribus
3146 4359 3482 4415 inculcasset.
3507 4361 3587 4414 An
3616 4359 3886 4414 nescimus

2291 4466 2410 4520 qua:
2440 4450 2507 4504 sit
2549 4449 2632 4504 his
2671 4451 2738 4504 de
2781 4451 2941 4506 rebus
2983 4451 3355 4506 haereticorum
3386 4451 3686 4524 jactantia?
3729 4466 3884 4521 quam

2293 4544 2418 4599 inde
2442 4545 2650 4600 soleant
2691 4545 2919 4601 inaniter
2957 4547 3254 4615 superbire,
3289 4547 3518 4601 similive
3551 4553 3762 4615 arrepta
3797 4560 3889 4598 oc-

2291 4641 2504 4694 casione
2556 4641 2606 4693 in
2655 4635 2957 4694 Catholicos
3013 4640 3473 4708 impudentissime
3535 4637 3890 4695 debaccbari?

2292 4732 2550 4802 Exemplo
2577 4749 2696 4789 esse
2727 4744 2900 4804 potest
2920 4745 3108 4790 auctor
3137 4735 3428 4801 Donatista,
3460 4735 3558 4804 qui
3581 4744 3887 4790 sanctorum

2291 4827 2584 4892 Saturnini,
2606 4827 2774 4882 Dativi
2789 4835 2842 4881 et
2863 4827 3128 4882 sociorum
3145 4839 3433 4897 martyrum
3449 4825 3582 4882 Acta
3599 4826 3891 4881 litterarum

2293 4918 2650 4974 monumentis
2677 4919 2927 4990 consigna
2938 4919 3030 4973 vit.
3051 4918 3303 4987 Quamvis
3320 4919 3460 4973 enim
3478 4917 3671 4972 laudati
3691 4929 3890 4988 marty-

2291 5029 2378 5071 res
2403 5029 2433 5069 e
2463 5013 2851 5070 Donatistarum
2883 5024 3027 5069 secta
3049 5029 3154 5070 non
3184 5012 3400 5076 fuerint,
3430 5025 3549 5067 cum
3582 5011 3678 5065 nisi
3709 5010 3894 5066 sedata

2296 5109 2668 5178 persecutione
2704 5116 2963 5177 praetextu
3001 5106 3301 5160 traditionis
3347 5104 3632 5159 conﬂatum
3659 5103 3893 5157 sehisma

2296 5217 2401 5257 non
2429 5200 2496 5256 sit
2521 5215 2535 5264 ;
2568 5209 2801 5256 attamen
2830 5200 2950 5270 quia
2979 5199 3116 5266 passi
3135 5207 3256 5253 sunt
3275 5212 3341 5252 ne
3367 5195 3572 5250 divinas
3590 5195 3896 5262 Scripturas

2297 5292 2732 5364 persecutoribus
2779 5291 3069 5355 traderent,
3135 5299 3188 5345 et
3246 5287 3526 5344 traditorcs
3579 5284 3898 5339 videbantur

2296 5386 2544 5456 exemplo
2574 5402 2671 5440 suo
2713 5383 3124 5454 prcedanmasse,
3159 5398 3358 5452 suaque
3385 5377 3762 5436 communione
3785 5379 3896 5445 eje-

2296 5482 2434 5536 cisse
2458 5498 2470 5533 :
2506 5480 2697 5534 mirum
2728 5492 2884 5548 quam
2913 5476 3036 5533 inde
3061 5492 3120 5532 se
3137 5477 3323 5546 jactct,
3361 5489 3532 5545 quave
3561 5469 3890 5541 impudentia

2295 5573 2347 5628 in
2414 5571 2718 5628 Catholicos
2789 5570 3029 5639 insurgat
3107 5567 3563 5641 petulantissimus
3619 5561 3890 5629 scriptor!

2302 5684 2320 5720 ι
2347 5665 2597 5734 Devicto,
2635 5683 2654 5717 ι
2695 5664 2865 5736 inquit
2904 5661 3006 5737 (l),
3063 5682 3082 5716 ‹
3126 5677 3286 5733 atque
3325 5668 3591 5731 prostrato
3638 5654 3895 5721 diabolo,

2368 5844 2447 5917 (Ι)
2475 5844 2528 5900 lu
2556 5845 2764 5918 puniat.
