4218 6268
291 289 365 382 s7
1158 333 1292 393 pno
1329 337 1424 394 ss.
1469 332 1858 410 canemus,
1891 340 2300 405 FELlClTATE
2341 348 2430 407 ET
2468 316 2706 410 secus.
3186 411 3190 414 .
3539 365 3611 422 98

301 447 579 504 victricem
629 450 875 540 palmam.
925 451 984 510 in
1048 456 1296 524 passione
1344 469 1636 528 gestantes,
1696 470 1909 516 senten-
1938 464 1989 524 Λ
2018 480 2137 519 cum
2196 467 2529 538 adjutoribus
2594 471 2705 524 suis
2751 481 3077 542 pugnatarus
3119 488 3350 530 mecum.
3383 476 3613 534 Veniunt

309 546 442 599 tiam
505 547 556 600 in
610 532 917 613 traditores,
973 560 1130 620 atque
1182 553 1232 606 in
1265 568 1446 632 eorum
1481 568 1777 625 consortes,
1807 575 1908 629 qua
1953 576 1958 583 ·

304 636 429 692 illos
459 638 525 690 ab
549 634 804 718 Ecclesia";
819 643 1196 718 communione
1221 643 1538 714 rejeceraut,
1564 653 1738 703 cuncti
1770 667 1909 704 mar-

307 738 453 801 tyres
477 733 691 800 proprio
732 735 990 806 sanguine
1029 737 1437 808 consignabanl.
1480 740 1582 794 Fas
1613 743 1754 795 enim
1802 758 1906 797 non

303 822 481 878 fuerat
507 866 519 886 ,
571 834 624 876 ut
657 825 708 878 in
752 825 995 881 Ecclesia
1030 828 1121 883 Dei
1151 829 1309 883 simul
1339 841 1521 886 essent
1549 844 1812 904 martyres
1854 845 1907 889 et

303 916 615 972 traditores.
662 937 679 969 ι
717 919 1002 989 Aliquidne
1035 921 1084 974 in
1118 933 1336 979 auctore
1387 925 1706 980 Montanista
1735 928 1910 982 simile

299 1008 575 1063 occurrit?
605 1008 796 1064 Mirum
828 1026 987 1080 quam
1028 1013 1270 1068 modeste
1294 1056 1308 1081 ,
1337 1031 1495 1085 quam
1531 1018 1828 1072 verecunde
1851 1033 1909 1072 se

301 1104 487 1171 gerat!
524 1102 613 1167 Ait
655 1102 871 1172 quidem
917 1119 976 1160 se
1027 1120 1194 1161 novas
1241 1107 1476 1162 visiones
1516 1119 1569 1163 et
1601 1109 1910 1179 prophetias

303 1207 602 1261 agnoscere
623 1235 637 1259 ,
665 1187 825 1264 atque
853 1195 1120 1253 honorare
1146 1215 1157 1250 :
1199 1197 1292 1252 sed
1324 1197 1603 1269 Perpetum
1626 1201 1911 1272 Saturique

303 1286 544 1338 visiones
570 1300 632 1339 ac
660 1286 920 1342 caelestes
947 1288 1302 1345 revelationes
1323 1289 1514 1346 litteris
1540 1292 1906 1359 mandaturus,

304 1391 413 1430 non
447 1375 570 1430 ideo
598 1374 890 1432 Catholicis
914 1379 1153 1445 insultat,
1185 1381 1274 1450 qui
1304 1396 1470 1437 novos
1506 1383 1797 1453 pr0phetas
1827 1400 1910 1438 re-

305 1467 488 1536 cipere
516 1469 867 1522 recusabant.
906 1469 1046 1525 Suos
1083 1471 1296 1539 quidem
1336 1473 1400 1527 ad
1449 1473 1746 1528 habendam
1788 1490 1907 1528 cum

309 1560 634 1630 martyribus
661 1562 1095 1618 communionem
1133 1563 1481 1618 adhortatur:
1527 1565 1622 1620 sed
1663 1581 1767 1619 non
1792 1565 1910 1621 ideo

310 1651 431 1705 illos
469 1665 498 1702 a
539 1651 937 1706 Catholicorum
965 1656 1342 1709 communione
1365 1696 1379 1720 ,
1415 1670 1583 1710 novos
1621 1657 1910 1726 prephetas

311 1743 713 1812 reprobantium
749 1743 924 1814 (quod
964 1754 1151 1800 auctor
1182 1746 1453 1801 Donatista
1482 1745 1626 1816 facit)
1649 1749 1904 1804 deterret.

315 1833 657 1889 Undeautem
678 1835 931 1890 haeretica
955 1836 1157 1891 homini
1183 1845 1326 1892 tanta
1357 1838 1642 1894 modestia?
1663 1840 1765 1894 nisi
1787 1840 1908 1910 quia
1942 1849 1990 1909 Β
2021 1850 2196 1905 “unus
2227 1855 2415 1922 proba;
2457 1857 2686 1912 animam
2736 1833 2857 1915 εεεέ
2889 1881 2907 1912 (

316 1929 519 1997 optime
545 1938 803 1995 noverat,
836 1945 895 1984 se
920 1946 1025 1984 non
1057 1933 1496 1986 montanistarum
1517 1975 1531 2000 ,
1566 1933 1661 1988 sed
1691 1932 1918 1989 catholi-

315 2035 513 2075 corum
539 2031 683 2092 gesta
713 2031 1004 2094 martyrum
1033 2022 1223 2078 litteris
1244 2023 1656 2080 commendare.‘

964 2137 1189 2193 CAPUT
1237 2139 1324 2193 lll.

318 2263 564 2304 INTEBNIS
593 2249 826 2306 BASNAGiI
859 2265 1124 2306 ADVERSUS
1166 2266 1400 2308 NOSTROS
1444 2268 1730 2310 MARTYRES
1761 2270 1925 2311 ABGU‘

519 2356 713 2397 HEXTIS
740 2358 1018 2398 GENERALE
1045 2358 1348 2400 ιιεεΡοΝευιι
1378 2361 1698 2402 ADHIBETL‘R.

394 2453 435 2507 1.
481 2453 690 2508 Interna
727 2453 978 2528 Basnagii
1006 2458 1246 2513 adversus
1273 2471 1472 2514 sanctos
1499 2475 1742 2532 martyres
1777 2479 1929 2534 argu-

321 2556 513 2600 menta.

394 2636 458 2690 11.
494 2637 735 2691 Actorum
767 2639 934 2709 potius
959 2641 1278 2711 compilatori
1307 2642 1433 2712 ﬁdes
1460 2643 1752 2715 derogantla
1781 2656 1924 2712 esset,

318 2746 473 2799 quam
510 2740 807 2784 sanctorum
833 2741 1116 2802 martyrum
1141 2735 1443 2790 ortltodoxia
1467 2737 1517 2790 itt
1544 2737 1752 2792 dubium
1782 2756 1927 2794 revo-

319 2823 507 2876 canda.
575 2858 580 2862 -

396 2917 484 2970 lll.
521 2916 764 2972 Rationes
793 2920 1118 2975 adducuntur
1146 2962 1160 2987 ,
1189 2923 1375 2992 quibus
1404 2925 1645 2978 Actorum
1685 2937 1930 2995 νησιώτης

326 3012 381 3063 in
411 3013 801 3066 controversiam
841 3016 1012 3068 vorari
1041 3026 1230 3085 posset.
1265 3015 1444 3070 Prima
1485 3019 1614 3072 ratio
1643 3035 1702 3072 ea:
1727 3020 1931 3087 quibus-

327 3100 454 3154 dam
496 3102 652 3155 verbis
695 3105 903 3157 exotici:
923 3121 1036 3174 qua:
1061 3107 1113 3159 in
1146 3105 1473 3176 Perpetuam,
1507 3126 1537 3161 a
1569 3125 1670 3178 qua
1709 3112 1931 3164 maxima

327 3211 503 3249 eorum
530 3213 654 3263 pars
680 3199 867 3268 scripta
894 3199 1203 3268 perhibetur,
1232 3201 1436 3254 ntinime
1460 3203 1735 3270 quadram.

401 3288 491 3342 IV.
519 3289 759 3343 Secunda
787 3292 920 3344 ratio
943 3308 1008 3345 ea;
1031 3291 1152 3362 styli
1171 3293 1524 3360 similitudine,
1556 3311 1669 3363 qua:
1695 3311 1854 3348 unum
1882 3305 1930 3348 et

329 3385 559 3439 eumdem
580 3385 879 3455 scriptorem
908 3389 1094 3457 refert,
1131 3404 1245 3442 cum
1272 3399 1440 3442 tamen
1473 3406 1503 3441 τι
1534 3390 1691 3445 tribus
1721 3391 1930 3445 diversis

331 3478 518 3546 scripta
543 3481 700 3548 fuisse
724 3479 980 3532 dicantur.

407 3568 466 3622 V.
505 3569 683 3641 Neque
702 3569 1023 3636 Tertulliani,
1056 3587 1214 3640 neque
1228 3571 1503 3641 synchroni
1522 3572 1781 3643 scriptoris
1805 3589 1930 3628 auc-

331 3662 506 3715 toritas
546 3663 851 3731 impediret,
912 3679 1008 3732 quo
1047 3663 1215 3717 minus
1242 3667 1303 3716 de
1329 3664 1567 3717 Actorum
1595 3665 1696 3733 [ide
1726 3666 1930 3720 dubita-

334 3772 523 3821 remus,
573 3757 615 3809 si
653 3756 849 3825 aliquid
887 3772 1065 3826 reapse
1107 3760 1413 3812 continerent
1463 3758 1597 3828 quod
1656 3759 1932 3813 cat/totiens

338 3859 588 3918 martyres
617 3849 893 3904 dedeceret.

415 3970 455 4024 l.
493 3970 755 4039 Externa,
785 3983 844 4027 ut
867 3981 1094 4040 vocant,
1130 3985 1440 4044 argumenta
1481 3974 1688 4030 duobus
1734 3989 1937 4044 praece-

337 4061 589 4119 dentibus
619 4065 867 4136 capitulis
897 4067 1167 4135 prosecuti
1199 4081 1415 4130 sumus,
1462 4067 1669 4120 interna
1701 4080 1933 4135 sequen-

335 4156 478 4210 tibus
504 4157 765 4227 capitibus
790 4157 1236 4212 examinabimus.
1267 4158 1340 4212 De
1368 4156 1450 4210 his
1480 4157 1530 4210 in
1556 4157 1696 4209 hunc
1719 4155 1934 4210 modum

334 4247 549 4303 disserit
575 4248 815 4304 eruditus
840 4249 1131 4319 Basnagius
1162 4267 1174 4303 :
1212 4267 1229 4298 ι
1261 4248 1353 4302 llis
1382 4248 1731 4318 argumentis,
1777 4265 1794 4298 ι
1838 4262 1936 4302 ex-

336 4342 502 4396 ternis
531 4343 777 4408 scilicet,
821 4361 839 4393 »
878 4342 1034 4396 insita
1067 4350 1336 4410 prmstant.
1376 4340 1582 4410 Quippe
1609 4354 1674 4394 eo
1704 4354 1761 4394 se
1779 4339 1939 4394 modo

337 4431 604 4504 Perpetua
638 4434 809 4503 gerit,
838 4433 990 4504 quasi
1019 4433 1274 4503 Spiritum
1305 4433 1559 4487 Sanctum
1587 4473 1601 4497 ,
1631 4432 1792 4486 veluti
1824 4446 1939 4487 mo-
1967 4442 1988 4458 °

337 4527 446 4582 nile
472 4525 740 4597 quoddam
763 4525 817 4580 in
842 4541 963 4581 arca
987 4527 1251 4580 inclusmn
1272 4541 1366 4578 sua
1395 4523 1616 4578 haberet
1640 4522 1708 4578 ad
1727 4532 1936 4587 nutum,

2013 567 2066 610 ct
2109 557 2176 612 ad
2208 575 2291 613 me
2322 561 2693 617 adolescentes
2741 563 2920 618 decori
2961 566 3233 636 adjutores
3273 581 3326 624 et
3360 570 3611 628 favitores

2013 648 2220 703 meizet
2245 651 2508 721 expoliata
2537 667 2653 707 sum
2673 694 2687 720 ,
2713 663 2765 708 et
2796 654 2928 710 facta
2961 674 3076 711 smn
3112 661 3399 716 masculus.
3435 682 3453 714 ι
3483 663 3614 719 Pro-

2013 741 2156 793 cedit
2189 742 2344 811 igitur
2380 758 2501 799 eum
2531 744 2783 817 Egyptio
2823 749 2888 801 ad
2921 763 3148 820 pugnam
3181 752 3442 824 Perpetua
3478 771 3613 813 sexu

2014 842 2237 900 mutatu,
2271 837 2505 891 victoria:
2530 840 2754 907 pretium
2777 852 3059 912 acceptura
3082 863 3100 895 ‹
3130 861 3335 901 ramum
3364 849 3611 918 viridem,

2014 925 2065 978 in
2094 942 2200 996 quo
2226 938 2381 983 erant
2412 932 2549 986 mala
2571 947 2749 988 aurea.
2784 933 2850 989 Et
2873 936 3021 1005 petiit
3041 938 3334 1008 silentium,
3363 951 3419 996 et
3459 941 3613 997 dixit:

2015 1018 2109 1072 llic
2141 1019 2426 1092 Aigyptius
2477 1025 2519 1079 si
2554 1026 2691 1082 hanc
2729 1028 2952 1096 vicerit,
2986 1030 3194 1086 occidet
3223 1032 3369 1087 illam
3401 1034 3612 1103 gladio;

2014 1121 2066 1166 ct
2087 1114 2130 1166 si
2164 1113 2306 1170 hunc
2331 1117 2541 1182 vicerit,
2567 1120 2793 1191 accipiet
2823 1138 3026 1177 ramum
3059 1125 3240 1180 istum.
3275 1125 3342 1180 Et
3371 1129 3612 1184 recessit.

2013 1204 2080 1260 Et
2099 1208 2424 1264 accessimus
2447 1211 2512 1264 ad
2532 1212 2777 1278 invicem,
2803 1224 2858 1268 et
2878 1215 3136 1286 carpimus
3153 1218 3366 1273 mittere
3387 1234 3614 1290 pugnos.

2016 1295 2108 1350 Ille
2144 1298 2274 1351 mihi
2323 1300 2487 1368 pedes
2515 1304 2921 1372 apprehendere
2947 1309 3254 1376 quarrebat:
3295 1326 3396 1381 ego
3435 1322 3616 1370 autem

2014 1387 2090 1440 illi
2113 1389 2353 1444 calcibus
2385 1391 2570 1446 facient
2599 1393 2891 1452 czedebam.
2928 1417 2946 1449 ι
2978 1398 3227 1454 Hunccine
3264 1411 3388 1456 sunt
3413 1402 3615 1474 Spiritu

2015 1481 2211 1536 Structo
2261 1483 2462 1554 digna?
2508 1486 2771 1543 similiane
2801 1489 3074 1559 prophetis
3115 1495 3302 1550 obtulit
3342 1499 3619 1566 unquam?

2016 1574 2226 1630 Scilicet
2248 1592 2307 1630 ea
2331 1577 2441 1632 visa
2456 1588 2599 1644 sunt,
2615 1582 2807 1651 quibus
2833 1598 3042 1638 sacrum
3065 1585 3229 1643 Joelis
3246 1591 3620 1645 accommode-

2019 1673 2103 1720 tur
2153 1669 2453 1724 oraculum.
2512 1671 2746 1727 Monlani
2802 1690 3024 1744 prorsus
3078 1679 3618 1741 redoleutoflicinam

2020 1758 2227 1811 somnia
2253 1759 2536 1829 ejusmodi,
2566 1766 2787 1820 ecstasis
2817 1766 2930 1836 ejus
2957 1768 3246 1839 simillima,
3282 1789 3382 1844 qua
3411 1775 3624 1831 Tertul-

2943 1863 3073 1918 aerii
3107 1866 3324 1934 coloris,
3354 1877 3408 1924 et
3435 1869 3623 1928 forma:

2028 1958 2122 2013 per
2151 1947 2330 2000 omnia
2361 1947 2609 2004 humana:
2643 1950 2720 2023 (l)
2757 1971 2798 2007 ι.

2027 2032 2034 2037 ’
2110 2035 2172 2089 11.
2218 2036 2312 2092 llis
2358 2040 2610 2096 omnibus
2649 2042 3054 2102 difficultatibus
3107 2047 3208 2104 hoc
3253 2049 3486 2121 primum
3531 2053 3628 2109 ad-

2027 2126 2185 2186 hibeo
2222 2134 2473 2201 generale
2504 2149 2821 2205 reSponsum
2852 2180 2866 2204 ,
2901 2139 3042 2208 quod
3084 2141 3127 2196 si
3158 2143 3375 2213 quidem
3413 2145 3623 2216 objecta

2029 2221 2306 2294 Perpetua)
2353 2226 2464 2280 visa
2518 2227 2718 2298 aliquid
2775 2245 2965 2302 reapse
3002 2244 3093 2288 aut
3132 2235 3332 2305 Spiritu
3386 2239 3623 2308 Sancto,

2027 2325 2119 2370 aut
2167 2326 2402 2388 martyre
2431 2319 2707 2390 indignum
2754 2325 3112 2393 continerent,
3161 2328 3420 2385 Actorum
3451 2333 3628 2400 potius

2029 2411 2332 2477 sinceritas,
2383 2429 2541 2482 quam
2598 2424 2894 2487 martyrum
2945 2419 3263 2476 orthodoxia
3307 2424 3357 2477 in
3407 2424 3628 2481 dubium

2030 2512 2172 2557 esset
2203 2505 2522 2559 revocanda.
2553 2505 2660 2562 Hac
2688 2511 2917 2577 primum
2944 2513 3292 2581 reSpottsionc
3320 2532 3447 2571 usus
3469 2527 3550 2572 est
3575 2528 3630 2574 et

2031 2604 2247 2649 sanctus
2291 2597 2640 2665 Augustinus.
2695 2598 2829 2655 Cum
2859 2602 3002 2656 enim
3050 2603 3150 2658 sibi
3184 2605 3463 2676 Perpetua;
3490 2610 3628 2664 visio

2033 2686 2256 2741 inferius
2278 2688 2662 2755 examinanda,
2692 2706 2795 2760 qua
2830 2689 3047 2747 fratrem
3085 2710 3238 2749 sumn
3290 2698 3628 2756 Dinocratem

2033 2779 2086 2833 in
2121 2780 2312 2848 pcenis,
2343 2780 2540 2836 deinde
2562 2783 2614 2836 in
2646 2782 2923 2853 refrigerio
2950 2787 3102 2854 vidit,
3132 2790 3454 2858 objiceretur
3479 2836 3493 2860 ,
3525 2794 3628 2850 hoc

2035 2871 2262 2940 primum
2278 2872 2549 2941 respondit
2567 2873 2646 2946 (2)
2660 2875 2798 2945 quod
2821 2897 2838 2928 (
2862 2892 2958 2932 nec
2974 2878 3242 2951 Scriptura
3259 2884 3366 2954 ipsa
3382 2889 3636 2944 canonica

2034 2974 2135 3030 est,
2166 2979 2265 3019 nec
2289 2965 2373 3020 illa
2401 2967 2476 3020 sic
2500 2967 2712 3036 scripsit
2743 2969 2823 3024 vel
2852 2973 3174 3042 quicumque
3203 2975 3327 3030 illud
3354 2979 3585 3048 scripsit,
3613 3001 3630 3033 ι

2034 3065 2140 3112 etc.
2184 3077 2201 3109 ι
2233 3057 2436 3125 Quibus
2466 3059 2643 3115 verbis
2669 3060 2916 3118 dubitare
2940 3063 3168 3132 videtur,
3201 3082 3266 3120 an
3300 3083 3489 3140 reapse
3514 3071 3639 3125 Pcr-

2036 3159 2195 3219 petua
2239 3152 2599 3208 revelationes
2645 3169 2769 3208 suas
2796 3157 2848 3210 in
2877 3156 3081 3212 litteras
3111 3159 3317 3214 miserit
3347 3179 3358 3214 :
3392 3161 3637 3233 adeoque

1959 3237 2003 3300 C
2038 3256 2144 3294 non
2175 3255 2388 3296 omnem
2417 3242 2551 3297 actis
2599 3253 2654 3298 et
2690 3259 2874 3300 eoi-um
2923 3246 3112 3302 editori
3161 3249 3318 3305 tidem
3355 3252 3636 3310 adhibere.

2037 3332 2132 3388 Hic
2184 3333 2325 3388 enim
2371 3335 2651 3404 perspicue
2693 3337 2852 3392 docet
2903 3338 3220 3410 Perpetuam
3264 3351 3318 3398 et
3343 3337 3636 3415 Saturum,

2043 3441 2165 3495 qua:
2193 3425 2259 3480 ad
2300 3426 2531 3482 visiones
2567 3437 2621 3483 et
2645 3430 3004 3486 revelationes
3036 3435 3323 3503 pertinent,
3357 3438 3469 3492 suis
3489 3439 3639 3508 ipsos

2043 3518 2289 3574 manibus
2328 3521 2753 3590 conscripsisse:
2789 3539 2810 3576 ι
2836 3522 2981 3590 llaec,
3030 3525 3222 3597 inquit,
3275 3529 3375 3585 sub
3403 3532 3635 3598 initium,

2035 3610 2276 3667 ordinem
2307 3620 2475 3667 totum
2513 3614 2753 3685 martyrii
2784 3617 2862 3670 sui
2887 3616 3000 3686 jam
3057 3617 3182 3672 hinc
3227 3620 3340 3690 ipsa
3375 3625 3636 3694 narrabit,

2037 3705 2176 3758 sicut
2207 3707 2571 3775 conscriptum
2609 3721 2769 3760 manu
2796 3722 2914 3775 sua,
2967 3717 3021 3764 et
3067 3724 3166 3764 suo
3211 3727 3373 3768 sensu
3398 3715 3637 3787 reliquit.

2038 3794 2171 3850 Cum
2221 3794 2415 3862 adhuc,
2463 3797 2654 3866 inquit,
2704 3814 2826 3853 cutn
2874 3803 3307 3869 persecutoribus
3353 3821 3631 3875 essemus,

2037 3895 2186 3941 etme
2202 3898 2350 3956 pater
2374 3897 2635 3953 avertere,
2653 3896 2756 3944 etc.
2793 3908 2810 3942 ι
2833 3890 2900 3945 Ει
2931 3891 3064 3945 infra
3091 3911 3105 3946 :
3138 3913 3155 3945 ι
3178 3893 3314 3950 Tum
3340 3896 3480 3952 dixit
3506 3898 3638 3954 mihi

2039 3979 2203 4033 frater
2227 3995 2400 4044 meus,
2430 3987 2533 4034 etc.
2577 4000 2596 4031 ι
2643 3984 2816 4051 Atque
2847 3983 2917 4036 ita
2944 3998 3160 4054 semper
3200 4003 3320 4042 cum
3362 3989 3476 4058 ipsa
3529 4000 3640 4048 tum

2037 4068 2260 4124 Saturus
2301 4070 2351 4122 in
2383 4071 2596 4138 propria
2624 4086 2853 4140 persona
2904 4072 3216 4142 loquuntur.
3275 4078 3343 4133 Et
3383 4072 3498 4150 cap.
3559 4098 3637 4149 ιιι,

2039 4159 2074 4212 ‘2
2115 4176 2128 4212 :
2184 4178 2202 4209 ‹
2251 4158 2363 4212 Hoc
2409 4173 2573 4228 usque
2601 4161 2653 4214 in
2695 4161 2866 4229 pridie
2910 4164 3150 4217 muneris
3198 4166 3320 4235 egi:
3353 4168 3519 4236 ipsius
3545 4187 3641 4226 au-

2042 4259 2149 4306 tem
2197 4253 2432 4306 muneris
2461 4264 2661 4318 aetum,
2709 4250 2755 4306 si
2785 4252 2906 4322 quis
2947 4251 3195 4322 voluerit,
3250 4258 3469 4314 scribat.
3497 4279 3514 4311 )
3573 4263 3641 4318 Et

2043 4356 2167 4395 mox
2195 4355 2312 4410 cap.
2335 4356 2405 4406 tv,
2441 4341 2465 4394 l
2494 4360 2504 4394 :
2535 4361 2552 4393 ι
2585 4341 2690 4397 Sed
2721 4350 2774 4396 ct
2801 4342 3022 4397 Saturus
3048 4342 3364 4403 benedictus
3393 4348 3528 4406 hanc
3558 4353 3639 4407 vi-

2043 4432 2249 4488 sionem
2283 4448 2433 4487 suam
2460 4433 2649 4501 edidit,
2684 4449 2842 4504 quam
2873 4435 2987 4506 ipse
3026 4440 3366 4510 conscripsit.
3399 4461 3417 4494 ι
3471 4444 3642 4500 Etin-

2043 4521 2144 4590 fra,
2169 4538 2285 4593 cap.
2310 4540 2362 4590 v,
2384 4525 2408 4580 l
2432 4543 2444 4578 :
2469 4543 2487 4576 ι
2511 4525 2602 4579 Hae
2620 4526 2853 4581 visiones
2883 4527 3199 4612 insigniores
3232 4532 3466 4602 ipsorum
3496 4553 3641 4594 mar-

338 4619 456 4688 cjus
477 4617 926 4673 illustrationibus
946 4617 1159 4685 quando
1182 4616 1520 4670 velletusura
1541 4613 1608 4669 ad
1633 4614 1934 4670 arbitrium.
1964 4627 2016 4686 1)
2045 4625 2220 4686 tyrum
2275 4615 2708 4671 beatissimorum
2730 4658 2743 4682 ,
2779 4633 2910 4687 quas
2961 4620 3062 4690 ipsi
3114 4626 3575 4697 conscripserunt.
3617 4651 3635 4685 ι

342 4709 641 4764 Audianlur
689 4709 848 4763 verba
893 4708 1007 4777 ejus
1048 4723 1166 4778 cap.
1195 4724 1232 4773 ι,
1263 4708 1328 4762 5:
1363 4726 1380 4758 ‹
1415 4707 1557 4761 Dixit
1601 4705 1730 4760 mihi
1775 4704 1942 4761 frater

346 4813 540 4852 meus:
578 4799 796 4853 Domina
825 4799 1133 4867 soror,jam
1164 4799 1213 4852 in
1249 4813 1436 4868 magna
1468 4797 1724 4866 dignitate
1752 4812 1846 4863 es;
1889 4806 1943 4852 et

349 4899 496 4944 tanta
528 4929 541 4954 ,
573 4900 626 4943 ut
671 4891 904 4959 postules
936 4885 1203 4945 ivisionem
1228 4930 1242 4954 ,
1291 4898 1344 4943 et
1395 4888 1707 4942 ostendatur
1735 4888 1826 4943 tibi
1875 4904 1940 4942 an

346 4980 530 5051 passio
570 4981 639 5034 sit
666 5022 681 5047 ,
713 4997 780 5034 an
811 4992 1166 5036 commeatus.
1211 4981 1276 5034 Et
1314 4995 1411 5050 ego
1443 4995 1562 5049 quae
1591 4995 1675 5034 me
1705 4979 1942 5035 sciebam

345 5072 570 5128 fabulari
612 5088 734 5128 cum
791 5073 1016 5128 Domino
1060 5072 1212 5142 cujus
1242 5071 1500 5126 beneficia
1536 5080 1678 5125 tanta
1722 5082 1941 5141 experta

344 5183 517 5234 eram,
545 5155 788 5221 'ftdenter
810 5166 1096 5235 repromisi
1127 5168 1175 5220 ei
1212 5164 1436 5219 dicens:
1463 5162 1710 5218 Crastina
1741 5163 1830 5218 die
1855 5164 1948 5219 tibi

345 5259 686 5315 renuntiabo.
711 5278 729 5310 ι
757 5259 942 5315 Mirum
970 5273 1097 5314 sane
1120 5256 1364 5313 fiduciam
1398 5265 1452 5310 et
1478 5257 1590 5310 sola
1617 5255 1851 5310 Montani
1875 5255 1951 5310 fa-

347 5353 494 5406 milia
536 5351 783 5421 dignam!
832 5349 1014 5421 Neque
1050 5353 1180 5404 satis
1206 5365 1325 5404 cum
1377 5350 1635 5419 gravitate
1673 5349 1950 5404 decentia-

344 5460 452 5515 que
480 5445 658 5499 oblata
688 5443 966 5513 Perpetum
990 5442 1100 5496 visa
1131 5441 1539 5510 coujunguntnr.
1577 5439 1747 5495 Homo
1775 5441 1825 5493 in
1853 5440 1950 5493 ha-

348 5535 463 5593 bitu
484 5539 735 5609 pastoris,
765 5558 781 5590 ι
803 5538 872 5592 de
885 5554 1043 5592 caseo
1057 5537 1197 5607 quod
1213 5537 1500 5606 mulgebat,
1517 5536 1659 5591 dedit
1677 5537 1952 5606 Perpetua:

353 5631 507 5699 quasi
524 5629 815 5684 buccellam
829 5670 841 5682 .
861 5627 1034 5683 »111110
1055 5627 1254 5698 colligit
1277 5627 1376 5681 sibi
1394 5637 1621 5682 mortem
1647 5627 1948 5681 imminere.

353 5719 654 5776 Notabilius
707 5720 859 5785 illud,
909 5719 1049 5789 quod
1093 5733 1210 5788 cap.
1241 5733 1318 5784 ιιι,
1350 5717 1404 5784 ‘2,
1439 5717 1701 5786 Perpetua
1729 5724 1946 5770 narrat:

364 5831 383 5868 ι
418 5812 594 5868 Exivit
622 5812 838 5884 quidam
861 5819 1048 5868 contra
1078 5825 1166 5866 me
1189 5809 1470 5881 Egyptius
1515 5808 1688 5866 ftedus
1725 5810 1903 5880 specie
1932 5850 1947 5876 ,

2046 4707 2112 4761 Et
2142 4708 2357 4761 tandem
2387 4722 2508 4777 cap.
2545 4723 2600 4773 v,
2631 4710 2685 4775 5,
2721 4723 2779 4763 se
2805 4711 2879 4764 ait
2907 4709 3186 4781 Perpetua
3215 4719 3525 4776 mandatum
3553 4739 3645 4778 ex-

2046 4799 2218 4869 sequi,
2252 4808 2452 4870 etquae
2497 4809 2704 4871 postea,
2752 4801 2868 4872 ipso
2914 4807 3207 4871 praesertim
3265 4809 3353 4866 die
3405 4816 3644 4872 muneris

2049 4892 2183 4948 facta
2214 4903 2358 4960 sunt,
2401 4895 2542 4948 sicut
2568 4895 2681 4963 ipsa
2707 4893 3134 4966 desideraverat,
3169 4913 3506 4969 posterorum
3535 4923 3645 4960 mc-

2049 4984 2235 5038 moria:
2285 4984 2692 5040 commendere.
2739 5003 2757 5037 ι
2789 4987 3052 5052 Quoniam
3099 5003 3228 5060 ergo
3281 4995 3542 5061 permisit,
3592 5005 3646 5050 et

2053 5074 2414 5144 permittendo
2447 5074 2618 5130 voluit
2661 5075 2894 5145 Spiritus
2931 5075 3160 5134 Sanctus
3201 5082 3444 5136 ordinem
3478 5084 3646 5152 ipsius

2053 5167 2294 5221 muneris
2343 5165 2645 5232 conscribi,
2692 5168 2791 5220 etsi
2841 5167 3044 5237 indigni
3091 5171 3159 5224 ad
3213 5173 3646 5242 supplementum

2056 5268 2214 5314 tantte
2243 5259 2425 5328 gloria:
2451 5258 2900 5324 describendum;
2947 5269 3125 5318 tamen
3152 5267 3304 5333 quasi
3335 5269 3647 5326 mandatum

2057 5351 2407 5405 sanctissima:
2447 5351 2748 5419 Perpetute,
2801 5350 2911 5405 imo
2952 5353 3085 5410 tides
3135 5359 3480 5416 commissum
3523 5362 3642 5433 ejus

2056 5444 2436 5513 exsequimur,
2468 5453 2569 5498 etc.
2612 5461 2631 5494 ι
2685 5442 2785 5510 Qui
2815 5458 2944 5514 ergo
2989 5459 3102 5503 rem
3131 5449 3287 5504 toties
3321 5453 3388 5508 ab
3431 5464 3652 5513 auctore

2057 5543 2434 5604 contestatam,
2476 5543 2636 5604 atque
2679 5535 3000 5593 inculcatam
3020 5539 3087 5595 .in
3131 5540 3353 5599 dubium
3396 5555 3645 5620 revocati,

2126 5735 2204 5806 (l)
2243 5734 2359 5789 Lib.
2389 5735 2452 5789 de
2480 5735 2682 5802 Anima,
2713 5750 2830 5806 cap.
2861 5737 2912 5792 9.

2129 5736 2171 5804 (l
2243 5735 2359 5789 Lib.
2389 5735 2452 5789 de
2480 5735 2682 5802 Anima,
2713 5750 2830 5806 cap.
2861 5737 2912 5792 9.

2129 5735 2206 5877 (σιξ
2236 5806 2352 5862 Lib.
2385 5823 2400 5862 ι
2428 5807 2490 5861 de
2508 5806 2709 5875 Attium,
2738 5819 2783 5864 et
2810 5810 2918 5877 eius
2945 5809 3100 5882 orig.,
3129 5825 3246 5886 cap.
3281 5813 3367 5874 10.
