4156 6282
613 272 681 330 90
1802 273 2253 336 DISSERTATIO
2283 276 2760 336 APOLOGETICA

3819 289 3921 349 100

611 407 828 448 ouiuem
856 393 1094 462 profecto
1141 394 1255 463 ejus
1286 392 1442 450 dictis
1472 392 1628 449 fidem
1663 411 1766 448 non
1799 397 1974 452 habet.
2008 396 2200 450 ΝυΗίΙή
2230 397 2279 456 Α
2308 393 2416 447 circ
2465 402 2520 448 et
2571 393 2849 463 plausibile
2878 391 3148 451 efficerem
3205 395 3485 466 potuisset.
3535 396 3715 454 Primo
3769 403 3916 460 enim

613 500 791 543 autem
817 498 1034 542 sanctus
1076 489 1398 557 Augustinus
1454 490 1504 542 in
1538 493 1958 546 coalrover‘siam
2010 500 2200 546 vocat:

607 578 834 634 fueritne
849 579 1112 647 Perpetua
1134 581 1385 634 Ecclesim
1401 582 1610 646 mulier,
1641 598 1704 636 an
1736 599 1893 639 sectae
1913 603 2030 648 tuon
2043 587 2202 638 tanis-

608 673 752 735 tie-.13;
804 672 897 726 sed
949 660 1270 744 ubicumque
1316 674 1455 728 illius
1509 659 1790 739 meminit,
1820 678 2063 731 meminit
2101 693 2200 729 au-

605 773 714 815 tem
747 760 1205 831 frequentissime,
1261 775 1316 818 nt
1361 767 1753 820 sanctissimam
1788 778 2098 838 martyrem,
2149 778 2201 824 ct

605 853 1010 909 invictiSsimam
1042 856 1298 912 celebrat.
1326 856 1479 912 Unde
1511 875 1572 912 ex
1604 859 1880 928 Augustini
1912 861 2193 924 sententia,

602 951 856 1004 Actorum
901 953 1082 1020 potius
1130 952 1297 1021 fides,
1330 970 1486 1024 quam
1538 965 1831 1024 martyrum
1883 955 2195 1009 orthodoxia

599 1042 654 1095 in
681 1042 900 1098 dubium
948 1046 1246 1100 revocanda
1297 1056 1464 1114 esset,
1512 1047 1553 1102 si
1587 1047 1800 1116 quidem
1835 1047 1886 1102 in
1929 1048 2075 1100 Actis
2109 1047 2197 1098 ali-

598 1138 722 1204 quid
787 1149 1094 1193 occurreret
1141 1141 1281 1204 quod
1325 1150 1415 1194 aut
1465 1140 1720 1210 Spiritum
1771 1151 2053 1205 sanctum,
2103 1149 2196 1194 aut

596 1245 753 1286 veros
799 1231 1002 1288 Christi.
1028 1243 1292 1305 martyres
1324 1233 1626 1290 dedecoret.

671 1327 734 1384 Et
760 1342 888 1381 sane
933 1336 1082 1395 quot,
1135 1327 1258 1382 licet
1289 1328 1526 1398 antiqua,
1557 1337 1864 1382 sanctorum
1896 1337 2193 1398 martyrum

592 1426 683 1471 aut
713 1417 1076 1475 apostolorum
1118 1428 1207 1472 aut
1235 1418 1600 1488 quorumlibet
1633 1420 1924 1489 insignium
1955 1420 2190 1472 virorum

590 1520 703 1564 aeta
754 1510 831 1562 vel
883 1509 1139 1574 historiaa,
1197 1510 1297 1566 hoc
1341 1511 1677 1580 potissimum
1725 1520 2064 1582 argumento,
2097 1522 2190 1566 aut

591 1604 640 1653 in
674 1601 890 1654 dubium
924 1612 1266 1666 revocamur,
1315 1612 1407 1656 aut
1443 1602 1654 1671 penitus
1704 1603 2084 1672 exploduntur,
2133 1611 2186 1657 et

587 1692 650 1746 ad
685 1691 889 1746 fabulas
925 1693 1311 1746 amandantur!
1356 1693 1497 1759 Quot
1540 1696 1699 1748 etiam
1732 1695 1946 1763 antiqua
1988 1709 2181 1748 monu-

2312 501 2416 537 non
2443 485 2542 538 sibi
2573 486 2851 556 quisquam
2885 487 3042 558 facile
3065 488 3432 557 persuaderet,
3466 490 3752 546 mulierem
3782 494 3911 548 afri-

2309 592 2497 630 eanam
2545 578 2680 632 adeo
2729 578 2891 633 fuisse
2949 581 3140 649 grmeis
3170 581 3363 636 litteris
3407 581 3711 649 addictam,
3755 595 3812 638 ut
3847 585 3912 642 ab

2308 671 2372 724 iis
2424 672 2473 723 in
2507 681 2613 725 tam
2668 672 2817 726 brevi
2857 673 3125 742 scriptura
3168 675 3365 743 srepius
3411 677 3754 743 usurpandis,
3808 679 3915 734 sibi

2318 763 2619 832 nequiverit
2687 774 3008 834 temperare.
3056 765 3203 819 Haud
3235 782 3321 820 me
3373 766 3500 821 latet
3561 784 3734 838 graeca
3789 785 3910 828 esse

2304 855 2695 924 quamplurima
2739 857 2918 919 verba,
2953 872 3072 926 qua:
3112 859 3162 910 in
3200 859 3476 929 vulgarem
3507 863 3690 926 etiam,
3721 872 3774 916 et
3808 879 3906 932 po-

2303 947 2543 1016 pularem
2591 948 2736 1001 latini
2791 951 3057 1003 sermonis
3100 966 3255 1004 usum
3311 953 3678 1008 transierunt:
3713 965 3765 1009 at
3799 973 3905 1012 non

2300 1039 2578 1105 ejusmodi
2610 1049 2732 1093 sunt
2759 1055 2878 1110 quae
2921 1055 2950 1094 a
2992 1041 3257 1111 Perpetua
3286 1043 3339 1096 in
3394 1046 3506 1099 suis
3534 1046 3907 1106 describendis

2299 1129 2596 1184 visionibus
2640 1141 3022 1201 usurpautar,“
3060 1133 3166 1188 imo
3196 1136 3305 1189 fere
3355 1136 3640 1204 inusitata,
3693 1151 3743 1194 et
3786 1157 3905 1210 qua:

2302 1222 2354 1275 in
2389 1222 2568 1277 latinis
2608 1224 2961 1295 scriptoribus
2993 1227 3100 1292 vix,
3134 1237 3224 1280 aut
3269 1244 3559 1300 numquam
3589 1245 3897 1288 occurrunt.

2294 1312 2369 1366 Ita
2399 1330 2516 1383 cap.
2545 1332 2579 1377 ι,
2609 1317 2662 1381 5,
2696 1335 2713 1367 ι
2744 1316 2888 1372 Bene
2916 1319 3128 1382 venisti,
3163 1319 3438 1390 Teguon.»
3470 1323 3565 1378 Ubi
3597 1325 3903 1382 ltuinartius

2294 1406 2579 1474 admonet,
2622 1409 2762 1477 quod
2805 1419 2990 1475 τέκνον,
3041 1412 3141 1465 etsi
3174 1413 3365 1475 rarius,
3403 1414 3690 1484 aliquando
3723 1430 3899 1474 tamen

2292 1499 2455 1554 filiam
2486 1501 2746 1572 designat.
2775 1503 2880 1558 Sed
2928 1505 3118 1559 vellem
3163 1506 3388 1560 latinum
3425 1510 3739 1578 scriptorem
3772 1528 3899 1582 pro-

2292 1594 2522 1659 tulisset,
2552 1597 2639 1666 qui
2672 1599 2950 1668 τέκνςνῖνιὈ
2975 1599 3085 1668 ﬁlia
3107 1601 3398 1670 scripserit.
3418 1599 3546 1673 Cap.
3583 1621 3638 1667 tt,
3661 1608 3716 1669 5,
3752 1627 3770 1656 ς
3795 1607 3898 1663 Os-

2291 1693 2498 1741 tensum
2549 1698 2631 1742 est
2675 1691 2804 1744 mihi
2861 1691 2959 1746 hoc
3006 1691 3057 1744 in
3108 1703 3369 1747 oromate.
3405 1713 3421 1745 ι
3464 1695 3530 1750 Et
3569 1710 3690 1766 cap.
3728 1715 3805 1764 ιιι,
3835 1701 3894 1766 2,

587 1792 786 1848 "lenta,
846 1782 949 1837 hoc
1002 1784 1190 1837 eodem
1242 1794 1580 1854 argumenlo,
1614 1787 1922 1839 nucum”)ng
1950 1802 2178 1855 (μιοιειιιη
2209 1793 2256 1853 Β
2293 1795 2309 1827 σ
2343 1778 2498 1831 video
2527 1780 2578 1832 ll]
2611 1792 2871 1835 ΟΥΟΙῘΙΠΙΟ.
2906 1801 2923 1832 ι
2981 1783 3038 1836 ll]
3081 1799 3198 1853 (Illic
3243 1787 3358 1837 loca
3404 1785 3519 1839 IILCC
3561 1798 3783 1842 annotat
3813 1790 3892 1844 νίι·

585 1879 796 1930 nomina
838 1877 1146 1946 praeferunt,
1207 1877 1609 1946 abjudicantur!
1665 1879 1738 1931 lta
1788 1880 1875 1948 qui
1925 1880 2178 1934 Barnabce

581 1978 670 2020 aut
714 1967 1027 2034 Clementis,
1080 1977 1171 2024 aut
1211 1969 1393 2040 lgnatii
1447 1970 1714 2038 Epistolas
1745 1967 1881 2024 inter
1926 1973 2175 2040 supposi-

583 2062 724 2115 titios
755 2061 916 2117 foetus
946 2072 1248 2127 recensent,
1282 2064 1379 2117 hac
1426 2064 1721 2132 praesertim
1764 2064 1971 2118 ratione
1999 2065 2174 2118 nitun-

581 2161 680 2217 tur,
727 2154 867 2224 quod
922 2155 973 2207 in
1023 2156 1099 2209 eis
1151 2156 1431 2224 apostolici
1489 2157 1587 2209 viri
1636 2156 1910 2223 doctrina,
1952 2158 2174 2226 Spiritus

578 2246 702 2301 item
750 2247 1026 2316 apostolici
1077 2248 1158 2301 vis
1208 2259 1260 2302 et
1325 2249 1576 2317 majestas
1645 2248 2007 2303 desideretur.
2066 2248 2171 2303 llac

575 2321 734 2393 etiam
769 2339 937 2394 ferme
979 2355 1082 2394 una
1129 2341 1339 2394 ratione
1384 2340 1672 2405 ducuntur,
1721 2341 1809 2410 qui
1845 2341 2056 2396 llerma)
2090 2343 2170 2394 vi-

573 2434 773 2496 SlOlleS,
817 2433 1058 2503 quamvis
1100 2433 1332 2503 antiquis
1386 2432 1520 2487 adeo
1561 2433 1877 2499 celebratas,
1931 2443 1984 2487 ιιι
2032 2449 2168 2504 pene

575 2525 624 2578 in
657 2523 1344 2592 Scripturarum-canonem
1373 2526 1555 2580 relata:
1587 2527 1652 2580 ab
1698 2526 1776 2580 eis
1807 2525 2037 2593 fuerint,
2067 2543 2166 2582 cx-

570 2614 784 2668 sihilant
809 2624 966 2684 atque
993 2615 1315 2684 cXplodunt;
1347 2615 1490 2684 quod
1520 2631 1710 2684 nempe
1739 2617 1902 2670 multa
1927 2617 2162 2686 ipsorum

564 2705 765 2775 judicio
816 2709 1123 2764 contineant
1168 2708 1550 2775 Apostolorum
1607 2708 1868 2777 discipulo
1897 2726 2000 2762 non
2034 2711 2163 2764 satis

566 2799 747 2868 (ligna,
791 2809 841 2853 et
870 2801 936 2854 ab
959 2800 1341 2868 Apostolorum
1367 2799 1610 2855 doctrina
1644 2816 1898 2870 perquam
1951 2801 2156 2864 aliena;

565 2907 756 2960 neque,
818 2902 873 2944 nl
913 2892 1088 2946 verbis
1118 2903 1236 2946 utar
1264 2893 1533 2961 Basnagii,
1585 2891 1716 2946 satis
1745 2909 1864 2946 eum
1898 2895 2159 2963 gravitate

561 2981 912 3052 decentiaque
951 2983 1125 3036 oblata
1162 2982 1368 3037 llertnm
1401 2983 1511 3036 visa
1541 2983 1954 3053 conjungantur.
1988 2983 2157 3037 Nemo

563 3081 740 3126 tamen
788 3075 1095 3128 criticorum
1150 3090 1214 3128 eo
1263 3075 1518 3129 hactenus
1570 3075 1810 3129 audacia:
1859 3077 2150 3144 processit,

561 3172 617 3216 ut
651 3164 719 3217 ob
749 3181 927 3218 naevos
976 3167 1206 3233 aliquos,
1258 3175 1348 3218 aut
1395 3173 1592 3231 errata,
1642 3175 1733 3218 aut
1784 3166 1941 3218 etiam
1993 3167 2146 3219 noxia
2178 3177 2222 3240 ρ

557 3256 815 3312 doctrina:
870 3259 1062 3328 capita,
1117 3274 1233 3328 qua:
1290 3259 1390 3313 sibi
1429 3259 1480 3312 in
1531 3258 1698 3324 hisee,
1745 3268 1836 3313 aut
1885 3260 2148 3327 ejusmodi

557 3351 917 3404 monumentis
978 3350 1384 3420 deprehendere
1442 3349 1750 3413 videbatur,
1811 3350 1876 3404 de
1937 3351 2146 3406 illorum

553 3458 682 3497 Sana
721 3443 824 3498 fide
875 3453 1032 3512 atque
1075 3443 1400 3498 orthodoxia
1433 3443 1718 3507 dubitaret,
1766 3443 1956 3512 quibus
1998 3445 2144 3513 ejus-

553 3533 693 3587 modi
733 3550 893 3604 opera
946 3534 1132 3588 Patres
1189 3535 1350 3588 etiam
1396 3535 1746 3603 antiquissimi
1821 3537 2140 3615 tribuerunt.

551 3628 847 3684 Malueruut
898 3629 1102 3683 scilicet
1162 3629 1390 3682 laudatis
1445 3623 1694 3682 Patribus
1740 3629 1948 3699 eripere
2025 3645 2143 3698 quae

548 3719 762 3773 illorum
810 3719 1021 3789 indigna
1044 3720 1232 3790 spiritu
1257 3719 1586 3790 jadiearunt,
1618 3736 1778 3790 quant
1824 3722 1888 3776 de
1925 3722 2137 3778 illorum

547 3814 741 3882 pietate
786 3829 848 3869 ac
895 3813 1151 3887 religione
1184 3813 1457 3883 indignam
1503 3814 1702 3882 aliquid
1751 3823 2023 3878 statuere.
2086 3825 2140 3871 et

543 3907 837 3960 secundum
877 3922 1062 3962 eorum
1093 3915 1445 3962 contestatam
1481 3908 1735 3962 virtutem
1767 3909 1832 3964 de
1869 3909 2019 3964 libris
2047 3920 2138 3965 aut

543 4002 754 4057 tribdtis
801 4003 929 4071 ipsis
975 4003 1268 4060 visionibus
1313 4004 1592 4058 arbitrium
1627 4003 1824 4071 facere,
1856 4021 2013 4075 quam
2065 4007 2133 4061 ob

540 4095 704 4151 libros
752 4103 842 4149 aut
891 4096 1125 4151 visiones
1178 4111 1366 4152 eorum
1419 4096 1614 4150 famam
1667 4107 1720 4152 et
1776 4097 2032 4152 honorem
2079 4100 2130 4152 in

535 4187 821 4242 discrimen
859 4187 1163 4244 adducere:
1194 4204 1367 4258 neque
1421 4189 1538 4243 ideo
1571 4205 1785 4258 pravam
1832 4190 1898 4244 de
1929 4191 2131 4246 sanctis

533 4280 847 4349 quibusdam
903 4281 1028 4334 viris
1055 4281 1363 4348 OpiniOnem
1399 4281 1579 4335 animo
1602 4281 1947 4346 imbiberant,
1984 4281 2126 4352 qued

533 4388 691 4441 prava
715 4371 1038 4440 jadicarent,
1087 4386 1204 4439 qua:
1237 4371 1336 4425 illis
1369 4372 1566 4440 seripta
1599 4373 1996 4436 tribuebantur;
2028 4375 2123 4430 διςιι
2188 4416 2203 4429 .

529 4481 647 4534 qua:
669 4479 829 4533 prava
855 4461 1171 4532 judicabant
1214 4462 1276 4516 iis
1306 4463 1466 4516 tribui
1501 4463 1805 4529 noluerunt,
1836 4464 1900 4517 de
1929 4466 2122 4534 quibus

2284 1868 2362 1922 Cl.
2427 1870 2596 1926 Lucas
2649 1873 3000 1928 llolstenius:
3042 1893 3059 1924 ι
3092 1874 3198 1930 Res
3245 1877 3410 1948 exigit
3456 1889 3511 1932 ut
3554 1882 3885 1935 rescribatur

2283 1963 2580 2029 ltorumate,
2633 1966 2732 2021 nisi
2779 1967 2894 2022 hec
2938 1983 3035 2022 vox
3089 1969 3160 2023 ita
3208 1957 3505 2025 deformata
3557 1972 3605 2025 in
3638 1990 3735 2027 usu
3789 1989 3889 2044 po-

2292 2056 2458 2122 palari
2503 2057 2750 2110 Afrorum
2787 2071 2917 2112 erat.
2973 2059 3067 2113 Est
3108 2068 3280 2114 autern
3333 2070 3492 2131 apem:
3551 2079 3655 2117 vox
3716 2080 3886 2134 grteca

2282 2161 2480 2200 sonans
2511 2150 2702 2215 visum,
2735 2152 2846 2204 sive
2882 2152 3140 2206 visionem
3210 2151 3506 2222 Usurpatur
3531 2154 3717 2211 Actor.
3765 2172 3882 2227 cap.

2278 2239 2486 2304 sit,.9;
2537 2240 2690 2294 latini
2722 2242 3018 2309 scriptores
3055 2258 3118 2296 ea
3162 2245 3336 2298 rarius
3384 2246 3462 2298 usi
3506 2256 3650 2314 sunt,
3700 2257 3878 2304 tamen

2277 2331 2611 2398 Aldltelmus,
2642 2334 2734 2388 lib.
2766 2335 2833 2389 de
2862 2335 3200 2405 Virginitate,
3230 2353 3347 2406 cap.
3392 2339 3443 2402 ’5,
3475 2338 3560 2392 ubi
3591 2339 3658 2394 de
3684 2351 3874 2396 sancto

2273 2424 2480 2480 Joanne
2521 2427 2842 2496 evangelista
2891 2429 3147 2497 loquitur,
3203 2431 3295 2496 ait,
3331 2445 3452 2484 eum
3492 2449 3508 2481 ι
3550 2432 3606 2484 ιιι.
3651 2432 3877 2489 Ρ.ιι1ιηιο

2273 2528 2482 2587 raptum
2514 2519 2564 2572 in
2601 2520 2880 2582 ltoromale,
2912 2541 2929 2570 ι
2964 2522 3049 2575 ubi
3077 2521 3332 2575 Meursius
3352 2533 3492 2576 recte
3510 2525 3878 2581 orautalesub-

2271 2610 2443 2667 stituit
2471 2612 2520 2663 in
2551 2611 2802 2665 MantisSa
2830 2612 3013 2668 critica
3043 2613 3254 2685 (sicque
3281 2615 3332 2667 in
3362 2615 3690 2671 Bibliotheca
3713 2632 3870 2672 sanc-

2272 2709 2446 2755 torum
2496 2703 2716 2758 Patrum
2770 2706 2970 2760 editum
3032 2708 3292 2771 reperio),
3339 2708 3535 2763 frustra
3580 2715 3870 2778 reprehen-

2266 2793 2426 2847 dente
2483 2797 2732 2850 Suvartio
2791 2798 3170 2852 Analeetorum
3224 2799 3316 2852 lib.
3376 2816 3448 2864 Ill,
3500 2816 3617 2868 cap.
3669 2804 3730 2867 9,
3778 2804 3866 2872 qui

2264 2883 2476 2937 chroma
2531 2885 2604 2938 ibi
2653 2887 3090 2955 rescribendum,
3140 2891 3466 2960 persuadere
3506 2894 3862 2964 nequidquam

2262 2985 2503 3029 conatur.
2547 2977 2780 3046 Reperio
2825 2980 2988 3034 etiam
3041 2982 3179 3050 apud
3223 2982 3536 3049 Alcuinum,
3580 2985 3672 3039 lib.
3732 3002 3746 3038 ι
3797 2988 3863 3043 de

2263 3065 2378 3118 Vita
2411 3068 2578 3122 sancti
2592 3067 3149 3142 Willet:rordi,capite
3169 3072 3224 3134 2,
3258 3075 3369 3129 lucc
3392 3076 3552 3130 verba
3577 3095 3590 3130 :
3629 3095 3647 3127 ι
3673 3077 3858 3144 Mater,

2262 3158 2592 3228 intempesta:
2645 3165 2819 3217 noctis
2863 3164 3064 3232 quiete,
3109 3167 3329 3222 caeleste
3373 3169 3421 3222 in
3471 3171 3675 3225 somnis
3728 3172 3861 3226 vidit

2256 3251 2486 3306 horama.
2525 3273 2543 3305 ι
2571 3254 2724 3322 Quod
2751 3258 2825 3310 ait
2845 3258 3312 3323 virdoctissimus,
3337 3260 3533 3316 latinos
3564 3265 3856 3332 scriptores

2256 3339 2353 3396 hac
2381 3359 2509 3398 voce
2534 3347 2708 3401 rarius
2735 3362 2855 3402 esse
2885 3363 3010 3406 usos
3031 3390 3044 3410 ,
3077 3352 3420 3420 perspicuum
3450 3363 3560 3417 est;
3589 3355 3682 3408 sed
3712 3357 3853 3426 quod

2253 3433 2487 3491 indicare
2515 3439 2722 3492 videtur
2749 3454 2866 3493 eam
2899 3441 2950 3494 in
2986 3457 3082 3495 usu
3112 3443 3353 3512 populari
3384 3443 3634 3500 Afrorum
3666 3447 3848 3515 fuisse,

2251 3526 2391 3583 baud
2434 3529 2587 3586 facile
2627 3535 3026 3599 concesserim;
3072 3551 3193 3590 cum
3225 3552 3396 3608 neque
3441 3540 3489 3592 in
3521 3539 3852 3598 Tcrtulliano

2247 3620 2484 3688 ejusdem
2527 3624 2623 3676 ιυνί
2657 3625 2942 3693 scriptore,
2973 3641 3295 3697 quamquam
3333 3631 3554 3685 exoticis
3581 3631 3850 3700 ejusmodi

2245 3728 2306 3767 ac
2345 3716 2612 3785 praecipue
2643 3719 2834 3786 gt‘:t‘cls
2866 3720 3088 3774 vocibus
3136 3720 3426 3775 admodum
3467 3721 3767 3778 delectetur
3793 3737 3851 3781 et

2242 3804 2679 3876 frequentissime
2707 3807 2773 3862 de
2805 3809 3122 3873 visionibus,
3153 3827 3215 3865 ac
3253 3813 3674 3869 revelationibus
3699 3825 3843 3886 agat,

2241 3908 2528 3963 occurrat;
2575 3915 2746 3968 neque
2805 3900 2855 3954 in
2912 3902 3242 3972 supparibus
3292 3903 3681 3972 scriptoribus,
3733 3906 3843 3977 Cy-

2241 3990 2426 4057 priane
2474 4000 2524 4044 et
2556 3990 2747 4045 Pontio
2791 3991 3038 4060 diacono,
3091 4010 3414 4064 quamquam
3451 4005 3505 4050 et
3537 3997 3632 4065 ipsi
3666 3998 3840 4053 varias

2236 4082 2461 4136 Subinde
2496 4084 2727 4139 visiones
2757 4085 3026 4152 referant;
3072 4103 3246 4157 neque
3281 4088 3408 4143 item
3441 4091 3492 4144 in
3521 4090 3712 4161 Optato
3738 4091 3837 4145 Mi-

2233 4171 2485 4239 levitano,
2529 4177 2845 4244 Augustino,
2896 4176 3193 4247 Fulgentio,
3228 4194 3291 4233 ac
3323 4179 3542 4236 Victore
3596 4180 3821 4247 Vitensi,

2231 4266 2474 4333 quamvis
2525 4281 2627 4319 nou
2657 4267 2794 4322 adeo
2823 4270 3076 4337 castigata
3113 4271 3398 4336 locutione,
3436 4284 3487 4327 ct
3518 4289 3545 4325 a
3583 4275 3831 4344 populari

2230 4369 2327 4407 usu
2358 4358 2735 4422 remotissima,
2787 4366 3019 4414 utantur.
3057 4360 3258 4415 Eodem
3318 4364 3492 4432 capite
3530 4380 3607 4431 tn,
3638 4369 3692 4430 2,
3727 4381 3831 4420 vox

2225 4447 2325 4500 alia
2378 4465 2565 4520 διαιρέω
2613 4451 3018 4520 significationis
3055 4455 3326 4508 occurrit:
3364 4474 3380 4505 ‹
3408 4455 3717 4527 Egyptiam
3745 4459 3830 4512 vi-

530 4558 606 4610 fas
654 4572 757 4610 non
807 4563 922 4609 erat
979 4569 1196 4622 pravam
1237 4554 1418 4608 animo
1474 4555 1736 4609 “1,1,31,ch
1785 4558 2113 4624 omnimmm.
2144 4537 2499 4634 1)deo-inafa
2527 4541 2872 4597 volutantem.
2901 4563 2918 4593 ι
2956 4562 2973 4594 ‹
3006 4545 3125 4612 Δία,
3152 4564 3169 4596 ι
3201 4545 3373 4616 inquit
3401 4549 3452 4601 in
3485 4547 3625 4602 httnc
3649 4549 3827 4605 locum

527 4650 658 4704 Cum
703 4648 860 4718 igitur
912 4648 1058 4702 nefas
1109 4657 1256 4703 esset
1301 4657 1356 4702 et.
1407 4662 1631 4701 summa:
1688 4651 2004 4706 temeritatis
2051 4653 2118 4710 de

522 4741 803 4811 Perpetua:
847 4748 901 4796 et
931 4740 1197 4795 sociorum
1232 4751 1525 4811 martyrum
1574 4741 1828 4811 religione
1873 4760 1932 4798 ac
1971 4756 2114 4800 recta

520 4831 627 4887 fide
684 4847 778 4901 per
822 4839 900 4886 tot
927 4831 994 4885 ab
1041 4845 1226 4886 eorum
1277 4833 1533 4901 martyrio
1564 4833 1780 4898 stncula,
1833 4834 2112 4900 universa-

519 4925 584 4978 lis
638 4924 892 4979 Ecclesiae
941 4921 1145 4992 judicio
1195 4934 1248 4978 et
1304 4932 1556 4978 veterum.
1604 4925 1822 4979 Patrum
1873 4927 2109 4981 unanimi

515 5016 868 5072 consensione
929 5015 1317 5086 comprobata,
1375 5020 1803 5073 centroversiam
1865 5035 2103 5076 movere.

515 5107 571 5166 Si
608 5109 733 5178 quid
777 5109 828 5163 in
877 5123 1063 5164 eorum
1105 5109 1240 5163 actis
1267 5108 1489 5164 offendit
1518 5109 1830 5180 Basnagius,
1878 5113 2018 5180 quod
2053 5114 2103 5166 iu

519 5199 815 5256 catholicos
866 5207 1129 5275 martyres
1172 5199 1566 5270 ipsiusjudicio
1609 5217 1712 5256 non
1747 5201 1992 5271 quadret,
2047 5201 2100 5256 id

511 5293 704 5360 potius,
733 5305 890 5346 omne
937 5291 1124 5346 debuit
1153 5301 1210 5346 ut
1239 5290 1594 5347 adulterinum
1655 5293 1897 5362 rejicere,
1940 5311 2100 5364 quam

505 5382 573 5438 de
617 5383 813 5438 sanctis
844 5383 1167 5453 martyribus
1195 5381 1467 5453 indignant
1504 5384 1704 5452 aliquid
1746 5386 2093 5442 constituere.

2226 4631 2467 4687 laudatus
2493 4633 2816 4700 llolstenius,
2852 4655 2869 4686 ι
2906 4636 3076 4705 pulvis
3097 4647 3386 4707 est,graeca
3402 4639 3825 4709 significatione:

2223 4731 2303 4774 est
2350 4723 2489 4776 enim
2521 4740 2752 4794 grmcutn
2800 4742 3015 4793 nomen,
3067 4732 3182 4797 ἀρνί,
3219 4731 3378 4784 latine
3412 4732 3686 4801 scriptum.
3724 4734 3827 4788 So-

2216 4812 2395 4867 lebant
2450 4825 2626 4868 autem
2707 4817 2912 4886 pugiles
2979 4821 3235 4874 certaturi
3295 4821 3606 4892 inspergere
3661 4835 3824 4882 uncta

2213 4918 2438 4973 corpora
2467 4907 2707 4974 pulvere,
2743 4909 2827 4962 vel
2853 4910 2902 4962 in
2931 4925 2995 4964 eo
3031 4910 3178 4964 hutni
3213 4912 3428 4980 jacente
3460 4929 3519 4969 se
3548 4916 3816 4970 volutare.

2213 4997 2392 5064 Ovid,
2425 4998 2906 5070 Metamorphosfl,
2939 5003 3005 5058 de
3034 5005 3241 5060 duobus
3275 5007 3562 5076 palestritis
3584 5011 3818 5066 invicem

2213 5089 2311 5143 sibi
2355 5091 2625 5159 pulverem
2657 5092 2720 5147 ad
2773 5095 2930 5148 istum
2974 5111 3129 5150 usum
3162 5098 3621 5156 ministrantibus:

2371 5200 2459 5272 ille
2479 5206 2610 5272 cavis
2634 5205 2808 5272 hausto
2822 5208 3007 5272 spargit
3033 5221 3112 5255 me
3136 5207 3344 5270 pulvere
3362 5210 3531 5272 palmis

2362 5265 2518 5327 lpque
2547 5268 2704 5315 vicem
2723 5265 3015 5329 fulvtejactu
3044 5265 3261 5320 ﬂavescit
3282 5265 3464 5321 are-nte.

2284 5387 2300 5420 ι
2330 5369 2499 5436 Quam
2525 5387 2764 5439 arenam,
2812 5373 2950 5428 unde
2989 5374 3021 5426 fl
3043 5378 3348 5433 tvescebant
3395 5380 3483 5435 hic
3513 5382 3673 5437 modo
3701 5399 3808 5453 pu-

2202 5459 2366 5531 gilum
2398 5478 2647 5532 corpora,
2679 5463 2933 5518 Martialis
2962 5466 3051 5520 lib.
3100 5484 3191 5535 vn,
3228 5470 3501 5543 Epigram.
3530 5472 3618 5541 66,
3650 5486 3811 5535 vocat

573 5469 662 5526 ιιι.
706 5472 886 5541 Neque
917 5473 1178 5542 profecto,
1209 5473 1256 5527 si
1277 5473 1400 5528 huic
1426 5489 1584 5544 quam
1607 5476 1936 5546 Augustinus
1968 5493 2096 5549 ape-

2201 5552 2420 5624 llaphen
2449 5555 2552 5610 hoc
2581 5569 2769 5610 versu:

498 5562 626 5628 ruit,
675 5559 923 5618 insistere
951 5564 1139 5618 orbitae
1173 5564 1448 5629 voluisset,
1485 5581 1583 5635 pro
1623 5583 1682 5621 ea
1713 5583 1816 5638 qua
1859 5571 2095 5638 pollebat

489 5655 689 5723 ingenii
741 5655 792 5707 vi
842 5664 896 5709 et
938 5655 1124 5711 critico
1172 5658 1432 5721 acumine,
1485 5658 1743 5729 Basnagio
1795 5661 2090 5719 defuissent

485 5755 804 5818 argumenta
850 5747 1044 5820 quibus
1092 5745 1230 5808 hanc
1274 5747 1581 5819 opinionem
1640 5763 1929 5824 utcumque
1976 5756 2077 5812 ful-
2146 5818 2153 5824 ,

2444 5668 2503 5717 lit
2526 5670 2742 5719 flavescit
2763 5669 2955 5733 Hapbe.
3026 5707 3038 5720 .
3113 5710 3126 5726 .
3197 5714 3208 5726 .
3255 5691 3283 5726 »

2265 5771 2455 5830 Nescio
2490 5784 2687 5846 tamen,
2723 5785 3009 5850 auprau‘er
3035 5779 3329 5840 Martialem
3358 5787 3497 5858 apud
3523 5789 3688 5848 aliaat
3715 5789 3801 5850 ιιις
