4218 6268
282 277 381 371 itit

1252 270 1387 346 pne
1424 288 1519 346 ss.
1564 284 1950 356 canemus,
1996 281 2403 347 FELICITATE
2443 284 2529 346 cr
2569 287 2803 348 secus.

3483 291 3589 361 4.02

285 412 460 467 tinum
485 408 805 480 scriptorem
835 407 1167 479 reperiatur;
1200 416 1253 463 et
1280 419 1434 478 poeta
1474 408 1694 465 forsitan
1726 409 1878 463 metri
1908 408 1955 467 Λ
1987 407 2139 463 tniles
2182 408 2423 477 phrases,
2478 408 2681 463 similes
2728 406 3026 463 locutiones
3067 416 3360 467 occurrunt
3395 428 3409 477 ;
3447 428 3585 468 unus

284 518 453 573 causa
498 501 635 559 hanc
681 516 870 557 vocem
927 502 1223 569 usurpavit.
1270 501 1454 572 Capite
1502 502 1628 557 itent
1684 518 1753 569 tt,
1810 504 1875 569 5,

282 614 520 670 graecum
546 595 692 655 aliud
719 596 881 665 Paulo
907 606 1029 666 post
1069 610 1266 657 numen
1320 596 1550 667 legitur:
1591 615 1609 648 ι
1650 596 1717 652 Ει
1745 598 1880 653 inter

283 707 375 757 me
416 701 470 748 et
514 691 660 749 illum
688 690 892 759 grande
930 698 1047 746 erat
1091 689 1349 755 diadema.
1399 708 1419 742 ι
1469 690 1543 745 De
1591 690 1691 747 hac
1721 692 1878 747 etiam

280 798 421 839 voce
465 783 580 839 haec
624 781 786 843 habet
838 780 1148 839 llolstenius
1198 780 1251 834 in
1295 781 1475 836 notis:
1513 800 1533 833 ι
1565 781 1680 837 Non
1726 781 1878 837 dissi-

280 874 451 941 mulo,
495 873 541 929 si
586 872 883 943 suscipioni
913 881 1059 929 esset
1103 871 1510 942 indulgendum,
1562 872 1728 929 videri
1776 890 1878 929 non

277 969 396 1023 sine
421 966 773 1035 fundamento
793 964 981 1034 reponi
1006 980 1166 1034 posse
1192 966 1439 1019 diastema
1488 981 1581 1033 pro
1622 966 1877 1021 diadema.

278 1058 413 1126 Nam
442 1058 766 1115 diadematis
794 1071 984 1112 vocem
1027 1056 1205 1119 latinis
1233 1072 1299 1112 eo
1346 1057 1543 1113 szcculo
1572 1057 1881 1128 frequenta-

280 1159 392 1207 tatn
441 1148 751 1220 intelligere
796 1147 923 1204 licet
960 1164 1026 1203 ex
1074 1147 1137 1202 L.
1188 1147 1443 1203 Frontino
1473 1150 1562 1204 lib.
1604 1150 1667 1204 de
1694 1150 1877 1221 Agror.

283 1241 506 1307 Quali!"
538 1241 629 1296 ubi
656 1242 736 1297 sic
766 1240 955 1296 scribit
987 1259 998 1295 :
1040 1240 1095 1295 Si
1130 1251 1239 1295 tres
1264 1241 1448 1297 circuli
1477 1258 1634 1309 pares
1664 1244 1878 1308 fuerint,

278 1334 423 1390 inter
458 1349 522 1390 se
546 1332 742 1402 aequali
797 1334 1093 1388 diastemata
1132 1334 1380 1391 connexi.
1418 1333 1484 1388 Et
1532 1334 1781 1405 Ilygenns
1821 1336 1887 1393 de

278 1424 455 1481 Limit.
485 1427 718 1485 constit..
754 1443 775 1478 ί
813 1424 950 1493 Quid
980 1424 1120 1494 quod
1144 1441 1241 1481 nec
1273 1425 1361 1481 illa
1383 1427 1497 1495 ipsa
1522 1427 1735 1495 regione
1757 1427 1889 1483 solis

278 1527 600 1587 conspectus
629 1525 778 1572 recte
800 1525 976 1584 potest
1000 1516 1346 1584 deprehendi,
1377 1518 1477 1572 nisi
1504 1519 1797 1589 mquahbus
1818 1520 1887 1574 ab

279 1618 400 1664 ortu
426 1601 482 1665 et
513 1622 711 1665 occasu
733 1608 1133 1674 diastematibus,
1179 1610 1556 1664 ferramentum
1592 1622 1831 1680 ponatur.
1862 1632 1881 1665 ι

284 1701 418 1755 Item
445 1718 459 1755 :
493 1720 511 1753 ι
537 1711 735 1757 terram
755 1710 1009 1769 punctum
1030 1716 1150 1756 esse
1166 1701 1288 1757 coeli
1312 1701 1514 1759 etinfra
1528 1704 1693 1758 Solem
1710 1706 1889 1772 amplo

1990 499 2237 570 idemque
2294 504 2466 572 stylus
2510 502 2561 559 in
2607 502 2855 557 titituibus
2898 502 3336 571 deprehenditur.
3385 505 3584 560 Auctor

1987 591 2239 659 Epistola-
2291 594 2609 664 Biturigibus
2650 595 2859 659 srriptiv
2889 595 2955 651 ad
3003 595 3285 657 llcnricum
3316 596 3585 651 Vtut-simu

1986 685 2035 739 id
2065 701 2198 755 opus
2219 686 2547 741 Tertulliano
2571 688 2829 741 attribuit.
2886 686 3039 753 Quod
3086 698 3137 740 ιιι
3173 688 3440 755 probaret,
3473 690 3585 744 col-

1987 776 2106 832 latis
2136 779 2317 835 multis
2352 782 2604 832 Actorum
2638 779 2769 835 locis
2808 795 2928 832 cum
2962 779 3082 835 aliis
3107 778 3425 843 Tertulliani
3457 796 3585 849 ottc-

1986 870 2134 925 ribus
2173 871 2408 925 ostendit
2435 869 2685 927 eumdem
2731 870 2951 925 omnino
2984 870 3203 941 stylum,
3237 870 3456 929 easdem
3505 870 3584 925 lo-

1986 963 2179 1035 quendi
2229 963 2503 1021 formulas.
2551 977 2613 1017 ac
2650 963 2808 1017 etiam
2860 962 3059 1030 sapius.
3094 962 3283 1025 eadem
3320 963 3485 1019 verba
3531 963 3585 1017 in

1989 1058 2227 1127 utrisque
2281 1057 2523 1122 reperiri.
2585 1056 2687 1111 Sed
2740 1055 2822 1111 lic
2870 1054 3118 1125 loquendi
3175 1055 3441 1123 formulae,
3502 1055 3587 1110 hcc

1991 1150 2233 1219 phrases,
2279 1149 2393 1203 hinc
2414 1148 2598 1213 verba,
2633 1147 2717 1201 hic
2746 1148 2961 1203 demum
2992 1149 3314 1218 quictunque
3350 1148 3417 1202 sit
3454 1145 3588 1201 Ter-

1991 1240 2294 1294 tullianicus
2340 1240 2529 1309 stylus,
2589 1252 2695 1291 ιιοιι
2737 1239 2787 1290 in
2844 1240 2909 1293 iis
2951 1248 3153 1292 tantum
3221 1255 3341 1309 quae
3370 1238 3438 1292 de
3484 1252 3585 1293 suo

1990 1340 2176 1385 auctor
2221 1346 2277 1386 se
2310 1331 2571 1400 atljecisse
2604 1329 2820 1395 latetur,
2866 1330 2958 1384 sed
2988 1331 3039 1384 itt
3087 1332 3151 1385 iis
3195 1332 3356 1385 etiam
3386 1346 3505 1400 qua:
3532 1340 3589 1385 ιιι

1992 1423 2269 1493 Perpetua:
2312 1435 2364 1476 et
2407 1421 2580 1477 Saturi
2615 1421 2783 1487 verba
2844 1419 3063 1477 exhibet
3117 1421 3585 1477 animadvertitur.

1993 1519 2284 1588 Basnagius
2313 1528 2486 1581 tamen
2534 1515 2802 1577 laudatum
2854 1528 2990 1581 Opus
3024 1513 3355 1575 Tertulliano
3390 1514 3473 1568 his
3500 1530 3588 1568 ar-

1994 1609 2259 1678 gumentis
2309 1606 2572 1677 abjudicat
2607 1624 2618 1659 :
2655 1606 2797 1673 qttod
2841 1605 3169 1665 Tertulliano
3219 1606 3397 1671 nullus
3442 1614 3589 1661 vete-

2003 1719 2119 1756 rum
2160 1717 2219 1756 ea
2273 1700 2476 1754 tribuit.
2529 1700 2659 1765 Quia
2713 1699 2873 1755 etiam
2921 1697 3093 1768 stylus
3140 1696 3229 1753 illo
3273 1695 3589 1751 Tertulliani

283 1799 582 1852 diastemata
621 1793 844 1862 spiritus
894 1793 1162 1848 sustineri.
1224 1812 1243 1844 ι
1300 1793 1376 1849 De
1414 1793 1515 1850 hac
1556 1804 1731 1849 tamen
1783 1798 1880 1850 viri
1913 1795 1959 1855 Β
2000 1794 2255 1849 humilior
2299 1800 2382 1846 cst
2434 1805 2531 1845 nec
2580 1791 2795 1859 paribus
2842 1788 3052 1858 ignibus
3103 1787 3283 1842 micat.
3350 1787 3590 1858 Denique

281 1886 582 1947 doctissimi
635 1884 1034 1948 observatione,
1077 1884 1191 1940 lucc
1220 1884 1491 1955 subjnngit
1530 1886 1715 1941 Petrus
1750 1888 1882 1941 Pos-

277 1983 482 2039 sinus:
528 1997 547 2029 ι
582 1975 713 2044 Qua:
774 1984 924 2033 notat
972 1974 1058 2029 hic
1099 1974 1405 2031 llolstcnius
1456 1976 1523 2031 de
1574 1978 1883 2047 conjectura

282 2087 397 2143 qua
441 2065 842 2131 rescribendum
890 2068 1193 2135 su5pieatur
1228 2066 1473 2120 diastema
1522 2082 1618 2136 pro
1647 2064 1889 2123 diadema

285 2162 541 2219 videntur
568 2159 700 2214 hanc
736 2158 1105 2227 exceptionem
1139 2158 1268 2227 pati,
1310 2159 1451 2227 quod
1498 2159 1613 2217 loca
1645 2161 1732 2214 illa
1763 2176 1885 2232 qua:

286 2255 420 2319 citat
448 2250 686 2313 Frentini
715 2260 769 2305 et
815 2250 1018 2321 llygeni
1050 2250 1473 2320 agritnensorum
1516 2268 1699 2322 parum
1736 2265 1887 2321 certe

284 2344 667 2419 persuadeant,
701 2355 939 2411 sanetam
973 2343 1293 2412 Perpetuam
1318 2358 1467 2403 usam
1498 2344 1602 2402 hoc
1632 2347 1754 2402 loco
1783 2347 1886 2409 ista

285 2454 425 2499 voce
448 2453 566 2508 qua:
591 2444 709 2503 erat
738 2434 953 2505 propria
993 2436 1123 2501 artis
1151 2435 1574 2506 agrimensoritc,
1604 2452 1669 2497 ac
1696 2454 1888 2495 conse-

288 2539 518 2602 quenter
553 2528 726 2583 aliena
767 2526 835 2589 ab
863 2542 963 2593 usu
987 2525 1212 2597 vulgari,
1259 2529 1559 2596 praesertim
1601 2530 1887 2593 mulierum

287 2622 341 2676 in
367 2620 568 2676 Africa.
610 2639 627 2671 ι
660 2619 844 2687 Itaque
870 2633 938 2672 ex
980 2619 1248 2687 constanti
1290 2633 1353 2685 ac
1402 2620 1601 2679 diserta
1642 2637 1744 2677 tns.
1797 2638 1890 2678 co-

288 2712 423 2769 dicis
453 2709 685 2773 lectione
726 2724 921 2777 vocem
945 2708 1185 2773 diadema,
1224 2711 1447 2769 retineri
1490 2714 1625 2775 vult,
1659 2722 1713 2768 et
1745 2714 1884 2779 idem

287 2804 460 2861 ferme
490 2802 633 2874 quod
664 2800 834 2855 Limbi
873 2814 1065 2869 nomen
1111 2800 1213 2863 hoc
1264 2801 1382 2859 loco
1420 2802 1744 2874 signiﬁcare.
1782 2806 1891 2862 Sed

289 2914 411 2968 quae
439 2898 493 2953 in
524 2898 663 2959 hanc
695 2904 932 2963 mentem
979 2894 1187 2955 erudite
1232 2903 1392 2965 atque
1421 2895 1685 2952 subtiliter
1714 2898 1887 2954 disse-

292 2991 387 3056 rit,
419 3004 531 3053 non
552 2986 842 3045 ostendunt
870 2986 1006 3051 hanc
1033 2985 1200 3045 fuisse
1239 3001 1306 3042 eo
1338 2996 1577 3057 tempore
1608 2988 1766 3058 hujus
1796 3005 1889 3046 vo-

294 3083 378 3139 cis
441 3081 685 3136 usitatam
738 3095 802 3151 ac
847 3080 1157 3149 pepuIarem
1202 3080 1506 3143 notionem,
1556 3082 1693 3136 sicut
1732 3080 1891 3138 modo

1991 1890 2123 1941 Acta
2157 1887 2430 1954 Perpetua:
2456 1885 2628 1938 laudat
2657 1884 2767 1953 ipse
2795 1882 3155 1941 Tertullianus
3180 1897 3466 1953 suppresso
3492 1896 3590 1936 suo

1991 1977 2227 2043 nomine,
2258 1976 2399 2046 quod
2428 1975 2556 2039 edit,
2588 1975 2717 2028 dum
2742 1990 2963 2044 operum
2995 1989 3211 2029 suorum
3245 1974 3505 2028 meminit.
3532 1972 3589 2027 In

1994 2070 2164 2140 prima
2197 2070 2423 2122 istarum
2476 2066 2704 2129 ratitne,
2750 2077 2796 2118 et
2838 2065 3019 2119 ultima
3068 2082 3169 2116 non
3204 2066 3433 2129 multum
3473 2080 3590 2119 mo-

1994 2163 2159 2218 menti
2198 2163 2355 2216 iucst.
2389 2160 2467 2214 Ad
2502 2161 2727 2230 primatu
2759 2160 2899 2213 enim
2931 2159 3241 2228 responderi
3269 2159 3421 2216 facile
3460 2176 3588 2230 pos-

1990 2265 2111 2320 set;
2153 2256 2324 2324 primo
2354 2266 2727 2324 argumentum
2768 2268 2885 2309 esse
2928 2254 3251 2324 ttegativttm,
3280 2253 3419 2320 quod
3468 2271 3590 2324 pro-

1994 2358 2175 2420 pterea
2201 2365 2305 2404 non
2336 2347 2621 2403 admodum
2652 2357 2824 2416 urget.
2856 2348 3122 2412 Secundo,
3153 2342 3402 2411 ideonon
3428 2346 3590 2404 fuisse

1991 2442 2043 2497 id
2083 2440 2261 2511 operis
2304 2442 2441 2494 inter
2477 2438 2789 2497 Tertulli-ini
2846 2439 3014 2507 Opera
3060 2438 3401 2505 recensitum,
3447 2438 3591 2511 quod

1999 2536 2255 2592 Actorum
2317 2531 2489 2600 potius
2555 2530 2810 2587 collector
2854 2546 3017 2597 quant
3050 2539 3236 2589 auctor
3283 2531 3586 2593 haberetur.

1996 2627 2324 2681 Postrcmam
2354 2638 2565 2693 quoque
2591 2622 2853 2679 rationem
2884 2620 3041 2679 facile
3067 2631 3215 2687 esset
3241 2621 3480 2687 eludere,
3506 2622 3591 2677 tli-

1992 2717 2165 2773 cendo
2213 2714 2474 2784 imprimis
2510 2712 2655 2783 quod
2692 2712 3059 2777 Tertullianus
3109 2714 3245 2778 Acta.
3289 2728 3393 2781 non
3436 2713 3585 2778 citat,

1994 2808 2087 2864 sed
2108 2808 2383 2875 Perpetua:
2419 2804 2677 2871 visionem
2705 2812 2993 2873 meruerat,
3012 2819 3169 2873 quam
3199 2803 3411 2859 aliunde
3435 2819 3591 2861 accc-

1995 2902 2137 2972 pisse
2173 2908 2400 2970 poterat,
2446 2914 2603 2963 quaut
2651 2912 2715 2951 ex
2752 2896 2919 2950 Actis.
2974 2892 3173 2953 Deinde
3221 2911 3341 2950 cum
3391 2896 3587 2952 librum

1994 2994 2206 3061 scripsit
2249 2992 2311 3045 de
2354 2990 2557 3056 Anima,
2592 2991 2721 3042 Arta
2760 2987 2996 3042 .forsitan
3039 2988 3281 3055 nondum
3319 2989 3582 3057 ediderat,

1996 3088 2089 3143 sed
2130 3102 2190 3143 ea
2236 3085 2374 3155 apud
2420 3100 2481 3139 se
2531 3082 2797 3139 retinebat
2836 3096 2934 3138 suo
2966 3092 3206 3152 tempore
3249 3082 3588 3151 publicanda.

291 3172 467 3229 Limbs’
489 3174 719 3239 notuiuis
757 3174 899 3241 apud
940 3170 1311 3236 scholasticos,
1340 3173 1578 3243 adeoque
1607 3174 1797 3229 melius
1826 3181 1959 3242 acC
1997 3179 2124 3233 Plus
2172 3177 2347 3247 itaque
2392 3176 2649 3229 momenti
2696 3174 2747 3228 in
2794 3171 3029 3231 secunda
3075 3174 3279 3241 ratione
3325 3182 3428 3229 est.
3473 3173 3592 3228 Non

290 3266 542 3320 diastema
594 3265 646 3317 in
697 3263 991 3318 airicanatn
1052 3261 1327 3318 fceminam
1382 3264 1690 3319 convenire.
1741 3264 1891 3320 Licet

292 3360 439 3417 enim
470 3357 854 3429 Tertullianus,
881 3356 1158 3419 Perpetua:
1208 3372 1440 3423 coccvus,
1473 3366 1529 3412 et
1550 3356 1890 3429 Carthaginis

294 3451 490 3517 incola,
536 3459 591 3509 et
619 3457 813 3520 postea,
836 3457 1052 3509 sanctus
1080 3446 1432 3521 Augustinus,
1482 3449 1677 3518 sacpius
1709 3447 1892 3513 abdita

300 3544 419 3601 haec
449 3542 755 3611 animarum,
775 3541 1107 3613 receptacula
1138 3542 1479 3609 nominariut,
1504 3557 1797 3612 numquam
1826 3558 1891 3600 ea

300 3646 477 3693 tamen
531 3634 831 3703 ιϋαιίειιιιιια,
872 3641 1250 3705 nuncuparunt
1279 3652 1293 3687 :
1319 3649 1631 3704 quanquam
1674 3635 1784 3703 ille,
1836 3644 1897 3701 ut

297 3729 502 3784 dictum
522 3738 625 3795 est,
655 3728 880 3783 exoticis
892 3735 945 3782 et
959 3718 1274 3797 peregrinis,
1293 3727 1375 3781 hic
1399 3744 1525 3782 vero
1547 3732 1893 3800 polttdpribus

298 3821 528 3875 vocibus
554 3818 835 3874 admodum
864 3818 1280 3893 delectarentur.
1320 3818 1436 3873 Jam
1477 3836 1605 3875 vero
1644 3824 1763 3893 quis
1794 3823 1892 3877 sibi

302 3911 465 3967 facile
478 3910 810 3980 persuadeat,
828 3912 1102 3965 mulierem
1126 3910 1189 3963 ad
1206 3912 1516 3981 martyrium
1533 3910 1890 3978 festinantem,

301 4018 540 4077 gms-cam
594 4002 864 4073 adfectasse
906 4002 1297 4069 eruditionem,
1338 4012 1433 4073 aut
1480 4004 1618 4067 inter
1663 4004 1895 4073 carceris

302 4097 522 4152 umbras
543 4104 599 4150 et
624 4095 913 4168 angustias,
948 4097 1009 4163 in.
1029 4095 1173 4155 brevi
1205 4094 1307 4150 hoc
1333 4096 1719 4150 commentario
1752 4096 1893 4151 litte-

302 4191 376 4247 ris
405 4190 799 4263 consignando,
831 4191 897 4246 de
923 4191 1191 4257 inusitatis
1216 4192 1437 4246 vocibus
1462 4190 1813 4261 excogitasse,
1843 4199 1899 4247 et

303 4298 410 4339 non
439 4284 611 4354 magis
632 4298 725 4337 cas
748 4298 865 4353 qua:
892 4283 951 4353 in,
970 4299 1065 4338 usu
1091 4284 1333 4343 familiari
1361 4285 1716 4351 habebantur,
1742 4295 1899 4356 prout

302 4384 497 4446 sponte
536 4389 658 4437 sese
688 4389 751 4430 ac
802 4374 979 4433 statim
1022 4376 1087 4430 ad
1133 4385 1366 4441 mentem
1399 4376 1717 4443 olfercbant,
1747 4393 1899 4447 usur-

304 4466 501 4538 passe?
530 4469 789 4523 Saturnus
814 4484 1023 4539 quoque
1044 4471 1469 4542 gracestslitteras
1495 4481 1658 4539 amat,
1684 4472 1819 4527 adeo
1843 4480 1901 4527 ιιι

305 4560 358 4615 in
388 4560 537 4615 brevi
581 4560 987 4631 scriptittqcula,
1020 4577 1123 4633 qua
1150 4562 1411 4627 visionem
1464 4578 1629 4629 suam,
1658 4564 1895 4635 exponit,
1925 4573 1980 4634 1)

305 4654 502 4725 graecis
537 4654 802 4725 nequierit
835 4654 1054 4723 vocibus
1079 4655 1353 4719 abstinere
1387 4672 1400 4706 :
1437 4674 1454 4707 t
1490 4656 1560 4727 Et
1600 4656 1902 4719 audivimus

306 4759 501 4801 vocem
541 4747 743 4821 unitum
795 4747 1121 4821 dicentium,
1163 4747 1350 4819 Agios,
1383 4750 1554 4821 09505,,
1584 4750 1753 4821 agios,
1786 4751 1903 4806 sine

310 4836 633 4894 cessatione.
663 4855 683 4889 ι

386 4927 477 4983 IV.
521 4928 769 5001 Secundo
794 4931 839 4986 si
872 4933 1128 4997 Actorum
1154 4930 1346 4989 editori
1368 4932 1529 4991 fidem
1560 4932 1901 5001 adhibemus,

318 5022 446 5076 Acta
476 5037 581 5075 non
620 5038 726 5077 uno
755 5034 973 5079 auctore
1015 5033 1280 5093 constant,
1305 5025 1400 5080 sed
1423 5040 1452 5081 c
1482 5026 1651 5095 trium.
1679 5027 1906 5097 setipto-

314 5131 434 5187 runt
481 5117 845 5189 monumentis
882 5118 1195 5183 concinnata
1240 5126 1383 5187 sunt,
1430 5118 1706 5189 Perpetua:
1752 5119 1911 5174 nimi-

309 5223 456 5275 rum,
486 5207 688 5281 Saturj,
729 5219 785 5264 et
831 5209 1145 5280 earumdem
1174 5209 1426 5264 Actorum
1464 5209 1787 5275 collectoris,
1820 5211 1909 5281 qui

313 5308 367 5355 et
410 5300 780 5369 praefationem
825 5300 1090 5370 adjuuxit,
1140 5310 1193 5355 et
1234 5316 1351 5370 quae
1397 5302 1513 5372 ipso
1542 5302 1628 5360 die
1674 5304 1912 5363 muneris

310 5403 457 5467 gesta
487 5404 634 5459 sunt,
678 5394 732 5465 in
761 5393 961 5467 litteras
991 5394 1152 5463 misit.
1181 5392 1376 5461 Verum
1406 5396 1457 5450 si
1471 5396 1655 5459 oculos
1693 5397 1911 5466 propius

309 5488 718 5555 admoveatuus,
752 5504 920 5561 eagpe
953 5505 1056 5559 non
1081 5493 1372 5561 oscitanter
1396 5507 1437 5553 a_
1457 5492 1619 5553 nobis.
1651 5502 1737 5563 aut
1767 5506 1910 5549 som-

312 5580 560 5637 niculose
589 5582 854 5659 lcgantur,
886 5581 980 5654 sed
1024 5585 1273 5655 praesenti
1302 5588 1481 5655 ultima
1504 5594 1556 5639 et
1582 5600 1780 5654 eaqna
1814 5599 1909 5654 par

308 5680 401 5729 est
444 5672 757 5740 attentione,
800 5689 967 5728 unum
1014 5675 1192 5729 statim
1240 5676 1594 5744 eumdemque
1634 5687 1906 5730 auctorem

300 5775 700 5841 represent-are
725 5766 995 5825 videntur.
1025 5768 1239 5835 Similia
1262 5770 1318 5828 in
1340 5770 1599 5847 omnibus,
1612 5769 1794 5841 verba,
1824 5770 1902 5828 si-

1994 3271 2139 3327 enim
2177 3268 2359 3339 negari
2405 3274 2598 3336 potest,
2635 3267 2895 3327 Actorum
2939 3265 3190 3329 humilius
3221 3280 3340 3325 esse
3379 3265 3591 3321 dicendi

1993 3378 2163 3434 genus
2214 3376 2386 3431 neque
2428 3356 2745 3423 Tertulliani
2786 3356 3061 3417 cotlmrno.
3081 3356 3349 3423 incedere.
3382 3358 3451 3413 At
3484 3372 3592 3412 non

1995 3455 2255 3525 Perpetua
2298 3452 2469 3507 solum
2520 3459 2574 3507 et
2621 3450 2868 3517 Saturus,
2901 3448 3149 3518 sed'ipse
3186 3464 3397 3521 quoque
3426 3452 3595 3509 Actus

1995 3564 2115 3609 rum
2172 3545 2350 3605 editor
2408 3542 2663 3613 humilius
2719 3543 2876 3613 repit.
2942 3541 3092 3598 Unde
3139 3542 3591 3612 quemadmodum

1998 3640 2221 3715 phrases
2251 3638 2458 3709 aliquas
2502 3646 2559 3705 et
2589 3637 2751 3703 verba
2794 3635 3113 3690 Tertulliani
3138 3636 3317 3692 verbis
3343 3651 3405 3692 ac
3433 3636 3597 3707 phra-

1997 3732 2145 3799 sibus
2185 3729 2403 3795 similia,
2449 3745 2563 3795 non
2588 3728 2767 3795 minus
2798 3730 3021 3783 Saturus
3049 3736 3103 3782 et
3129 3728 3386 3797 Perpetua
3433 3744 3594 3800 quam

2001 3823 2270 3892 passionis
2304 3836 2488 3885 eorum
2516 3821 2711 3887 editor,
2745 3818 2945 3883 habent
2978 3838 2989 3874 :
3022 3818 3095 3873 ita
3139 3834 3246 3879 non
3287 3821 3463 3874 minus
3494 3820 3596 3876 iste

2000 3916 2255 3979 humilius
2294 3913 2504 3973 dicendi
2537 3927 2726 3985 genus,
2763 3929 2921 3981 quam
2966 3913 3227 3983 Perpetua
3270 3923 3323 3971 et
3370 3913 3594 3973 Saturus

1999 4016 2356 4063 consectatur.
2395 4006 2459 4065 Et
2488 4005 2747 4076 siquidem
2770 4015 2957 4059 auctor
2983 4006 3223 4075 cpistola:
3254 4018 3471 4077 propter
3494 4009 3598 4062 ιιιίε

2000 4114 2157 4169 quam
2189 4096 2599 4161 similitudinem
2624 4096 2924 4163 suspicatus
2953 4104 3054 4157 est,
3090 4111 3155 4161 an
3186 4098 3442 4151 Actorum
3481 4097 3594 4150 edi-

2005 4200 2089 4245 tor
2140 4190 2254 4259 ipse
2303 4186 2465 4242 fuerit
2516 4183 2877 4239 Tertullianns
2913 4205 2924 4237 :
2969 4185 3135 4239 multo
3175 4187 3340 4256 magis
3380 4195 3599 4259 propter

2001 4297 2166 4337 unum
2250 4278 2417 4333 ferme
2474 4275 2828 4346 cumdemque
2883 4277 3141 4341 orationis
3195 4276 3595 4345 characterem,

2002 4370 2239 4441 suspicio
2270 4384 2390 4424 esse
2420 4372 2633 4438 poterit,
2672 4383 2849 4422 annon
2886 4368 3017 4425 Acta
3046 4384 3109 4424 ex
3141 4369 3295 4427 unius
3335 4369 3601 4439 ejusdem-

2003 4481 2107 4536 qtte
2134 4462 2364 4518 auctoris
2388 4477 2545 4515 manu
2575 4459 2809 4533 profecta
2842 4464 2967 4521 sint.

2079 4556 2204 4611 Ilazc
2236 4569 2341 4609 non
2371 4569 2435 4609 eo
2461 4551 2601 4608 dicta
2634 4553 2823 4631 velim,
2855 4552 2995 4624 quod
3023 4555 3297 4624 ejusmodi.
3324 4558 3600 4629 conjectu-

2010 4650 2084 4704 ris
2111 4645 2396 4702 admodum
2424 4646 2663 4713 deferam
2691 4688 2705 4712 ,
2738 4657 2829 4701 aut
2855 4649 2993 4718 quod
3022 4653 3275 4705 Actorum
3316 4658 3604 4721 γνησιὸτητα

2010 4741 2062 4795 in
2137 4740 2497 4809 suspicionem
2570 4739 2838 4797 adducere
2902 4741 2959 4795 in
3026 4742 3208 4809 animo
3263 4762 3448 4818 reapse
3502 4749 3601 4804 ha-

2010 4831 2162 4897 beam
2196 4830 2330 4886 :scd
2377 4839 2436 4885 ut
2472 4832 2834 4900 ostenderem,
2879 4832 3073 4904 quibus
3117 4840 3448 4904 argumentis
3475 4856 3605 4897 con-

2012 4922 2211 4977 ﬁrmari
2246 4931 2424 4991 posset
2446 4921 2627 4991 opinio
2653 4923 2789 4993 ejus,
2818 4923 2905 4993 qui
2929 4924 3029 4979 sibi
3056 4927 3106 4977 in
3133 4925 3412 4995 Perpetem
3441 4929 3601 4983 visio-

2015 5017 2171 5079 nibus
2194 5030 2258 5070 ac
2308 5016 2726 5072 revelationibus
2771 5016 2968 5086 aliquid
3013 5017 3282 5071 videretur
3307 5019 3602 5085 offendere,

2015 5110 2156 5180 quod
2184 5118 2274 5163 aut
2298 5109 2555 5179 Spiritum
2587 5118 2827 5162 sanctum
2855 5117 2948 5173 apt
2974 5108 3251 5164 catholica:
3273 5112 3606 5166 communio-

2015 5203 2100 5258 nis
2151 5211 2442 5273 martyrem
2497 5200 2822 5265 detlecerct;
2868 5214 2931 5254 ac
2966 5210 3245 5271 propterea
3310 5218 3373 5263 ea
3423 5205 3603 5263 omnia

2015 5295 2195 5357 vellet,
2242 5303 2301 5346 ut
2345 5292 2787 5351 Montanistarum
2854 5302 3192 5357 commenta,
3243 5303 3298 5349 et
3352 5296 3607 5354 confictas

2016 5388 2083 5442 ab
2116 5386 2304 5443 otiosis
2328 5398 2391 5441 ac
2421 5383 2809 5451 superstitiosis
2860 5382 3161 5441 hominibus
3192 5385 3398 5445 fabulas
3442 5404 3604 5459 repu-

1974 5476 1980 5481 ’
2020 5479 2188 5534 diare.
2221 5476 2375 5544 Quod
2402 5484 2547 5531 certe
2588 5475 3075 5545 tniuoris’audacitc
3108 5477 3264 5544 foret,
3294 5496 3452 5551 quam
3479 5496 3606 5539 sau-

2016 5578 2132 5625 ctos
2173 5569 2318 5639 ipsos
2350 5578 2613 5639 martyres
2657 5566 3055 5633 Catltolicorutn
3099 5569 3363 5642 diptychis
3404 5589 3610 5645 expun-

2015 5677 2141 5732 gere
2172 5670 2223 5718 ct
2252 5662 2302 5715 in
2332 5660 2776 5717 Montanistarum
2808 5676 3027 5729 censum
3059 5661 3280 5732 referre.

2089 5774 2153 5831 γ.
2194 5774 2379 5848 Netpte
2402 5790 2532 5845 vero
2557 5786 2649 5835 aut
2672 5776 2985 5853 Templum;
3015 5780 3351 5853 auctoritate,
3381 5783 3614 5864 augipsa
