4156 6282
600 294 705 352 105

1819 289 2271 354 DtSSEltTATlO
2310 292 2787 369 APQLOGETICA

3799 299 3907 359 10-i-

598 411 854 466 Actorum
899 417 1162 466 vetustate
1189 411 1255 466 ab
1282 411 1538 482 incoepto,
1582 414 1626 467 si
1657 427 1790 483 opus
1817 423 1979 479 esset,
2014 427 2198 482 prose-
2229 411 2276 471 Α
2305 409 2476 464 editas
2521 409 2702 474 Γιιίδερ,
2753 425 2856 462 non
2902 407 3206 474 admittunt,
3244 409 3384 479 quod
3436 408 3604 464 multa
3661 410 3899 480 ipsorum

600 505 916 576 queudaque
958 506 1056 559 hac
1087 505 1166 560 via
1196 505 1518 561 deterrercr.
1555 505 1668 560 Non
1701 506 1948 576 equidem
1981 505 2195 560 Tertul-

603 597 807 652 tulliani
836 596 1185 656 auctoritate:
1222 599 1463 668 quamvis
1493 598 1637 652 enim
1667 614 1725 652 ea
1758 599 1821 650 ad
1869 591 2058 650 manus
2097 596 2195 650 lia-

599 690 782 744 buisse
810 689 1077 756 credatur,
1107 702 1160 746 et
1191 706 1286 761 pro
1332 691 1579 761 genuinis
1618 698 1778 760 atque
1808 688 2037 743 indubia:
2075 687 2195 742 fidei

600 782 965 837 monumentis
1010 781 1256 838 laudasse
1292 826 1305 849 ,
1337 784 1404 838 de
1435 785 1536 837 hoc
1577 793 1774 847 tamen,
1817 791 1873 836 ut
1908 779 2039 846 dixi,
2092 795 2195 833 non

600 883 842 936 constat,
887 889 1009 928 cum
1057 873 1155 943 ipsi
1197 884 1673 929 commemoratam
1724 875 2000 943 Perpetum
2030 872 2194 926 visio-

600 982 721 1022 nem
750 967 962 1022 aliunde
992 969 1223 1037 potuerit
1264 969 1542 1038 accipere.
1566 969 1787 1034 Deinde,
1823 984 1926 1022 non
1971 967 2192 1022 multum

601 1060 652 1116 iu
713 1060 875 1115 haece
928 1062 1294 1116 controversia
1348 1063 1626 1132 scriptoris
1679 1062 1835 1132 hujus
1877 1063 2196 1118 auctoritate

599 1153 945 1209 defcrendmn
977 1165 1058 1210 est
1083 1199 1099 1223 ,
1128 1171 1246 1211 cum
1296 1156 1494 1211 nullius
1535 1159 1681 1212 hisce
1713 1157 1764 1210 in
1794 1158 1957 1211 rebus
1992 1158 2194 1212 criterii

597 1256 651 1302 ct
676 1247 863 1317 judicii
895 1247 1074 1312 fuerit,
1124 1257 1180 1302 ut
1208 1251 1294 1318 qui
1345 1249 1444 1303 sibi
1486 1247 1554 1302 ab
1582 1250 1804 1314 insanis,
1849 1250 2197 1318 fanaticisque

599 1339 932 1394 mulierculis
976 1340 1283 1410 turpissime
1319 1341 1518 1409 imponi
1553 1356 1741 1410 passus
1773 1342 1952 1407 fuerit,
2000 1351 2052 1396 et
2082 1343 2198 1394 ani-

600 1446 740 1486 mam
765 1432 897 1485 aerei
936 1432 1118 1486 coloris
1148 1447 1269 1488 esse
1299 1432 1605 1495 crediderit,
1631 1443 1675 1486 rt
1707 1435 1884 1504 forma!
1911 1450 2000 1503 per
2026 1436 2197 1489 omnia

599 1525 851 1591 humanm,
895 1523 1036 1595 quod
1077 1539 1194 1579 eam
1241 1524 1340 1579 sibi
1387 1525 1630 1594 quaedam
1678 1540 1708 1580 e
1751 1525 2193 1581 Monauistarum

595 1627 740 1671 secta
768 1615 1311 1687 pseudo-prephetes,
1343 1616 1605 1686 ejusmodi
1632 1616 1925 1683 coloribus,
1955 1628 2009 1671 et
2030 1617 2194 1673 linea-

595 1711 792 1766 mentis
832 1709 1108 1779 praeditam
1143 1709 1550 1764 renuntiaverit.

2296 503 2499 573 judicio
2525 504 2861 570 contineant,
2893 519 3011 572 qua:
3043 503 3156 558 fieri
3205 520 3308 557 non
3354 513 3530 575 potest
3571 515 3630 558 ut
3659 507 3900 574 epistolre

2300 612 2426 650 vere
2457 597 2524 650 ab
2557 595 2758 668 lgnatio
2786 596 2999 662 scripta:
3048 595 3354 652 habuerint.
3388 597 3500 652 Hac
3542 600 3896 667 responsione

2302 690 2531 744 Dallmus
2564 689 2638 760 (1)
2684 688 3054 758 Polycarpiani
3084 690 3378 744 testimonii
3410 690 3515 744 vim
3559 691 3776 748 elevare
3803 709 3901 748 co-

2302 791 2476 844 natur,
2528 782 2615 852 qui
2666 783 2824 836 etiam
2881 780 2948 834 ah
2995 781 3288 850 impostore
3341 784 3618 848 coutictas,
3653 785 3900 853 genuinis

2301 872 2489 946 lguatii
2532 883 2585 928 et
2612 888 2638 926 a
2675 873 2967 943 Polycarpo
3024 872 3252 927 laudatis
3297 873 3540 942 epistolis
3571 875 3774 932 similes
3796 877 3899 933 ali-

2299 983 2402 1035 qua
2433 983 2490 1022 rc
2522 967 2686 1022 fuisse
2715 967 2955 1037 largitur.
2993 966 3304 1036 Basnagius,
3333 968 3422 1038 qui
3454 978 3642 1024 sancto
3670 969 3898 1041 lgnatio,

2301 1075 2418 1127 qua:
2453 1058 2610 1112 modo
2641 1059 2740 1113 sub
2767 1061 2882 1128 ejus
2915 1060 3130 1113 nomine
3171 1059 3643 1128 circumferuntur,
3672 1079 3778 1117 non
3811 1079 3899 1119 se-

2301 1165 2394 1205 cus
2434 1166 2495 1204 ac
2543 1151 2793 1216 Dall.eus,
2838 1152 3132 1219 ahjudicat,
3199 1152 3338 1222 quod
3383 1154 3548 1208 multa
3593 1156 3903 1212 contineant

2301 1260 2418 1313 qua!
2463 1245 2573 1298 fieri
2635 1260 2738 1299 non
2785 1254 2979 1315 potest,
3029 1257 3087 1298 ut
3129 1245 3370 1314 epistola!
3415 1262 3540 1303 vere
3589 1249 3656 1303 ab
3697 1249 3899 1319 lgnatio

2301 1338 2514 1405 Scripta
2544 1337 2830 1392 habuerint
2858 1357 2870 1392 :
2903 1352 2999 1392 cur
3030 1353 3132 1392 non
3162 1338 3356 1403 eidem,
3394 1340 3480 1393 ubi
3511 1339 3577 1395 de
3618 1341 3898 1411 Perpetua:

2300 1431 2719 1486 revelationibus
2745 1432 3021 1503 agebatur,
3057 1431 3243 1487 orbitae
3278 1433 3511 1488 institit?
3555 1438 3632 1489 Au
3667 1452 3770 1491 non
3800 1437 3902 1491 mi»

2300 1525 2446 1578 noris
2497 1526 2814 1580 temeritatis
2873 1525 3079 1591 fuisset,
3131 1525 3414 1581 admittere
3467 1529 3680 1596 quidem
3737 1529 3900 1588 fuisse

2301 1614 2616 1685 Perpetuam
2661 1617 2970 1672 cmlestibus
3019 1618 3070 1672 in
3111 1634 3328 1674 carcere
3355 1620 3650 1677 visionibus
3686 1639 3898 1681 recrea-

2301 1712 2431 1772 tam,
2475 1707 2567 1761 sed
2608 1708 2823 1763 easdem
2864 1723 2986 1765 esse
3026 1725 3341 1781 pernegare,
3371 1727 3502 1782 quas
3531 1714 3706 1768 editor
3741 1731 3896 1771 mon-

671 1803 895 1858 Fuerint
922 1804 1083 1858 etiam
1113 1802 1180 1857 ab
1209 1810 1429 1874 auctore
1454 1815 1660 1870 εοωνο,
1697 1811 1755 1857 ut
1782 1802 1970 1869 fertur,
2002 1810 2053 1857 et
2085 1803 2199 1870 ipse
2230 1799 2277 1859 B
2311 1800 2502 1854 lanista
2525 1801 2779 1872 vulgavit,
2810 1802 2951 1872 quod
2975 1804 3137 1858 multa
3169 1805 3478 1860 contineant
3505 1823 3621 1876 qtae
3647 1807 3756 1863 fieri
3789 1824 3897 1866 non
3967 1869 3970 1872 Α

595 1896 646 1951 in
677 1895 990 1965 praefatione
1020 1903 1270 1962 testatur,
1300 1901 1608 1949 sanctorum
1651 1904 1945 1965 martyrum
1977 1897 2107 1949 Acta
2136 1894 2188 1949 in

580 1989 799 2046 litteras
825 1989 1010 2056 missa,
1040 1996 1093 2043 et
1125 2003 1260 2043 serae
1291 1988 1587 2058 posteritati
1621 1988 1990 2043 commendata
2025 2005 2036 2040 :
2082 2005 2186 2044 nou

594 2081 719 2138 inde
760 2091 938 2138 tamen
992 2094 1331 2152 consequens
1373 2091 1535 2145 esset,
1585 2095 1646 2135 ea
1689 2096 1808 2151 qua:
1857 2081 1922 2134 ad
1953 2079 2187 2136 visiones

594 2177 881 2247 pertinent,
913 2174 1089 2229 omnia
1131 2187 1252 2230 esse
1279 2173 1448 2228 avidis
1476 2173 1711 2238 auribus,
1747 2175 2000 2244 utilloquc
2029 2174 2184 2228 adhi-

591 2269 702 2324 bito
726 2268 944 2323 criterio
964 2266 1299 2338 excipienda.
1319 2266 1487 2332 Quam
1508 2265 1665 2321 facile
1689 2274 1771 2321 est
1788 2267 1929 2320 enim
1958 2275 2014 2320 ut
2039 2265 2186 2321 hisce

592 2361 645 2415 in
676 2358 837 2416 rebus
879 2366 934 2415 et
957 2359 1081 2413 boni
1113 2359 1212 2413 viri
1243 2358 1513 2423 fallantur,
1547 2367 1600 2412 et
1634 2358 1774 2412 male
1805 2356 1976 2412 feriati
2008 2357 2182 2411 homi-

591 2468 687 2508 nes
716 2468 835 2508 cum
867 2453 977 2506 otio
1007 2467 1127 2517 suo,
1178 2459 1289 2505 tum
1329 2450 1556 2504 aliorum
1602 2449 1919 2515 credulitate
1957 2450 2182 2504 abutan-

591 2545 705 2599 tur!
740 2546 960 2610 Auctor,
993 2551 1051 2597 ut
1079 2542 1329 2607 vidimus,
1360 2541 1704 2605 montanista,
1746 2557 1863 2610 quze
1889 2539 1954 2596 de
1984 2541 2182 2612 Perpe-

550 2615 553 2618 I
590 2646 696 2691 tuae
732 2645 786 2690 et
813 2635 990 2691 Saturi
1020 2634 1316 2689 visionibus
1353 2633 1534 2698 habet,
1580 2633 1758 2688 omnia
1791 2633 1854 2687 ad
1901 2633 2181 2688 arbitrium

588 2725 896 2797 confingere
940 2725 1225 2797 potuisset.
1261 2723 1368 2780 Res
1411 2725 1463 2778 in
1515 2723 1634 2779 imis
1663 2725 1896 2780 carceris
1942 2725 2177 2791 latebris,

589 2827 642 2876 et
671 2819 974 2876 recessibus
995 2827 1164 2890 gestae
1191 2825 1497 2872 narrantur.
1521 2817 1660 2885 Quid
1694 2818 1800 2873 Deo
1829 2833 1950 2873 cum
1979 2829 2179 2889 marty-

588 2913 737 2969 ribus
766 2923 940 2970 actum
972 2913 1152 2979 fuerit,
1177 2912 1292 2982 ipse
1322 2911 1588 2966 duntaxat
1617 2911 1754 2966 Deus
1784 2913 1928 2966 novit
1952 2923 2004 2966 et
2040 2928 2182 2966 mar-

589 3018 755 3078 tyres,
788 3007 876 3077 qui
901 3007 1008 3076 jam
1040 3014 1398 3062 excesserant.
1449 3003 1578 3072 Quis
1623 3019 1752 3073 ergo
1785 3012 2082 3074 praestaret,
2117 3019 2178 3059 ea

587 3115 706 3170 qua:
751 3099 1013 3167 Basnagio
1062 3096 1506 3152 Montanistarum
1571 3096 1815 3152 redolent
1871 3097 2174 3158 ot'ticinam,

2305 1903 2479 1962 potest
2507 1905 2562 1948 ut
2594 1896 2847 1951 immissa}
2870 1896 3150 1952 catholicis
3180 1899 3505 1970 martyribus
3532 1901 3890 1960 revelationes

2295 1984 2619 2040 habuerint?
2653 1987 2730 2054 ld,
2782 1987 3021 2057 inquam,
3074 2004 3251 2044 annon
3303 1991 3524 2047 minoris
3577 1984 3892 2051 temeritatis

2298 2076 2501 2137 fuisset.
2538 2094 2695 2148 quam
2743 2081 3087 2136 montanismi
3135 2082 3428 2138 catholicos
3464 2096 3730 2157 martyres
3772 2102 3894 2144 reos

2295 2170 2490 2239 agere?
2521 2169 2724 2242 Largiri
2767 2173 2926 2227 etiam
2956 2172 3110 2228 facile
3138 2175 3415 2244 potuisset,
3459 2169 3686 2247 quas'ab
3717 2180 3889 2250 impo-

2291 2270 2436 2316 store
2469 2263 2728 2317 confictas
2760 2265 3094 2320 existimaret
3125 2265 3400 2336 Perpetua:
3427 2277 3479 2323 et
3506 2267 3682 2324 Saturi
3716 2271 3884 2326 visio-

2290 2369 2407 2422 nes,
2455 2355 2626 2424 iisque
2671 2356 2722 2410 in
2753 2371 2848 2413 ore
2895 2356 3053 2414 famae
3107 2368 3233 2415 tunc
3267 2361 3635 2431 versabantur,
3683 2365 3890 2422 similes

2304 2445 2479 2513 aliqua
2523 2461 2580 2502 re
2611 2446 2795 2516 fuisse,
2843 2448 2938 2505 sed
2970 2464 3075 2506 non
3101 2451 3317 2507 easdem
3349 2454 3568 2509 omnino
3594 2455 3733 2524 quod
3762 2456 3877 2525 ejus

2291 2539 2711 2596 emunctissimis
2756 2542 2976 2597 naribus
3003 2559 3123 2614 quae
3153 2546 3315 2600 modo
3344 2555 3558 2602 exstant
3581 2589 3596 2615 ,
3629 2547 3886 2603 Montani-

2287 2637 2489 2684 starum
2515 2630 2793 2686 redoleant
2813 2632 3104 2688 officinam.

2360 2719 2599 2790 Denique
2640 2722 2789 2791 juxta
2835 2723 3192 2794 hypothesim,
3246 2742 3405 2798 quam
3456 2729 3507 2783 in
3561 2728 3662 2785 hoc
3703 2731 3874 2800 capite

2289 2827 2602 2884 persequor,
2633 2817 2774 2886 quod
2815 2820 3228 2874 montanismum
3273 2837 3463 2891 reapse
3501 2822 3778 2894 Perpetua:
3819 2833 3874 2880 et

2288 2902 2583 2960 Felicitatis
2636 2908 2768 2961 Acta
2819 2909 3118 2978 redoleant,
3154 2911 3282 2967 illud
3328 2915 3485 2968 etiam
3533 2915 3712 2985 largiri
3760 2917 3880 2987 quis

2286 2993 2439 3049 facile
2470 3006 2672 3064 posset,
2705 2997 3022 3068 Perpetuam
3054 3012 3107 3057 et
3141 3001 3391 3058 Saturum
3424 3021 3550 3061 suas
3575 3007 3627 3061 in
3657 3021 3876 3063 carcere

2284 3087 2563 3154 scripsisse
2591 3090 2980 3158 revelationes;
3028 3094 3121 3148 sed
3166 3110 3286 3150 cum
3331 3111 3457 3152 casu
3489 3098 3744 3169 quodam,
3785 3116 3886 3157 an-

587 3206 728 3255 esse,
761 3189 1086 3261 martyribus
1109 3204 1298 3259 reapse
1330 3189 1631 3254 tribuenda,
1661 3199 1714 3244 ct
1747 3205 1849 3243 non
1885 3195 2053 3260 magis
2084 3206 2173 3245 cx-
2206 3189 2250 3250 C
2277 3186 2497 3249 ~tequam
2528 3182 2892 3252 vulgarentur,
2933 3187 2985 3240 in
3028 3203 3217 3243 manus
3247 3188 3480 3245 hominis
3520 3191 3754 3246 Montani
3787 3207 3884 3247 su-

587 3281 852 3353 plodeuda
905 3289 962 3336 ut
1001 3282 1158 3338 otiosi
1187 3280 1436 3348 hominis,
1468 3273 1875 3351 vanissimchue
1901 3291 2058 3337 sectae
2087 3281 2179 3335 ad-

586 3374 713 3430 dicti
743 3374 1136 3430 deliramenta?
1161 3375 1277 3443 Quo
1300 3375 1351 3430 id
1378 3375 1667 3445 proclivius
1695 3374 1763 3430 de
1785 3374 2000 3430 homine
2028 3390 2172 3430 mon-

587 3468 781 3523 tanista
823 3469 874 3522 in
911 3467 1148 3522 animum
1196 3465 1588 3532 induceremus,
1639 3466 1838 3522 faceret
1872 3467 2176 3536 exemplum

586 3562 820 3616 auctoris
866 3560 1149 3615 donatistae
1205 3559 1294 3628 qui
1367 3557 1586 3613 Marculi
1644 3558 1863 3628 perditae
1913 3559 2071 3628 hujus
2124 3567 2179 3615 et

585 3654 940 3710 schismaticae
963 3652 1210 3708 factionis
1240 3650 1697 3721 pseudomartyris
1724 3651 1854 3706 Acta
1880 3651 2175 3707 litterarum

585 3750 950 3806 monumentis
969 3745 1384 3803 commendavit.
1412 3744 1666 3812 Quamvis
1688 3745 1831 3799 enim
1869 3745 2100 3813 scriptor
2123 3756 2179 3803 et

586 3841 704 3912 ipse
731 3855 946 3896 coaevus
986 3839 1168 3906 fuerit,
1201 3847 1394 3909 quanta
1437 3846 1560 3891 sunt
1589 3845 1765 3892 tamen
1791 3852 1912 3907 quae
1949 3838 2082 3892 mira
2115 3839 2179 3893 li.

584 3933 759 3988 centia
789 3940 1129 3987 commentus
1157 3939 1261 3994 est,
1305 3937 1359 3984 et
1405 3928 1570 3982 multo
1604 3929 1808 3997 majore
1849 3929 2174 4000 impudentia

584 4021 874 4080 lectoribus
910 4023 962 4076 in
992 4022 1098 4076 illis
1145 4022 1294 4076 Actis
1339 4020 1606 4076 obtrudit!
1637 4021 1781 4088 Quas
1827 4021 1969 4076 enim
2016 4021 2177 4078 refert

583 4116 742 4187 hujus
759 4117 1053 4190 hypocrita:
1079 4116 1458 4182 revelationes,
1489 4113 1755 4170 catholico
1779 4125 2014 4188 martyre
2037 4115 2176 4172 haud

585 4225 804 4282 prorsus
858 4210 1123 4282 indignas,
1175 4211 1296 4280 quis
1353 4207 1461 4264 non
1504 4219 1561 4264 ut
1604 4208 1944 4265 audacissimi
1985 4211 2178 4281 capitis

485 4366 493 4367 ί
580 4313 881 4360 commenta
915 4302 1204 4373 repudiet?
1247 4302 1359 4368 Qua
1389 4316 1517 4371 ergo
1563 4301 1808 4357 libertate
1834 4307 2034 4358 auctori
2083 4303 2178 4358 do-

582 4395 792 4450 natistae
823 4395 875 4448 in
909 4393 990 4447 his
1041 4406 1158 4461 quae
1184 4391 1254 4446 de
1283 4390 1503 4445 Marculi
1540 4391 1838 4445 visionibus
1864 4403 2067 4460 narrat,
2107 4394 2170 4448 ti-

580 4487 703 4542 dem
733 4486 1074 4554 abrogamus,
1106 4482 1248 4552 quod
1286 4482 1542 4538 lueretico
1581 4481 1786 4537 homini
1831 4499 1936 4538 non
1974 4500 2173 4542 conve-

582 4579 731 4633 niant
755 4593 769 4643 ;
798 4575 987 4632 eadem
1015 4589 1139 4646 erga
1170 4574 1489 4644 scriptorem
1513 4575 1913 4638 montanistatn,
1948 4577 2021 4632 uti
2048 4593 2175 4648 pos-
2200 4577 2254 4638 D

580 4682 784 4738 semus,
813 4670 858 4725 si
885 4682 1018 4740 quas
1045 4666 1209 4722 refert
1239 4666 1522 4737 Perpetua:
1569 4673 1623 4722 et
1651 4665 1828 4722 Saturi
1857 4667 2089 4725 visiones
2119 4672 2170 4727 in

578 4762 872 4818 catholicos
901 4770 1163 4831 martyres
1189 4774 1292 4814 non
1323 4758 1661 4829 quadrarent.

647 4854 853 4909 Nollem
893 4851 1142 4923 equidem
1193 4865 1414 4922 negare,
1467 4851 1718 4907 Saturum
1758 4860 1812 4908 et
1849 4853 2167 4925 Perpetuam

576 4944 887 5002 cmlestibus
932 4942 1247 4998 inclaruisse
1293 4941 1710 4998 revelationibus
1743 4961 1756 4996 :
1786 4944 1881 5000 sed
1933 4961 1999 5000 an
2063 4947 2168 5002 illm

574 5040 705 5110 ipsa:
727 5039 855 5105 sint,
875 5052 1008 5109 quas
1030 5036 1262 5107 scriptor
1279 5035 1604 5092 montanisla
1633 5037 1831 5107 publici
1855 5038 1995 5108 juris
2017 5039 2165 5109 fecit,

573 5132 768 5188 merito
798 5131 1086 5203 quiSpiam,
1111 5130 1154 5185 si
1180 5143 1316 5199 opus
1341 5139 1504 5196 esset,
1536 5129 1588 5183 in
1618 5131 2039 5186 controversiam
2070 5148 2166 5188 vos

575 5233 743 5280 caret.
772 5223 1000 5291 Quidam
1030 5236 1216 5277 eorum
1237 5222 1330 5291 qui
1349 5221 1608 5277 adversus
1636 5221 1936 5293 lgnatianas
1967 5227 2166 5295 episto-

570 5316 652 5373 las
693 5317 956 5372 calamum
1005 5321 1348 5388 exeruerunt,
1377 5313 1586 5385 aliquas
1625 5329 1654 5369 a
1701 5324 1886 5370 sancto
1929 5327 2166 5388 martyre

569 5409 900 5479 conscriptas
918 5407 1088 5464 fuisse
1106 5385 1312 5463 litteras
1346 5421 1451 5462 non
1481 5406 1802 5463 inficiantur.
1831 5407 1969 5474 Quin
2001 5419 2054 5466 et
2081 5411 2163 5464 ul-

566 5505 651 5555 tro
690 5489 1009 5564 admittunt,
1055 5512 1148 5554 eas
1175 5513 1207 5552 a
1252 5497 1548 5569 Polycarpo
1575 5496 1740 5554 fuisse
1764 5499 2040 5566 collectas,
2070 5516 2162 5556 ea-

563 5607 791 5664 rumque
830 5608 1099 5660 συναγωγὴν
1139 5605 1252 5646 suae
1288 5599 1532 5645 sanctum
1561 5589 1872 5662 episcopum
1917 5591 1984 5646 ad
2031 5592 2159 5647 Phi.

560 5688 837 5758 lippenses
863 5686 1109 5758 epistula:
1152 5681 1496 5755 subjuoxisse
1523 5701 1534 5738 :
1566 5683 1661 5740 sed
1705 5699 1837 5756 quas
1871 5685 2029 5742 modo
2058 5685 2155 5740 ha-

553 5777 747 5841 bemus
803 5780 886 5836 vel
934 5781 1002 5838 ab
1058 5779 1262 5851 lgnatio
1309 5774 1576 5854 scriptas,
1637 5778 1724 5834 vel
1779 5795 1807 5834 a
1857 5778 2155 5853 Polycarpo

2286 3272 2684 3338 perstitionihus
2715 3273 2969 3345 implicati
3004 3280 3292 3345 venissent,
3322 3296 3414 3336 cas
3446 3283 3594 3339 illum
3641 3283 3707 3339 ad
3734 3285 3882 3339 arbi-

2283 3361 2442 3416 trium
2473 3364 2845 3434 interpolassc,
2895 3376 2950 3422 et
2979 3369 3296 3439 quibusdam
3327 3375 3378 3427 in
3417 3374 3570 3440 locis,
3623 3385 3682 3430 ut
3713 3378 3884 3447 magis

2281 3451 2452 3519 libuit,
2480 3455 2746 3525 ﬁgmentis
2775 3457 3043 3515 haereticis
3073 3464 3404 3534 inquinasse.
3430 3465 3486 3520 ln
3520 3467 3877 3539 interpolato-

2280 3558 2391 3598 rem
2421 3547 2664 3615 proinde,
2709 3564 2814 3604 non
2858 3561 3036 3607 autem
3083 3554 3135 3608 in
3175 3565 3392 3611 sanctos
3426 3568 3709 3630 martyres,
3757 3575 3885 3618 esse

2285 3636 2616 3694 retundenda
2657 3656 2777 3711 qua:
2816 3645 3233 3702 montanismum
3273 3648 3473 3705 criticis
3532 3649 3884 3720 peritioribus

2279 3740 2547 3798 saperent.

2901 3868 3130 3927 CAPUT
3169 3869 3259 3927 IV.

2282 4015 2358 4070 De
2377 4017 2624 4073 visionum
2657 4020 2972 4094 aliorumque
2997 4025 3277 4081 caelestium
3305 4029 3554 4085 donorum
3575 4048 3664 4102 per
3691 4033 3878 4103 priora

2356 4108 2600 4166 Ecclesim
2645 4115 2851 4183 swcula,
2885 4118 3034 4188 copia
3075 4129 3122 4175 et
3150 4121 3376 4177 ubertate
3406 4125 3686 4180 disseritur.
3722 4127 3876 4184 Vete-

2350 4219 2428 4258 res
2456 4204 2791 4273 Christianos,
2824 4218 2871 4262 et
2901 4210 3130 4265 omnium
3168 4214 3426 4283 opinione,
3454 4219 3698 4286 genuinos
3721 4218 3880 4274 Chri-

2348 4295 2414 4348 sti
2445 4307 2696 4367 martyres
2740 4315 2842 4353 non
2877 4302 3081 4368 minori,
3127 4320 3278 4374 quant
3326 4305 3656 4378 Perpetuam,
3685 4311 3880 4379 ﬁducia

2352 4389 2534 4445 divinis
2586 4393 2724 4446 hisce
2772 4393 2999 4465 Spiritus
3051 4396 3232 4452 Sancti
3272 4400 3693 4474 charismatibus,
3754 4422 3880 4461 usos

2350 4480 2375 4549 ί
2379 4483 2511 4536 uisse
2536 4481 2930 4540 demonstratur.

2351 4573 2390 4628 I.
2435 4575 2588 4629 Nihil
2611 4577 2664 4630 in
2694 4588 3293 4659 nostrorum“martyrum
3320 4586 3457 4642 Actis
3485 4605 3664 4660 reapse
3691 4605 3877 4646 occur-

2282 4682 2392 4722 rere
2419 4668 2555 4739 quod
2584 4669 2820 4727 Montani
2855 4657 3079 4730 redoleat
3110 4679 3384 4748 officinam.

2312 4826 2313 4829 η
2351 4761 2415 4816 ll.
2457 4761 2686 4818 Sanctus
2706 4763 2943 4822 Justinus
2977 4768 3052 4824 Μ.
3081 4773 3162 4825 sui
3192 4776 3429 4845 temporis
3457 4778 3730 4848 praphetas
3753 4796 3872 4835 cum

2277 4855 2519 4910 veteribus
2545 4869 2826 4928 comparat.
2862 4860 3010 4916 Unde
3048 4865 3315 4935 con/icitur
3349 4885 3451 4924 non
3481 4859 3665 4927 minori
3716 4891 3872 4943 quam

2272 4945 2392 5000 illos
2421 4947 2610 5015 ﬁducia
2640 4951 2986 5021 prapheticum
3027 4957 3264 5026 spiritum
3291 4977 3584 5031 usurpasse.

2342 5037 2430 5094 lll.
2472 5035 2552 5094 De
2591 5040 3022 5100 Montanistarum
3054 5048 3233 5103 initiis.
3277 5050 3471 5108 Nullus
3498 5057 3871 5113 vetustissimo-

2268 5150 2381 5187 rum
2422 5135 2726 5205 scriptorum
2765 5140 3098 5195 montanislas
3138 5143 3251 5198 ideo
3283 5162 3376 5217 pro
3408 5146 3555 5216 falsis
3605 5151 3872 5220 prophetis

2272 5224 2470 5292 habuit,
2507 5229 2642 5296 quod
2667 5230 2821 5284 ueluti
2862 5233 2930 5285 ad
2955 5234 3219 5290 arbitrium
3263 5237 3491 5307 Spiritus
3520 5240 3700 5296 Sancti
3725 5259 3874 5300 reve-

2268 5313 2540 5371 latiouibus
2560 5328 2840 5376 uterentur.
3323 5341 3332 5354 '

2339 5408 2428 5461 IV.
2472 5408 2550 5463 De
2585 5411 2952 5468 charismatum
3002 5433 3090 5486 per
3131 5419 3238 5474 hinc
3279 5429 3508 5492 tempora
3536 5425 3780 5482 varietate
3819 5438 3876 5484 et

2265 5501 2415 5571 copia
2451 5501 2648 5573 insigne
2675 5506 2841 5559 sancti
2869 5505 3060 5563 Irencei
3103 5513 3463 5570 testimonium.

2337 5591 2404 5647 ν.
2449 5593 2615 5662 Quam
2666 5607 2850 5668 praesto
2899 5602 3052 5673 fuerit
3107 5607 3357 5663 veteribus
3406 5608 3742 5684 Christianis,
3793 5618 3876 5674 ad

2331 5788 2408 5861 (Ι)
2437 5789 2591 5863 Apud
2613 5793 2868 5854 Pearsou.
2915 5797 3194 5889 Vindiciar.
3224 5821 3275 5878 p.
3307 5807 3360 5876 1,
3386 5824 3504 5884 cap.
3539 5812 3592 5869 5.
