  <div class='ocr_page' id='page_1' title='image "/cluster/home/n/w/nwhite01/storage/ocr_20150623/3/hvd.32044054086798/102.png"; bbox 0 0 4218 6268; ppageno 0'>
   <div class='ocr_carea' id='block_1_1' title="bbox 277 263 396 325">
    <p class='ocr_par' dir='ltr' id='par_1_1' title="bbox 277 263 396 325">
     <span class='ocr_line' id='line_1_1' title="bbox 277 263 396 325; baseline -0.017 0"><span class='ocrx_word' id='word_1_1' title='bbox 277 263 396 325; x_wconf 63' lang='grc' dir='ltr'><strong><em>Ἰοὸ</em></strong></span> 
     </span>
    </p>
   </div>
   <div class='ocr_carea' id='block_1_2' title="bbox 1231 254 2744 325">
    <p class='ocr_par' dir='ltr' id='par_1_2' title="bbox 1231 254 2744 325">
     <span class='ocr_line' id='line_1_2' title="bbox 1231 254 2744 325; baseline -0.003 -9"><span class='ocrx_word' id='word_1_2' title='bbox 1231 260 1366 316; x_wconf 83' lang='lat' dir='ltr'><strong><em>PRO</em></strong></span> <span class='ocrx_word' id='word_1_3' title='bbox 1405 261 1500 320; x_wconf 88' lang='lat' dir='ltr'><strong><em>SS.</em></strong></span> <span class='ocrx_word' id='word_1_4' title='bbox 1530 255 1922 325; x_wconf 81' lang='lat' dir='ltr'><strong><em>PERPETUA,</em></strong></span> <span class='ocrx_word' id='word_1_5' title='bbox 1966 255 2375 315; x_wconf 76' lang='lat' dir='ltr'><strong><em>FELICITATE</em></strong></span> <span class='ocrx_word' id='word_1_6' title='bbox 2402 254 2491 314; x_wconf 74' lang='grc' dir='ltr'><strong><em>ΕΤ</em></strong></span> <span class='ocrx_word' id='word_1_7' title='bbox 2516 256 2744 316; x_wconf 87' lang='lat' dir='ltr'><strong><em>SOCIIS.</em></strong></span> 
     </span>
    </p>
   </div>
   <div class='ocr_carea' id='block_1_3' title="bbox 3501 260 3606 318">
    <p class='ocr_par' dir='ltr' id='par_1_3' title="bbox 3501 260 3606 318">
     <span class='ocr_line' id='line_1_3' title="bbox 3501 260 3606 318; baseline -0.038 0"><span class='ocrx_word' id='word_1_8' title='bbox 3501 260 3606 318; x_wconf 82' lang='grc'><strong><em>106</em></strong></span> 
     </span>
    </p>
   </div>
   <div class='ocr_carea' id='block_1_4' title="bbox 283 371 3602 456">
    <p class='ocr_par' dir='ltr' id='par_1_4' title="bbox 283 371 3602 456">
     <span class='ocr_line' id='line_1_4' title="bbox 283 371 3602 456; baseline -0.003 -15"><span class='ocrx_word' id='word_1_9' title='bbox 283 383 602 441; x_wconf 74' lang='lat' dir='ltr'><strong><em>coercendos</em></strong></span> <span class='ocrx_word' id='word_1_10' title='bbox 666 381 1043 456; x_wconf 81' lang='lat' dir='ltr'><strong><em>abigendosque</em></strong></span> <span class='ocrx_word' id='word_1_11' title='bbox 1105 379 1390 445; x_wconf 75' lang='lat' dir='ltr'><strong><em>tlwtnoues,</em></strong></span> <span class='ocrx_word' id='word_1_12' title='bbox 1459 381 1616 436; x_wconf 69' lang='lat' dir='ltr'><strong><em>virtus</em></strong></span> <span class='ocrx_word' id='word_1_13' title='bbox 1669 380 1896 451; x_wconf 74' lang='lat' dir='ltr'><strong><em>Spiritus</em></strong></span> <span class='ocrx_word' id='word_1_14' title='bbox 1925 371 1975 440; x_wconf 68' lang='grc' dir='ltr'><strong>Α</strong></span> <span class='ocrx_word' id='word_1_15' title='bbox 2007 378 2227 432; x_wconf 89' lang='lat' dir='ltr'><strong><em>Domina</em></strong></span> <span class='ocrx_word' id='word_1_16' title='bbox 2260 393 2436 440; x_wconf 88' lang='lat' dir='ltr'><strong><em>soror,</em></strong></span> <span class='ocrx_word' id='word_1_17' title='bbox 2490 379 2602 448; x_wconf 87' lang='lat' dir='ltr'><strong><em>jam</em></strong></span> <span class='ocrx_word' id='word_1_18' title='bbox 2647 378 2698 432; x_wconf 92' lang='lat' dir='ltr'><strong><em>in</em></strong></span> <span class='ocrx_word' id='word_1_19' title='bbox 2731 391 2920 448; x_wconf 83' lang='lat' dir='ltr'><strong><em>magna</em></strong></span> <span class='ocrx_word' id='word_1_20' title='bbox 2947 375 3206 448; x_wconf 73' lang='lat' dir='ltr'><strong><em>dignitate</em></strong></span> <span class='ocrx_word' id='word_1_21' title='bbox 3235 390 3315 447; x_wconf 87' lang='lat' dir='ltr'><strong><em>es,</em></strong></span> <span class='ocrx_word' id='word_1_22' title='bbox 3367 387 3422 434; x_wconf 86' lang='lat' dir='ltr'><strong><em>et</em></strong></span> <span class='ocrx_word' id='word_1_23' title='bbox 3456 387 3602 433; x_wconf 86' lang='lat' dir='ltr'><strong><em>tanta</em></strong></span> 
     </span>
    </p>
   </div>
   <div class='ocr_carea' id='block_1_5' title="bbox 287 479 483 533">
    <p class='ocr_par' dir='ltr' id='par_1_5' title="bbox 287 479 483 533">
     <span class='ocr_line' id='line_1_5' title="bbox 287 479 483 533; baseline -0.015 0"><span class='ocrx_word' id='word_1_24' title='bbox 287 479 463 533; x_wconf 70' lang='lat' dir='ltr'><strong><em>sancti</em></strong></span> <span class='ocrx_word' id='word_1_25' title='bbox 471 521 483 531; x_wconf 92' lang='lat'><strong><em>.</em></strong></span> 
     </span>
    </p>
   </div>
   <div class='ocr_carea' id='block_1_6' title="bbox 370 565 1902 636">
    <p class='ocr_par' dir='ltr' id='par_1_6' title="bbox 370 565 1902 636">
     <span class='ocr_line' id='line_1_6' title="bbox 370 565 1902 636; baseline -0.005 -11"><span class='ocrx_word' id='word_1_26' title='bbox 370 569 460 625; x_wconf 68' lang='lat' dir='ltr'><strong><em>VI.</em></strong></span> <span class='ocrx_word' id='word_1_27' title='bbox 503 568 854 633; x_wconf 79' lang='lat' dir='ltr'><strong><em>Potamitemr,</em></strong></span> <span class='ocrx_word' id='word_1_28' title='bbox 879 583 980 621; x_wconf 87' lang='lat' dir='ltr'><strong><em>non</em></strong></span> <span class='ocrx_word' id='word_1_29' title='bbox 1008 566 1176 620; x_wconf 72' lang='lat' dir='ltr'><strong><em>minus</em></strong></span> <span class='ocrx_word' id='word_1_30' title='bbox 1205 581 1360 636; x_wconf 80' lang='lat' dir='ltr'><strong><em>quant</em></strong></span> <span class='ocrx_word' id='word_1_31' title='bbox 1395 565 1680 636; x_wconf 66' lang='lat' dir='ltr'><strong><em>Perpetuos,</em></strong></span> <span class='ocrx_word' id='word_1_32' title='bbox 1713 580 1902 619; x_wconf 86' lang='lat' dir='ltr'><strong><em>memo-</em></strong></span> 
     </span>
    </p>
   </div>
   <div class='ocr_carea' id='block_1_7' title="bbox 296 660 800 730">
    <p class='ocr_par' dir='ltr' id='par_1_7' title="bbox 296 660 800 730">
     <span class='ocr_line' id='line_1_7' title="bbox 296 660 800 730; baseline -0.004 -16"><span class='ocrx_word' id='word_1_33' title='bbox 296 660 464 714; x_wconf 79' lang='lat' dir='ltr'><strong><em>rabile</em></strong></span> <span class='ocrx_word' id='word_1_34' title='bbox 492 662 800 730; x_wconf 77' lang='lat' dir='ltr'><strong><em>exemplum.</em></strong></span> 
     </span>
    </p>
   </div>
   <div class='ocr_carea' id='block_1_8' title="bbox 365 750 1892 822">
    <p class='ocr_par' dir='ltr' id='par_1_8' title="bbox 365 750 1892 822">
     <span class='ocr_line' id='line_1_8' title="bbox 365 750 1892 822; baseline 0.001 -19"><span class='ocrx_word' id='word_1_35' title='bbox 365 753 476 808; x_wconf 77' lang='lat' dir='ltr'><strong>VII.</strong></span> <span class='ocrx_word' id='word_1_36' title='bbox 523 754 781 819; x_wconf 78' lang='lat' dir='ltr'><strong><em>Quantum</em></strong></span> <span class='ocrx_word' id='word_1_37' title='bbox 821 750 1068 822; x_wconf 79' lang='lat' dir='ltr'><strong><em>Cypriani</em></strong></span> <span class='ocrx_word' id='word_1_38' title='bbox 1097 752 1199 805; x_wconf 82' lang='lat' dir='ltr'><strong><em>vita</em></strong></span> <span class='ocrx_word' id='word_1_39' title='bbox 1232 751 1506 805; x_wconf 76' lang='lat' dir='ltr'><strong><em>visionibus</em></strong></span> <span class='ocrx_word' id='word_1_40' title='bbox 1535 767 1595 804; x_wconf 85' lang='lat' dir='ltr'><strong><em>ac</em></strong></span> <span class='ocrx_word' id='word_1_41' title='bbox 1625 751 1892 805; x_wconf 77' lang='lat' dir='ltr'><strong><em>revelatio-</em></strong></span> 
     </span>
    </p>
   </div>
   <div class='ocr_carea' id='block_1_9' title="bbox 286 841 1896 915">
    <p class='ocr_par' dir='ltr' id='par_1_9' title="bbox 286 841 1896 915">
     <span class='ocr_line' id='line_1_9' title="bbox 286 841 1896 915; baseline -0.002 -15"><span class='ocrx_word' id='word_1_42' title='bbox 286 846 437 900; x_wconf 77' lang='lat' dir='ltr'><strong><em>nibus</em></strong></span> <span class='ocrx_word' id='word_1_43' title='bbox 461 845 822 912; x_wconf 77' lang='lat' dir='ltr'><strong><em>abundaverit,</em></strong></span> <span class='ocrx_word' id='word_1_44' title='bbox 872 860 935 898; x_wconf 76' lang='lat' dir='ltr'><strong><em>ex</em></strong></span> <span class='ocrx_word' id='word_1_45' title='bbox 961 846 1071 915; x_wconf 83' lang='lat' dir='ltr'><strong><em>ejus</em></strong></span> <span class='ocrx_word' id='word_1_46' title='bbox 1099 844 1344 914; x_wconf 76' lang='lat' dir='ltr'><strong><em>epistolis,</em></strong></span> <span class='ocrx_word' id='word_1_47' title='bbox 1391 853 1438 897; x_wconf 89' lang='lat' dir='ltr'><strong><em>et</em></strong></span> <span class='ocrx_word' id='word_1_48' title='bbox 1462 841 1652 898; x_wconf 88' lang='lat' dir='ltr'><strong><em>Pontio</em></strong></span> <span class='ocrx_word' id='word_1_49' title='bbox 1682 843 1896 898; x_wconf 73' lang='lat' dir='ltr'><strong><em>diacono</em></strong></span> 
     </span>
    </p>
   </div>
   <div class='ocr_carea' id='block_1_10' title="bbox 283 941 592 996">
    <p class='ocr_par' dir='ltr' id='par_1_10' title="bbox 283 941 592 996">
     <span class='ocr_line' id='line_1_10' title="bbox 283 941 592 996; baseline -0.003 0"><span class='ocrx_word' id='word_1_50' title='bbox 283 941 592 996; x_wconf 70' lang='lat' dir='ltr'><strong><em>ostenditur.</em></strong></span> 
     </span>
    </p>
   </div>
   <div class='ocr_carea' id='block_1_11' title="bbox 353 1049 1894 1125">
    <p class='ocr_par' dir='ltr' id='par_1_11' title="bbox 353 1049 1894 1125">
     <span class='ocr_line' id='line_1_11' title="bbox 353 1049 1894 1125; baseline -0.005 -14"><span class='ocrx_word' id='word_1_51' title='bbox 353 1055 501 1111; x_wconf 72' lang='lat' dir='ltr'><strong>VIII.</strong></span> <span class='ocrx_word' id='word_1_52' title='bbox 547 1054 778 1110; x_wconf 76' lang='lat' dir='ltr'><strong><em>Aliorum</em></strong></span> <span class='ocrx_word' id='word_1_53' title='bbox 806 1063 1089 1125; x_wconf 84' lang='lat' dir='ltr'><strong><em>martyrum</em></strong></span> <span class='ocrx_word' id='word_1_54' title='bbox 1115 1052 1244 1106; x_wconf 83' lang='lat' dir='ltr'><strong><em>Acta</em></strong></span> <span class='ocrx_word' id='word_1_55' title='bbox 1268 1050 1444 1106; x_wconf 80' lang='lat' dir='ltr'><strong><em>iisdem</em></strong></span> <span class='ocrx_word' id='word_1_56' title='bbox 1473 1049 1698 1121; x_wconf 79' lang='lat' dir='ltr'><strong><em>Spiritus</em></strong></span> <span class='ocrx_word' id='word_1_57' title='bbox 1731 1052 1894 1105; x_wconf 83' lang='lat' dir='ltr'><strong><em>sancti</em></strong></span> 
     </span>
    </p>
   </div>
   <div class='ocr_carea' id='block_1_12' title="bbox 287 1149 677 1220">
    <p class='ocr_par' dir='ltr' id='par_1_12' title="bbox 287 1149 677 1220">
     <span class='ocr_line' id='line_1_12' title="bbox 287 1149 677 1220; baseline -0.005 -18"><span class='ocrx_word' id='word_1_58' title='bbox 287 1149 442 1203; x_wconf 85' lang='lat' dir='ltr'><strong><em>donis</em></strong></span> <span class='ocrx_word' id='word_1_59' title='bbox 468 1151 677 1220; x_wconf 72' lang='lat' dir='ltr'><strong><em>referta.</em></strong></span> 
     </span>
    </p>
   </div>
   <div class='ocr_carea' id='block_1_13' title="bbox 360 1257 1894 1330">
    <p class='ocr_par' dir='ltr' id='par_1_13' title="bbox 360 1257 1894 1330">
     <span class='ocr_line' id='line_1_13' title="bbox 360 1257 1894 1330; baseline -0.007 -14"><span class='ocrx_word' id='word_1_60' title='bbox 360 1261 454 1316; x_wconf 76' lang='lat' dir='ltr'><strong>IX.</strong></span> <span class='ocrx_word' id='word_1_61' title='bbox 503 1261 776 1330; x_wconf 62' lang='lat' dir='ltr'><strong><em>Perpetua!</em></strong></span> <span class='ocrx_word' id='word_1_62' title='bbox 799 1270 847 1315; x_wconf 88' lang='lat' dir='ltr'><strong><em>et</em></strong></span> <span class='ocrx_word' id='word_1_63' title='bbox 871 1260 1122 1316; x_wconf 81' lang='lat' dir='ltr'><strong><em>sociorum</em></strong></span> <span class='ocrx_word' id='word_1_64' title='bbox 1148 1269 1429 1329; x_wconf 83' lang='lat' dir='ltr'><strong><em>martyrum</em></strong></span> <span class='ocrx_word' id='word_1_65' title='bbox 1467 1273 1572 1312; x_wconf 79' lang='lat' dir='ltr'><strong><em>wvo</em></strong></span> <span class='ocrx_word' id='word_1_66' title='bbox 1609 1257 1894 1310; x_wconf 58' lang='lat' dir='ltr'><strong><em>charisma.</em></strong></span> 
     </span>
    </p>
   </div>
   <div class='ocr_carea' id='block_1_14' title="bbox 290 1350 1895 1426">
    <p class='ocr_par' dir='ltr' id='par_1_14' title="bbox 290 1350 1895 1426">
     <span class='ocr_line' id='line_1_14' title="bbox 290 1350 1895 1426; baseline -0.004 -19"><span class='ocrx_word' id='word_1_67' title='bbox 290 1365 398 1407; x_wconf 86' lang='lat' dir='ltr'><strong><em>tum</em></strong></span> <span class='ocrx_word' id='word_1_68' title='bbox 443 1357 658 1426; x_wconf 82' lang='lat' dir='ltr'><strong><em>fontem,</em></strong></span> <span class='ocrx_word' id='word_1_69' title='bbox 705 1353 870 1425; x_wconf 84' lang='lat' dir='ltr'><strong><em>magis</em></strong></span> <span class='ocrx_word' id='word_1_70' title='bbox 906 1369 1061 1424; x_wconf 85' lang='lat' dir='ltr'><strong><em>quam</em></strong></span> <span class='ocrx_word' id='word_1_71' title='bbox 1102 1350 1347 1424; x_wconf 80' lang='lat' dir='ltr'><strong><em>Cypriani</em></strong></span> <span class='ocrx_word' id='word_1_72' title='bbox 1383 1350 1693 1422; x_wconf 80' lang='lat' dir='ltr'><strong><em>temporibus</em></strong></span> <span class='ocrx_word' id='word_1_73' title='bbox 1735 1365 1895 1404; x_wconf 75' lang='lat' dir='ltr'><strong><em>exun-</em></strong></span> 
     </span>
    </p>
   </div>
   <div class='ocr_carea' id='block_1_15' title="bbox 285 1447 457 1502">
    <p class='ocr_par' dir='ltr' id='par_1_15' title="bbox 285 1447 457 1502">
     <span class='ocr_line' id='line_1_15' title="bbox 285 1447 457 1502; baseline 0 -2"><span class='ocrx_word' id='word_1_74' title='bbox 285 1447 457 1502; x_wconf 72' lang='lat' dir='ltr'><strong><em>classe.</em></strong></span> 
     </span>
    </p>
   </div>
   <div class='ocr_carea' id='block_1_16' title="bbox 374 1593 1893 1671">
    <p class='ocr_par' dir='ltr' id='par_1_16' title="bbox 374 1593 1893 1671">
     <span class='ocr_line' id='line_1_16' title="bbox 374 1593 1893 1671; baseline -0.003 -15"><span class='ocrx_word' id='word_1_75' title='bbox 374 1600 418 1656; x_wconf 92' lang='lat' dir='ltr'><strong><em>l.</em></strong></span> <span class='ocrx_word' id='word_1_76' title='bbox 460 1602 650 1670; x_wconf 84' lang='lat' dir='ltr'><strong><em>Quum,</em></strong></span> <span class='ocrx_word' id='word_1_77' title='bbox 686 1611 743 1656; x_wconf 90' lang='lat' dir='ltr'><strong><em>ut</em></strong></span> <span class='ocrx_word' id='word_1_78' title='bbox 766 1601 962 1671; x_wconf 55' lang='lat' dir='ltr'><strong><em>sapius</em></strong></span> <span class='ocrx_word' id='word_1_79' title='bbox 989 1599 1121 1667; x_wconf 79' lang='lat' dir='ltr'><strong><em>dixi,</em></strong></span> <span class='ocrx_word' id='word_1_80' title='bbox 1155 1593 1270 1670; x_wconf 71' lang='lat' dir='ltr'><strong><em>qua:</em></strong></span> <span class='ocrx_word' id='word_1_81' title='bbox 1301 1599 1474 1668; x_wconf 95' lang='lat' dir='ltr'><strong><em>capite</em></strong></span> <span class='ocrx_word' id='word_1_82' title='bbox 1503 1599 1816 1668; x_wconf 71' lang='lat' dir='ltr'><strong><em>prtecedcnti</em></strong></span> <span class='ocrx_word' id='word_1_83' title='bbox 1843 1598 1893 1651; x_wconf 93' lang='lat' dir='ltr'><strong><em>in</em></strong></span> 
     </span>
    </p>
   </div>
   <div class='ocr_carea' id='block_1_17' title="bbox 291 1693 1888 1764">
    <p class='ocr_par' dir='ltr' id='par_1_17' title="bbox 291 1693 1888 1764">
     <span class='ocr_line' id='line_1_17' title="bbox 291 1693 1888 1764; baseline -0.004 -13"><span class='ocrx_word' id='word_1_84' title='bbox 291 1695 535 1751; x_wconf 85' lang='lat' dir='ltr'><strong><em>medium</em></strong></span> <span class='ocrx_word' id='word_1_85' title='bbox 570 1694 814 1764; x_wconf 84' lang='lat' dir='ltr'><strong><em>produxi,</em></strong></span> <span class='ocrx_word' id='word_1_86' title='bbox 845 1710 949 1748; x_wconf 90' lang='lat' dir='ltr'><strong><em>non</em></strong></span> <span class='ocrx_word' id='word_1_87' title='bbox 983 1694 1035 1749; x_wconf 91' lang='lat' dir='ltr'><strong><em>in</em></strong></span> <span class='ocrx_word' id='word_1_88' title='bbox 1064 1710 1180 1750; x_wconf 90' lang='lat' dir='ltr'><strong><em>eam</em></strong></span> <span class='ocrx_word' id='word_1_89' title='bbox 1228 1709 1464 1749; x_wconf 88' lang='lat' dir='ltr'><strong><em>mentem</em></strong></span> <span class='ocrx_word' id='word_1_90' title='bbox 1508 1693 1675 1763; x_wconf 83' lang='lat' dir='ltr'><strong><em>accipi</em></strong></span> <span class='ocrx_word' id='word_1_91' title='bbox 1707 1693 1888 1757; x_wconf 88' lang='lat' dir='ltr'><strong><em>velim,</em></strong></span> 
     </span>
    </p>
   </div>
   <div class='ocr_carea' id='block_1_18' title="bbox 2013 470 3603 540">
    <p class='ocr_par' dir='ltr' id='par_1_18' title="bbox 2013 470 3603 540">
     <span class='ocr_line' id='line_1_18' title="bbox 2013 470 3603 540; baseline 0 -16"><span class='ocrx_word' id='word_1_92' title='bbox 2013 479 2071 525; x_wconf 89' lang='lat' dir='ltr'><strong><em>ut</em></strong></span> <span class='ocrx_word' id='word_1_93' title='bbox 2098 470 2336 540; x_wconf 77' lang='lat' dir='ltr'><strong><em>postules</em></strong></span> <span class='ocrx_word' id='word_1_94' title='bbox 2363 470 2647 533; x_wconf 82' lang='lat' dir='ltr'><strong><em>visionem,</em></strong></span> <span class='ocrx_word' id='word_1_95' title='bbox 2682 480 2729 524; x_wconf 90' lang='lat' dir='ltr'><strong><em>et</em></strong></span> <span class='ocrx_word' id='word_1_96' title='bbox 2749 471 3066 525; x_wconf 75' lang='lat' dir='ltr'><strong><em>ostendatur</em></strong></span> <span class='ocrx_word' id='word_1_97' title='bbox 3087 471 3180 526; x_wconf 86' lang='lat' dir='ltr'><strong><em>tibi</em></strong></span> <span class='ocrx_word' id='word_1_98' title='bbox 3207 487 3272 526; x_wconf 90' lang='lat' dir='ltr'><strong><em>an</em></strong></span> <span class='ocrx_word' id='word_1_99' title='bbox 3305 471 3483 540; x_wconf 82' lang='lat' dir='ltr'><strong><em>passio</em></strong></span> <span class='ocrx_word' id='word_1_100' title='bbox 3511 472 3603 534; x_wconf 87' lang='lat' dir='ltr'><strong><em>sit,</em></strong></span> 
     </span>
    </p>
   </div>
   <div class='ocr_carea' id='block_1_19' title="bbox 2007 562 3604 632">
    <p class='ocr_par' dir='ltr' id='par_1_19' title="bbox 2007 562 3604 632">
     <span class='ocr_line' id='line_1_19' title="bbox 2007 562 3604 632; baseline 0 -18"><span class='ocrx_word' id='word_1_101' title='bbox 2007 577 2074 616; x_wconf 89' lang='lat' dir='ltr'><strong><em>an</em></strong></span> <span class='ocrx_word' id='word_1_102' title='bbox 2105 572 2459 618; x_wconf 73' lang='lat' dir='ltr'><strong><em>coxumeatus.</em></strong></span> <span class='ocrx_word' id='word_1_103' title='bbox 2494 562 2562 616; x_wconf 86' lang='lat' dir='ltr'><strong><em>Et</em></strong></span> <span class='ocrx_word' id='word_1_104' title='bbox 2587 577 2684 632; x_wconf 86' lang='lat' dir='ltr'><strong><em>ego</em></strong></span> <span class='ocrx_word' id='word_1_105' title='bbox 2711 578 2828 631; x_wconf 77' lang='lat' dir='ltr'><strong><em>qua:</em></strong></span> <span class='ocrx_word' id='word_1_106' title='bbox 2852 578 2937 618; x_wconf 90' lang='lat' dir='ltr'><strong><em>me</em></strong></span> <span class='ocrx_word' id='word_1_107' title='bbox 2962 563 3193 618; x_wconf 86' lang='lat' dir='ltr'><strong><em>sciebam</em></strong></span> <span class='ocrx_word' id='word_1_108' title='bbox 3229 563 3448 618; x_wconf 87' lang='lat' dir='ltr'><strong><em>fabulari</em></strong></span> <span class='ocrx_word' id='word_1_109' title='bbox 3481 579 3604 616; x_wconf 89' lang='lat' dir='ltr'><strong><em>cum</em></strong></span> 
     </span>
    </p>
   </div>
   <div class='ocr_carea' id='block_1_20' title="bbox 2008 655 3605 727">
    <p class='ocr_par' dir='ltr' id='par_1_20' title="bbox 2008 655 3605 727">
     <span class='ocr_line' id='line_1_20' title="bbox 2008 655 3605 727; baseline -0.002 -16"><span class='ocrx_word' id='word_1_110' title='bbox 2008 657 2262 722; x_wconf 90' lang='lat' dir='ltr'><strong><em>Domino,</em></strong></span> <span class='ocrx_word' id='word_1_111' title='bbox 2291 657 2444 727; x_wconf 83' lang='lat' dir='ltr'><strong><em>cujus</em></strong></span> <span class='ocrx_word' id='word_1_112' title='bbox 2475 656 2732 711; x_wconf 88' lang='lat' dir='ltr'><strong><em>beneficia</em></strong></span> <span class='ocrx_word' id='word_1_113' title='bbox 2766 666 2907 710; x_wconf 88' lang='lat' dir='ltr'><strong><em>tanta</em></strong></span> <span class='ocrx_word' id='word_1_114' title='bbox 2933 666 3151 726; x_wconf 81' lang='lat' dir='ltr'><strong><em>experta</em></strong></span> <span class='ocrx_word' id='word_1_115' title='bbox 3180 672 3347 723; x_wconf 83' lang='lat' dir='ltr'><strong><em>erant,</em></strong></span> <span class='ocrx_word' id='word_1_116' title='bbox 3379 655 3605 710; x_wconf 88' lang='lat' dir='ltr'><strong><em>fidenter</em></strong></span> 
     </span>
    </p>
   </div>
   <div class='ocr_carea' id='block_1_21' title="bbox 2002 740 3597 818">
    <p class='ocr_par' dir='ltr' id='par_1_21' title="bbox 2002 740 3597 818">
     <span class='ocr_line' id='line_1_21' title="bbox 2002 740 3597 818; baseline -0.004 -16"><span class='ocrx_word' id='word_1_117' title='bbox 2002 749 2280 818; x_wconf 82' lang='lat' dir='ltr'><strong><em>repromisi</em></strong></span> <span class='ocrx_word' id='word_1_118' title='bbox 2328 751 2374 802; x_wconf 89' lang='lat' dir='ltr'><strong><em>ei</em></strong></span> <span class='ocrx_word' id='word_1_119' title='bbox 2408 748 2592 803; x_wconf 90' lang='lat' dir='ltr'><strong><em>dicens</em></strong></span> <span class='ocrx_word' id='word_1_120' title='bbox 2623 765 2634 800; x_wconf 93' lang='lat'><strong>:</strong></span> <span class='ocrx_word' id='word_1_121' title='bbox 2677 746 2920 802; x_wconf 87' lang='lat' dir='ltr'><strong><em>Crastina</em></strong></span> <span class='ocrx_word' id='word_1_122' title='bbox 2961 748 3049 802; x_wconf 89' lang='lat' dir='ltr'><strong><em>die</em></strong></span> <span class='ocrx_word' id='word_1_123' title='bbox 3079 749 3170 802; x_wconf 87' lang='lat' dir='ltr'><strong><em>tibi</em></strong></span> <span class='ocrx_word' id='word_1_124' title='bbox 3202 740 3542 803; x_wconf 73' lang='lat' dir='ltr'><strong><em>renuntiabo.</em></strong></span> <span class='ocrx_word' id='word_1_125' title='bbox 3579 765 3597 796; x_wconf 76' lang='grc' dir='ltr'><strong><em>ι</em></strong></span> 
     </span>
    </p>
   </div>
   <div class='ocr_carea' id='block_1_22' title="bbox 2001 838 3606 912">
    <p class='ocr_par' dir='ltr' id='par_1_22' title="bbox 2001 838 3606 912">
     <span class='ocr_line' id='line_1_22' title="bbox 2001 838 3606 912; baseline -0.004 -16"><span class='ocrx_word' id='word_1_126' title='bbox 2001 841 2100 904; x_wconf 87' lang='lat' dir='ltr'><strong><em>Eo,</em></strong></span> <span class='ocrx_word' id='word_1_127' title='bbox 2137 842 2308 912; x_wconf 84' lang='lat' dir='ltr'><strong><em>inquit</em></strong></span> <span class='ocrx_word' id='word_1_128' title='bbox 2338 840 2652 910; x_wconf 82' lang='lat' dir='ltr'><strong><em>Basnagius,</em></strong></span> <span class='ocrx_word' id='word_1_129' title='bbox 2694 853 2752 895; x_wconf 89' lang='lat' dir='ltr'><strong><em>se</em></strong></span> <span class='ocrx_word' id='word_1_130' title='bbox 2779 840 2939 893; x_wconf 91' lang='lat' dir='ltr'><strong><em>modo</em></strong></span> <span class='ocrx_word' id='word_1_131' title='bbox 2967 839 3231 908; x_wconf 88' lang='lat' dir='ltr'><strong><em>Perpetua</em></strong></span> <span class='ocrx_word' id='word_1_132' title='bbox 3260 842 3426 910; x_wconf 87' lang='lat' dir='ltr'><strong><em>gerit;</em></strong></span> <span class='ocrx_word' id='word_1_133' title='bbox 3452 838 3606 908; x_wconf 89' lang='lat' dir='ltr'><strong><em>quasi</em></strong></span> 
     </span>
    </p>
   </div>
   <div class='ocr_carea' id='block_1_23' title="bbox 1999 933 3603 1005">
    <p class='ocr_par' dir='ltr' id='par_1_23' title="bbox 1999 933 3603 1005">
     <span class='ocr_line' id='line_1_23' title="bbox 1999 933 3603 1005; baseline 0 -16"><span class='ocrx_word' id='word_1_134' title='bbox 1999 935 2261 1005; x_wconf 85' lang='lat' dir='ltr'><strong><em>Spiritum</em></strong></span> <span class='ocrx_word' id='word_1_135' title='bbox 2303 944 2543 989; x_wconf 90' lang='lat' dir='ltr'><strong><em>sanetum</em></strong></span> <span class='ocrx_word' id='word_1_136' title='bbox 2594 935 2756 989; x_wconf 89' lang='lat' dir='ltr'><strong><em>veluti</em></strong></span> <span class='ocrx_word' id='word_1_137' title='bbox 2811 933 3009 989; x_wconf 88' lang='lat' dir='ltr'><strong><em>monile</em></strong></span> <span class='ocrx_word' id='word_1_138' title='bbox 3066 933 3332 1004; x_wconf 83' lang='lat' dir='ltr'><strong><em>quoddam</em></strong></span> <span class='ocrx_word' id='word_1_139' title='bbox 3381 936 3432 987; x_wconf 90' lang='lat' dir='ltr'><strong><em>in</em></strong></span> <span class='ocrx_word' id='word_1_140' title='bbox 3479 949 3603 988; x_wconf 87' lang='lat' dir='ltr'><strong><em>area</em></strong></span> 
     </span>
    </p>
   </div>
   <div class='ocr_carea' id='block_1_24' title="bbox 2000 1029 3601 1100">
    <p class='ocr_par' dir='ltr' id='par_1_24' title="bbox 2000 1029 3601 1100">
     <span class='ocr_line' id='line_1_24' title="bbox 2000 1029 3601 1100; baseline 0 -15"><span class='ocrx_word' id='word_1_141' title='bbox 2000 1031 2263 1085; x_wconf 88' lang='lat' dir='ltr'><strong><em>inclusum</em></strong></span> <span class='ocrx_word' id='word_1_142' title='bbox 2288 1046 2384 1085; x_wconf 89' lang='lat' dir='ltr'><strong><em>sua</em></strong></span> <span class='ocrx_word' id='word_1_143' title='bbox 2412 1031 2637 1085; x_wconf 78' lang='lat' dir='ltr'><strong><em>haberet</em></strong></span> <span class='ocrx_word' id='word_1_144' title='bbox 2665 1029 2730 1083; x_wconf 90' lang='lat' dir='ltr'><strong><em>ad</em></strong></span> <span class='ocrx_word' id='word_1_145' title='bbox 2758 1039 2968 1093; x_wconf 91' lang='lat' dir='ltr'><strong><em>nutum,</em></strong></span> <span class='ocrx_word' id='word_1_146' title='bbox 2995 1030 3113 1100; x_wconf 90' lang='lat' dir='ltr'><strong><em>ejus</em></strong></span> <span class='ocrx_word' id='word_1_147' title='bbox 3135 1031 3601 1099; x_wconf 85' lang='lat' dir='ltr'><strong><em>illustrationilms,</em></strong></span> 
     </span>
    </p>
   </div>
   <div class='ocr_carea' id='block_1_25' title="bbox 2000 1123 3603 1196">
    <p class='ocr_par' dir='ltr' id='par_1_25' title="bbox 2000 1123 3603 1196">
     <span class='ocr_line' id='line_1_25' title="bbox 2000 1123 3603 1196; baseline 0 -16"><span class='ocrx_word' id='word_1_148' title='bbox 2000 1126 2212 1196; x_wconf 78' lang='lat' dir='ltr'><strong>quando</strong></span> <span class='ocrx_word' id='word_1_149' title='bbox 2234 1125 2410 1191; x_wconf 88' lang='lat' dir='ltr'><strong><em>vellet,</em></strong></span> <span class='ocrx_word' id='word_1_150' title='bbox 2440 1140 2596 1180; x_wconf 88' lang='lat' dir='ltr'><strong><em>usura</em></strong></span> <span class='ocrx_word' id='word_1_151' title='bbox 2626 1123 2691 1178; x_wconf 89' lang='lat' dir='ltr'><strong><em>ad</em></strong></span> <span class='ocrx_word' id='word_1_152' title='bbox 2723 1124 3035 1190; x_wconf 83' lang='lat' dir='ltr'><strong><em>arbitrium;</em></strong></span> <span class='ocrx_word' id='word_1_153' title='bbox 3067 1125 3412 1196; x_wconf 83' lang='lat' dir='ltr'><strong><em>recitatisque</em></strong></span> <span class='ocrx_word' id='word_1_154' title='bbox 3438 1140 3603 1194; x_wconf 83' lang='lat' dir='ltr'><strong><em>supe-</em></strong></span> 
     </span>
    </p>
   </div>
   <div class='ocr_carea' id='block_1_26' title="bbox 2000 1221 3602 1292">
    <p class='ocr_par' dir='ltr' id='par_1_26' title="bbox 2000 1221 3602 1292">
     <span class='ocr_line' id='line_1_26' title="bbox 2000 1221 3602 1292; baseline -0.002 -13"><span class='ocrx_word' id='word_1_155' title='bbox 2000 1225 2230 1280; x_wconf 87' lang='lat' dir='ltr'><strong><em>rioribus</em></strong></span> <span class='ocrx_word' id='word_1_156' title='bbox 2272 1223 2470 1287; x_wconf 79' lang='lat' dir='ltr'><strong><em>verbis,</em></strong></span> <span class='ocrx_word' id='word_1_157' title='bbox 2506 1222 2717 1287; x_wconf 89' lang='lat' dir='ltr'><strong><em>miram,</em></strong></span> <span class='ocrx_word' id='word_1_158' title='bbox 2763 1222 3059 1292; x_wconf 77' lang='lat' dir='ltr'><strong><em>subiungit,</em></strong></span> <span class='ocrx_word' id='word_1_159' title='bbox 3109 1221 3354 1276; x_wconf 89' lang='lat' dir='ltr'><strong><em>fiduciam</em></strong></span> <span class='ocrx_word' id='word_1_160' title='bbox 3396 1233 3450 1276; x_wconf 92' lang='lat' dir='ltr'><strong><em>et</em></strong></span> <span class='ocrx_word' id='word_1_161' title='bbox 3487 1221 3602 1276; x_wconf 88' lang='lat' dir='ltr'><strong><em>sola</em></strong></span> 
     </span>
    </p>
   </div>
   <div class='ocr_carea' id='block_1_27' title="bbox 2000 1315 2948 1386">
    <p class='ocr_par' dir='ltr' id='par_1_27' title="bbox 2000 1315 2948 1386">
     <span class='ocr_line' id='line_1_27' title="bbox 2000 1315 2948 1386; baseline -0.003 -14"><span class='ocrx_word' id='word_1_162' title='bbox 2000 1317 2439 1372; x_wconf 82' lang='lat' dir='ltr'><strong><em>Montanistarum</em></strong></span> <span class='ocrx_word' id='word_1_163' title='bbox 2469 1315 2665 1370; x_wconf 83' lang='lat' dir='ltr'><strong><em>familia</em></strong></span> <span class='ocrx_word' id='word_1_164' title='bbox 2700 1315 2948 1386; x_wconf 81' lang='lat' dir='ltr'><strong><em>dignam!</em></strong></span> 
     </span>
    </p>
   </div>
   <div class='ocr_carea' id='block_1_28' title="bbox 2074 1408 3600 1482">
    <p class='ocr_par' dir='ltr' id='par_1_28' title="bbox 2074 1408 3600 1482">
     <span class='ocr_line' id='line_1_28' title="bbox 2074 1408 3600 1482; baseline -0.003 -15"><span class='ocrx_word' id='word_1_165' title='bbox 2074 1412 2187 1467; x_wconf 84' lang='lat' dir='ltr'><strong><em>Hoc</em></strong></span> <span class='ocrx_word' id='word_1_166' title='bbox 2216 1419 2533 1482; x_wconf 87' lang='lat' dir='ltr'><strong><em>argumento</em></strong></span> <span class='ocrx_word' id='word_1_167' title='bbox 2569 1410 2722 1465; x_wconf 80' lang='lat' dir='ltr'><strong><em>facile</em></strong></span> <span class='ocrx_word' id='word_1_168' title='bbox 2749 1425 2836 1464; x_wconf 91' lang='lat' dir='ltr'><strong><em>me</em></strong></span> <span class='ocrx_word' id='word_1_169' title='bbox 2864 1408 3210 1479; x_wconf 74' lang='lat' dir='ltr'><strong><em>expedirent;</em></strong></span> <span class='ocrx_word' id='word_1_170' title='bbox 3244 1409 3289 1463; x_wconf 91' lang='lat' dir='ltr'><strong><em>si</em></strong></span> <span class='ocrx_word' id='word_1_171' title='bbox 3322 1410 3600 1465; x_wconf 87' lang='lat' dir='ltr'><strong><em>innumera</em></strong></span> 
     </span>
    </p>
   </div>
   <div class='ocr_carea' id='block_1_29' title="bbox 2000 1502 3601 1570">
    <p class='ocr_par' dir='ltr' id='par_1_29' title="bbox 2000 1502 3601 1570">
     <span class='ocr_line' id='line_1_29' title="bbox 2000 1502 3601 1570; baseline -0.002 -10"><span class='ocrx_word' id='word_1_172' title='bbox 2000 1505 2105 1560; x_wconf 90' lang='lat' dir='ltr'><strong><em>huc</em></strong></span> <span class='ocrx_word' id='word_1_173' title='bbox 2147 1505 2394 1560; x_wconf 82' lang='lat' dir='ltr'><strong><em>aﬂ&#39;errem</em></strong></span> <span class='ocrx_word' id='word_1_174' title='bbox 2433 1503 2640 1569; x_wconf 85' lang='lat' dir='ltr'><strong><em>similis,</em></strong></span> <span class='ocrx_word' id='word_1_175' title='bbox 2688 1503 2730 1557; x_wconf 92' lang='lat' dir='ltr'><strong><em>si</em></strong></span> <span class='ocrx_word' id='word_1_176' title='bbox 2780 1519 2882 1556; x_wconf 92' lang='lat' dir='ltr'><strong><em>non</em></strong></span> <span class='ocrx_word' id='word_1_177' title='bbox 2929 1503 3086 1556; x_wconf 88' lang='lat' dir='ltr'><strong><em>etiam</em></strong></span> <span class='ocrx_word' id='word_1_178' title='bbox 3140 1503 3356 1570; x_wconf 87' lang='lat' dir='ltr'><strong><em>majoris</em></strong></span> <span class='ocrx_word' id='word_1_179' title='bbox 3392 1502 3601 1557; x_wconf 79' lang='lat' dir='ltr'><strong><em>fiducia:</em></strong></span> 
     </span>
    </p>
   </div>
   <div class='ocr_carea' id='block_1_30' title="bbox 2003 1596 3602 1669">
    <p class='ocr_par' dir='ltr' id='par_1_30' title="bbox 2003 1596 3602 1669">
     <span class='ocr_line' id='line_1_30' title="bbox 2003 1596 3602 1669; baseline -0.004 -14"><span class='ocrx_word' id='word_1_180' title='bbox 2003 1601 2273 1669; x_wconf 78' lang='lat' dir='ltr'><strong><em>exempla,</em></strong></span> <span class='ocrx_word' id='word_1_181' title='bbox 2306 1613 2414 1653; x_wconf 90' lang='lat' dir='ltr'><strong><em>non</em></strong></span> <span class='ocrx_word' id='word_1_182' title='bbox 2443 1597 2602 1652; x_wconf 89' lang='lat' dir='ltr'><strong><em>modo</em></strong></span> <span class='ocrx_word' id='word_1_183' title='bbox 2626 1613 2691 1652; x_wconf 80' lang='lat' dir='ltr'><strong><em>ex</em></strong></span> <span class='ocrx_word' id='word_1_184' title='bbox 2714 1597 3071 1652; x_wconf 87' lang='lat' dir='ltr'><strong><em>recentiorum</em></strong></span> <span class='ocrx_word' id='word_1_185' title='bbox 3097 1605 3401 1650; x_wconf 89' lang='lat' dir='ltr'><strong><em>sanctorum</em></strong></span> <span class='ocrx_word' id='word_1_186' title='bbox 3431 1596 3602 1651; x_wconf 84' lang='lat' dir='ltr'><strong><em>histo-</em></strong></span> 
     </span>
    </p>
   </div>
   <div class='ocr_carea' id='block_1_31' title="bbox 1999 1689 3601 1760">
    <p class='ocr_par' dir='ltr' id='par_1_31' title="bbox 1999 1689 3601 1760">
     <span class='ocr_line' id='line_1_31' title="bbox 1999 1689 3601 1760; baseline -0.001 -12"><span class='ocrx_word' id='word_1_187' title='bbox 1999 1695 2123 1756; x_wconf 89' lang='lat' dir='ltr'><strong><em>riis;</em></strong></span> <span class='ocrx_word' id='word_1_188' title='bbox 2172 1692 2265 1747; x_wconf 89' lang='lat' dir='ltr'><strong><em>sed</em></strong></span> <span class='ocrx_word' id='word_1_189' title='bbox 2305 1709 2336 1746; x_wconf 93' lang='lat' dir='ltr'><strong><em>e</em></strong></span> <span class='ocrx_word' id='word_1_190' title='bbox 2377 1691 2686 1747; x_wconf 86' lang='lat' dir='ltr'><strong><em>Theodoriti</em></strong></span> <span class='ocrx_word' id='word_1_191' title='bbox 2727 1705 2939 1760; x_wconf 83' lang='lat' dir='ltr'><strong><em>quoque</em></strong></span> <span class='ocrx_word' id='word_1_192' title='bbox 2986 1689 3205 1744; x_wconf 85' lang='lat' dir='ltr'><strong><em>historia</em></strong></span> <span class='ocrx_word' id='word_1_193' title='bbox 3251 1690 3520 1758; x_wconf 82' lang='lat' dir='ltr'><strong><em>religiosa,</em></strong></span> <span class='ocrx_word' id='word_1_194' title='bbox 3569 1705 3601 1747; x_wconf 87' lang='lat' dir='ltr'><strong><em>c</em></strong></span> 
     </span>
    </p>
   </div>
   <div class='ocr_carea' id='block_1_32' title="bbox 285 1779 3596 1858">
    <p class='ocr_par' dir='ltr' id='par_1_32' title="bbox 285 1779 3596 1858">
     <span class='ocr_line' id='line_1_32' title="bbox 285 1779 3596 1858; baseline -0.001 -18"><span class='ocrx_word' id='word_1_195' title='bbox 285 1787 440 1858; x_wconf 86' lang='lat' dir='ltr'><strong><em>quasi</em></strong></span> <span class='ocrx_word' id='word_1_196' title='bbox 483 1788 732 1840; x_wconf 80' lang='lat' dir='ltr'><strong><em>Actorum</em></strong></span> <span class='ocrx_word' id='word_1_197' title='bbox 779 1790 1069 1858; x_wconf 68' lang='grc' dir='ltr'><strong><em>γιησιότηται</em></strong></span> <span class='ocrx_word' id='word_1_198' title='bbox 1107 1789 1157 1840; x_wconf 90' lang='lat' dir='ltr'><strong><em>in</em></strong></span> <span class='ocrx_word' id='word_1_199' title='bbox 1207 1785 1626 1840; x_wconf 90' lang='lat' dir='ltr'><strong><em>controversiam</em></strong></span> <span class='ocrx_word' id='word_1_200' title='bbox 1669 1799 1860 1838; x_wconf 57' lang='lat' dir='ltr'><strong><em>vovare</em></strong></span> <span class='ocrx_word' id='word_1_201' title='bbox 1882 1826 1895 1851; x_wconf 89' lang='lat'><strong><em>,</em></strong></span> <span class='ocrx_word' id='word_1_202' title='bbox 1930 1779 1977 1839; x_wconf 89' lang='grc' dir='ltr'>Β</span> <span class='ocrx_word' id='word_1_203' title='bbox 2005 1787 2245 1855; x_wconf 83' lang='lat' dir='ltr'><strong><em>Gregorii</em></strong></span> <span class='ocrx_word' id='word_1_204' title='bbox 2276 1785 2528 1854; x_wconf 86' lang='lat' dir='ltr'><strong><em>Dialogis,</em></strong></span> <span class='ocrx_word' id='word_1_205' title='bbox 2560 1801 2625 1840; x_wconf 83' lang='lat' dir='ltr'><strong><em>ex</em></strong></span> <span class='ocrx_word' id='word_1_206' title='bbox 2650 1785 2869 1840; x_wconf 75' lang='lat' dir='ltr'><strong><em>Joannis</em></strong></span> <span class='ocrx_word' id='word_1_207' title='bbox 2897 1783 3092 1837; x_wconf 76' lang='lat' dir='ltr'><strong><em>Moschi</em></strong></span> <span class='ocrx_word' id='word_1_208' title='bbox 3121 1784 3282 1838; x_wconf 90' lang='lat' dir='ltr'><strong><em>Prato</em></strong></span> <span class='ocrx_word' id='word_1_209' title='bbox 3309 1783 3596 1854; x_wconf 84' lang='lat' dir='ltr'><strong><em>spirituali,</em></strong></span> 
     </span>
    </p>
   </div>
   <div class='ocr_carea' id='block_1_33' title="bbox 288 1877 1890 1962">
    <p class='ocr_par' dir='ltr' id='par_1_33' title="bbox 288 1877 1890 1962">
     <span class='ocr_line' id='line_1_33' title="bbox 288 1877 1890 1962; baseline -0.002 -26"><span class='ocrx_word' id='word_1_210' title='bbox 288 1892 383 1936; x_wconf 86' lang='lat' dir='ltr'><strong><em>aut</em></strong></span> <span class='ocrx_word' id='word_1_211' title='bbox 410 1882 721 1937; x_wconf 87' lang='lat' dir='ltr'><strong><em>eorumdem</em></strong></span> <span class='ocrx_word' id='word_1_212' title='bbox 746 1884 1032 1947; x_wconf 87' lang='lat' dir='ltr'><strong><em>cditorem,</em></strong></span> <span class='ocrx_word' id='word_1_213' title='bbox 1063 1890 1160 1962; x_wconf 75' lang='lat' dir='ltr'><strong><em>etst</em></strong></span> <span class='ocrx_word' id='word_1_214' title='bbox 1185 1880 1584 1941; x_wconf 88' lang='lat' dir='ltr'><strong><em>montanistam,</em></strong></span> <span class='ocrx_word' id='word_1_215' title='bbox 1615 1878 1668 1932; x_wconf 91' lang='lat' dir='ltr'><strong><em>in</em></strong></span> <span class='ocrx_word' id='word_1_216' title='bbox 1693 1877 1890 1932; x_wconf 88' lang='lat' dir='ltr'><strong><em>fraudis</em></strong></span> 
     </span>
    </p>
   </div>
   <div class='ocr_carea' id='block_1_34' title="bbox 288 1973 1890 2046">
    <p class='ocr_par' dir='ltr' id='par_1_34' title="bbox 288 1973 1890 2046">
     <span class='ocr_line' id='line_1_34' title="bbox 288 1973 1890 2046; baseline -0.002 -17"><span class='ocrx_word' id='word_1_217' title='bbox 288 1975 657 2046; x_wconf 72' lang='lat' dir='ltr'><strong><em>suspicionem</em></strong></span> <span class='ocrx_word' id='word_1_218' title='bbox 702 1974 987 2040; x_wconf 80' lang='lat' dir='ltr'><strong><em>adducere,</em></strong></span> <span class='ocrx_word' id='word_1_219' title='bbox 1025 1975 1077 2028; x_wconf 91' lang='lat' dir='ltr'><strong><em>in</em></strong></span> <span class='ocrx_word' id='word_1_220' title='bbox 1115 1974 1294 2028; x_wconf 90' lang='lat' dir='ltr'><strong><em>animo</em></strong></span> <span class='ocrx_word' id='word_1_221' title='bbox 1321 1973 1542 2027; x_wconf 81' lang='lat' dir='ltr'><strong><em>habeam</em></strong></span> <span class='ocrx_word' id='word_1_222' title='bbox 1571 1990 1584 2025; x_wconf 91' lang='lat'>:</span> <span class='ocrx_word' id='word_1_223' title='bbox 1614 1973 1717 2026; x_wconf 88' lang='lat' dir='ltr'><strong><em>alia</em></strong></span> <span class='ocrx_word' id='word_1_224' title='bbox 1750 1987 1890 2026; x_wconf 91' lang='lat' dir='ltr'><strong><em>nunc</em></strong></span> 
     </span>
    </p>
   </div>
   <div class='ocr_carea' id='block_1_35' title="bbox 287 2063 1889 2135">
    <p class='ocr_par' dir='ltr' id='par_1_35' title="bbox 287 2063 1889 2135">
     <span class='ocr_line' id='line_1_35' title="bbox 287 2063 1889 2135; baseline -0.002 -15"><span class='ocrx_word' id='word_1_225' title='bbox 287 2067 452 2121; x_wconf 78' lang='lat' dir='ltr'><strong><em>vobis</em></strong></span> <span class='ocrx_word' id='word_1_226' title='bbox 482 2067 588 2129; x_wconf 77' lang='lat' dir='ltr'><strong><em>via,</em></strong></span> <span class='ocrx_word' id='word_1_227' title='bbox 612 2067 902 2135; x_wconf 75' lang='lat' dir='ltr'><strong><em>Augustino</em></strong></span> <span class='ocrx_word' id='word_1_228' title='bbox 929 2067 1090 2121; x_wconf 86' lang='lat' dir='ltr'><strong><em>etiam</em></strong></span> <span class='ocrx_word' id='word_1_229' title='bbox 1117 2065 1273 2128; x_wconf 90' lang='lat' dir='ltr'><strong><em>duce,</em></strong></span> <span class='ocrx_word' id='word_1_230' title='bbox 1327 2063 1654 2134; x_wconf 83' lang='lat' dir='ltr'><strong><em>capeSsenda</em></strong></span> <span class='ocrx_word' id='word_1_231' title='bbox 1691 2064 1889 2118; x_wconf 87' lang='lat' dir='ltr'><strong><em>danda-</em></strong></span> 
     </span>
    </p>
   </div>
   <div class='ocr_carea' id='block_1_36' title="bbox 281 2157 1886 2232">
    <p class='ocr_par' dir='ltr' id='par_1_36' title="bbox 281 2157 1886 2232">
     <span class='ocr_line' id='line_1_36' title="bbox 281 2157 1886 2232; baseline -0.001 -19"><span class='ocrx_word' id='word_1_232' title='bbox 281 2174 392 2232; x_wconf 90' lang='lat' dir='ltr'><strong><em>que</em></strong></span> <span class='ocrx_word' id='word_1_233' title='bbox 437 2175 597 2232; x_wconf 69' lang='lat' dir='ltr'><strong><em>opera</em></strong></span> <span class='ocrx_word' id='word_1_234' title='bbox 661 2170 740 2214; x_wconf 84' lang='lat' dir='ltr'><strong><em>est</em></strong></span> <span class='ocrx_word' id='word_1_235' title='bbox 795 2168 852 2214; x_wconf 92' lang='lat' dir='ltr'><strong><em>ut</em></strong></span> <span class='ocrx_word' id='word_1_236' title='bbox 901 2175 1116 2214; x_wconf 91' lang='lat' dir='ltr'><strong><em>omnem</em></strong></span> <span class='ocrx_word' id='word_1_237' title='bbox 1172 2173 1199 2210; x_wconf 89' lang='lat' dir='ltr'><strong><em>a</em></strong></span> <span class='ocrx_word' id='word_1_238' title='bbox 1258 2157 1537 2227; x_wconf 67' lang='lat' dir='ltr'><strong><em>Perpetua:</em></strong></span> <span class='ocrx_word' id='word_1_239' title='bbox 1564 2157 1886 2222; x_wconf 84' lang='lat' dir='ltr'><strong><em>visionibus,</em></strong></span> 
     </span>
    </p>
   </div>
   <div class='ocr_carea' id='block_1_37' title="bbox 287 2251 1886 2324">
    <p class='ocr_par' dir='ltr' id='par_1_37' title="bbox 287 2251 1886 2324">
     <span class='ocr_line' id='line_1_37' title="bbox 287 2251 1886 2324; baseline -0.004 -14"><span class='ocrx_word' id='word_1_240' title='bbox 287 2256 452 2310; x_wconf 87' lang='lat' dir='ltr'><strong><em>etiam</em></strong></span> <span class='ocrx_word' id='word_1_241' title='bbox 486 2263 643 2324; x_wconf 87' lang='lat' dir='ltr'><strong><em>prout</em></strong></span> <span class='ocrx_word' id='word_1_242' title='bbox 675 2255 724 2307; x_wconf 89' lang='lat' dir='ltr'><strong><em>in</em></strong></span> <span class='ocrx_word' id='word_1_243' title='bbox 774 2254 924 2309; x_wconf 83' lang='lat' dir='ltr'><strong><em>Actis</em></strong></span> <span class='ocrx_word' id='word_1_244' title='bbox 964 2253 1290 2317; x_wconf 85' lang='lat' dir='ltr'><strong><em>referuntur,</em></strong></span> <span class='ocrx_word' id='word_1_245' title='bbox 1328 2252 1669 2306; x_wconf 83' lang='lat' dir='ltr'><strong><em>montanismi</em></strong></span> <span class='ocrx_word' id='word_1_246' title='bbox 1711 2251 1886 2319; x_wconf 88' lang='lat' dir='ltr'><strong><em>suspi-</em></strong></span> 
     </span>
    </p>
   </div>
   <div class='ocr_carea' id='block_1_38' title="bbox 280 2343 1888 2401">
    <p class='ocr_par' dir='ltr' id='par_1_38' title="bbox 280 2343 1888 2401">
     <span class='ocr_line' id='line_1_38' title="bbox 280 2343 1888 2401; baseline -0.003 0"><span class='ocrx_word' id='word_1_247' title='bbox 280 2347 494 2401; x_wconf 88' lang='lat' dir='ltr'><strong><em>cionem</em></strong></span> <span class='ocrx_word' id='word_1_248' title='bbox 527 2345 864 2400; x_wconf 79' lang='lat' dir='ltr'><strong><em>amoliamur.</em></strong></span> <span class='ocrx_word' id='word_1_249' title='bbox 891 2343 963 2399; x_wconf 91' lang='lat' dir='ltr'><strong><em>Ut</em></strong></span> <span class='ocrx_word' id='word_1_250' title='bbox 990 2346 1132 2399; x_wconf 91' lang='lat' dir='ltr'><strong><em>enim</em></strong></span> <span class='ocrx_word' id='word_1_251' title='bbox 1183 2346 1314 2398; x_wconf 83' lang='lat' dir='ltr'><strong><em>Acta</em></strong></span> <span class='ocrx_word' id='word_1_252' title='bbox 1345 2343 1502 2397; x_wconf 88' lang='lat' dir='ltr'><strong><em>nullis</em></strong></span> <span class='ocrx_word' id='word_1_253' title='bbox 1537 2343 1888 2398; x_wconf 85' lang='lat' dir='ltr'><strong><em>Montanista-</em></strong></span> 
     </span>
    </p>
   </div>
   <div class='ocr_carea' id='block_1_39' title="bbox 289 2435 1887 2508">
    <p class='ocr_par' dir='ltr' id='par_1_39' title="bbox 289 2435 1887 2508">
     <span class='ocr_line' id='line_1_39' title="bbox 289 2435 1887 2508; baseline -0.004 -13"><span class='ocrx_word' id='word_1_254' title='bbox 289 2456 414 2495; x_wconf 88' lang='lat' dir='ltr'><strong><em>rum</em></strong></span> <span class='ocrx_word' id='word_1_255' title='bbox 441 2439 759 2493; x_wconf 87' lang='lat' dir='ltr'><strong><em>commentis</em></strong></span> <span class='ocrx_word' id='word_1_256' title='bbox 793 2440 1059 2508; x_wconf 76' lang='lat' dir='ltr'><strong><em>inquinata</em></strong></span> <span class='ocrx_word' id='word_1_257' title='bbox 1083 2452 1201 2492; x_wconf 89' lang='lat' dir='ltr'><strong><em>esse</em></strong></span> <span class='ocrx_word' id='word_1_258' title='bbox 1225 2451 1500 2506; x_wconf 82' lang='lat' dir='ltr'><strong><em>negemus,</em></strong></span> <span class='ocrx_word' id='word_1_259' title='bbox 1533 2446 1579 2489; x_wconf 88' lang='lat' dir='ltr'><strong><em>et</em></strong></span> <span class='ocrx_word' id='word_1_260' title='bbox 1609 2435 1887 2504; x_wconf 71' lang='lat' dir='ltr'><strong><em>Perpetua:</em></strong></span> 
     </span>
    </p>
   </div>
   <div class='ocr_carea' id='block_1_40' title="bbox 288 2527 1887 2600">
    <p class='ocr_par' dir='ltr' id='par_1_40' title="bbox 288 2527 1887 2600">
     <span class='ocr_line' id='line_1_40' title="bbox 288 2527 1887 2600; baseline -0.003 -14"><span class='ocrx_word' id='word_1_261' title='bbox 288 2531 656 2587; x_wconf 82' lang='lat' dir='ltr'><strong><em>revelationes</em></strong></span> <span class='ocrx_word' id='word_1_262' title='bbox 684 2530 886 2599; x_wconf 88' lang='lat' dir='ltr'><strong><em>aliquid</em></strong></span> <span class='ocrx_word' id='word_1_263' title='bbox 934 2531 1151 2594; x_wconf 87' lang='lat' dir='ltr'><strong><em>habere,</em></strong></span> <span class='ocrx_word' id='word_1_264' title='bbox 1191 2529 1331 2600; x_wconf 89' lang='lat' dir='ltr'><strong><em>quod</em></strong></span> <span class='ocrx_word' id='word_1_265' title='bbox 1371 2527 1605 2582; x_wconf 81' lang='lat' dir='ltr'><strong><em>Montani</em></strong></span> <span class='ocrx_word' id='word_1_266' title='bbox 1644 2528 1887 2582; x_wconf 86' lang='lat' dir='ltr'><strong><em>scholam</em></strong></span> 
     </span>
    </p>
   </div>
   <div class='ocr_carea' id='block_1_41' title="bbox 283 2617 1890 2693">
    <p class='ocr_par' dir='ltr' id='par_1_41' title="bbox 283 2617 1890 2693">
     <span class='ocr_line' id='line_1_41' title="bbox 283 2617 1890 2693; baseline -0.002 -17"><span class='ocrx_word' id='word_1_267' title='bbox 283 2621 672 2693; x_wconf 85' lang='lat' dir='ltr'><strong><em>officinamquc</em></strong></span> <span class='ocrx_word' id='word_1_268' title='bbox 702 2621 963 2686; x_wconf 88' lang='lat' dir='ltr'><strong><em>redoleat,</em></strong></span> <span class='ocrx_word' id='word_1_269' title='bbox 995 2621 1248 2675; x_wconf 76' lang='lat' dir='ltr'><strong><em>Ecclesiae</em></strong></span> <span class='ocrx_word' id='word_1_270' title='bbox 1276 2619 1567 2674; x_wconf 87' lang='lat' dir='ltr'><strong><em>auctoritas</em></strong></span> <span class='ocrx_word' id='word_1_271' title='bbox 1596 2617 1743 2686; x_wconf 84' lang='lat' dir='ltr'><strong><em>facit,</em></strong></span> <span class='ocrx_word' id='word_1_272' title='bbox 1769 2635 1890 2690; x_wconf 66' lang='lat' dir='ltr'><strong><em>qua:</em></strong></span> 
     </span>
    </p>
   </div>
   <div class='ocr_carea' id='block_1_42' title="bbox 287 2712 1886 2782">
    <p class='ocr_par' dir='ltr' id='par_1_42' title="bbox 287 2712 1886 2782">
     <span class='ocr_line' id='line_1_42' title="bbox 287 2712 1886 2782; baseline -0.001 -13"><span class='ocrx_word' id='word_1_273' title='bbox 287 2729 396 2770; x_wconf 89' lang='lat' dir='ltr'><strong><em>non</em></strong></span> <span class='ocrx_word' id='word_1_274' title='bbox 427 2715 566 2780; x_wconf 86' lang='lat' dir='ltr'><strong><em>heri,</em></strong></span> <span class='ocrx_word' id='word_1_275' title='bbox 611 2722 705 2767; x_wconf 90' lang='lat' dir='ltr'><strong><em>aut</em></strong></span> <span class='ocrx_word' id='word_1_276' title='bbox 729 2714 1138 2774; x_wconf 87' lang='lat' dir='ltr'><strong><em>nudiustertius,</em></strong></span> <span class='ocrx_word' id='word_1_277' title='bbox 1171 2712 1264 2766; x_wconf 90' lang='lat' dir='ltr'><strong><em>sed</em></strong></span> <span class='ocrx_word' id='word_1_278' title='bbox 1296 2713 1364 2766; x_wconf 90' lang='lat' dir='ltr'><strong><em>ab</em></strong></span> <span class='ocrx_word' id='word_1_279' title='bbox 1406 2713 1644 2782; x_wconf 88' lang='lat' dir='ltr'><strong><em>antiquis</em></strong></span> <span class='ocrx_word' id='word_1_280' title='bbox 1677 2723 1886 2782; x_wconf 87' lang='lat' dir='ltr'><strong><em>tempo-</em></strong></span> 
     </span>
    </p>
   </div>
   <div class='ocr_carea' id='block_1_43' title="bbox 284 2803 1884 2876">
    <p class='ocr_par' dir='ltr' id='par_1_43' title="bbox 284 2803 1884 2876">
     <span class='ocr_line' id='line_1_43' title="bbox 284 2803 1884 2876; baseline -0.002 -15"><span class='ocrx_word' id='word_1_281' title='bbox 284 2807 456 2871; x_wconf 82' lang='lat' dir='ltr'><strong><em>ribus,</em></strong></span> <span class='ocrx_word' id='word_1_282' title='bbox 492 2815 551 2861; x_wconf 93' lang='lat' dir='ltr'><strong><em>ut</em></strong></span> <span class='ocrx_word' id='word_1_283' title='bbox 579 2821 647 2860; x_wconf 76' lang='lat' dir='ltr'><strong><em>ex</em></strong></span> <span class='ocrx_word' id='word_1_284' title='bbox 674 2806 972 2876; x_wconf 80' lang='lat' dir='ltr'><strong><em>Augustino</em></strong></span> <span class='ocrx_word' id='word_1_285' title='bbox 1006 2814 1215 2860; x_wconf 89' lang='lat' dir='ltr'><strong><em>constat</em></strong></span> <span class='ocrx_word' id='word_1_286' title='bbox 1238 2803 1340 2876; x_wconf 91' lang='lat' dir='ltr'><strong><em>(l),</em></strong></span> <span class='ocrx_word' id='word_1_287' title='bbox 1390 2804 1659 2874; x_wconf 87' lang='lat' dir='ltr'><strong><em>publicam</em></strong></span> <span class='ocrx_word' id='word_1_288' title='bbox 1697 2820 1884 2859; x_wconf 91' lang='lat' dir='ltr'><strong><em>eorum</em></strong></span> 
     </span>
    </p>
   </div>
   <div class='ocr_carea' id='block_1_44' title="bbox 286 2895 1885 2968">
    <p class='ocr_par' dir='ltr' id='par_1_44' title="bbox 286 2895 1885 2968">
     <span class='ocr_line' id='line_1_44' title="bbox 286 2895 1885 2968; baseline -0.001 -17"><span class='ocrx_word' id='word_1_289' title='bbox 286 2897 578 2952; x_wconf 87' lang='lat' dir='ltr'><strong><em>lectionem</em></strong></span> <span class='ocrx_word' id='word_1_290' title='bbox 600 2897 940 2968; x_wconf 84' lang='lat' dir='ltr'><strong><em>approbavit.</em></strong></span> <span class='ocrx_word' id='word_1_291' title='bbox 968 2895 1116 2951; x_wconf 88' lang='lat' dir='ltr'><strong><em>Facit</em></strong></span> <span class='ocrx_word' id='word_1_292' title='bbox 1135 2897 1297 2950; x_wconf 90' lang='lat' dir='ltr'><strong><em>etiam</em></strong></span> <span class='ocrx_word' id='word_1_293' title='bbox 1326 2899 1618 2950; x_wconf 88' lang='lat' dir='ltr'><strong><em>auctoritas</em></strong></span> <span class='ocrx_word' id='word_1_294' title='bbox 1646 2895 1885 2959; x_wconf 88' lang='lat' dir='ltr'><strong><em>Patrum,</em></strong></span> 
     </span>
    </p>
   </div>
   <div class='ocr_carea' id='block_1_45' title="bbox 285 2980 1885 3064">
    <p class='ocr_par' dir='ltr' id='par_1_45' title="bbox 285 2980 1885 3064">
     <span class='ocr_line' id='line_1_45' title="bbox 285 2980 1885 3064; baseline -0.002 -16"><span class='ocrx_word' id='word_1_295' title='bbox 285 2993 386 3064; x_wconf 84' lang='lat' dir='ltr'><strong><em>qui</em></strong></span> <span class='ocrx_word' id='word_1_296' title='bbox 412 2980 542 3048; x_wconf 79' lang='lat' dir='ltr'><strong><em>nihil</em></strong></span> <span class='ocrx_word' id='word_1_297' title='bbox 569 3007 598 3047; x_wconf 90' lang='lat' dir='ltr'><strong><em>a</em></strong></span> <span class='ocrx_word' id='word_1_298' title='bbox 621 2992 720 3047; x_wconf 84' lang='lat' dir='ltr'><strong><em>fide</em></strong></span> <span class='ocrx_word' id='word_1_299' title='bbox 751 2993 1006 3057; x_wconf 88' lang='lat' dir='ltr'><strong><em>alienum,</em></strong></span> <span class='ocrx_word' id='word_1_300' title='bbox 1039 2990 1169 3045; x_wconf 90' lang='lat' dir='ltr'><strong><em>nihil</em></strong></span> <span class='ocrx_word' id='word_1_301' title='bbox 1201 2990 1538 3056; x_wconf 86' lang='lat' dir='ltr'><strong><em>indecorum,</em></strong></span> <span class='ocrx_word' id='word_1_302' title='bbox 1571 2990 1702 3044; x_wconf 91' lang='lat' dir='ltr'><strong><em>nihil</em></strong></span> <span class='ocrx_word' id='word_1_303' title='bbox 1732 2990 1885 3045; x_wconf 86' lang='lat' dir='ltr'><strong><em>deni-</em></strong></span> 
     </span>
    </p>
   </div>
   <div class='ocr_carea' id='block_1_46' title="bbox 279 3084 1884 3156">
    <p class='ocr_par' dir='ltr' id='par_1_46' title="bbox 279 3084 1884 3156">
     <span class='ocr_line' id='line_1_46' title="bbox 279 3084 1884 3156; baseline 0 -16"><span class='ocrx_word' id='word_1_304' title='bbox 279 3101 412 3156; x_wconf 88' lang='lat' dir='ltr'><strong><em>que,</em></strong></span> <span class='ocrx_word' id='word_1_305' title='bbox 455 3085 594 3153; x_wconf 90' lang='lat' dir='ltr'><strong><em>quod</em></strong></span> <span class='ocrx_word' id='word_1_306' title='bbox 634 3085 1074 3139; x_wconf 79' lang='lat' dir='ltr'><strong><em>Montanistarum</em></strong></span> <span class='ocrx_word' id='word_1_307' title='bbox 1123 3085 1364 3140; x_wconf 88' lang='lat' dir='ltr'><strong><em>redoleat</em></strong></span> <span class='ocrx_word' id='word_1_308' title='bbox 1412 3084 1702 3151; x_wconf 89' lang='lat' dir='ltr'><strong><em>officinam,</em></strong></span> <span class='ocrx_word' id='word_1_309' title='bbox 1737 3084 1790 3139; x_wconf 91' lang='lat' dir='ltr'><strong><em>in</em></strong></span> <span class='ocrx_word' id='word_1_310' title='bbox 1819 3085 1884 3140; x_wconf 89' lang='lat' dir='ltr'><strong><em>iis</em></strong></span> 
     </span>
    </p>
   </div>
   <div class='ocr_carea' id='block_1_47' title="bbox 1995 1876 3600 1949">
    <p class='ocr_par' dir='ltr' id='par_1_47' title="bbox 1995 1876 3600 1949">
     <span class='ocr_line' id='line_1_47' title="bbox 1995 1876 3600 1949; baseline -0.002 -15"><span class='ocrx_word' id='word_1_311' title='bbox 1995 1890 2048 1934; x_wconf 92' lang='lat' dir='ltr'><strong><em>et</em></strong></span> <span class='ocrx_word' id='word_1_312' title='bbox 2077 1880 2193 1934; x_wconf 89' lang='lat' dir='ltr'><strong><em>aliis</em></strong></span> <span class='ocrx_word' id='word_1_313' title='bbox 2221 1878 2525 1949; x_wconf 75' lang='lat' dir='ltr'><strong><em>huiusmodi</em></strong></span> <span class='ocrx_word' id='word_1_314' title='bbox 2581 1879 2772 1948; x_wconf 88' lang='lat' dir='ltr'><strong><em>quinti,</em></strong></span> <span class='ocrx_word' id='word_1_315' title='bbox 2806 1879 2940 1931; x_wconf 82' lang='lat' dir='ltr'><strong><em>sexti</em></strong></span> <span class='ocrx_word' id='word_1_316' title='bbox 2971 1892 3032 1930; x_wconf 90' lang='lat' dir='ltr'><strong><em>ac</em></strong></span> <span class='ocrx_word' id='word_1_317' title='bbox 3060 1876 3395 1946; x_wconf 86' lang='lat' dir='ltr'><strong><em>sequentium</em></strong></span> <span class='ocrx_word' id='word_1_318' title='bbox 3427 1891 3600 1930; x_wconf 66' lang='lat' dir='ltr'><strong><em>sarcu-</em></strong></span> 
     </span>
    </p>
   </div>
   <div class='ocr_carea' id='block_1_48' title="bbox 2002 1967 3599 2038">
    <p class='ocr_par' dir='ltr' id='par_1_48' title="bbox 2002 1967 3599 2038">
     <span class='ocr_line' id='line_1_48' title="bbox 2002 1967 3599 2038; baseline -0.002 -12"><span class='ocrx_word' id='word_1_319' title='bbox 2002 1972 2173 2028; x_wconf 90' lang='lat' dir='ltr'><strong><em>lorum</em></strong></span> <span class='ocrx_word' id='word_1_320' title='bbox 2196 1971 2556 2026; x_wconf 85' lang='lat' dir='ltr'><strong><em>voluminibus</em></strong></span> <span class='ocrx_word' id='word_1_321' title='bbox 2584 1979 2916 2025; x_wconf 82' lang='lat' dir='ltr'><strong><em>coacervata.</em></strong></span> <span class='ocrx_word' id='word_1_322' title='bbox 2951 1975 3016 2023; x_wconf 76' lang='lat' dir='ltr'><strong><em>At</em></strong></span> <span class='ocrx_word' id='word_1_323' title='bbox 3039 1967 3289 2038; x_wconf 88' lang='lat' dir='ltr'><strong><em>quoniam</em></strong></span> <span class='ocrx_word' id='word_1_324' title='bbox 3319 1968 3443 2022; x_wconf 91' lang='lat' dir='ltr'><strong><em>mihi</em></strong></span> <span class='ocrx_word' id='word_1_325' title='bbox 3474 1983 3599 2023; x_wconf 89' lang='lat' dir='ltr'><strong><em>cum</em></strong></span> 
     </span>
    </p>
   </div>
   <div class='ocr_carea' id='block_1_49' title="bbox 1997 2062 3602 2135">
    <p class='ocr_par' dir='ltr' id='par_1_49' title="bbox 1997 2062 3602 2135">
     <span class='ocr_line' id='line_1_49' title="bbox 1997 2062 3602 2135; baseline -0.001 -15"><span class='ocrx_word' id='word_1_326' title='bbox 1997 2065 2265 2135; x_wconf 83' lang='lat' dir='ltr'><strong><em>ejusmodi</em></strong></span> <span class='ocrx_word' id='word_1_327' title='bbox 2310 2066 2616 2120; x_wconf 87' lang='lat' dir='ltr'><strong><em>hominibus</em></strong></span> <span class='ocrx_word' id='word_1_328' title='bbox 2645 2067 2867 2134; x_wconf 45' lang='lat' dir='ltr'><strong><em>quaestio</em></strong></span> <span class='ocrx_word' id='word_1_329' title='bbox 2909 2074 3011 2124; x_wconf 85' lang='lat' dir='ltr'><strong><em>est,</em></strong></span> <span class='ocrx_word' id='word_1_330' title='bbox 3044 2063 3130 2131; x_wconf 88' lang='lat' dir='ltr'><strong><em>qui</em></strong></span> <span class='ocrx_word' id='word_1_331' title='bbox 3165 2062 3215 2115; x_wconf 91' lang='lat' dir='ltr'><strong><em>id</em></strong></span> <span class='ocrx_word' id='word_1_332' title='bbox 3244 2063 3454 2131; x_wconf 80' lang='lat' dir='ltr'><strong><em>generis</em></strong></span> <span class='ocrx_word' id='word_1_333' title='bbox 3482 2079 3602 2119; x_wconf 85' lang='lat' dir='ltr'><strong><em>m0-</em></strong></span> 
     </span>
    </p>
   </div>
   <div class='ocr_carea' id='block_1_50' title="bbox 1996 2155 3594 2226">
    <p class='ocr_par' dir='ltr' id='par_1_50' title="bbox 1996 2155 3594 2226">
     <span class='ocr_line' id='line_1_50' title="bbox 1996 2155 3594 2226; baseline -0.002 -12"><span class='ocrx_word' id='word_1_334' title='bbox 1996 2161 2263 2214; x_wconf 88' lang='lat' dir='ltr'><strong><em>nnmentis</em></strong></span> <span class='ocrx_word' id='word_1_335' title='bbox 2303 2175 2516 2214; x_wconf 90' lang='lat' dir='ltr'><strong><em>omnem</em></strong></span> <span class='ocrx_word' id='word_1_336' title='bbox 2571 2167 2772 2214; x_wconf 84' lang='lat' dir='ltr'><strong><em>temere</em></strong></span> <span class='ocrx_word' id='word_1_337' title='bbox 2819 2157 2974 2210; x_wconf 86' lang='lat' dir='ltr'><strong><em>fidem</em></strong></span> <span class='ocrx_word' id='word_1_338' title='bbox 3031 2155 3328 2226; x_wconf 85' lang='lat' dir='ltr'><strong><em>abrogant.</em></strong></span> <span class='ocrx_word' id='word_1_339' title='bbox 3377 2155 3491 2210; x_wconf 79' lang='lat' dir='ltr'><strong><em>lucc</em></strong></span> <span class='ocrx_word' id='word_1_340' title='bbox 3544 2156 3594 2212; x_wconf 91' lang='lat' dir='ltr'><strong><em>in</em></strong></span> 
     </span>
    </p>
   </div>
   <div class='ocr_carea' id='block_1_51' title="bbox 1996 2247 3596 2323">
    <p class='ocr_par' dir='ltr' id='par_1_51' title="bbox 1996 2247 3596 2323">
     <span class='ocr_line' id='line_1_51' title="bbox 1996 2247 3596 2323; baseline -0.003 -16"><span class='ocrx_word' id='word_1_341' title='bbox 1996 2254 2397 2323; x_wconf 78' lang='lat' dir='ltr'><strong><em>praesentiarum</em></strong></span> <span class='ocrx_word' id='word_1_342' title='bbox 2448 2254 2608 2306; x_wconf 89' lang='lat' dir='ltr'><strong><em>missa</em></strong></span> <span class='ocrx_word' id='word_1_343' title='bbox 2641 2250 2853 2314; x_wconf 80' lang='lat' dir='ltr'><strong><em>faciam,</em></strong></span> <span class='ocrx_word' id='word_1_344' title='bbox 2885 2259 2936 2304; x_wconf 90' lang='lat' dir='ltr'><strong><em>et</em></strong></span> <span class='ocrx_word' id='word_1_345' title='bbox 2967 2247 3030 2302; x_wconf 90' lang='lat' dir='ltr'><strong><em>ad</em></strong></span> <span class='ocrx_word' id='word_1_346' title='bbox 3076 2248 3178 2301; x_wconf 86' lang='lat' dir='ltr'><strong><em>alia</em></strong></span> <span class='ocrx_word' id='word_1_347' title='bbox 3225 2264 3310 2303; x_wconf 89' lang='lat' dir='ltr'><strong><em>me</em></strong></span> <span class='ocrx_word' id='word_1_348' title='bbox 3350 2249 3596 2315; x_wconf 79' lang='lat' dir='ltr'><strong><em>exempla</em></strong></span> 
     </span>
    </p>
   </div>
   <div class='ocr_carea' id='block_1_52' title="bbox 1997 2341 3595 2416">
    <p class='ocr_par' dir='ltr' id='par_1_52' title="bbox 1997 2341 3595 2416">
     <span class='ocr_line' id='line_1_52' title="bbox 1997 2341 3595 2416; baseline -0.001 -18"><span class='ocrx_word' id='word_1_349' title='bbox 1997 2347 2411 2416; x_wconf 85' lang='lat' dir='ltr'><strong><em>testimoniaque</em></strong></span> <span class='ocrx_word' id='word_1_350' title='bbox 2443 2353 2776 2408; x_wconf 88' lang='lat' dir='ltr'><strong><em>convertam,</em></strong></span> <span class='ocrx_word' id='word_1_351' title='bbox 2810 2343 3003 2412; x_wconf 82' lang='lat' dir='ltr'><strong><em>quibus</em></strong></span> <span class='ocrx_word' id='word_1_352' title='bbox 3033 2342 3064 2395; x_wconf 92' lang='lat' dir='ltr'><strong><em>ii</em></strong></span> <span class='ocrx_word' id='word_1_353' title='bbox 3103 2350 3306 2395; x_wconf 88' lang='lat' dir='ltr'><strong><em>tantum</em></strong></span> <span class='ocrx_word' id='word_1_354' title='bbox 3340 2341 3595 2411; x_wconf 81' lang='lat' dir='ltr'><strong><em>refragari</em></strong></span> 
     </span>
    </p>
   </div>
   <div class='ocr_carea' id='block_1_53' title="bbox 1995 2434 3596 2508">
    <p class='ocr_par' dir='ltr' id='par_1_53' title="bbox 1995 2434 3596 2508">
     <span class='ocr_line' id='line_1_53' title="bbox 1995 2434 3596 2508; baseline -0.002 -14"><span class='ocrx_word' id='word_1_355' title='bbox 1995 2439 2258 2501; x_wconf 85' lang='lat' dir='ltr'><strong><em>audeant,</em></strong></span> <span class='ocrx_word' id='word_1_356' title='bbox 2313 2439 2402 2508; x_wconf 91' lang='lat' dir='ltr'><strong><em>qui</em></strong></span> <span class='ocrx_word' id='word_1_357' title='bbox 2461 2448 2553 2492; x_wconf 89' lang='lat' dir='ltr'><strong><em>aut</em></strong></span> <span class='ocrx_word' id='word_1_358' title='bbox 2606 2435 2952 2490; x_wconf 86' lang='lat' dir='ltr'><strong><em>christianam</em></strong></span> <span class='ocrx_word' id='word_1_359' title='bbox 3003 2434 3313 2499; x_wconf 74' lang='lat' dir='ltr'><strong><em>religionem</em></strong></span> <span class='ocrx_word' id='word_1_360' title='bbox 3366 2434 3596 2490; x_wconf 89' lang='lat' dir='ltr'><strong><em>ludibrio</em></strong></span> 
     </span>
    </p>
   </div>
   <div class='ocr_carea' id='block_1_54' title="bbox 1995 2526 3594 2599">
    <p class='ocr_par' dir='ltr' id='par_1_54' title="bbox 1995 2526 3594 2599">
     <span class='ocr_line' id='line_1_54' title="bbox 1995 2526 3594 2599; baseline -0.004 -13"><span class='ocrx_word' id='word_1_361' title='bbox 1995 2532 2213 2593; x_wconf 76' lang='lat' dir='ltr'><strong><em>habent,</em></strong></span> <span class='ocrx_word' id='word_1_362' title='bbox 2255 2539 2348 2586; x_wconf 89' lang='lat' dir='ltr'><strong><em>aut</em></strong></span> <span class='ocrx_word' id='word_1_363' title='bbox 2394 2530 2590 2585; x_wconf 89' lang='lat' dir='ltr'><strong><em>nullam</em></strong></span> <span class='ocrx_word' id='word_1_364' title='bbox 2623 2529 2833 2599; x_wconf 89' lang='lat' dir='ltr'><strong><em>penitus</em></strong></span> <span class='ocrx_word' id='word_1_365' title='bbox 2871 2527 3182 2596; x_wconf 87' lang='lat' dir='ltr'><strong><em>religionem</em></strong></span> <span class='ocrx_word' id='word_1_366' title='bbox 3227 2526 3429 2591; x_wconf 74' lang='lat' dir='ltr'><strong><em>colunt.</em></strong></span> <span class='ocrx_word' id='word_1_367' title='bbox 3478 2527 3594 2581; x_wconf 88' lang='lat' dir='ltr'><strong><em>Non</em></strong></span> 
     </span>
    </p>
   </div>
   <div class='ocr_carea' id='block_1_55' title="bbox 1995 2617 3598 2690">
    <p class='ocr_par' dir='ltr' id='par_1_55' title="bbox 1995 2617 3598 2690">
     <span class='ocr_line' id='line_1_55' title="bbox 1995 2617 3598 2690; baseline -0.005 -11"><span class='ocrx_word' id='word_1_368' title='bbox 1995 2636 2076 2680; x_wconf 92' lang='lat' dir='ltr'><strong><em>est</em></strong></span> <span class='ocrx_word' id='word_1_369' title='bbox 2101 2634 2276 2679; x_wconf 89' lang='lat' dir='ltr'><strong><em>tamen</em></strong></span> <span class='ocrx_word' id='word_1_370' title='bbox 2307 2638 2405 2677; x_wconf 90' lang='lat' dir='ltr'><strong><em>cur</em></strong></span> <span class='ocrx_word' id='word_1_371' title='bbox 2437 2638 2466 2676; x_wconf 89' lang='lat' dir='ltr'><strong><em>a</em></strong></span> <span class='ocrx_word' id='word_1_372' title='bbox 2510 2637 2596 2676; x_wconf 90' lang='lat' dir='ltr'><strong><em>me</em></strong></span> <span class='ocrx_word' id='word_1_373' title='bbox 2637 2620 2827 2690; x_wconf 86' lang='lat' dir='ltr'><strong><em>aliquis</em></strong></span> <span class='ocrx_word' id='word_1_374' title='bbox 2872 2625 3148 2688; x_wconf 65' lang='lat' dir='ltr'><strong><em>exspectet</em></strong></span> <span class='ocrx_word' id='word_1_375' title='bbox 3185 2626 3241 2669; x_wconf 90' lang='lat' dir='ltr'><strong><em>ut</em></strong></span> <span class='ocrx_word' id='word_1_376' title='bbox 3284 2618 3459 2669; x_wconf 88' lang='lat' dir='ltr'><strong><em>omnia</em></strong></span> <span class='ocrx_word' id='word_1_377' title='bbox 3493 2617 3598 2671; x_wconf 91' lang='lat' dir='ltr'><strong><em>huc</em></strong></span> 
     </span>
    </p>
   </div>
   <div class='ocr_carea' id='block_1_56' title="bbox 1995 2707 3594 2776">
    <p class='ocr_par' dir='ltr' id='par_1_56' title="bbox 1995 2707 3594 2776">
     <span class='ocr_line' id='line_1_56' title="bbox 1995 2707 3594 2776; baseline -0.005 -8"><span class='ocrx_word' id='word_1_378' title='bbox 1995 2715 2263 2770; x_wconf 87' lang='lat' dir='ltr'><strong><em>conferam</em></strong></span> <span class='ocrx_word' id='word_1_379' title='bbox 2315 2713 2611 2769; x_wconf 72' lang='lat' dir='ltr'><strong><em>cmlestium</em></strong></span> <span class='ocrx_word' id='word_1_380' title='bbox 2663 2711 2971 2774; x_wconf 88' lang='lat' dir='ltr'><strong><em>visionum,</em></strong></span> <span class='ocrx_word' id='word_1_381' title='bbox 3025 2707 3453 2776; x_wconf 87' lang='lat' dir='ltr'><strong><em>propheticarnm</em></strong></span> <span class='ocrx_word' id='word_1_382' title='bbox 3504 2722 3594 2760; x_wconf 90' lang='lat' dir='ltr'><strong><em>re-</em></strong></span> 
     </span>
    </p>
   </div>
   <div class='ocr_carea' id='block_1_57' title="bbox 1995 2797 3594 2872">
    <p class='ocr_par' dir='ltr' id='par_1_57' title="bbox 1995 2797 3594 2872">
     <span class='ocr_line' id='line_1_57' title="bbox 1995 2797 3594 2872; baseline -0.007 -11"><span class='ocrx_word' id='word_1_383' title='bbox 1995 2805 2366 2870; x_wconf 86' lang='lat' dir='ltr'><strong><em>velationum,</em></strong></span> <span class='ocrx_word' id='word_1_384' title='bbox 2438 2803 2772 2872; x_wconf 89' lang='lat' dir='ltr'><strong><em>aliorumque</em></strong></span> <span class='ocrx_word' id='word_1_385' title='bbox 2835 2800 3137 2855; x_wconf 87' lang='lat' dir='ltr'><strong><em>divinorum</em></strong></span> <span class='ocrx_word' id='word_1_386' title='bbox 3212 2797 3594 2851; x_wconf 87' lang='lat' dir='ltr'><strong><em>charismatum</em></strong></span> 
     </span>
    </p>
   </div>
   <div class='ocr_carea' id='block_1_58' title="bbox 1996 2889 3594 2970">
    <p class='ocr_par' dir='ltr' id='par_1_58' title="bbox 1996 2889 3594 2970">
     <span class='ocr_line' id='line_1_58' title="bbox 1996 2889 3594 2970; baseline -0.009 -15"><span class='ocrx_word' id='word_1_387' title='bbox 1996 2898 2238 2970; x_wconf 85' lang='lat' dir='ltr'><strong><em>exempla</em></strong></span> <span class='ocrx_word' id='word_1_388' title='bbox 2269 2897 2462 2968; x_wconf 88' lang='lat' dir='ltr'><strong><em>quibus</em></strong></span> <span class='ocrx_word' id='word_1_389' title='bbox 2492 2894 2730 2949; x_wconf 84' lang='lat' dir='ltr'><strong><em>Ecclesia</em></strong></span> <span class='ocrx_word' id='word_1_390' title='bbox 2765 2893 3050 2962; x_wconf 86' lang='lat' dir='ltr'><strong><em>plurimum</em></strong></span> <span class='ocrx_word' id='word_1_391' title='bbox 3080 2891 3175 2944; x_wconf 85' lang='lat' dir='ltr'><strong><em>fuit</em></strong></span> <span class='ocrx_word' id='word_1_392' title='bbox 3203 2890 3372 2944; x_wconf 88' lang='lat' dir='ltr'><strong><em>tribus</em></strong></span> <span class='ocrx_word' id='word_1_393' title='bbox 3398 2889 3594 2956; x_wconf 79' lang='lat' dir='ltr'><strong><em>priori-</em></strong></span> 
     </span>
    </p>
   </div>
   <div class='ocr_carea' id='block_1_59' title="bbox 1995 2983 3595 3056">
    <p class='ocr_par' dir='ltr' id='par_1_59' title="bbox 1995 2983 3595 3056">
     <span class='ocr_line' id='line_1_59' title="bbox 1995 2983 3595 3056; baseline -0.009 -8"><span class='ocrx_word' id='word_1_394' title='bbox 1995 2992 2093 3048; x_wconf 83' lang='lat' dir='ltr'><strong><em>bus</em></strong></span> <span class='ocrx_word' id='word_1_395' title='bbox 2122 2992 2331 3048; x_wconf 72' lang='lat' dir='ltr'><strong><em>saeculis</em></strong></span> <span class='ocrx_word' id='word_1_396' title='bbox 2361 2987 2990 3056; x_wconf 85' lang='lat' dir='ltr'><strong><em>illustrata.Quamquam</em></strong></span> <span class='ocrx_word' id='word_1_397' title='bbox 3019 2984 3158 3039; x_wconf 90' lang='lat' dir='ltr'><strong><em>enim</em></strong></span> <span class='ocrx_word' id='word_1_398' title='bbox 3184 2983 3234 3037; x_wconf 89' lang='lat' dir='ltr'><strong><em>id</em></strong></span> <span class='ocrx_word' id='word_1_399' title='bbox 3261 2983 3482 3036; x_wconf 89' lang='lat' dir='ltr'><strong><em>multttm</em></strong></span> <span class='ocrx_word' id='word_1_400' title='bbox 3503 2984 3595 3051; x_wconf 89' lang='lat' dir='ltr'><strong><em>ju-</em></strong></span> 
     </span>
    </p>
   </div>
   <div class='ocr_carea' id='block_1_60' title="bbox 1997 3077 3595 3155">
    <p class='ocr_par' dir='ltr' id='par_1_60' title="bbox 1997 3077 3595 3155">
     <span class='ocr_line' id='line_1_60' title="bbox 1997 3077 3595 3155; baseline -0.009 -15"><span class='ocrx_word' id='word_1_401' title='bbox 1997 3096 2145 3142; x_wconf 91' lang='lat' dir='ltr'><strong><em>varet</em></strong></span> <span class='ocrx_word' id='word_1_402' title='bbox 2170 3096 2228 3141; x_wconf 92' lang='lat' dir='ltr'><strong><em>ut</em></strong></span> <span class='ocrx_word' id='word_1_403' title='bbox 2249 3083 2690 3155; x_wconf 86' lang='lat' dir='ltr'><strong><em>intelligeremus,</em></strong></span> <span class='ocrx_word' id='word_1_404' title='bbox 2714 3079 2856 3135; x_wconf 91' lang='lat' dir='ltr'><strong><em>unde</em></strong></span> <span class='ocrx_word' id='word_1_405' title='bbox 2878 3080 3160 3148; x_wconf 56' lang='lat' dir='ltr'><strong><em>Perpetuus</em></strong></span> <span class='ocrx_word' id='word_1_406' title='bbox 3187 3077 3420 3130; x_wconf 88' lang='lat' dir='ltr'><strong><em>animum</em></strong></span> <span class='ocrx_word' id='word_1_407' title='bbox 3449 3083 3595 3128; x_wconf 90' lang='lat' dir='ltr'><strong><em>tanta</em></strong></span> 
     </span>
    </p>
   </div>
   <div class='ocr_carea' id='block_1_61' title="bbox 289 3169 3594 3248">
    <p class='ocr_par' dir='ltr' id='par_1_61' title="bbox 289 3169 3594 3248">
     <span class='ocr_line' id='line_1_61' title="bbox 289 3169 3594 3248; baseline -0.003 -17"><span class='ocrx_word' id='word_1_408' title='bbox 289 3178 428 3248; x_wconf 90' lang='lat' dir='ltr'><strong><em>ipsis</em></strong></span> <span class='ocrx_word' id='word_1_409' title='bbox 452 3177 732 3242; x_wconf 62' lang='lat' dir='ltr'><strong><em>Perpetua!</em></strong></span> <span class='ocrx_word' id='word_1_410' title='bbox 763 3177 1178 3232; x_wconf 82' lang='lat' dir='ltr'><strong><em>revelationibus</em></strong></span> <span class='ocrx_word' id='word_1_411' title='bbox 1204 3176 1515 3232; x_wconf 90' lang='lat' dir='ltr'><strong><em>subodorati</em></strong></span> <span class='ocrx_word' id='word_1_412' title='bbox 1547 3185 1672 3231; x_wconf 88' lang='lat' dir='ltr'><strong><em>sunt</em></strong></span> <span class='ocrx_word' id='word_1_413' title='bbox 1695 3179 1888 3247; x_wconf 89' lang='lat' dir='ltr'><strong><em>quibus</em></strong></span> <span class='ocrx_word' id='word_1_414' title='bbox 1915 3171 1960 3234; x_wconf 89' lang='lat' dir='ltr'><strong><em>C</em></strong></span> <span class='ocrx_word' id='word_1_415' title='bbox 1996 3177 2187 3233; x_wconf 86' lang='lat' dir='ltr'><strong><em>fiducia</em></strong></span> <span class='ocrx_word' id='word_1_416' title='bbox 2230 3175 2511 3232; x_wconf 87' lang='lat' dir='ltr'><strong><em>incesserit</em></strong></span> <span class='ocrx_word' id='word_1_417' title='bbox 2551 3173 2641 3246; x_wconf 85' lang='lat' dir='ltr'><strong><em>(ex</em></strong></span> <span class='ocrx_word' id='word_1_418' title='bbox 2685 3187 2892 3226; x_wconf 86' lang='lat' dir='ltr'><strong><em>summa</em></strong></span> <span class='ocrx_word' id='word_1_419' title='bbox 2938 3169 3186 3223; x_wconf 88' lang='lat' dir='ltr'><strong><em>videlicet</em></strong></span> <span class='ocrx_word' id='word_1_420' title='bbox 3216 3184 3310 3237; x_wconf 89' lang='lat' dir='ltr'><strong><em>per</em></strong></span> <span class='ocrx_word' id='word_1_421' title='bbox 3346 3182 3407 3221; x_wconf 88' lang='lat' dir='ltr'><strong><em>ea</em></strong></span> <span class='ocrx_word' id='word_1_422' title='bbox 3458 3176 3594 3222; x_wconf 86' lang='lat' dir='ltr'><strong><em>tem-</em></strong></span> 
     </span>
    </p>
   </div>
   <div class='ocr_carea' id='block_1_62' title="bbox 281 3270 1891 3342">
    <p class='ocr_par' dir='ltr' id='par_1_62' title="bbox 281 3270 1891 3342">
     <span class='ocr_line' id='line_1_62' title="bbox 281 3270 1891 3342; baseline 0.001 -16"><span class='ocrx_word' id='word_1_423' title='bbox 281 3271 441 3326; x_wconf 91' lang='lat' dir='ltr'><strong><em>modo</em></strong></span> <span class='ocrx_word' id='word_1_424' title='bbox 466 3272 702 3341; x_wconf 89' lang='lat' dir='ltr'><strong><em>suspicio</em></strong></span> <span class='ocrx_word' id='word_1_425' title='bbox 725 3271 1218 3341; x_wconf 86' lang='lat' dir='ltr'><strong><em>imprudentissime</em></strong></span> <span class='ocrx_word' id='word_1_426' title='bbox 1245 3271 1569 3342; x_wconf 87' lang='lat' dir='ltr'><strong><em>aspergitur.</em></strong></span> <span class='ocrx_word' id='word_1_427' title='bbox 1596 3270 1712 3326; x_wconf 85' lang='lat' dir='ltr'><strong><em>Non</em></strong></span> <span class='ocrx_word' id='word_1_428' title='bbox 1735 3282 1891 3328; x_wconf 88' lang='lat' dir='ltr'><strong><em>erant</em></strong></span> 
     </span>
    </p>
   </div>
   <div class='ocr_carea' id='block_1_63' title="bbox 283 3362 1886 3420">
    <p class='ocr_par' dir='ltr' id='par_1_63' title="bbox 283 3362 1886 3420">
     <span class='ocr_line' id='line_1_63' title="bbox 283 3362 1886 3420; baseline 0.001 -2"><span class='ocrx_word' id='word_1_429' title='bbox 283 3363 472 3420; x_wconf 84' lang='lat' dir='ltr'><strong><em>Patres</em></strong></span> <span class='ocrx_word' id='word_1_430' title='bbox 506 3365 556 3418; x_wconf 93' lang='lat' dir='ltr'><strong><em>in</em></strong></span> <span class='ocrx_word' id='word_1_431' title='bbox 596 3364 757 3419; x_wconf 87' lang='lat' dir='ltr'><strong><em>rebus</em></strong></span> <span class='ocrx_word' id='word_1_432' title='bbox 797 3362 916 3418; x_wconf 82' lang='lat' dir='ltr'><strong><em>fidei</em></strong></span> <span class='ocrx_word' id='word_1_433' title='bbox 957 3363 1321 3418; x_wconf 87' lang='lat' dir='ltr'><strong><em>suhodoran&#39;di</em></strong></span> <span class='ocrx_word' id='word_1_434' title='bbox 1368 3365 1504 3418; x_wconf 89' lang='lat' dir='ltr'><strong><em>adeo</em></strong></span> <span class='ocrx_word' id='word_1_435' title='bbox 1531 3365 1710 3420; x_wconf 88' lang='lat' dir='ltr'><strong><em>obesis</em></strong></span> <span class='ocrx_word' id='word_1_436' title='bbox 1740 3367 1886 3419; x_wconf 88' lang='lat' dir='ltr'><strong><em>nari-</em></strong></span> 
     </span>
    </p>
   </div>
   <div class='ocr_carea' id='block_1_64' title="bbox 283 3455 1892 3522">
    <p class='ocr_par' dir='ltr' id='par_1_64' title="bbox 283 3455 1892 3522">
     <span class='ocr_line' id='line_1_64' title="bbox 283 3455 1892 3522; baseline 0 -10"><span class='ocrx_word' id='word_1_437' title='bbox 283 3455 411 3522; x_wconf 82' lang='lat' dir='ltr'><strong><em>bus,</em></strong></span> <span class='ocrx_word' id='word_1_438' title='bbox 442 3467 498 3511; x_wconf 92' lang='lat' dir='ltr'><strong><em>ut</em></strong></span> <span class='ocrx_word' id='word_1_439' title='bbox 525 3472 630 3511; x_wconf 90' lang='lat' dir='ltr'><strong><em>non</em></strong></span> <span class='ocrx_word' id='word_1_440' title='bbox 664 3458 846 3511; x_wconf 88' lang='lat' dir='ltr'><strong><em>statim</em></strong></span> <span class='ocrx_word' id='word_1_441' title='bbox 880 3456 1079 3511; x_wconf 90' lang='lat' dir='ltr'><strong><em>bonum</em></strong></span> <span class='ocrx_word' id='word_1_442' title='bbox 1118 3456 1314 3514; x_wconf 90' lang='lat' dir='ltr'><strong><em>Christi</em></strong></span> <span class='ocrx_word' id='word_1_443' title='bbox 1346 3456 1589 3522; x_wconf 90' lang='lat' dir='ltr'><strong><em>odorem,</em></strong></span> <span class='ocrx_word' id='word_1_444' title='bbox 1639 3467 1693 3512; x_wconf 90' lang='lat' dir='ltr'><strong><em>et</em></strong></span> <span class='ocrx_word' id='word_1_445' title='bbox 1727 3457 1892 3514; x_wconf 66' lang='lat' dir='ltr'><strong><em>coele-</em></strong></span> 
     </span>
    </p>
   </div>
   <div class='ocr_carea' id='block_1_65' title="bbox 285 3549 1890 3619">
    <p class='ocr_par' dir='ltr' id='par_1_65' title="bbox 285 3549 1890 3619">
     <span class='ocr_line' id='line_1_65' title="bbox 285 3549 1890 3619; baseline -0.001 -14"><span class='ocrx_word' id='word_1_446' title='bbox 285 3550 448 3605; x_wconf 89' lang='lat' dir='ltr'><strong><em>stium</em></strong></span> <span class='ocrx_word' id='word_1_447' title='bbox 472 3551 856 3605; x_wconf 86' lang='lat' dir='ltr'><strong><em>charismatum</em></strong></span> <span class='ocrx_word' id='word_1_448' title='bbox 880 3550 1223 3619; x_wconf 85' lang='lat' dir='ltr'><strong><em>fragrantiam</em></strong></span> <span class='ocrx_word' id='word_1_449' title='bbox 1248 3550 1316 3604; x_wconf 90' lang='lat' dir='ltr'><strong><em>ab</em></strong></span> <span class='ocrx_word' id='word_1_450' title='bbox 1344 3551 1714 3606; x_wconf 66' lang='lat' dir='ltr'><strong><em>haereticarum</em></strong></span> <span class='ocrx_word' id='word_1_451' title='bbox 1737 3549 1890 3605; x_wconf 85' lang='lat' dir='ltr'><strong><em>fabu-</em></strong></span> 
     </span>
    </p>
   </div>
   <div class='ocr_carea' id='block_1_66' title="bbox 283 3636 1890 3712">
    <p class='ocr_par' dir='ltr' id='par_1_66' title="bbox 283 3636 1890 3712">
     <span class='ocr_line' id='line_1_66' title="bbox 283 3636 1890 3712; baseline 0.003 -18"><span class='ocrx_word' id='word_1_452' title='bbox 283 3640 481 3704; x_wconf 85' lang='lat' dir='ltr'><strong><em>larum,</em></strong></span> <span class='ocrx_word' id='word_1_453' title='bbox 507 3636 939 3712; x_wconf 82' lang='lat' dir='ltr'><strong><em>inéptiarumqtte</em></strong></span> <span class='ocrx_word' id='word_1_454' title='bbox 963 3640 1155 3696; x_wconf 71' lang='lat' dir='ltr'><strong><em>fretore</em></strong></span> <span class='ocrx_word' id='word_1_455' title='bbox 1177 3641 1565 3697; x_wconf 88' lang='lat' dir='ltr'><strong><em>discernerent.</em></strong></span> <span class='ocrx_word' id='word_1_456' title='bbox 1593 3642 1711 3698; x_wconf 85' lang='lat' dir='ltr'><strong><em>Non</em></strong></span> <span class='ocrx_word' id='word_1_457' title='bbox 1730 3643 1890 3699; x_wconf 92' lang='lat' dir='ltr'><strong><em>modo</em></strong></span> 
     </span>
    </p>
   </div>
   <div class='ocr_carea' id='block_1_67' title="bbox 281 3733 1892 3807">
    <p class='ocr_par' dir='ltr' id='par_1_67' title="bbox 281 3733 1892 3807">
     <span class='ocr_line' id='line_1_67' title="bbox 281 3733 1892 3807; baseline 0.002 -19"><span class='ocrx_word' id='word_1_458' title='bbox 281 3734 471 3788; x_wconf 88' lang='lat' dir='ltr'><strong><em>nullus</em></strong></span> <span class='ocrx_word' id='word_1_459' title='bbox 517 3735 724 3789; x_wconf 87' lang='lat' dir='ltr'><strong><em>ostendi</em></strong></span> <span class='ocrx_word' id='word_1_460' title='bbox 768 3742 944 3804; x_wconf 83' lang='lat' dir='ltr'><strong><em>potest</em></strong></span> <span class='ocrx_word' id='word_1_461' title='bbox 986 3733 1273 3790; x_wconf 67' lang='lat' dir='ltr'><strong><em>haereticus</em></strong></span> <span class='ocrx_word' id='word_1_462' title='bbox 1317 3743 1541 3807; x_wconf 87' lang='lat' dir='ltr'><strong><em>martyr,</em></strong></span> <span class='ocrx_word' id='word_1_463' title='bbox 1583 3751 1742 3806; x_wconf 89' lang='lat' dir='ltr'><strong><em>quem</em></strong></span> <span class='ocrx_word' id='word_1_464' title='bbox 1794 3751 1892 3806; x_wconf 91' lang='lat' dir='ltr'><strong><em>pro</em></strong></span> 
     </span>
    </p>
   </div>
   <div class='ocr_carea' id='block_1_68' title="bbox 293 3829 1892 3901">
    <p class='ocr_par' dir='ltr' id='par_1_68' title="bbox 293 3829 1892 3901">
     <span class='ocr_line' id='line_1_68' title="bbox 293 3829 1892 3901; baseline 0 -17"><span class='ocrx_word' id='word_1_465' title='bbox 293 3829 573 3884; x_wconf 87' lang='lat' dir='ltr'><strong><em>catholico</em></strong></span> <span class='ocrx_word' id='word_1_466' title='bbox 597 3829 778 3883; x_wconf 86' lang='lat' dir='ltr'><strong><em>Patres</em></strong></span> <span class='ocrx_word' id='word_1_467' title='bbox 803 3830 1108 3896; x_wconf 88' lang='lat' dir='ltr'><strong><em>coluerint,</em></strong></span> <span class='ocrx_word' id='word_1_468' title='bbox 1151 3829 1244 3885; x_wconf 88' lang='lat' dir='ltr'><strong><em>sed</em></strong></span> <span class='ocrx_word' id='word_1_469' title='bbox 1272 3845 1448 3901; x_wconf 88' lang='lat' dir='ltr'><strong><em>neque</em></strong></span> <span class='ocrx_word' id='word_1_470' title='bbox 1473 3831 1633 3884; x_wconf 89' lang='lat' dir='ltr'><strong><em>etiam</em></strong></span> <span class='ocrx_word' id='word_1_471' title='bbox 1668 3830 1771 3884; x_wconf 88' lang='lat' dir='ltr'><strong><em>ulla</em></strong></span> <span class='ocrx_word' id='word_1_472' title='bbox 1801 3847 1892 3884; x_wconf 87' lang='lat' dir='ltr'><strong><em>ea-</em></strong></span> 
     </span>
    </p>
   </div>
   <div class='ocr_carea' id='block_1_69' title="bbox 296 3919 1893 3996">
    <p class='ocr_par' dir='ltr' id='par_1_69' title="bbox 296 3919 1893 3996">
     <span class='ocr_line' id='line_1_69' title="bbox 296 3919 1893 3996; baseline -0.001 -20"><span class='ocrx_word' id='word_1_473' title='bbox 296 3919 630 3977; x_wconf 85' lang='lat' dir='ltr'><strong><em>tholicorum</em></strong></span> <span class='ocrx_word' id='word_1_474' title='bbox 676 3936 975 3996; x_wconf 87' lang='lat' dir='ltr'><strong><em>martyrum.</em></strong></span> <span class='ocrx_word' id='word_1_475' title='bbox 1009 3936 1128 3981; x_wconf 91' lang='lat' dir='ltr'><strong><em>acta</em></strong></span> <span class='ocrx_word' id='word_1_476' title='bbox 1181 3925 1446 3979; x_wconf 79' lang='lat' dir='ltr'><strong><em>luereticis</em></strong></span> <span class='ocrx_word' id='word_1_477' title='bbox 1477 3923 1670 3978; x_wconf 88' lang='lat' dir='ltr'><strong><em>fabulis</em></strong></span> <span class='ocrx_word' id='word_1_478' title='bbox 1716 3923 1893 3994; x_wconf 85' lang='lat' dir='ltr'><strong><em>inqui-</em></strong></span> 
     </span>
    </p>
   </div>
   <div class='ocr_carea' id='block_1_70' title="bbox 286 4015 1885 4088">
    <p class='ocr_par' dir='ltr' id='par_1_70' title="bbox 286 4015 1885 4088">
     <span class='ocr_line' id='line_1_70' title="bbox 286 4015 1885 4088; baseline -0.001 -16"><span class='ocrx_word' id='word_1_479' title='bbox 286 4026 419 4072; x_wconf 87' lang='lat' dir='ltr'><strong><em>nata</em></strong></span> <span class='ocrx_word' id='word_1_480' title='bbox 447 4057 460 4078; x_wconf 91' lang='lat'><strong><em>,</em></strong></span> <span class='ocrx_word' id='word_1_481' title='bbox 488 4033 715 4088; x_wconf 87' lang='lat' dir='ltr'><strong><em>quorum</em></strong></span> <span class='ocrx_word' id='word_1_482' title='bbox 739 4017 803 4073; x_wconf 88' lang='lat' dir='ltr'><strong><em>ad</em></strong></span> <span class='ocrx_word' id='word_1_483' title='bbox 834 4018 1069 4074; x_wconf 87' lang='lat' dir='ltr'><strong><em>fidelium</em></strong></span> <span class='ocrx_word' id='word_1_484' title='bbox 1093 4017 1498 4072; x_wconf 75' lang='lat' dir='ltr'><strong><em>:edilicationem</em></strong></span> <span class='ocrx_word' id='word_1_485' title='bbox 1529 4015 1798 4085; x_wconf 88' lang='lat' dir='ltr'><strong><em>publicam</em></strong></span> <span class='ocrx_word' id='word_1_486' title='bbox 1834 4016 1885 4070; x_wconf 92' lang='lat' dir='ltr'><strong><em>in</em></strong></span> 
     </span>
    </p>
   </div>
   <div class='ocr_carea' id='block_1_71' title="bbox 282 4106 1891 4175">
    <p class='ocr_par' dir='ltr' id='par_1_71' title="bbox 282 4106 1891 4175">
     <span class='ocr_line' id='line_1_71' title="bbox 282 4106 1891 4175; baseline -0.002 -11"><span class='ocrx_word' id='word_1_487' title='bbox 282 4106 526 4164; x_wconf 83' lang='lat' dir='ltr'><strong><em>Ecclesia</em></strong></span> <span class='ocrx_word' id='word_1_488' title='bbox 573 4109 859 4166; x_wconf 88' lang='lat' dir='ltr'><strong><em>lectionem</em></strong></span> <span class='ocrx_word' id='word_1_489' title='bbox 891 4125 1012 4166; x_wconf 88' lang='lat' dir='ltr'><strong><em>esse</em></strong></span> <span class='ocrx_word' id='word_1_490' title='bbox 1036 4110 1322 4164; x_wconf 90' lang='lat' dir='ltr'><strong><em>voluerint.</em></strong></span> <span class='ocrx_word' id='word_1_491' title='bbox 1375 4106 1447 4162; x_wconf 90' lang='lat' dir='ltr'><strong><em>Ut</em></strong></span> <span class='ocrx_word' id='word_1_492' title='bbox 1488 4106 1610 4160; x_wconf 87' lang='lat' dir='ltr'><strong><em>boni</em></strong></span> <span class='ocrx_word' id='word_1_493' title='bbox 1649 4116 1891 4175; x_wconf 88' lang='lat' dir='ltr'><strong><em>pastores</em></strong></span> 
     </span>
    </p>
   </div>
   <div class='ocr_carea' id='block_1_72' title="bbox 281 4197 1890 4268">
    <p class='ocr_par' dir='ltr' id='par_1_72' title="bbox 281 4197 1890 4268">
     <span class='ocr_line' id='line_1_72' title="bbox 281 4197 1890 4268; baseline -0.002 -11"><span class='ocrx_word' id='word_1_494' title='bbox 281 4201 493 4257; x_wconf 89' lang='lat' dir='ltr'><strong><em>solliciti</em></strong></span> <span class='ocrx_word' id='word_1_495' title='bbox 523 4200 812 4257; x_wconf 87' lang='lat' dir='ltr'><strong><em>admodum</em></strong></span> <span class='ocrx_word' id='word_1_496' title='bbox 845 4213 1026 4266; x_wconf 89' lang='lat' dir='ltr'><strong><em>erant,</em></strong></span> <span class='ocrx_word' id='word_1_497' title='bbox 1061 4211 1175 4256; x_wconf 88' lang='lat' dir='ltr'><strong><em>uta</em></strong></span> <span class='ocrx_word' id='word_1_498' title='bbox 1215 4198 1388 4254; x_wconf 81' lang='lat' dir='ltr'><strong><em>noxiis</em></strong></span> <span class='ocrx_word' id='word_1_499' title='bbox 1419 4207 1581 4268; x_wconf 88' lang='lat' dir='ltr'><strong><em>atque</em></strong></span> <span class='ocrx_word' id='word_1_500' title='bbox 1609 4197 1890 4253; x_wconf 90' lang='lat' dir='ltr'><strong><em>inutilibus</em></strong></span> 
     </span>
    </p>
   </div>
   <div class='ocr_carea' id='block_1_73' title="bbox 281 4289 1892 4361">
    <p class='ocr_par' dir='ltr' id='par_1_73' title="bbox 281 4289 1892 4361">
     <span class='ocr_line' id='line_1_73' title="bbox 281 4289 1892 4361; baseline -0.002 -13"><span class='ocrx_word' id='word_1_501' title='bbox 281 4291 465 4348; x_wconf 86' lang='lat' dir='ltr'><strong><em>herbis</em></strong></span> <span class='ocrx_word' id='word_1_502' title='bbox 509 4309 639 4349; x_wconf 90' lang='lat' dir='ltr'><strong><em>oves</em></strong></span> <span class='ocrx_word' id='word_1_503' title='bbox 678 4303 993 4350; x_wconf 85' lang='lat' dir='ltr'><strong><em>averterent</em></strong></span> <span class='ocrx_word' id='word_1_504' title='bbox 1033 4307 1158 4348; x_wconf 87' lang='lat' dir='ltr'><strong><em>suas</em></strong></span> <span class='ocrx_word' id='word_1_505' title='bbox 1191 4308 1204 4344; x_wconf 91' lang='lat'><strong>:</strong></span> <span class='ocrx_word' id='word_1_506' title='bbox 1239 4305 1412 4361; x_wconf 90' lang='lat' dir='ltr'><strong><em>neque</em></strong></span> <span class='ocrx_word' id='word_1_507' title='bbox 1443 4289 1717 4345; x_wconf 88' lang='lat' dir='ltr'><strong><em>credimus</em></strong></span> <span class='ocrx_word' id='word_1_508' title='bbox 1748 4289 1892 4344; x_wconf 85' lang='lat' dir='ltr'><strong><em>frau-</em></strong></span> 
     </span>
    </p>
   </div>
   <div class='ocr_carea' id='block_1_74' title="bbox 281 4383 1892 4458">
    <p class='ocr_par' dir='ltr' id='par_1_74' title="bbox 281 4383 1892 4458">
     <span class='ocr_line' id='line_1_74' title="bbox 281 4383 1892 4458; baseline -0.001 -19"><span class='ocrx_word' id='word_1_509' title='bbox 281 4383 402 4440; x_wconf 89' lang='lat' dir='ltr'><strong><em>dem</em></strong></span> <span class='ocrx_word' id='word_1_510' title='bbox 449 4388 581 4441; x_wconf 92' lang='lat' dir='ltr'><strong><em>nulli</em></strong></span> <span class='ocrx_word' id='word_1_511' title='bbox 613 4403 710 4458; x_wconf 90' lang='lat' dir='ltr'><strong><em>per</em></strong></span> <span class='ocrx_word' id='word_1_512' title='bbox 736 4396 816 4442; x_wconf 89' lang='lat' dir='ltr'><strong><em>tot</em></strong></span> <span class='ocrx_word' id='word_1_513' title='bbox 853 4386 1048 4442; x_wconf 66' lang='lat' dir='ltr'><strong><em>saecula</em></strong></span> <span class='ocrx_word' id='word_1_514' title='bbox 1096 4384 1550 4448; x_wconf 89' lang='lat' dir='ltr'><strong><em>animadversam,</em></strong></span> <span class='ocrx_word' id='word_1_515' title='bbox 1602 4399 1744 4438; x_wconf 91' lang='lat' dir='ltr'><strong><em>nunc</em></strong></span> <span class='ocrx_word' id='word_1_516' title='bbox 1775 4393 1892 4438; x_wconf 87' lang='lat' dir='ltr'><strong><em>tan-</em></strong></span> 
     </span>
    </p>
   </div>
   <div class='ocr_carea' id='block_1_75' title="bbox 280 4475 1893 4549">
    <p class='ocr_par' dir='ltr' id='par_1_75' title="bbox 280 4475 1893 4549">
     <span class='ocr_line' id='line_1_75' title="bbox 280 4475 1893 4549; baseline -0.001 -17"><span class='ocrx_word' id='word_1_517' title='bbox 280 4476 400 4532; x_wconf 88' lang='lat' dir='ltr'><strong><em>dem</em></strong></span> <span class='ocrx_word' id='word_1_518' title='bbox 448 4479 713 4549; x_wconf 81' lang='lat' dir='ltr'><strong><em>Basnagio</em></strong></span> <span class='ocrx_word' id='word_1_519' title='bbox 743 4479 1066 4535; x_wconf 83' lang='lat' dir='ltr'><strong><em>suboluisse.</em></strong></span> <span class='ocrx_word' id='word_1_520' title='bbox 1120 4475 1447 4532; x_wconf 81' lang='lat' dir='ltr'><strong><em>Enitendum</em></strong></span> <span class='ocrx_word' id='word_1_521' title='bbox 1495 4484 1579 4531; x_wconf 88' lang='lat' dir='ltr'><strong><em>est</em></strong></span> <span class='ocrx_word' id='word_1_522' title='bbox 1623 4476 1804 4547; x_wconf 87' lang='lat' dir='ltr'><strong><em>igitur,</em></strong></span> <span class='ocrx_word' id='word_1_523' title='bbox 1835 4484 1893 4531; x_wconf 94' lang='lat' dir='ltr'><strong><em>ut</em></strong></span> 
     </span>
    </p>
   </div>
   <div class='ocr_carea' id='block_1_76' title="bbox 1995 3259 3594 3340">
    <p class='ocr_par' dir='ltr' id='par_1_76' title="bbox 1995 3259 3594 3340">
     <span class='ocr_line' id='line_1_76' title="bbox 1995 3259 3594 3340; baseline -0.009 -14"><span class='ocrx_word' id='word_1_524' title='bbox 1995 3266 2124 3340; x_wconf 57' lang='lat' dir='ltr'><strong><em>pora</em></strong></span> <span class='ocrx_word' id='word_1_525' title='bbox 2170 3268 2470 3324; x_wconf 75' lang='lat' dir='ltr'><strong><em>ctelestium</em></strong></span> <span class='ocrx_word' id='word_1_526' title='bbox 2517 3265 2781 3321; x_wconf 88' lang='lat' dir='ltr'><strong><em>donorum</em></strong></span> <span class='ocrx_word' id='word_1_527' title='bbox 2830 3263 3090 3323; x_wconf 85' lang='lat' dir='ltr'><strong><em>ubertate,</em></strong></span> <span class='ocrx_word' id='word_1_528' title='bbox 3142 3269 3196 3316; x_wconf 90' lang='lat' dir='ltr'><strong><em>et</em></strong></span> <span class='ocrx_word' id='word_1_529' title='bbox 3243 3275 3376 3329; x_wconf 88' lang='lat' dir='ltr'><strong><em>pene</em></strong></span> <span class='ocrx_word' id='word_1_530' title='bbox 3418 3259 3594 3328; x_wconf 90' lang='lat' dir='ltr'><strong><em>quoti-</em></strong></span> 
     </span>
    </p>
   </div>
   <div class='ocr_carea' id='block_1_77' title="bbox 1994 3349 3593 3427">
    <p class='ocr_par' dir='ltr' id='par_1_77' title="bbox 1994 3349 3593 3427">
     <span class='ocr_line' id='line_1_77' title="bbox 1994 3349 3593 3427; baseline -0.008 -11"><span class='ocrx_word' id='word_1_531' title='bbox 1994 3363 2154 3417; x_wconf 88' lang='lat' dir='ltr'><strong><em>diano</em></strong></span> <span class='ocrx_word' id='word_1_532' title='bbox 2184 3369 2236 3415; x_wconf 90' lang='lat' dir='ltr'><strong><em>et</em></strong></span> <span class='ocrx_word' id='word_1_533' title='bbox 2274 3360 2566 3423; x_wconf 91' lang='lat' dir='ltr'><strong><em>communi,</em></strong></span> <span class='ocrx_word' id='word_1_534' title='bbox 2614 3373 2676 3412; x_wconf 91' lang='lat' dir='ltr'><strong><em>ac</em></strong></span> <span class='ocrx_word' id='word_1_535' title='bbox 2705 3356 2980 3427; x_wconf 89' lang='lat' dir='ltr'><strong><em>quibusvis</em></strong></span> <span class='ocrx_word' id='word_1_536' title='bbox 3001 3354 3162 3423; x_wconf 89' lang='lat' dir='ltr'><strong><em>justis</em></strong></span> <span class='ocrx_word' id='word_1_537' title='bbox 3189 3351 3432 3422; x_wconf 77' lang='lat' dir='ltr'><strong><em>exposito</em></strong></span> <span class='ocrx_word' id='word_1_538' title='bbox 3457 3349 3593 3406; x_wconf 84' lang='lat' dir='ltr'><strong><em>divi-</em></strong></span> 
     </span>
    </p>
   </div>
   <div class='ocr_carea' id='block_1_78' title="bbox 1997 3443 3591 3518">
    <p class='ocr_par' dir='ltr' id='par_1_78' title="bbox 1997 3443 3591 3518">
     <span class='ocr_line' id='line_1_78' title="bbox 1997 3443 3591 3518; baseline -0.006 -12"><span class='ocrx_word' id='word_1_539' title='bbox 1997 3467 2188 3507; x_wconf 90' lang='lat' dir='ltr'><strong><em>norum</em></strong></span> <span class='ocrx_word' id='word_1_540' title='bbox 2219 3451 2597 3506; x_wconf 87' lang='lat' dir='ltr'><strong><em>charismatum</em></strong></span> <span class='ocrx_word' id='word_1_541' title='bbox 2629 3446 2772 3518; x_wconf 91' lang='lat' dir='ltr'><strong><em>usu),</em></strong></span> <span class='ocrx_word' id='word_1_542' title='bbox 2805 3456 3039 3501; x_wconf 89' lang='lat' dir='ltr'><strong><em>attamen</em></strong></span> <span class='ocrx_word' id='word_1_543' title='bbox 3063 3444 3186 3515; x_wconf 86' lang='lat' dir='ltr'><strong><em>quia</em></strong></span> <span class='ocrx_word' id='word_1_544' title='bbox 3215 3443 3351 3497; x_wconf 85' lang='lat' dir='ltr'><strong><em>bene</em></strong></span> <span class='ocrx_word' id='word_1_545' title='bbox 3381 3443 3591 3512; x_wconf 84' lang='lat' dir='ltr'><strong><em>longam</em></strong></span> 
     </span>
    </p>
   </div>
   <div class='ocr_carea' id='block_1_79' title="bbox 1995 3536 3593 3615">
    <p class='ocr_par' dir='ltr' id='par_1_79' title="bbox 1995 3536 3593 3615">
     <span class='ocr_line' id='line_1_79' title="bbox 1995 3536 3593 3615; baseline -0.006 -15"><span class='ocrx_word' id='word_1_546' title='bbox 1995 3545 2366 3615; x_wconf 77' lang='lat' dir='ltr'><strong><em>eruditumque</em></strong></span> <span class='ocrx_word' id='word_1_547' title='bbox 2403 3543 2466 3596; x_wconf 84' lang='lat' dir='ltr'><strong><em>de</em></strong></span> <span class='ocrx_word' id='word_1_548' title='bbox 2495 3541 2782 3595; x_wconf 84' lang='lat' dir='ltr'><strong><em>Visionibus</em></strong></span> <span class='ocrx_word' id='word_1_549' title='bbox 2813 3540 2878 3593; x_wconf 90' lang='lat' dir='ltr'><strong><em>ad</em></strong></span> <span class='ocrx_word' id='word_1_550' title='bbox 2905 3539 3193 3608; x_wconf 80' lang='lat' dir='ltr'><strong><em>Epistulam</em></strong></span> <span class='ocrx_word' id='word_1_551' title='bbox 3224 3553 3311 3590; x_wconf 88' lang='lat' dir='ltr'><strong><em>vm</em></strong></span> <span class='ocrx_word' id='word_1_552' title='bbox 3341 3536 3593 3607; x_wconf 84' lang='lat' dir='ltr'><strong><em>Cypriani</em></strong></span> 
     </span>
    </p>
   </div>
   <div class='ocr_carea' id='block_1_80' title="bbox 1994 3629 3594 3694">
    <p class='ocr_par' dir='ltr' id='par_1_80' title="bbox 1994 3629 3594 3694">
     <span class='ocr_line' id='line_1_80' title="bbox 1994 3629 3594 3694; baseline -0.006 0"><span class='ocrx_word' id='word_1_553' title='bbox 1994 3639 2423 3694; x_wconf 86' lang='lat' dir='ltr'><strong><em>dissertationem</em></strong></span> <span class='ocrx_word' id='word_1_554' title='bbox 2468 3636 2633 3691; x_wconf 70' lang='lat' dir='ltr'><strong><em>texuit</em></strong></span> <span class='ocrx_word' id='word_1_555' title='bbox 2662 3634 2926 3689; x_wconf 82' lang='lat' dir='ltr'><strong><em>Henricus</em></strong></span> <span class='ocrx_word' id='word_1_556' title='bbox 2959 3631 3265 3686; x_wconf 86' lang='lat' dir='ltr'><strong><em>Dodwcllus</em></strong></span> <span class='ocrx_word' id='word_1_557' title='bbox 3297 3631 3435 3684; x_wconf 90' lang='lat' dir='ltr'><strong><em>inter</em></strong></span> <span class='ocrx_word' id='word_1_558' title='bbox 3464 3629 3594 3684; x_wconf 84' lang='lat' dir='ltr'><strong><em>Pro-</em></strong></span> 
     </span>
    </p>
   </div>
   <div class='ocr_carea' id='block_1_81' title="bbox 1997 3725 3594 3795">
    <p class='ocr_par' dir='ltr' id='par_1_81' title="bbox 1997 3725 3594 3795">
     <span class='ocr_line' id='line_1_81' title="bbox 1997 3725 3594 3795; baseline -0.005 -9"><span class='ocrx_word' id='word_1_559' title='bbox 1997 3741 2251 3787; x_wconf 88' lang='lat' dir='ltr'><strong><em>testantes</em></strong></span> <span class='ocrx_word' id='word_1_560' title='bbox 2279 3746 2382 3785; x_wconf 92' lang='lat' dir='ltr'><strong><em>non</em></strong></span> <span class='ocrx_word' id='word_1_561' title='bbox 2436 3729 2599 3783; x_wconf 86' lang='lat' dir='ltr'><strong><em>infimi</em></strong></span> <span class='ocrx_word' id='word_1_562' title='bbox 2632 3727 2869 3782; x_wconf 89' lang='lat' dir='ltr'><strong><em>subsellii</em></strong></span> <span class='ocrx_word' id='word_1_563' title='bbox 2899 3725 3197 3795; x_wconf 85' lang='lat' dir='ltr'><strong><em>theologus,</em></strong></span> <span class='ocrx_word' id='word_1_564' title='bbox 3230 3725 3279 3778; x_wconf 93' lang='lat' dir='ltr'><strong><em>in</em></strong></span> <span class='ocrx_word' id='word_1_565' title='bbox 3311 3738 3413 3794; x_wconf 89' lang='lat' dir='ltr'><strong><em>qua</em></strong></span> <span class='ocrx_word' id='word_1_566' title='bbox 3446 3735 3594 3779; x_wconf 75' lang='lat' dir='ltr'><strong><em>vete-</em></strong></span> 
     </span>
    </p>
   </div>
   <div class='ocr_carea' id='block_1_82' title="bbox 1994 3817 3592 3889">
    <p class='ocr_par' dir='ltr' id='par_1_82' title="bbox 1994 3817 3592 3889">
     <span class='ocr_line' id='line_1_82' title="bbox 1994 3817 3592 3889; baseline -0.004 -11"><span class='ocrx_word' id='word_1_567' title='bbox 1994 3840 2112 3878; x_wconf 88' lang='lat' dir='ltr'><strong><em>rum</em></strong></span> <span class='ocrx_word' id='word_1_568' title='bbox 2167 3825 2412 3886; x_wconf 91' lang='lat' dir='ltr'><strong><em>Patrum,</em></strong></span> <span class='ocrx_word' id='word_1_569' title='bbox 2456 3822 2608 3876; x_wconf 88' lang='lat' dir='ltr'><strong><em>initio</em></strong></span> <span class='ocrx_word' id='word_1_570' title='bbox 2659 3830 2872 3889; x_wconf 86' lang='lat' dir='ltr'><strong><em>sumpto</em></strong></span> <span class='ocrx_word' id='word_1_571' title='bbox 2911 3818 2980 3872; x_wconf 84' lang='lat' dir='ltr'><strong><em>ab</em></strong></span> <span class='ocrx_word' id='word_1_572' title='bbox 3031 3817 3339 3887; x_wconf 81' lang='lat' dir='ltr'><strong><em>apostolicis</em></strong></span> <span class='ocrx_word' id='word_1_573' title='bbox 3379 3817 3444 3871; x_wconf 90' lang='lat' dir='ltr'><strong><em>ad</em></strong></span> <span class='ocrx_word' id='word_1_574' title='bbox 3490 3817 3592 3886; x_wconf 88' lang='lat' dir='ltr'><strong><em>Cy-</em></strong></span> 
     </span>
    </p>
   </div>
   <div class='ocr_carea' id='block_1_83' title="bbox 1996 3909 3594 3985">
    <p class='ocr_par' dir='ltr' id='par_1_83' title="bbox 1996 3909 3594 3985">
     <span class='ocr_line' id='line_1_83' title="bbox 1996 3909 3594 3985; baseline -0.003 -16"><span class='ocrx_word' id='word_1_575' title='bbox 1996 3916 2240 3985; x_wconf 91' lang='lat' dir='ltr'><strong><em>prianum</em></strong></span> <span class='ocrx_word' id='word_1_576' title='bbox 2289 3928 2458 3984; x_wconf 90' lang='lat' dir='ltr'><strong><em>usque</em></strong></span> <span class='ocrx_word' id='word_1_577' title='bbox 2489 3913 2604 3966; x_wconf 89' lang='lat' dir='ltr'><strong><em>loca</em></strong></span> <span class='ocrx_word' id='word_1_578' title='bbox 2653 3911 2830 3967; x_wconf 87' lang='lat' dir='ltr'><strong><em>omnia</em></strong></span> <span class='ocrx_word' id='word_1_579' title='bbox 2878 3911 2929 3964; x_wconf 93' lang='lat' dir='ltr'><strong><em>in</em></strong></span> <span class='ocrx_word' id='word_1_580' title='bbox 2961 3909 3152 3978; x_wconf 92' lang='lat' dir='ltr'><strong><em>quibus</em></strong></span> <span class='ocrx_word' id='word_1_581' title='bbox 3195 3909 3264 3965; x_wconf 88' lang='lat' dir='ltr'><strong><em>de</em></strong></span> <span class='ocrx_word' id='word_1_582' title='bbox 3300 3909 3594 3964; x_wconf 63' lang='lat' dir='ltr'><strong><em>visionibus</em></strong></span> 
     </span>
    </p>
   </div>
   <div class='ocr_carea' id='block_1_84' title="bbox 1994 4001 3594 4078">
    <p class='ocr_par' dir='ltr' id='par_1_84' title="bbox 1994 4001 3594 4078">
     <span class='ocr_line' id='line_1_84' title="bbox 1994 4001 3594 4078; baseline -0.004 -17"><span class='ocrx_word' id='word_1_583' title='bbox 1994 4016 2177 4078; x_wconf 84' lang='lat' dir='ltr'><strong><em>agunt,</em></strong></span> <span class='ocrx_word' id='word_1_584' title='bbox 2208 4005 2470 4060; x_wconf 85' lang='lat' dir='ltr'><strong><em>adversus</em></strong></span> <span class='ocrx_word' id='word_1_585' title='bbox 2496 4019 2588 4058; x_wconf 89' lang='lat' dir='ltr'><strong><em>eos</em></strong></span> <span class='ocrx_word' id='word_1_586' title='bbox 2612 4004 2843 4059; x_wconf 86' lang='lat' dir='ltr'><strong><em>asseruit</em></strong></span> <span class='ocrx_word' id='word_1_587' title='bbox 2859 4017 2921 4056; x_wconf 88' lang='lat' dir='ltr'><strong><em>ac</em></strong></span> <span class='ocrx_word' id='word_1_588' title='bbox 2945 4001 3230 4054; x_wconf 88' lang='lat' dir='ltr'><strong><em>vindicavit</em></strong></span> <span class='ocrx_word' id='word_1_589' title='bbox 3251 4019 3271 4050; x_wconf 86' lang='grc'><strong><em>‹</em></strong></span> <span class='ocrx_word' id='word_1_590' title='bbox 3295 4004 3402 4069; x_wconf 87' lang='lat' dir='ltr'><strong><em>qui,</em></strong></span> <span class='ocrx_word' id='word_1_591' title='bbox 3422 4011 3478 4054; x_wconf 92' lang='lat' dir='ltr'><strong><em>ut</em></strong></span> <span class='ocrx_word' id='word_1_592' title='bbox 3497 4002 3594 4067; x_wconf 89' lang='lat' dir='ltr'><strong><em>ait,</em></strong></span> 
     </span>
    </p>
   </div>
   <div class='ocr_carea' id='block_1_85' title="bbox 1994 4089 3594 4171">
    <p class='ocr_par' dir='ltr' id='par_1_85' title="bbox 1994 4089 3594 4171">
     <span class='ocr_line' id='line_1_85' title="bbox 1994 4089 3594 4171; baseline -0.006 -17"><span class='ocrx_word' id='word_1_593' title='bbox 1994 4117 2114 4171; x_wconf 70' lang='lat' dir='ltr'><strong><em>qum</em></strong></span> <span class='ocrx_word' id='word_1_594' title='bbox 2167 4099 2350 4169; x_wconf 84' lang='lat' dir='ltr'><strong><em>legunt</em></strong></span> <span class='ocrx_word' id='word_1_595' title='bbox 2401 4097 2451 4150; x_wconf 90' lang='lat' dir='ltr'><strong><em>in</em></strong></span> <span class='ocrx_word' id='word_1_596' title='bbox 2499 4095 2638 4149; x_wconf 89' lang='lat' dir='ltr'><strong><em>illius</em></strong></span> <span class='ocrx_word' id='word_1_597' title='bbox 2691 4093 2872 4148; x_wconf 76' lang='lat' dir='ltr'><strong><em>saeculi</em></strong></span> <span class='ocrx_word' id='word_1_598' title='bbox 2915 4090 3223 4144; x_wconf 89' lang='lat' dir='ltr'><strong><em>auctoribus</em></strong></span> <span class='ocrx_word' id='word_1_599' title='bbox 3267 4090 3334 4144; x_wconf 89' lang='lat' dir='ltr'><strong><em>de</em></strong></span> <span class='ocrx_word' id='word_1_600' title='bbox 3375 4089 3594 4144; x_wconf 83' lang='lat' dir='ltr'><strong><em>visioni—</em></strong></span> 
     </span>
    </p>
   </div>
   <div class='ocr_carea' id='block_1_86' title="bbox 1995 4180 3589 4259">
    <p class='ocr_par' dir='ltr' id='par_1_86' title="bbox 1995 4180 3589 4259">
     <span class='ocr_line' id='line_1_86' title="bbox 1995 4180 3589 4259; baseline -0.011 -10"><span class='ocrx_word' id='word_1_601' title='bbox 1995 4194 2114 4259; x_wconf 87' lang='lat' dir='ltr'><strong><em>bus,</em></strong></span> <span class='ocrx_word' id='word_1_602' title='bbox 2142 4207 2203 4247; x_wconf 90' lang='lat' dir='ltr'><strong><em>ea</em></strong></span> <span class='ocrx_word' id='word_1_603' title='bbox 2244 4191 2310 4244; x_wconf 89' lang='lat' dir='ltr'><strong><em>ad</em></strong></span> <span class='ocrx_word' id='word_1_604' title='bbox 2342 4188 2649 4243; x_wconf 81' lang='lat' dir='ltr'><strong><em>Montanum</em></strong></span> <span class='ocrx_word' id='word_1_605' title='bbox 2695 4185 2914 4239; x_wconf 87' lang='lat' dir='ltr'><strong><em>trahunt</em></strong></span> <span class='ocrx_word' id='word_1_606' title='bbox 2955 4191 3114 4250; x_wconf 90' lang='lat' dir='ltr'><strong><em>atque</em></strong></span> <span class='ocrx_word' id='word_1_607' title='bbox 3154 4180 3528 4246; x_wconf 87' lang='lat' dir='ltr'><strong><em>Montanistas;</em></strong></span> <span class='ocrx_word' id='word_1_608' title='bbox 3569 4200 3589 4232; x_wconf 75' lang='grc' dir='ltr'><strong><em>ι</em></strong></span> 
     </span>
    </p>
   </div>
   <div class='ocr_carea' id='block_1_87' title="bbox 1997 4270 3591 4354">
    <p class='ocr_par' dir='ltr' id='par_1_87' title="bbox 1997 4270 3591 4354">
     <span class='ocr_line' id='line_1_87' title="bbox 1997 4270 3591 4354; baseline -0.008 -14"><span class='ocrx_word' id='word_1_609' title='bbox 1997 4283 2118 4340; x_wconf 88' lang='lat' dir='ltr'><strong><em>ideo</em></strong></span> <span class='ocrx_word' id='word_1_610' title='bbox 2141 4283 2244 4338; x_wconf 93' lang='lat' dir='ltr'><strong><em>hoc</em></strong></span> <span class='ocrx_word' id='word_1_611' title='bbox 2270 4298 2370 4354; x_wconf 85' lang='lat' dir='ltr'><strong><em>ego</em></strong></span> <span class='ocrx_word' id='word_1_612' title='bbox 2393 4281 2576 4335; x_wconf 88' lang='lat' dir='ltr'><strong><em>labore</em></strong></span> <span class='ocrx_word' id='word_1_613' title='bbox 2597 4279 2649 4333; x_wconf 92' lang='lat' dir='ltr'><strong><em>in</em></strong></span> <span class='ocrx_word' id='word_1_614' title='bbox 2676 4275 2958 4348; x_wconf 64' lang='lat' dir='ltr'><strong><em>praesentia</em></strong></span> <span class='ocrx_word' id='word_1_615' title='bbox 2989 4270 3371 4342; x_wconf 86' lang='lat' dir='ltr'><strong><em>supersedebo,</em></strong></span> <span class='ocrx_word' id='word_1_616' title='bbox 3403 4271 3498 4325; x_wconf 88' lang='lat' dir='ltr'><strong><em>sed</em></strong></span> <span class='ocrx_word' id='word_1_617' title='bbox 3527 4286 3591 4327; x_wconf 85' lang='lat' dir='ltr'><strong><em>ea</em></strong></span> 
     </span>
    </p>
   </div>
   <div class='ocr_carea' id='block_1_88' title="bbox 1997 4365 3592 4444">
    <p class='ocr_par' dir='ltr' id='par_1_88' title="bbox 1997 4365 3592 4444">
     <span class='ocr_line' id='line_1_88' title="bbox 1997 4365 3592 4444; baseline -0.01 -8"><span class='ocrx_word' id='word_1_618' title='bbox 1997 4380 2273 4436; x_wconf 85' lang='lat' dir='ltr'><strong><em>dumtaxat</em></strong></span> <span class='ocrx_word' id='word_1_619' title='bbox 2291 4392 2414 4434; x_wconf 90' lang='lat' dir='ltr'><strong><em>cum</em></strong></span> <span class='ocrx_word' id='word_1_620' title='bbox 2443 4391 2509 4431; x_wconf 83' lang='lat' dir='ltr'><strong><em>ex</em></strong></span> <span class='ocrx_word' id='word_1_621' title='bbox 2538 4374 2874 4444; x_wconf 88' lang='lat' dir='ltr'><strong><em>antiquorum</em></strong></span> <span class='ocrx_word' id='word_1_622' title='bbox 2899 4370 3112 4424; x_wconf 88' lang='lat' dir='ltr'><strong><em>Patrum</em></strong></span> <span class='ocrx_word' id='word_1_623' title='bbox 3140 4367 3352 4437; x_wconf 88' lang='lat' dir='ltr'><strong><em>scriptis</em></strong></span> <span class='ocrx_word' id='word_1_624' title='bbox 3371 4365 3592 4436; x_wconf 86' lang='lat' dir='ltr'><strong><em>seligam</em></strong></span> 
     </span>
    </p>
   </div>
   <div class='ocr_carea' id='block_1_89' title="bbox 1999 4459 3598 4536">
    <p class='ocr_par' dir='ltr' id='par_1_89' title="bbox 1999 4459 3598 4536">
     <span class='ocr_line' id='line_1_89' title="bbox 1999 4459 3598 4536; baseline -0.009 -7"><span class='ocrx_word' id='word_1_625' title='bbox 1999 4473 2324 4533; x_wconf 85' lang='lat' dir='ltr'><strong><em>testimonia,</em></strong></span> <span class='ocrx_word' id='word_1_626' title='bbox 2359 4480 2471 4524; x_wconf 90' lang='lat' dir='ltr'><strong><em>tum</em></strong></span> <span class='ocrx_word' id='word_1_627' title='bbox 2516 4484 2582 4523; x_wconf 83' lang='lat' dir='ltr'><strong><em>ex</em></strong></span> <span class='ocrx_word' id='word_1_628' title='bbox 2621 4475 2915 4536; x_wconf 84' lang='lat' dir='ltr'><strong><em>martyrum</em></strong></span> <span class='ocrx_word' id='word_1_629' title='bbox 2965 4462 3191 4518; x_wconf 89' lang='lat' dir='ltr'><strong><em>sinceris</em></strong></span> <span class='ocrx_word' id='word_1_630' title='bbox 3217 4461 3366 4516; x_wconf 84' lang='lat' dir='ltr'><strong><em>Actis</em></strong></span> <span class='ocrx_word' id='word_1_631' title='bbox 3403 4459 3598 4527; x_wconf 87' lang='lat' dir='ltr'><strong><em>proba-</em></strong></span> 
     </span>
    </p>
   </div>
   <div class='ocr_carea' id='block_1_90' title="bbox 281 4555 3591 4642">
    <p class='ocr_par' dir='ltr' id='par_1_90' title="bbox 281 4555 3591 4642">
     <span class='ocr_line' id='line_1_90' title="bbox 281 4555 3591 4642; baseline -0.005 -19"><span class='ocrx_word' id='word_1_632' title='bbox 281 4569 509 4641; x_wconf 84' lang='lat' dir='ltr'><strong><em>injectas</em></strong></span> <span class='ocrx_word' id='word_1_633' title='bbox 537 4573 772 4642; x_wconf 88' lang='lat' dir='ltr'><strong><em>antiquis</em></strong></span> <span class='ocrx_word' id='word_1_634' title='bbox 823 4571 997 4626; x_wconf 84' lang='lat' dir='ltr'><strong><em>hisce</em></strong></span> <span class='ocrx_word' id='word_1_635' title='bbox 1026 4580 1080 4626; x_wconf 87' lang='lat' dir='ltr'><strong><em>et</em></strong></span> <span class='ocrx_word' id='word_1_636' title='bbox 1119 4569 1362 4640; x_wconf 89' lang='lat' dir='ltr'><strong><em>probatis</em></strong></span> <span class='ocrx_word' id='word_1_637' title='bbox 1391 4576 1636 4624; x_wconf 89' lang='lat' dir='ltr'><strong><em>veterum</em></strong></span> <span class='ocrx_word' id='word_1_638' title='bbox 1667 4568 1884 4625; x_wconf 88' lang='lat' dir='ltr'><strong><em>Patrum</em></strong></span> <span class='ocrx_word' id='word_1_639' title='bbox 1916 4571 1970 4632; x_wconf 91' lang='lat' dir='ltr'><strong>D</strong></span> <span class='ocrx_word' id='word_1_640' title='bbox 2000 4567 2171 4638; x_wconf 86' lang='lat' dir='ltr'><strong><em>lisque</em></strong></span> <span class='ocrx_word' id='word_1_641' title='bbox 2217 4564 2456 4619; x_wconf 89' lang='lat' dir='ltr'><strong><em>historiis</em></strong></span> <span class='ocrx_word' id='word_1_642' title='bbox 2501 4561 2744 4631; x_wconf 81' lang='lat' dir='ltr'><strong><em>exempla</em></strong></span> <span class='ocrx_word' id='word_1_643' title='bbox 2785 4573 2904 4629; x_wconf 71' lang='lat' dir='ltr'><strong><em>qua:</em></strong></span> <span class='ocrx_word' id='word_1_644' title='bbox 2947 4556 3014 4610; x_wconf 89' lang='lat' dir='ltr'><strong><em>ad</em></strong></span> <span class='ocrx_word' id='word_1_645' title='bbox 3065 4571 3240 4611; x_wconf 89' lang='lat' dir='ltr'><strong><em>meum</em></strong></span> <span class='ocrx_word' id='word_1_646' title='bbox 3291 4555 3591 4608; x_wconf 88' lang='lat' dir='ltr'><strong><em>institutum</em></strong></span> 
     </span>
    </p>
   </div>
   <div class='ocr_carea' id='block_1_91' title="bbox 280 4661 1883 4731">
    <p class='ocr_par' dir='ltr' id='par_1_91' title="bbox 280 4661 1883 4731">
     <span class='ocr_line' id='line_1_91' title="bbox 280 4661 1883 4731; baseline 0.001 -16"><span class='ocrx_word' id='word_1_647' title='bbox 280 4661 494 4716; x_wconf 83' lang='lat' dir='ltr'><strong><em>calculo</em></strong></span> <span class='ocrx_word' id='word_1_648' title='bbox 521 4664 884 4719; x_wconf 89' lang='lat' dir='ltr'><strong><em>monumentis</em></strong></span> <span class='ocrx_word' id='word_1_649' title='bbox 920 4662 1185 4718; x_wconf 72' lang='lat' dir='ltr'><strong><em>Ineretictc</em></strong></span> <span class='ocrx_word' id='word_1_650' title='bbox 1216 4662 1492 4731; x_wconf 88' lang='lat' dir='ltr'><strong><em>pravitatis</em></strong></span> <span class='ocrx_word' id='word_1_651' title='bbox 1521 4664 1758 4718; x_wconf 84' lang='lat' dir='ltr'><strong><em>maculas</em></strong></span> <span class='ocrx_word' id='word_1_652' title='bbox 1786 4663 1883 4717; x_wconf 86' lang='lat' dir='ltr'><strong><em>de-</em></strong></span> 
     </span>
    </p>
   </div>
   <div class='ocr_carea' id='block_1_92' title="bbox 281 4754 1882 4823">
    <p class='ocr_par' dir='ltr' id='par_1_92' title="bbox 281 4754 1882 4823">
     <span class='ocr_line' id='line_1_92' title="bbox 281 4754 1882 4823; baseline 0.002 -17"><span class='ocrx_word' id='word_1_653' title='bbox 281 4761 585 4821; x_wconf 83' lang='lat' dir='ltr'><strong><em>tergamus,</em></strong></span> <span class='ocrx_word' id='word_1_654' title='bbox 607 4768 657 4808; x_wconf 88' lang='lat' dir='ltr'><strong><em>et</em></strong></span> <span class='ocrx_word' id='word_1_655' title='bbox 679 4754 802 4810; x_wconf 89' lang='lat' dir='ltr'><strong><em>inde</em></strong></span> <span class='ocrx_word' id='word_1_656' title='bbox 826 4755 990 4810; x_wconf 84' lang='lat' dir='ltr'><strong><em>etiam</em></strong></span> <span class='ocrx_word' id='word_1_657' title='bbox 1017 4754 1302 4809; x_wconf 88' lang='lat' dir='ltr'><strong><em>conflatam</em></strong></span> <span class='ocrx_word' id='word_1_658' title='bbox 1332 4754 1531 4808; x_wconf 89' lang='lat' dir='ltr'><strong><em>sanctis</em></strong></span> <span class='ocrx_word' id='word_1_659' title='bbox 1554 4755 1882 4823; x_wconf 85' lang='lat' dir='ltr'><strong><em>martyribus</em></strong></span> 
     </span>
    </p>
   </div>
   <div class='ocr_carea' id='block_1_93' title="bbox 281 4843 1889 4916">
    <p class='ocr_par' dir='ltr' id='par_1_93' title="bbox 281 4843 1889 4916">
     <span class='ocr_line' id='line_1_93' title="bbox 281 4843 1889 4916; baseline 0 -16"><span class='ocrx_word' id='word_1_660' title='bbox 281 4843 515 4900; x_wconf 85' lang='lat' dir='ltr'><strong><em>sceleris</em></strong></span> <span class='ocrx_word' id='word_1_661' title='bbox 559 4844 718 4914; x_wconf 88' lang='lat' dir='ltr'><strong><em>hujus</em></strong></span> <span class='ocrx_word' id='word_1_662' title='bbox 757 4847 1011 4902; x_wconf 89' lang='lat' dir='ltr'><strong><em>invidiam</em></strong></span> <span class='ocrx_word' id='word_1_663' title='bbox 1068 4847 1426 4916; x_wconf 80' lang='lat' dir='ltr'><strong><em>depellamus.</em></strong></span> <span class='ocrx_word' id='word_1_664' title='bbox 1475 4845 1630 4912; x_wconf 85' lang='lat' dir='ltr'><strong><em>Quod</em></strong></span> <span class='ocrx_word' id='word_1_665' title='bbox 1680 4860 1766 4900; x_wconf 91' lang='lat' dir='ltr'><strong><em>me</em></strong></span> <span class='ocrx_word' id='word_1_666' title='bbox 1811 4845 1889 4900; x_wconf 57' lang='lat' dir='ltr'><strong><em>fac</em></strong></span> 
     </span>
    </p>
   </div>
   <div class='ocr_carea' id='block_1_94' title="bbox 284 4935 1888 5008">
    <p class='ocr_par' dir='ltr' id='par_1_94' title="bbox 284 4935 1888 5008">
     <span class='ocr_line' id='line_1_94' title="bbox 284 4935 1888 5008; baseline 0.002 -18"><span class='ocrx_word' id='word_1_667' title='bbox 284 4935 393 4991; x_wconf 90' lang='lat' dir='ltr'><strong><em>cile</em></strong></span> <span class='ocrx_word' id='word_1_668' title='bbox 417 4949 833 4992; x_wconf 84' lang='lat' dir='ltr'><strong><em>consecuturum</em></strong></span> <span class='ocrx_word' id='word_1_669' title='bbox 873 4953 995 4993; x_wconf 89' lang='lat' dir='ltr'><strong><em>esse</em></strong></span> <span class='ocrx_word' id='word_1_670' title='bbox 1039 4938 1276 5000; x_wconf 85' lang='lat' dir='ltr'><strong><em>confido,</em></strong></span> <span class='ocrx_word' id='word_1_671' title='bbox 1324 4938 1530 5008; x_wconf 89' lang='lat' dir='ltr'><strong><em>singula</em></strong></span> <span class='ocrx_word' id='word_1_672' title='bbox 1563 4953 1789 5008; x_wconf 73' lang='lat' dir='ltr'><strong><em>qurequc</em></strong></span> <span class='ocrx_word' id='word_1_673' title='bbox 1820 4938 1888 4994; x_wconf 90' lang='lat' dir='ltr'><strong><em>ad</em></strong></span> 
     </span>
    </p>
   </div>
   <div class='ocr_carea' id='block_1_95' title="bbox 283 5029 1890 5102">
    <p class='ocr_par' dir='ltr' id='par_1_95' title="bbox 283 5029 1890 5102">
     <span class='ocr_line' id='line_1_95' title="bbox 283 5029 1890 5102; baseline 0.002 -20"><span class='ocrx_word' id='word_1_674' title='bbox 283 5040 515 5082; x_wconf 81' lang='lat' dir='ltr'><strong><em>examen</em></strong></span> <span class='ocrx_word' id='word_1_675' title='bbox 543 5029 863 5097; x_wconf 88' lang='lat' dir='ltr'><strong><em>revocando,</em></strong></span> <span class='ocrx_word' id='word_1_676' title='bbox 909 5039 962 5086; x_wconf 86' lang='lat' dir='ltr'><strong><em>et</em></strong></span> <span class='ocrx_word' id='word_1_677' title='bbox 996 5030 1062 5085; x_wconf 89' lang='lat' dir='ltr'><strong><em>ad</em></strong></span> <span class='ocrx_word' id='word_1_678' title='bbox 1089 5030 1397 5086; x_wconf 86' lang='lat' dir='ltr'><strong><em>severiores</em></strong></span> <span class='ocrx_word' id='word_1_679' title='bbox 1427 5031 1644 5087; x_wconf 90' lang='lat' dir='ltr'><strong><em>critices</em></strong></span> <span class='ocrx_word' id='word_1_680' title='bbox 1673 5031 1890 5102; x_wconf 82' lang='lat' dir='ltr'><strong><em>regulas</em></strong></span> 
     </span>
    </p>
   </div>
   <div class='ocr_carea' id='block_1_96' title="bbox 282 5117 1894 5193">
    <p class='ocr_par' dir='ltr' id='par_1_96' title="bbox 282 5117 1894 5193">
     <span class='ocr_line' id='line_1_96' title="bbox 282 5117 1894 5193; baseline 0.003 -19"><span class='ocrx_word' id='word_1_681' title='bbox 282 5117 661 5189; x_wconf 75' lang='lat' dir='ltr'><strong><em>expendendo,</em></strong></span> <span class='ocrx_word' id='word_1_682' title='bbox 718 5137 840 5190; x_wconf 63' lang='lat' dir='ltr'><strong><em>quae</em></strong></span> <span class='ocrx_word' id='word_1_683' title='bbox 895 5121 1217 5193; x_wconf 86' lang='lat' dir='ltr'><strong><em>Basuagium</em></strong></span> <span class='ocrx_word' id='word_1_684' title='bbox 1269 5123 1322 5177; x_wconf 94' lang='lat' dir='ltr'><strong><em>in</em></strong></span> <span class='ocrx_word' id='word_1_685' title='bbox 1365 5136 1586 5193; x_wconf 85' lang='lat' dir='ltr'><strong><em>pravam</em></strong></span> <span class='ocrx_word' id='word_1_686' title='bbox 1636 5122 1774 5177; x_wconf 87' lang='lat' dir='ltr'><strong><em>hanc</em></strong></span> <span class='ocrx_word' id='word_1_687' title='bbox 1825 5121 1894 5179; x_wconf 89' lang='lat' dir='ltr'><strong><em>de</em></strong></span> 
     </span>
    </p>
   </div>
   <div class='ocr_carea' id='block_1_97' title="bbox 283 5215 1892 5286">
    <p class='ocr_par' dir='ltr' id='par_1_97' title="bbox 283 5215 1892 5286">
     <span class='ocr_line' id='line_1_97' title="bbox 283 5215 1892 5286; baseline 0.003 -20"><span class='ocrx_word' id='word_1_688' title='bbox 283 5216 486 5268; x_wconf 85' lang='lat' dir='ltr'><strong><em>sanctis</em></strong></span> <span class='ocrx_word' id='word_1_689' title='bbox 532 5215 861 5286; x_wconf 85' lang='lat' dir='ltr'><strong><em>martyribus</em></strong></span> <span class='ocrx_word' id='word_1_690' title='bbox 887 5215 1194 5286; x_wconf 91' lang='lat' dir='ltr'><strong><em>opinionem</em></strong></span> <span class='ocrx_word' id='word_1_691' title='bbox 1241 5215 1599 5270; x_wconf 81' lang='lat' dir='ltr'><strong><em>adduxerunt.</em></strong></span> <span class='ocrx_word' id='word_1_692' title='bbox 1632 5215 1892 5281; x_wconf 89' lang='lat' dir='ltr'><strong><em>Primum,</em></strong></span> 
     </span>
    </p>
   </div>
   <div class='ocr_carea' id='block_1_98' title="bbox 285 5306 1894 5380">
    <p class='ocr_par' dir='ltr' id='par_1_98' title="bbox 285 5306 1894 5380">
     <span class='ocr_line' id='line_1_98' title="bbox 285 5306 1894 5380; baseline 0.004 -21"><span class='ocrx_word' id='word_1_693' title='bbox 285 5314 344 5359; x_wconf 89' lang='lat' dir='ltr'><strong><em>ut</em></strong></span> <span class='ocrx_word' id='word_1_694' title='bbox 381 5306 630 5373; x_wconf 80' lang='lat' dir='ltr'><strong><em>vidimus,</em></strong></span> <span class='ocrx_word' id='word_1_695' title='bbox 664 5309 807 5362; x_wconf 89' lang='lat' dir='ltr'><strong><em>inter</em></strong></span> <span class='ocrx_word' id='word_1_696' title='bbox 836 5309 994 5364; x_wconf 87' lang='lat' dir='ltr'><strong><em>insita</em></strong></span> <span class='ocrx_word' id='word_1_697' title='bbox 1021 5319 1077 5364; x_wconf 91' lang='lat' dir='ltr'><strong><em>et</em></strong></span> <span class='ocrx_word' id='word_1_698' title='bbox 1121 5325 1185 5364; x_wconf 83' lang='lat' dir='ltr'><strong><em>ex</em></strong></span> <span class='ocrx_word' id='word_1_699' title='bbox 1215 5310 1346 5379; x_wconf 78' lang='lat' dir='ltr'><strong><em>ipsis</em></strong></span> <span class='ocrx_word' id='word_1_700' title='bbox 1402 5310 1547 5364; x_wconf 85' lang='lat' dir='ltr'><strong><em>Actis</em></strong></span> <span class='ocrx_word' id='word_1_701' title='bbox 1586 5317 1642 5365; x_wconf 91' lang='lat' dir='ltr'><strong><em>et</em></strong></span> <span class='ocrx_word' id='word_1_702' title='bbox 1691 5310 1894 5380; x_wconf 86' lang='lat' dir='ltr'><strong><em>Perpe-</em></strong></span> 
     </span>
    </p>
   </div>
   <div class='ocr_carea' id='block_1_99' title="bbox 283 5399 1893 5473">
    <p class='ocr_par' dir='ltr' id='par_1_99' title="bbox 283 5399 1893 5473">
     <span class='ocr_line' id='line_1_99' title="bbox 283 5399 1893 5473; baseline 0.001 -20"><span class='ocrx_word' id='word_1_703' title='bbox 283 5407 389 5454; x_wconf 76' lang='lat' dir='ltr'><strong><em>tua:</em></strong></span> <span class='ocrx_word' id='word_1_704' title='bbox 419 5399 599 5455; x_wconf 83' lang='lat' dir='ltr'><strong><em>verbis</em></strong></span> <span class='ocrx_word' id='word_1_705' title='bbox 645 5399 895 5464; x_wconf 74' lang='lat' dir='ltr'><strong><em>collecta,</em></strong></span> <span class='ocrx_word' id='word_1_706' title='bbox 936 5399 1190 5457; x_wconf 87' lang='lat' dir='ltr'><strong><em>adversus</em></strong></span> <span class='ocrx_word' id='word_1_707' title='bbox 1230 5401 1492 5473; x_wconf 82' lang='lat' dir='ltr'><strong><em>Martyres</em></strong></span> <span class='ocrx_word' id='word_1_708' title='bbox 1521 5409 1893 5472; x_wconf 88' lang='lat' dir='ltr'><strong><em>argumentum</em></strong></span> 
     </span>
    </p>
   </div>
   <div class='ocr_carea' id='block_1_100' title="bbox 282 5493 1897 5566">
    <p class='ocr_par' dir='ltr' id='par_1_100' title="bbox 282 5493 1897 5566">
     <span class='ocr_line' id='line_1_100' title="bbox 282 5493 1897 5566; baseline 0 -20"><span class='ocrx_word' id='word_1_709' title='bbox 282 5493 484 5558; x_wconf 85' lang='lat' dir='ltr'><strong><em>repetit</em></strong></span> <span class='ocrx_word' id='word_1_710' title='bbox 532 5508 600 5548; x_wconf 84' lang='lat' dir='ltr'><strong><em>ex</em></strong></span> <span class='ocrx_word' id='word_1_711' title='bbox 656 5508 724 5549; x_wconf 88' lang='lat' dir='ltr'><strong><em>eo</em></strong></span> <span class='ocrx_word' id='word_1_712' title='bbox 772 5494 914 5562; x_wconf 89' lang='lat' dir='ltr'><strong><em>quod</em></strong></span> <span class='ocrx_word' id='word_1_713' title='bbox 969 5496 1120 5550; x_wconf 89' lang='lat' dir='ltr'><strong><em>initio</em></strong></span> <span class='ocrx_word' id='word_1_714' title='bbox 1160 5495 1350 5565; x_wconf 89' lang='lat' dir='ltr'><strong><em>capitis</em></strong></span> <span class='ocrx_word' id='word_1_715' title='bbox 1406 5497 1579 5566; x_wconf 90' lang='lat' dir='ltr'><strong><em>quarti</em></strong></span> <span class='ocrx_word' id='word_1_716' title='bbox 1634 5494 1897 5564; x_wconf 82' lang='lat' dir='ltr'><strong><em>Perpetua</em></strong></span> 
     </span>
    </p>
   </div>
   <div class='ocr_carea' id='block_1_101' title="bbox 284 5585 1895 5645">
    <p class='ocr_par' dir='ltr' id='par_1_101' title="bbox 284 5585 1895 5645">
     <span class='ocr_line' id='line_1_101' title="bbox 284 5585 1895 5645; baseline -0.003 -4"><span class='ocrx_word' id='word_1_717' title='bbox 284 5592 477 5641; x_wconf 83' lang='lat' dir='ltr'><strong><em>narrat</em></strong></span> <span class='ocrx_word' id='word_1_718' title='bbox 505 5587 557 5639; x_wconf 91' lang='lat' dir='ltr'><strong><em>in</em></strong></span> <span class='ocrx_word' id='word_1_719' title='bbox 589 5585 703 5641; x_wconf 65' lang='lat' dir='ltr'><strong><em>haec</em></strong></span> <span class='ocrx_word' id='word_1_720' title='bbox 725 5587 887 5642; x_wconf 88' lang='lat' dir='ltr'><strong><em>verba</em></strong></span> <span class='ocrx_word' id='word_1_721' title='bbox 921 5605 935 5640; x_wconf 89' lang='lat'><strong>:</strong></span> <span class='ocrx_word' id='word_1_722' title='bbox 963 5606 984 5640; x_wconf 84' lang='grc'><em>‹</em></span> <span class='ocrx_word' id='word_1_723' title='bbox 1016 5588 1167 5645; x_wconf 89' lang='lat' dir='ltr'><strong><em>Tunc</em></strong></span> <span class='ocrx_word' id='word_1_724' title='bbox 1189 5588 1324 5644; x_wconf 78' lang='lat' dir='ltr'><strong><em>dixit</em></strong></span> <span class='ocrx_word' id='word_1_725' title='bbox 1352 5587 1484 5644; x_wconf 87' lang='lat' dir='ltr'><strong><em>mihi</em></strong></span> <span class='ocrx_word' id='word_1_726' title='bbox 1517 5587 1684 5643; x_wconf 87' lang='lat' dir='ltr'><strong><em>frater</em></strong></span> <span class='ocrx_word' id='word_1_727' title='bbox 1712 5599 1895 5643; x_wconf 86' lang='lat' dir='ltr'><strong><em>meus:</em></strong></span> 
     </span>
    </p>
   </div>
   <div class='ocr_carea' id='block_1_102' title="bbox 395 5778 1090 5854">
    <p class='ocr_par' dir='ltr' id='par_1_102' title="bbox 395 5778 1090 5854">
     <span class='ocr_line' id='line_1_102' title="bbox 395 5778 1090 5854; baseline 0.01 -20"><span class='ocrx_word' id='word_1_728' title='bbox 395 5778 478 5854; x_wconf 85' lang='lat' dir='ltr'><strong><em>(I)</em></strong></span> <span class='ocrx_word' id='word_1_729' title='bbox 505 5778 697 5838; x_wconf 76' lang='lat' dir='ltr'><strong><em>Enarr.</em></strong></span> <span class='ocrx_word' id='word_1_730' title='bbox 728 5785 779 5838; x_wconf 87' lang='lat' dir='ltr'><strong><em>in</em></strong></span> <span class='ocrx_word' id='word_1_731' title='bbox 805 5783 901 5840; x_wconf 69' lang='lat' dir='ltr'><strong><em>Ps.</em></strong></span> <span class='ocrx_word' id='word_1_732' title='bbox 930 5801 1090 5842; x_wconf 80' lang='lat' dir='ltr'><strong>XLVII.</strong></span> 
     </span>
    </p>
   </div>
   <div class='ocr_carea' id='block_1_103' title="bbox 559 5874 997 5939">
    <p class='ocr_par' dir='ltr' id='par_1_103' title="bbox 559 5874 997 5939">
     <span class='ocr_line' id='line_1_103' title="bbox 559 5874 997 5939; baseline -0.002 -1"><span class='ocrx_word' id='word_1_733' title='bbox 559 5874 838 5938; x_wconf 61' lang='lat' dir='ltr'><strong><em>Paraoc.</em></strong></span> <span class='ocrx_word' id='word_1_734' title='bbox 885 5875 997 5939; x_wconf 87' lang='lat' dir='ltr'><strong>III.</strong></span> 
     </span>
    </p>
   </div>
   <div class='ocr_carea' id='block_1_104' title="bbox 1996 4646 3595 4730">
    <p class='ocr_par' dir='ltr' id='par_1_104' title="bbox 1996 4646 3595 4730">
     <span class='ocr_line' id='line_1_104' title="bbox 1996 4646 3595 4730; baseline -0.009 -16"><span class='ocrx_word' id='word_1_735' title='bbox 1996 4659 2214 4730; x_wconf 86' lang='lat' dir='ltr'><strong><em>propius</em></strong></span> <span class='ocrx_word' id='word_1_736' title='bbox 2239 4656 2496 4712; x_wconf 77' lang='lat' dir='ltr'><strong><em>accedere</em></strong></span> <span class='ocrx_word' id='word_1_737' title='bbox 2525 4653 2864 4718; x_wconf 90' lang='lat' dir='ltr'><strong><em>videbuntur,</em></strong></span> <span class='ocrx_word' id='word_1_738' title='bbox 2892 4658 2944 4706; x_wconf 89' lang='lat' dir='ltr'><strong><em>et</em></strong></span> <span class='ocrx_word' id='word_1_739' title='bbox 2973 4664 3035 4704; x_wconf 74' lang='lat' dir='ltr'><strong><em>ex</em></strong></span> <span class='ocrx_word' id='word_1_740' title='bbox 3069 4648 3260 4719; x_wconf 90' lang='lat' dir='ltr'><strong><em>quibus</em></strong></span> <span class='ocrx_word' id='word_1_741' title='bbox 3291 4646 3442 4702; x_wconf 88' lang='lat' dir='ltr'><strong><em>facile</em></strong></span> <span class='ocrx_word' id='word_1_742' title='bbox 3465 4663 3595 4715; x_wconf 87' lang='lat' dir='ltr'><strong><em>pos-</em></strong></span> 
     </span>
    </p>
   </div>
   <div class='ocr_carea' id='block_1_105' title="bbox 1995 4742 3594 4824">
    <p class='ocr_par' dir='ltr' id='par_1_105' title="bbox 1995 4742 3594 4824">
     <span class='ocr_line' id='line_1_105' title="bbox 1995 4742 3594 4824; baseline -0.009 -15"><span class='ocrx_word' id='word_1_743' title='bbox 1995 4755 2066 4809; x_wconf 91' lang='lat' dir='ltr'><strong><em>sit</em></strong></span> <span class='ocrx_word' id='word_1_744' title='bbox 2112 4753 2360 4824; x_wconf 88' lang='lat' dir='ltr'><strong><em>intelligi,</em></strong></span> <span class='ocrx_word' id='word_1_745' title='bbox 2412 4750 2854 4805; x_wconf 87' lang='lat' dir='ltr'><strong><em>Montanistarum</em></strong></span> <span class='ocrx_word' id='word_1_746' title='bbox 2903 4745 3117 4800; x_wconf 70' lang='lat' dir='ltr'><strong><em>familias</em></strong></span> <span class='ocrx_word' id='word_1_747' title='bbox 3163 4742 3431 4814; x_wconf 86' lang='lat' dir='ltr'><strong><em>propriam</em></strong></span> <span class='ocrx_word' id='word_1_748' title='bbox 3483 4755 3594 4796; x_wconf 90' lang='lat' dir='ltr'><strong><em>non</em></strong></span> 
     </span>
    </p>
   </div>
   <div class='ocr_carea' id='block_1_106' title="bbox 1994 4832 3588 4911">
    <p class='ocr_par' dir='ltr' id='par_1_106' title="bbox 1994 4832 3588 4911">
     <span class='ocr_line' id='line_1_106' title="bbox 1994 4832 3588 4911; baseline -0.009 -10"><span class='ocrx_word' id='word_1_749' title='bbox 1994 4847 2158 4902; x_wconf 83' lang='lat' dir='ltr'><strong><em>fuisse</em></strong></span> <span class='ocrx_word' id='word_1_750' title='bbox 2206 4847 2396 4902; x_wconf 90' lang='lat' dir='ltr'><strong><em>miram</em></strong></span> <span class='ocrx_word' id='word_1_751' title='bbox 2439 4843 2584 4897; x_wconf 88' lang='lat' dir='ltr'><strong><em>illam</em></strong></span> <span class='ocrx_word' id='word_1_752' title='bbox 2634 4843 2912 4911; x_wconf 56' lang='lat' dir='ltr'><strong><em>Perpetua;</em></strong></span> <span class='ocrx_word' id='word_1_753' title='bbox 2966 4837 3236 4902; x_wconf 86' lang='lat' dir='ltr'><strong><em>fiduciam,</em></strong></span> <span class='ocrx_word' id='word_1_754' title='bbox 3270 4850 3374 4904; x_wconf 89' lang='lat' dir='ltr'><strong><em>qua</em></strong></span> <span class='ocrx_word' id='word_1_755' title='bbox 3423 4832 3588 4888; x_wconf 88' lang='lat' dir='ltr'><strong><em>futuri</em></strong></span> 
     </span>
    </p>
   </div>
   <div class='ocr_carea' id='block_1_107' title="bbox 1996 4928 3158 5000">
    <p class='ocr_par' dir='ltr' id='par_1_107' title="bbox 1996 4928 3158 5000">
     <span class='ocr_line' id='line_1_107' title="bbox 1996 4928 3158 5000; baseline -0.012 -4"><span class='ocrx_word' id='word_1_756' title='bbox 1996 4949 2218 4996; x_wconf 90' lang='lat' dir='ltr'><strong><em>eventus</em></strong></span> <span class='ocrx_word' id='word_1_757' title='bbox 2247 4936 2636 4994; x_wconf 86' lang='lat' dir='ltr'><strong><em>revelationem</em></strong></span> <span class='ocrx_word' id='word_1_758' title='bbox 2665 4932 2815 4988; x_wconf 87' lang='lat' dir='ltr'><strong><em>fratri</em></strong></span> <span class='ocrx_word' id='word_1_759' title='bbox 2851 4928 3158 5000; x_wconf 82' lang='lat' dir='ltr'><strong><em>spopondit.</em></strong></span> 
     </span>
    </p>
   </div>
   <div class='ocr_carea' id='block_1_108' title="bbox 2069 5013 3599 5092">
    <p class='ocr_par' dir='ltr' id='par_1_108' title="bbox 2069 5013 3599 5092">
     <span class='ocr_line' id='line_1_108' title="bbox 2069 5013 3599 5092; baseline -0.014 -3"><span class='ocrx_word' id='word_1_760' title='bbox 2069 5034 2132 5089; x_wconf 87' lang='lat' dir='ltr'><strong>II.</strong></span> <span class='ocrx_word' id='word_1_761' title='bbox 2174 5031 2414 5087; x_wconf 81' lang='lat' dir='ltr'><strong><em>Notanda</em></strong></span> <span class='ocrx_word' id='word_1_762' title='bbox 2446 5038 2570 5083; x_wconf 91' lang='lat' dir='ltr'><strong><em>sunt</em></strong></span> <span class='ocrx_word' id='word_1_763' title='bbox 2605 5037 2781 5080; x_wconf 88' lang='lat' dir='ltr'><strong><em>autem</em></strong></span> <span class='ocrx_word' id='word_1_764' title='bbox 2828 5022 3091 5092; x_wconf 86' lang='lat' dir='ltr'><strong><em>imprimis</em></strong></span> <span class='ocrx_word' id='word_1_765' title='bbox 3121 5017 3364 5088; x_wconf 58' lang='lat' dir='ltr'><strong><em>quiedam</em></strong></span> <span class='ocrx_word' id='word_1_766' title='bbox 3399 5013 3599 5070; x_wconf 83' lang='lat' dir='ltr'><strong><em>Justini</em></strong></span> 
     </span>
    </p>
   </div>
   <div class='ocr_carea' id='block_1_109' title="bbox 1997 5111 3600 5200">
    <p class='ocr_par' dir='ltr' id='par_1_109' title="bbox 1997 5111 3600 5200">
     <span class='ocr_line' id='line_1_109' title="bbox 1997 5111 3600 5200; baseline -0.015 -16"><span class='ocrx_word' id='word_1_767' title='bbox 1997 5127 2250 5200; x_wconf 88' lang='lat' dir='ltr'><strong><em>martyris</em></strong></span> <span class='ocrx_word' id='word_1_768' title='bbox 2281 5126 2398 5180; x_wconf 90' lang='lat' dir='ltr'><strong><em>loca</em></strong></span> <span class='ocrx_word' id='word_1_769' title='bbox 2425 5137 2494 5178; x_wconf 80' lang='lat' dir='ltr'><strong><em>ex</em></strong></span> <span class='ocrx_word' id='word_1_770' title='bbox 2528 5121 2749 5188; x_wconf 89' lang='lat' dir='ltr'><strong><em>Dialogo</em></strong></span> <span class='ocrx_word' id='word_1_771' title='bbox 2778 5132 2902 5170; x_wconf 89' lang='lat' dir='ltr'><strong><em>cum</em></strong></span> <span class='ocrx_word' id='word_1_772' title='bbox 2937 5111 3260 5183; x_wconf 87' lang='lat' dir='ltr'><strong><em>&#39;I‘ryphone,</em></strong></span> <span class='ocrx_word' id='word_1_773' title='bbox 3291 5111 3343 5164; x_wconf 90' lang='lat' dir='ltr'><strong><em>in</em></strong></span> <span class='ocrx_word' id='word_1_774' title='bbox 3375 5122 3503 5179; x_wconf 88' lang='lat' dir='ltr'><strong><em>quo,</em></strong></span> <span class='ocrx_word' id='word_1_775' title='bbox 3540 5114 3600 5161; x_wconf 90' lang='lat' dir='ltr'><strong><em>ut</em></strong></span> 
     </span>
    </p>
   </div>
   <div class='ocr_carea' id='block_1_110' title="bbox 2001 5202 3600 5281">
    <p class='ocr_par' dir='ltr' id='par_1_110' title="bbox 2001 5202 3600 5281">
     <span class='ocr_line' id='line_1_110' title="bbox 2001 5202 3600 5281; baseline -0.014 -5"><span class='ocrx_word' id='word_1_776' title='bbox 2001 5219 2264 5276; x_wconf 84' lang='lat' dir='ltr'><strong><em>Eusebius</em></strong></span> <span class='ocrx_word' id='word_1_777' title='bbox 2301 5212 2530 5269; x_wconf 86' lang='lat' dir='ltr'><strong><em>advertit</em></strong></span> <span class='ocrx_word' id='word_1_778' title='bbox 2549 5209 2628 5281; x_wconf 85' lang='lat' dir='ltr'><strong><em>(I)</em></strong></span> <span class='ocrx_word' id='word_1_779' title='bbox 2659 5229 2684 5263; x_wconf 84' lang='lat'><strong><em>:-</em></strong></span> <span class='ocrx_word' id='word_1_780' title='bbox 2711 5229 2728 5261; x_wconf 78' lang='grc' dir='ltr'>ι</span> <span class='ocrx_word' id='word_1_781' title='bbox 2777 5204 3076 5274; x_wconf 67' lang='grc' dir='ltr'><strong><em>Ρνοριιειίω</em></strong></span> <span class='ocrx_word' id='word_1_782' title='bbox 3113 5203 3252 5257; x_wconf 88' lang='lat' dir='ltr'><strong><em>dona</em></strong></span> <span class='ocrx_word' id='word_1_783' title='bbox 3283 5202 3460 5258; x_wconf 89' lang='lat' dir='ltr'><strong><em>adhuc</em></strong></span> <span class='ocrx_word' id='word_1_784' title='bbox 3500 5215 3600 5255; x_wconf 87' lang='lat' dir='ltr'><strong><em>sua</em></strong></span> 
     </span>
    </p>
   </div>
   <div class='ocr_carea' id='block_1_111' title="bbox 2001 5292 3600 5375">
    <p class='ocr_par' dir='ltr' id='par_1_111' title="bbox 2001 5292 3600 5375">
     <span class='ocr_line' id='line_1_111' title="bbox 2001 5292 3600 5375; baseline -0.015 -4"><span class='ocrx_word' id='word_1_785' title='bbox 2001 5324 2158 5370; x_wconf 75' lang='lat' dir='ltr'><strong><em>:ctate</em></strong></span> <span class='ocrx_word' id='word_1_786' title='bbox 2200 5313 2256 5367; x_wconf 89' lang='lat' dir='ltr'><strong><em>in</em></strong></span> <span class='ocrx_word' id='word_1_787' title='bbox 2287 5308 2526 5366; x_wconf 86' lang='lat' dir='ltr'><strong><em>Ecclesia</em></strong></span> <span class='ocrx_word' id='word_1_788' title='bbox 2573 5306 2839 5375; x_wconf 85' lang='lat' dir='ltr'><strong><em>viguisse,</em></strong></span> <span class='ocrx_word' id='word_1_789' title='bbox 2883 5301 3086 5356; x_wconf 87' lang='lat' dir='ltr'><strong><em>scribit.</em></strong></span> <span class='ocrx_word' id='word_1_790' title='bbox 3125 5319 3142 5351; x_wconf 83' lang='grc'><strong>›</strong></span> <span class='ocrx_word' id='word_1_791' title='bbox 3177 5297 3284 5354; x_wconf 89' lang='lat' dir='ltr'><strong><em>Sed</em></strong></span> <span class='ocrx_word' id='word_1_792' title='bbox 3328 5292 3600 5366; x_wconf 90' lang='lat' dir='ltr'><strong><em>quomodo</em></strong></span> 
     </span>
    </p>
   </div>
   <div class='ocr_carea' id='block_1_112' title="bbox 2001 5389 3604 5478">
    <p class='ocr_par' dir='ltr' id='par_1_112' title="bbox 2001 5389 3604 5478">
     <span class='ocr_line' id='line_1_112' title="bbox 2001 5389 3604 5478; baseline -0.012 -16"><span class='ocrx_word' id='word_1_793' title='bbox 2001 5407 2264 5478; x_wconf 82' lang='lat' dir='ltr'><strong><em>viguerint</em></strong></span> <span class='ocrx_word' id='word_1_794' title='bbox 2287 5445 2303 5470; x_wconf 87' lang='lat'><strong><em>,</em></strong></span> <span class='ocrx_word' id='word_1_795' title='bbox 2331 5399 2603 5472; x_wconf 90' lang='lat' dir='ltr'><strong><em>productis</em></strong></span> <span class='ocrx_word' id='word_1_796' title='bbox 2625 5395 2797 5451; x_wconf 90' lang='lat' dir='ltr'><strong><em>sancti</em></strong></span> <span class='ocrx_word' id='word_1_797' title='bbox 2829 5394 3077 5466; x_wconf 85' lang='lat' dir='ltr'><strong><em>martyris</em></strong></span> <span class='ocrx_word' id='word_1_798' title='bbox 3104 5389 3425 5447; x_wconf 89' lang='lat' dir='ltr'><strong><em>testimoniis</em></strong></span> <span class='ocrx_word' id='word_1_799' title='bbox 3452 5403 3604 5444; x_wconf 76' lang='lat' dir='ltr'><strong><em>com-</em></strong></span> 
     </span>
    </p>
   </div>
   <div class='ocr_carea' id='block_1_113' title="bbox 2006 5479 3603 5570">
    <p class='ocr_par' dir='ltr' id='par_1_113' title="bbox 2006 5479 3603 5570">
     <span class='ocr_line' id='line_1_113' title="bbox 2006 5479 3603 5570; baseline -0.011 -18"><span class='ocrx_word' id='word_1_800' title='bbox 2006 5507 2215 5570; x_wconf 88' lang='lat' dir='ltr'><strong><em>pertum</em></strong></span> <span class='ocrx_word' id='word_1_801' title='bbox 2271 5492 2444 5564; x_wconf 84' lang='lat' dir='ltr'><strong><em>magis</em></strong></span> <span class='ocrx_word' id='word_1_802' title='bbox 2517 5488 2834 5544; x_wconf 87' lang='lat' dir='ltr'><strong><em>habebimus</em></strong></span> <span class='ocrx_word' id='word_1_803' title='bbox 2899 5495 3058 5557; x_wconf 91' lang='lat' dir='ltr'><strong><em>atque</em></strong></span> <span class='ocrx_word' id='word_1_804' title='bbox 3107 5483 3466 5554; x_wconf 87' lang='lat' dir='ltr'><strong><em>exploratum.</em></strong></span> <span class='ocrx_word' id='word_1_805' title='bbox 3526 5479 3603 5535; x_wconf 87' lang='lat' dir='ltr'><strong><em>Ita</em></strong></span> 
     </span>
    </p>
   </div>
   <div class='ocr_carea' id='block_1_114' title="bbox 2084 5625 3609 5703">
    <p class='ocr_par' dir='ltr' id='par_1_114' title="bbox 2084 5625 3609 5703">
     <span class='ocr_line' id='line_1_114' title="bbox 2084 5625 3609 5703; baseline -0.011 -18"><span class='ocrx_word' id='word_1_806' title='bbox 2084 5627 2162 5703; x_wconf 78' lang='grc' dir='ltr'><strong><em>(Ι)</em></strong></span> <span class='ocrx_word' id='word_1_807' title='bbox 2202 5633 2376 5699; x_wconf 68' lang='grc' dir='ltr'><strong><em>Γρὲφει</em></strong></span> <span class='ocrx_word' id='word_1_808' title='bbox 2423 5631 2471 5680; x_wconf 79' lang='grc' dir='ltr'><strong><em>δὲ</em></strong></span> <span class='ocrx_word' id='word_1_809' title='bbox 2515 5628 2598 5680; x_wconf 68' lang='grc' dir='ltr'><strong><em>καὶ</em></strong></span> <span class='ocrx_word' id='word_1_810' title='bbox 2643 5631 2702 5703; x_wconf 71' lang='grc' dir='ltr'><strong><em>ὡς</em></strong></span> <span class='ocrx_word' id='word_1_811' title='bbox 2742 5630 2817 5680; x_wconf 82' lang='grc' dir='ltr'><strong><em>ὅτι</em></strong></span> <span class='ocrx_word' id='word_1_812' title='bbox 2858 5632 3002 5703; x_wconf 55' lang='lat' dir='ltr'><strong><em>(dpr</em></strong></span> <span class='ocrx_word' id='word_1_813' title='bbox 3029 5632 3114 5674; x_wconf 68' lang='lat' dir='ltr'><strong><em>aut</em></strong></span> <span class='ocrx_word' id='word_1_814' title='bbox 3151 5625 3297 5703; x_wconf 55' lang='grc' dir='ltr'><strong><em>ςῆῖοΰ</em></strong></span> <span class='ocrx_word' id='word_1_815' title='bbox 3313 5626 3609 5703; x_wconf 44' lang='grc' dir='ltr'><strong><em>,ζξρίεβιῗα</em></strong></span> 
     </span>
    </p>
   </div>
   <div class='ocr_carea' id='block_1_115' title="bbox 2013 5685 3604 5832">
    <p class='ocr_par' dir='ltr' id='par_1_115' title="bbox 2013 5685 3604 5832">
     <span class='ocr_line' id='line_1_115' title="bbox 2013 5685 3604 5830; baseline -0.009 -73"><span class='ocrx_word' id='word_1_816' title='bbox 2013 5685 2575 5830; x_wconf 43' lang='grc' dir='ltr'><strong><em>πρδφῆἶξᾶίδιὲλαμπεν</em></strong></span> <span class='ocrx_word' id='word_1_817' title='bbox 2613 5685 2694 5753; x_wconf 65' lang='lat' dir='ltr'><strong><em>liti</em></strong></span> <span class='ocrx_word' id='word_1_818' title='bbox 2733 5712 2814 5760; x_wconf 74' lang='grc' dir='ltr'><strong><em>τῆς</em></strong></span> <span class='ocrx_word' id='word_1_819' title='bbox 2853 5685 3124 5756; x_wconf 44' lang='lat' dir='ltr'><strong><em>imiimi“.</em></strong></span> <span class='ocrx_word' id='word_1_820' title='bbox 3155 5691 3273 5747; x_wconf 81' lang='lat' dir='ltr'><strong><em>Lib.</em></strong></span> <span class='ocrx_word' id='word_1_821' title='bbox 3313 5685 3408 5760; x_wconf 65' lang='lat' dir='ltr'><strong><em>IV,</em></strong></span> <span class='ocrx_word' id='word_1_822' title='bbox 3439 5685 3604 5758; x_wconf 57' lang='grc' dir='ltr'><strong><em>ΗΜ,</em></strong></span> 
     </span>
     <span class='ocr_line' id='line_1_116' title="bbox 2018 5791 2256 5832; baseline -0.021 0"><span class='ocrx_word' id='word_1_823' title='bbox 2018 5791 2138 5832; x_wconf 70' lang='lat' dir='ltr'><strong><em>Ci&quot;).</em></strong></span> <span class='ocrx_word' id='word_1_824' title='bbox 2244 5814 2256 5827; x_wconf 78' lang='grc' dir='ltr'><strong><em>ο</em></strong></span> 
     </span>
    </p>
   </div>
   <div class='ocr_carea' id='block_1_116' title="bbox 2052 5792 2256 5848">
    <p class='ocr_par' dir='ltr' id='par_1_116' title="bbox 2052 5792 2256 5848">
     <span class='ocr_line' id='line_1_117' title="bbox 2052 5792 2256 5848; baseline -0.005 -20"><span class='ocrx_word' id='word_1_825' title='bbox 2052 5792 2138 5848; x_wconf 90' lang='lat' dir='ltr'><strong><em>ap.</em></strong></span> <span class='ocrx_word' id='word_1_826' title='bbox 2171 5792 2256 5830; x_wconf 74' lang='lat' dir='ltr'><strong><em>to.</em></strong></span> 
     </span>
    </p>
   </div>
  </div>
