4156 6282
660 258 764 325 1'07

1819 257 2270 328 DISSER'I‘ATIO
2307 259 2784 330 APOLOGETICA

3854 271 3949 349 1'08

664 388 808 444 enim
829 387 1002 460 ait(l)
1034 403 1047 442 :
1082 405 1104 440 ι
1136 385 1292 457 Apud
1325 400 1425 444 nos
1451 385 1594 445 cnim
1618 387 1909 460 hucusque
1929 389 2090 446 etiam
2124 404 2250 458 pro-
2279 387 2340 451 Δ
2363 389 2786 460 Dhiladelphcnsi
2829 396 2883 447 et
2916 389 3112 450 deinde
3141 392 3422 466 Perpetem
3451 393 3589 457 adeo
3641 401 3947 464 familiarem

663 482 873 550 phetica
902 491 1113 537 exstant
1137 480 1294 547 dona,
1330 481 1471 538 unde
1497 491 1552 538 et
1576 498 1671 538 vos
1698 483 1996 554 intelligere
2028 482 2239 538 debetis

664 590 782 644 quae
795 572 922 628 olim
949 574 1000 627 in
1023 588 1219 644 genere
1231 583 1409 631 vestro
1425 573 1594 640 fuere,
1622 588 1683 629 ea
1705 589 1826 631 esse
1843 577 1894 630 in
1917 589 2014 629 nos
2034 572 2253 627 transla-

665 678 736 722 ta.
775 686 793 719 ι
839 668 902 723 Et
931 665 1102 732 infra,
1146 684 1302 739 quam
1350 669 1689 739 perspicuum
1719 683 1840 722 esse
1879 667 2072 729 docet,
2105 676 2160 720 et
2199 665 2250 719 in

658 760 900 814 omnium
926 761 1095 815 oculis
1122 761 1376 830 positum,
1405 760 1608 816 nullum
1641 770 1750 815 tum
1783 759 2013 830 amplius
2037 767 2252 812 exstare

658 856 714 910 in
761 853 1069 911 Judmorum
1113 864 1269 925 gente
1323 853 1689 925 prophetam:
1745 864 1853 908 tam
1906 851 2080 923 palam
2127 863 2248 904 esse

655 947 906 1002 omnibus
924 987 940 1011 ,
969 961 1035 1002 ac
1059 945 1417 1011 manifestum,
1447 960 1569 1001 esse
1594 960 1780 1000 revera
1807 944 1943 1000 inter
1970 941 2248 998 Christia-

652 1055 752 1096 nos
782 1056 889 1095 non
915 1039 1060 1094 viros
1110 1049 1348 1102 tantum,
1387 1038 1482 1096 sed
1520 1038 1680 1094 etiam
1714 1037 1976 1103 feminas,
2009 1035 2246 1107 prophe-

654 1136 742 1191 tiae
766 1135 994 1205 spiritu,
1035 1134 1326 1190 secundum
1361 1133 1526 1189 Joelis
1549 1134 1861 1188 vaticinium
1887 1132 2094 1187 afllatos
2116 1129 2197 1202 (2)
2226 1147 2240 1183 :

655 1246 676 1282 ι
723 1227 799 1282 [ta
831 1236 890 1282 ut
926 1229 977 1281 in
1005 1242 1204 1298 genere
1242 1235 1424 1282 vestro
1473 1241 1578 1280 non
1622 1225 1852 1294 amplius
1896 1240 2046 1279 more
2075 1222 2243 1278 veteri

649 1318 924 1390 propheta:
955 1317 1118 1372 futuri
1158 1327 1340 1373 essent
1375 1340 1387 1374 :
1429 1316 1573 1387 quod
1608 1327 1662 1372 et
1705 1318 1877 1372 oculis
1905 1317 2006 1384 ipsi
2046 1315 2242 1370 vestris

644 1429 871 1471 cernere
900 1415 1143 1484 potestis.
1191 1413 1322 1469 Post
1361 1413 1511 1468 illum
1545 1428 1776 1483 namque
1816 1412 1994 1467 nullus
2020 1411 2240 1466 omnino

643 1509 783 1579 apud
811 1523 905 1562 vos
954 1516 1107 1562 natus
1152 1515 1236 1562 est
1289 1506 1568 1576 prepheta.
1602 1526 1620 1558 ι
1665 1505 1732 1561 Ει
1761 1505 1920 1576 paulo
1949 1514 2070 1575 post
2107 1502 2192 1577 (5)
2223 1525 2236 1562 :

646 1620 665 1654 ‹
703 1603 795 1656 Est
817 1601 958 1671 apud
985 1615 1082 1656 nos
1117 1599 1301 1656 videre
1345 1608 1400 1655 et
1444 1599 1676 1655 feminas
1701 1609 1756 1654 et
1800 1600 2068 1654 masculos
2095 1600 2234 1653 dona

636 1708 666 1748 a
693 1693 895 1762 Spiritu
929 1693 1021 1747 Dei
1053 1692 1332 1747 habentes.
1372 1711 1390 1744 ι
1428 1691 1542 1746 Hoc
1570 1690 1767 1746 Justini
1795 1691 2042 1762 martyris
2081 1691 2231 1744 testi-

2360 484 2523 539 fuisse
2552 485 2820 551 dicamus,
2861 495 2920 540 ut
2960 502 2988 540 a
3017 486 3333 546 Christianis
3374 493 3723 565 interrogati,
3758 498 3873 555 lucc
3895 500 3947 556 fi-

2355 573 2509 630 ducia
2531 575 2934 646 responderint:
2956 597 2975 629 ι
2995 578 3127 634 Cras
3145 583 3299 636 vobis
3317 586 3741 645 renuntiabiinus
3764 608 3779 641 ι
3806 609 3821 645 :
3839 606 3948 660 pro-

2355 667 2532 735 phetae
2557 667 2776 732 scilicet,
2808 670 3249 740 autprophetidis
3271 675 3710 746 appellationem,
3746 697 3850 738 non
3879 683 3945 738 illi

2353 759 2504 823 olim,
2537 771 2627 816 aut
2653 761 2761 816 illa).
2789 763 2975 817 tulisse
3003 763 3278 833 videntur,
3313 769 3402 838 qui
3439 772 3610 827 semel
3641 784 3846 831 tantum
3867 788 3949 834 aut

2352 852 2546 907 iterum
2592 853 2903 922 prophetica
2947 855 3207 913 fudissent
3249 861 3498 926 oracula,
3549 865 3646 920 sed
3694 868 3783 938 qui
3831 885 3949 940 pro-

2351 946 2564 1015 phetico
2590 946 2780 1017 spiritu
2808 947 3157 1015 familiariter,
3188 959 3244 1006 et
3270 968 3406 1022 pene
3439 954 3674 1013 dixerim
3712 960 3780 1016 ad
3807 963 3948 1020 arbi-

2351 1038 2512 1092 trium
2541 1047 2840 1092 uterentur.
2868 1039 3118 1111 Alioquin
3147 1056 3268 1096 cum
3299 1045 3614 1115 prophetica
3643 1050 3785 1106 dona
3813 1061 3952 1113 tanta

2348 1129 2478 1183 olim
2511 1129 2562 1182 in
2597 1129 2840 1186 Ecclesia
2870 1133 3023 1202 copia
3076 1134 3450 1205 exundareut,
3497 1157 3596 1196 cur
3635 1143 3794 1216 aliqui
3844 1157 3954 1204 tau-

2347 1233 2456 1276 tum
2507 1237 2607 1277 nec
2655 1239 2848 1294 magno
2897 1241 3028 1281 sane
3062 1243 3289 1283 numero
3341 1233 3618 1302 propheta:
3649 1239 3759 1293 κατ’
3787 1245 3951 1310 ἐξοχὴν

2343 1315 2471 1370 dicti
2499 1316 2747 1383 fuissent,
2780 1327 2834 1374 ut
2863 1335 2997 1390 quos
3024 1321 3269 1378 Asterius
3309 1325 3448 1395 apud
3496 1327 3793 1386 Eusebium
3835 1334 3950 1392 loco

2342 1409 2539 1479 saepius
2567 1409 2782 1466 laudato
2810 1423 3088 1479 recenset,
3118 1424 3171 1468 et
3207 1414 3536 1489 Polycarpus
3561 1421 3736 1478 dictus
3759 1423 3947 1483 Eccle-

2341 1503 2434 1557 sim
2451 1502 2765 1573 Smyrnensi
2789 1510 3072 1569 διδάσκαλος
3095 1514 3427 1577 ἀποστολικός,
3442 1525 3525 1568 καὶ
3544 1524 3831 1586 προρητικός
3846 1518 3942 1592 (Ι)³

2351 1597 2552 1654 Doctor
2564 1599 2894 1668 apostolicus
2919 1611 2974 1656 et
3001 1603 3388 1673 propheticus?

2407 1687 2496 1742 lll.
2537 1687 2654 1743 Non
2701 1689 2858 1761 longe
2901 1701 3020 1762 post
3061 1692 3259 1748 Justini
3293 1699 3612 1769 martyrium
3647 1704 3944 1760 montanis-

635 1789 818 1844 monio
857 1787 976 1842 falsi
1022 1785 1290 1857 imprimis
1333 1786 1670 1840 convincitur
1719 1784 2049 1855 Basnagius,
2094 1783 2222 1839 dum
2249 1771 2301 1835 Β
2331 1779 2447 1834 lica:
2480 1780 2726 1836 factionis
2775 1783 2923 1837 initia
2965 1783 3214 1840 videntur
3257 1803 3378 1846 esse
3405 1791 3749 1860 collocanda,
3779 1797 3844 1859 si,
3879 1807 3936 1852 ut

630 1880 704 1936 ait
727 1879 806 1952 (4)
830 1921 846 1946 ,
876 1879 928 1932 in
954 1877 1102 1932 Novo
1137 1876 1487 1932 Testamento
1515 1876 1584 1932 de
1623 1876 1752 1931 solis
1789 1874 2021 1946 Philippi
2057 1891 2224 1931 evan-

628 1973 835 2043 gelista:
878 1971 1090 2028 ﬁliabus
1131 1969 1319 2026 referri
1358 1969 1501 2040 quod
1529 1984 1559 2024 a
1587 1971 1808 2024 numine
1835 1978 1968 2025 actae
2007 1970 2222 2025 oracula

626 2065 935 2120 funderent.
979 2063 1109 2117 Nam
1165 2071 1381 2118 sanctus
1433 2062 1677 2117 Justinus
1720 2062 2119 2132 promiscuum,
2166 2073 2222 2118 et

624 2173 912 2216 commune
943 2157 1111 2214 fuisse
1141 2156 1305 2212 tradit
1361 2157 1618 2212 masculis
1647 2167 1701 2212 et
1736 2156 1948 2211 feminis
1991 2157 2220 2227 prophe-

621 2253 712 2308 tia:
737 2252 974 2308 domum.
1001 2250 1335 2318 Quamquam
1358 2258 1413 2304 et
1448 2249 1578 2304 illud
1606 2265 1712 2304 non
1742 2249 2030 2304 admodum
2059 2266 2217 2305 vero-

618 2347 794 2403 simile
841 2345 1117 2410 videatur,
1167 2343 1396 2413 Philippi
1427 2343 1592 2411 filias,
1621 2346 1898 2414 quamvis,
1934 2355 1994 2401 ut
2031 2347 2219 2402 scribit

617 2438 686 2495 ad
729 2438 998 2494 Victorem
1037 2437 1344 2508 Polycrates
1382 2435 1501 2506 (5),
1543 2438 1598 2490 in
1634 2438 1756 2492 Asia
1800 2439 2212 2506 consenuerint,

617 2531 684 2586 ad
716 2530 767 2586 id
800 2544 973 2601 usque
1021 2529 1280 2598 temporis
1333 2529 1661 2599 pervenisse.
1713 2530 1957 2587 Asterius
2000 2548 2215 2602 quoque

615 2621 866 2678 Urbanus
894 2624 1033 2677 inter
1055 2623 1182 2676 novi
1210 2621 1537 2678 Testamenti
1565 2621 1862 2678 catholicos
1884 2625 2172 2695 prophetas
2193 2663 2210 2688 ,

614 2722 672 2770 ut
698 2729 832 2784 quos
861 2714 1005 2769 dicat
1030 2712 1164 2768 nihil
1193 2712 1261 2767 ad
1294 2712 1644 2768 Montanistas
1690 2716 2034 2782 pertinuisse,
2066 2721 2211 2785 μηδὲν

611 2811 770 2868 «erat,
821 2821 1170 2878 προσήκοντας,
1215 2817 1412 2876 praeter
1439 2806 1665 2876 Philippi
1718 2808 1887 2873 filias,
1943 2811 2210 2864 Aminiam

609 2898 896 2970 quamdam
947 2899 1445 2969 philadelphensem
1517 2912 1794 2967 recenset,
1853 2902 2090 2970 suiritu,
2154 2915 2210 2958 ut

611 2992 946 3048 Moutanistae
970 2994 1264 3063 jactarent,
1295 2994 1437 3064 quod
1473 2995 1550 3066 (6)
1588 3013 1606 3046 ‹
1641 3006 1763 3066 post
1791 2995 2122 3064 Quadratum
2155 3006 2208 3053 et

612 3083 882 3137 Aminiam
926 3083 1416 3153 philadelphensem
1449 3086 1706 3143 mulieres
1754 3088 1859 3144 illae
1885 3089 2118 3145 Montani
2151 3091 2204 3144 in

2329 1870 2639 1926 Ruinartius
2670 1872 2749 1944 (2)
2779 1883 2833 1929 et
2861 1875 2951 1928 alii
2995 1878 3209 1940 volunt,
3261 1895 3402 1938 anno
3441 1896 3615 1938 cum
3663 1895 3750 1940 aut
3781 1890 3941 1944 etiam

2327 1966 2499 2020 serius
2514 1975 2730 2021 sanctus
2746 1977 2947 2040 martyr
2971 1969 3237 2026 occubuit.
3259 1973 3413 2028 Anno
3432 1974 3574 2029 enim
3591 1991 3819 2046 eLxxvu,
3834 1996 3941 2051 quo

2327 2057 2718 2128 Lugdunenses
2740 2071 3002 2132 martyres
3022 2063 3162 2132 passi
3182 2073 3324 2126 sunt,
3347 2066 3739 2124 nefariaesecta:
3754 2070 3942 2128 funda-

2323 2159 2534 2216 menta,
2568 2159 2625 2204 ut
2652 2151 2914 2208 Eusebius
2958 2152 3125 2208 refert
3150 2197 3166 2222 ,
3192 2155 3335 2225 jacta
3359 2158 3468 2227 jam
3513 2158 3749 2218 fuerant.
3785 2163 3939 2221 Prin-

2320 2241 2482 2311 cipio,
2515 2250 2570 2294 ut
2597 2258 2658 2297 ex
2689 2244 2876 2299 eodem
2909 2244 3142 2302 Eusebio
3171 2257 3413 2316 constat,
3440 2252 3583 2305 varia
3615 2251 3712 2308 fuit
3739 2270 3930 2312 eorum

2322 2334 2572 2388 fortuna:
2617 2336 2704 2389 alii
2755 2352 2849 2392 eos
2893 2348 2950 2392 ut
2986 2353 3144 2394 veros
3197 2340 3485 2409 proithetas
3531 2345 3922 2416 celebrabant,

2318 2426 2405 2480 alii
2434 2427 2562 2496 quid
2588 2428 2654 2482 de
2693 2428 2798 2482 illis
2825 2438 3126 2486 statuerent
3167 2433 3427 2502 ancipites
3449 2433 3755 2506 hatrebant,
3787 2440 3926 2498 adeo

2319 2527 2376 2572 ut
2413 2519 2637 2574 aliarum
2666 2535 2879 2591 quoque
2915 2524 3294 2590 ecclesiarum,
3329 2536 3383 2581 et
3417 2531 3714 2597 praesertim
3763 2533 3928 2589 (ἱειίιὶη

2315 2623 2465 2664 cauze
2484 2652 2499 2676 ,
2530 2611 2597 2665 de
2624 2611 2725 2668 hac
2756 2628 2893 2670 nova
2923 2617 3202 2685 pr0phetia
3229 2621 3555 2678 sententiam
3591 2639 3684 2694 per
3713 2625 3922 2684 litteras

2316 2703 2498 2758 Asiani
2546 2706 2802 2776 rogarint.
2860 2705 3087 2763 Causam
3135 2727 3264 2768 vero
3329 2730 3425 2770 cur
3474 2732 3580 2770 non
3631 2719 3808 2774 statim
3861 2719 3932 2776 ab

2313 2795 2567 2850 onmibus
2599 2796 3039 2867 repudiarentur,
3071 2803 3209 2858 hanc
3241 2804 3405 2861 fuisse
3437 2806 3598 2861 tradit
3625 2807 3929 2880 Eusebius,

2312 2887 2453 2956 quod
2484 2901 2605 2942 cum
2637 2888 2814 2942 adhuc
2859 2890 2908 2944 in
2965 2892 3201 2949 Ecclesia
3240 2896 3437 2952 divina:
3479 2899 3670 2968 gratia:
3709 2900 3926 2957 charis-

2313 2990 2452 3032 mata
2475 2978 2781 3046 affluerent,
2811 2981 2949 3037 haud
2974 2984 3214 3041 insolens
3237 2989 3536 3054 videbatur,
3564 3007 3659 3047 eos
3684 3008 3925 3066 quoque,

2311 3078 2399 3143 qui
2443 3085 2717 3130 austerum
2765 3077 2976 3132 vivendi
3025 3094 3194 3149 genus
3247 3085 3586 3140 extrinsecus
3639 3100 3923 3148 consecta-

607 3176 904 3246 Ρτοριωιίρε
966 3179 1192 3247 gratiam
1243 3191 1636 3234 successum“.
1694 3201 1712 3233 ,
1768 3181 1824 3236 ιη
1877 3181 1974 3239 hos
2027 3168 2275 3252 in,qu
2312 3166 3214 3254 bantur,calestibnscharismatis
3241 3176 3758 3236 abuttdarethttm
3777 3181 3934 3238 Mon-

624 3268 748 3322 novi
793 3267 1122 3324 Testamenti
1181 3286 1286 3326 non
1331 3273 1618 3342 prophetas
1667 3272 1864 3340 modo,
1908 3275 2004 3332 sed
2052 3275 2212 3331 etiam

609 3359 976 3428 prophetissas
1027 3362 1286 3417 translata
1338 3363 1502 3420 fuisse
1538 3364 1696 3419 docet
1748 3364 2026 3432 Justinus,
2086 3382 2215 3436 pro—

609 3452 820 3522 phetica
848 3454 988 3510 dona
1023 3457 1217 3526 quibus
1245 3457 1372 3512 olim
1418 3471 1688 3529 synagoga
1729 3459 2085 3526 inclaruerat;
2129 3459 2213 3516 id-

607 3561 713 3615 que
759 3556 901 3601 tanta
934 3549 1312 3617 perspicuitate
1350 3556 1512 3618 atque
1539 3549 1846 3614 evidentia,
1890 3560 1947 3605 ut
1989 3550 2210 3608 Judzeos

611 3637 758 3708 ipsos
786 3639 1012 3711 hujusce
1037 3641 1116 3695 rei
1153 3650 1314 3695 testes
1343 3641 1593 3710 appellet.
1639 3641 1791 3709 Quod
1836 3643 2018 3712 utique
2059 3660 2216 3715 argu-

612 3741 794 3786 mento
817 3741 918 3797 est,
939 3747 1047 3786 non
1065 3732 1260 3786 minori
1273 3732 1448 3802 copia,
1469 3743 1628 3802 atque
1657 3735 1900 3791 ubertate
1925 3752 2044 3793 sese
2065 3740 2218 3794 novis

615 3823 763 3880 hisce
785 3824 1094 3895 prophetis,
1143 3840 1304 3895 quam
1340 3827 1606 3897 antiquis,
1648 3829 1944 3898 prOphetia:
1969 3833 2215 3900 spiritum

616 3915 897 3971 infudisse.
929 3918 1048 3974 Jam
1075 3933 1205 3973 vero
1250 3934 1316 3972 an
1347 3935 1452 3973 non
1485 3935 1550 3975 eo
1581 3935 1639 3976 se
1665 3921 1826 3977 modo
1854 3926 2051 3979 veteris
2079 3924 2215 3981 Tes-

615 4011 840 4064 tamenti
869 4011 1144 4080 prophetae
1172 4012 1459 4082 gerebant,
1487 4013 1638 4082 quasi
1672 4014 1932 4084 Spiritum
1963 4015 2216 4073 Sanctum

619 4103 784 4159 veluti
816 4105 1013 4160 monile
1045 4105 1315 4175 quoddam
1343 4106 1395 4160 in
1424 4116 1642 4176 pectore
1672 4123 1792 4173 suo,
1834 4118 1892 4164 ut
1917 4111 1969 4166 in
1995 4126 2117 4166 arca
2147 4113 2219 4167 in-

620 4194 848 4262 clusum,
877 4209 971 4250 sua
997 4194 1259 4251 haberent
1283 4197 1348 4252 ad
1386 4208 1594 4262 nutum,
1625 4199 1743 4268 ejus
1771 4199 2220 4258 illustrationibus

623 4289 768 4342 usuri
797 4289 863 4342 ad
890 4289 1218 4344 arbitrium?
1245 4289 1438 4344 Annon
1465 4290 1535 4346 de
1558 4291 1745 4349 futuris
1772 4295 2054 4351 eventibus
2081 4312 2110 4350 a
2133 4311 2222 4366 po-

625 4380 751 4448 pqu
774 4380 1052 4448 requisiti,
1096 4381 1282 4436 eadem
1325 4382 1485 4450 plane
1527 4383 1745 4451 fiducia,
1787 4402 1893 4456 qua
1923 4387 2216 4457 Perpetua,

624 4487 685 4527 se
715 4472 825 4536 illi,
860 4472 1091 4527 crastina
1125 4472 1241 4540 die,
1284 4484 1374 4529 aut
1405 4485 1526 4545 post
1565 4476 1726 4533 breve
1768 4490 1978 4550 tempus
2022 4497 2219 4538 renun-

621 4568 848 4620 tiaturos
873 4566 1249 4635 spondebant?
1277 4570 1415 4636 Quid
1451 4586 1578 4642 ergo
1605 4573 1820 4642 mirum,
1847 4577 1892 4632 si
1932 4579 2054 4634 novi
2084 4579 2214 4636 Tes-
2239 4565 2296 4626 Ῑ)

627 4659 862 4714 tumenti
891 4659 1199 4730 praphetis,
1229 4671 1286 4717 ut
1310 4666 1513 4735 Agabo,
1548 4665 1671 4723 Sila:
1690 4709 1704 4732 ,
1735 4669 2034 4737 Quadrato,
2063 4672 2224 4744 Poly-

629 4767 795 4824 carpo
839 4763 894 4810 et
934 4755 1304 4828 prophetissis,
1365 4769 1424 4814 ut
1469 4759 1680 4816 filiabus
1705 4761 1969 4834 Philippi,
1999 4767 2224 4822 Ammius

703 4931 782 5005 (Ἰ)
822 4940 962 5016 μειρᾼά
985 4941 1073 5016 γᾴρ
1105 4940 1218 5016 ἡμῖν
1252 4940 1335 4990 καὶ
1364 4945 1510 5007 μέχρι
1537 4946 1615 5016 νῦν
1651 4952 1918 5011 «pagus-uti
1949 4959 2226 5016 χαρίσματα

624 5012 750 5060 ἔστιν
776 5023 785 5034 ·
811 5011 862 5070 ἐξ
890 5009 942 5060 οὗ
972 5012 1050 5060 καὶ
1077 5011 1212 5062 αὐτοὶ
1241 5019 1445 5063 συνιέναι
1470 5009 1691 5079 apale-rt,
1719 5021 1795 5068 ὅτι
1830 5022 1890 5072 τὰ
1918 5009 2073 5072 «sim
2097 5027 2140 5074 ἐν
2161 5035 2226 5090 τῷ

624 5085 745 5147 γένει
773 5083 896 5144 ὑμῶν
928 5081 1040 5130 ἄιτα.
1072 5083 1134 5140 εἰς
1166 5087 1290 5144 ἡμᾶς
1321 5090 1558 5147 μετετέθη.

701 5146 781 5217 (‘2)
821 5156 1015 5233 Μηκξτξ
1045 5155 1090 5202 ἓν
1114 5164 1179 5219 τῷ
1207 5159 1323 5214 γένει
1355 5158 1481 5217 ὑμῶν
1505 5161 1716 5233 nutriere
1745 5164 1951 5212 παλαιὸν
1984 5168 2082 5222 ἔθος
2113 5184 2226 5233 πρυ·-

625 5233 776 5289 prius
801 5227 1092 5283 γςνίσεσθαι.
1119 5228 1227 5286 ὅπερ
1248 5233 1328 5276 καί
1355 5230 1456 5289 ὄψει
1482 5231 1592 5292 ὑμῖν
1614 5230 1728 5280 ἰδεῖν
1759 5237 1855 5285 ἔστι
1881 5246 1894 5260 ⁸
1923 5233 2028 5298 μετ’
2057 5227 2224 5289 ἐκείνων

621 5297 714 5360 γὰρ
741 5294 884 5351 οὖδας
908 5295 1024 5352 ὅλως
1059 5314 1293 5364 «pay/37.:
1325 5297 1438 5364 παρ’
1471 5302 1580 5361 ὑμῖν
1601 5307 1866 5367 γεγένηται.

722 5362 749 5375 ι-
1054 5364 1066 5380 ς
1105 5373 1114 5385 ν
1149 5362 1157 5364 ‘
1251 5372 1268 5384 ,.
1399 5362 1457 5385 Α,
1489 5372 1505 5382 -η
1607 5362 1670 5385 ’κ’

696 5363 774 5431 (ο)
816 5369 914 5415 Καὶ
957 5386 1046 5433 παρ
1095 5379 1204 5428 ημῖν
1249 5389 1371 5418 εστιν
1415 5390 1526 5419 toan
1567 5391 1647 5421 και
1681 5377 1869 5431 θηλείαις
1914 5379 1997 5429 καὶ
2028 5384 2224 5448 ἄρσενας

623 5443 898 5511 καρίςματα.
925 5437 1021 5511 ἀτΣό
1053 5441 1424 5511 ῖοβ-Πλξέὒμεῑςτος
1453 5450 1534 5493 τοῦ
1558 5447 1677 5493 Θεοῦ
1710 5450 1920 5511 ἔχοντας.

697 5503 774 5569 (4)
795 5507 948 5558 Anno
967 5505 1025 5558 ι).
1059 5505 1185 5569 205,
1215 5506 1277 5560 N.
1318 5508 1374 5560 ν.

803 5577 954 5639 Apud
986 5576 1179 5631 Euseb.
1211 5578 1300 5633 lib.
1327 5594 1357 5629 ν
1383 5577 1515 5634 Hist.
1548 5580 1768 5648 Eodem,
1796 5601 1916 5651 cap.
1949 5590 2034 5644 Μ.

689 5645 950 5731 (βλΜετὰ
979 5652 1232 5731 Κξῖδξᾳτον
1259 5653 1342 5703 καὶ
1368 5665 1452 5731 τὴζι
1496 5659 1539 5705 ἕν
1575 5645 1887 5729 Φιλαδελρςίὲι
1924 5651 2131 5731 Ᾰὶμμὶαν,
2166 5673 2219 5720 αι

606 5722 716 5807 iugi
743 5725 989 5807 ξιιεγτανξν
1013 5725 1280 5807 Sitiﬁm-7‘9
1305 5728 1515 5807 yzuvaixé;
1549 5734 1608 5779 τὸ
1643 5722 1932 5807 «impunitas
1961 5722 2207 5807 ’έάρω-μα.

596 5787 760 5859 Apud
794 5787 990 5852 Euseb,
1039 5788 1180 5846 (list.
1217 5787 1436 5862 ﬂectes,
1471 5810 1588 5869 cap.
1624 5787 1709 5854 f7.

2319 3268 2516 3324 tanus,
2549 3261 2718 3330 inquit
2761 3261 3022 3320 Eusebius
3064 3263 3173 3338 (3),
3225 3275 3278 3332 et
3328 3269 3634 3330 Alcibiades
3661 3287 3724 3330 ac
3754 3272 3936 3332 Theo-

2317 3347 2475 3406 dotus
2505 3360 2629 3407 tunc
2673 3352 2912 3422 primum.
2944 3356 2996 3410 in
3028 3358 3253 3428 Phrygia
3273 3401 3286 3424 ,
3319 3361 3578 3429 opinione
3607 3365 3883 3422 hominum
3912 3409 3932 3434 ,

2319 3453 2586 3515 tamquam
2628 3447 2906 3516 pmphetze
2967 3448 3226 3504 celebrari
3303 3454 3642 3523 cepissent;
3710 3456 3941 3528 (multa

2318 3538 2515 3608 quippe
2557 3538 2751 3594 divinae
2780 3541 2964 3611 gratiae
3007 3543 3261 3602 miracula
3309 3545 3358 3600 in
3394 3546 3638 3616 pluribus
3682 3550 3940 3608 ecclesiis

2319 3629 2620 3688 etiamtum
2652 3631 2764 3685 fieri
2803 3631 2962 3686 solita
2995 3634 3152 3690 fidem
3196 3636 3440 3706 plurimis
3483 3637 3779 3705 faciebant,
3828 3658 3942 3700 eos

2319 3737 2531 3791 quoque
2599 3723 3026 3794 prophetare),
3085 3741 3313 3798 cumque
3369 3729 3577 3783 illorum
3645 3732 3937 3789 hominum

2320 3830 2478 3870 causa
2521 3816 2788 3874 dissensio
2833 3827 2948 3874 orta
2993 3830 3171 3886 esset,
3202 3822 3290 3891 qui
3323 3821 3372 3875 in
3421 3821 3592 3878 Gallia
3635 3834 3793 3880 erant
3824 3827 3941 3883 fra-

2323 3916 2464 3975 tres,
2507 3908 2771 3979 privatum
2811 3911 2877 3967 de
2923 3911 3007 3966 his
3051 3913 3312 3982 judicium
3370 3930 3561 3982 suum,
3611 3917 3934 3989 religiosum

2323 4001 2581 4071 imprimis
2616 4012 2670 4058 et
2707 4019 2826 4058 cum
2860 4017 3002 4060 reeta
3045 4005 3150 4060 fide
3191 4009 3567 4073 consentiens,
3631 4024 3817 4064 rursus
3846 4012 3942 4066 ei-

2321 4093 2441 4149 dem
2487 4096 2728 4164 epistolae
2773 4097 3200 4167 subjunxerunt,
3248 4099 3469 4168 prolatis
3525 4100 3944 4159 interfectorum

2322 4185 2462 4253 apud
2489 4202 2546 4242 se
2573 4201 2862 4261 martyrum
2908 4191 3066 4244 rariis
3113 4191 3355 4261 epistolis
3385 4207 3520 4262 quas
3565 4192 3638 4246 illi
3689 4193 3818 4256 dum
3870 4194 3940 4252 in

2323 4280 2550 4336 vinculis
2576 4281 2750 4337 adhuc
2779 4293 2982 4350 essent,
3041 4284 3233 4354 partim
3280 4283 3347 4339 ad
3393 4283 3584 4340 fratres
3614 4285 3665 4340 in
3695 4287 3827 4343 Asia.
3872 4299 3951 4346 et.

2322 4375 2550 4449 Phrygia
2578 4377 2834 4447 degentes
2859 4420 2873 4443 ,
2925 4379 3116 4448 partim
3163 4379 3228 4434 ad
3282 4379 3630 4436 Eleutherum
3665 4381 3942 4442 Romanae

2324 4472 2472 4528 urbis
2498 4473 2809 4543 episcopum
2847 4475 3204 4544 scripserant,
3243 4491 3338 4546 pro
3383 4491 3513 4546 pace
3558 4477 3944 4538 Ecclesiaruut

2399 4671 2679 4751 (l)_Epi_st.
2705 4673 2772 4728 de
2811 4673 3249 4751 illiusmartyrio,
3298 4675 3436 4745 apud
3460 4677 3682 4748 Ettselt.,
3714 4679 3802 4735 lib.
3847 4695 3946 4751 ni,

2328 4742 2460 4814 Hist.
2494 4742 2719 4814 E_cc|cs.,
2752 4760 2866 4814 cap.
2909 4745 2988 4800 l5.
3115 4742 3129 4746 ’
3332 4742 3336 4757 ⁵

2401 4813 2481 4879 (2)
2514 4812 2785 4870 Admonit.
2818 4812 2868 4868 in
2889 4828 3004 4870 acta
3033 4817 3200 4871 sancti
3228 4817 3419 4873 Justiui
3453 4818 3544 4884 51.,
3581 4836 3633 4873 η.
3674 4819 3758 4874 τε.

2400 4883 2482 4954 (5)
2523 4893 2625 4940 Τῶν
2648 4888 2687 4939 δ’
2708 4891 2830 4956 ἀμφὶ
2856 4898 2937 4943 τόν
2961 4895 3203 4946 Μοντιανὸν
3226 4894 3309 4944 καὶ
3332 4883 3622 4952 Ᾰλκιειιίδην
3644 4899 3725 4947 καὶ
3751 4899 3958 4950 Θεόδο-

2330 4980 2427 5020 τον,
2459 4968 2563 5026 περὶ
2593 4972 2678 5019 τὴν
2707 4968 2905 5028 Φρυγίαν
2943 4967 3057 5031 ἄρτι
3084 4964 3187 5015 τότε
3219 4980 3398 5031 πρῶτον
3437 4973 3523 5021 τὴν
3551 4969 3658 5031 περὶ
3683 4970 3765 5020 τοῦ
3795 4989 3956 5035 πμ-

2331 5035 2549 5099 petres”
2577 5035 2804 5098 ὑπόληψιν
2826 5039 2962 5102 «apd;
3002 5042 3187 5096 πολλοῖς
3213 5040 3516 5104 ἐκφερςμξνων
3545 5051 3557 5064 ·
3581 5041 3806 5090 πλεῖσται
3834 5047 3960 5109 γὰρ

2330 5098 2403 5152 οὖν
2446 5112 2526 5154 καὶ
2565 5104 2710 5154 ἄλλαι
2741 5107 3136 5174 παραδεξιποιίαι
3165 5117 3246 5157 τοῦ
3275 5112 3401 5158 θείου
3434 5117 3728 5175 χαρίσματος
3774 5112 3953 5164 εἰσέτι

2327 5175 2427 5226 τότε
2478 5180 2601 5226 κατὰ
2642 5177 2886 5244 διαφόρους
2930 5181 3176 5235 ἐκκλησίας
3203 5181 3558 5241 ἓκτε).οὑμεναι,
3590 5189 3748 5233 πίστιν
3786 5188 3958 5250 παρὰ.

2326 5250 2516 5303 πολλαῖς
2555 5254 2637 5298 τοῦ
2677 5250 2911 5308 κάκείνους
2957 5253 3258 5317 προφητεύειν
3301 5263 3527 5317 παρεῖχον
3557 5264 3567 5273 ⁸
3601 5262 3679 5303 καὶ
3710 5254 3769 5307 δή
3809 5254 3958 5304 διει-

2326 5327 2493 5384 φωκέας
2539 5321 2838 5385 ὑπαρχούσης
2883 5325 2988 5387 περὶ
3029 5337 3117 5374 τῶν
3169 5324 3509 5387 δεδηλωμένων,
3540 5319 3675 5381 αὖθις
3706 5329 3749 5373 οἱ
3790 5332 3966 5381 κατά

2324 5402 2412 5446 ’τὴν
2443 5393 2645 5441 Γαλλίαν
2673 5391 2882 5456 ἀδελφοὶ,
2911 5401 2996 5444 τὶν
3027 5393 3150 5441 ἰδία-ι
3184 5401 3333 5461 κρίςιν
3374 5395 3456 5442 καὶ
3486 5397 3592 5461 περῖ
3622 5400 3798 5447 τούτων
3847 5401 3962 5448 εὖ-

2328 5466 2449 5514 )αϐἧ
2477 5469 2557 5510 zeal
2595 5463 2960 5527 ὀρθοὸοξοτέιτην
3004 5467 3344 5517 interire-own
3373 5479 3386 5492 '
3413 5468 3644 5530 ἐκθέμενοι
3693 5475 3773 5517 καὶ
3828 5485 3971 5522 τε.»

2325 5530 2436 5600 παρ’
2477 5534 2638 5590 αὐτοῖς
2674 5533 3008 5588 τελειωῧέντων
3048 5539 3299 5603 μαρτύρων
3346 5537 3592 5603 dieprimo;
3625 5538 3902 5598 δπιστόλςις
3941 5557 3964 5573 ο

2323 5597 2460 5660 ἔσς’ἐν
2490 5606 2675 5667 deum;
2711 5611 2784 5656 ἔτι
2829 5597 3135 5672 ὑπάρχονέεςξ
3173 5597 3275 5666 «ii,
3304 5604 3380 5677 Ix"
3405 5597 3554 5666 Ᾰσέας
3597 5617 3682 5658 καὶ
3713 5615 3966 5686 Φρυγίας

2318 5673 2534 5743 ἀδελφοῖς
2557 5677 2862 5744 διςχάραξαν.
2891 5680 2941 5731 οὗ
2960 5686 3056 5743 μὶν
3078 5682 3200 5730 ἀλλὰ
3225 5679 3304 5730 καὶ
3329 5673 3567 5748 Εὶευθέρῳ
3593 5690 3658 5745 τῷ
3678 5687 3782 5732 τότε
3808 5673 3962 5732 βω·-

2314 5758 2467 5808 μαιῖων
2495 5748 2754 5816 ἐπισκὸτῳ,
2785 5763 2869 5807 τῆς
2893 5766 2981 5805 τῶν
3007 5754 3256 5812 inlunio-2
3280 5751 3466 5822 εἰρήνης
3487 5756 3618 5803 ἕνεκα
3644 5753 3962 5822 πρεσϐείων,

2315 5837 2408 5877 reg.
2437 5816 2551 5871 Lib.
2581 5816 2636 5885 5,
2667 5833 2783 5890 cap.
2815 5821 2868 5878 5.
