4156 6282
584 282 686 339 111

1739 271 2193 331 DISSERTATIO
2230 270 2708 329 AI’OLOGETICA

3773 276 3883 333 11?.

575 394 864 448 metientes
884 433 897 456 ,
930 400 1206 460 tantopere
1232 390 1494 444 mirantur
1519 432 1533 457 ,
1567 388 1707 458 quod
1737 401 1921 446 sancta
1970 391 2166 445 femina
2194 389 2243 449 Α
2273 396 2415 443 stum
2444 389 2726 455 timentes,
2755 407 2773 439 ι
2795 388 3065 460 subjungit
3094 389 3338 445 laudatus
3367 398 3573 457 auctor,
3597 409 3616 443 ‹
3638 400 3692 446 et
3714 392 3881 450 Deum

577 486 761 547 ἀληθῶς
792 489 935 539 abeo;
962 492 1240 553 μαθήτρια,
1272 481 1515 552 adeoque
1541 482 1735 537 divinis
1765 482 1911 539 hisce
1963 483 2171 539 charis-

576 578 739 631 matis
762 584 976 630 assueta
997 615 1013 638 ,
1043 583 1103 629 ut
1125 590 1244 644 qua:
1272 590 1330 630 se
1359 592 1378 626 ι
1416 574 1621 630 sciebat
1649 572 1876 630 fabulari
1916 591 2036 630 cum
2070 577 2177 630 Do-'

574 668 758 732 mino,
796 684 815 719 ι
849 664 1062 721 cunctis
1101 666 1209 735 jam
1241 666 1472 722 terrenis
1511 665 1789 722 aﬁectibus
1813 668 2055 722 exsoluta
2077 709 2090 731 ,
2116 678 2171 723 et

570 759 627 814 in
658 760 767 829 ipsa
792 759 1037 831 martyrii
1065 759 1439 829 capeditione,
1479 775 1596 815 eam
1642 760 1742 815 sibi
1788 762 2078 830 sumpserit
2104 761 2171 817 de

570 849 751 906 divina
794 850 1104 922 dignatione
1152 851 1399 907 ﬁduciam
1428 893 1445 919 ,
1482 871 1502 904 ι
1538 852 1691 922 cujus
1737 853 1993 909 beneficia
2022 862 2169 910 tanta

571 952 792 1012 experta
828 952 976 1008 erat,
1030 961 1049 995 ι
1084 953 1143 997 ιιι
1187 943 1419 1000 ﬁdenter
1447 959 1507 1000 se
1552 945 1701 1000 fratri
1741 948 2167 1003 renuntiaturam

566 1038 941 1107 spoponderit,
970 1053 1036 1092 an
1065 1039 1245 1108 passio
1291 1040 1462 1095 futura
1494 1052 1639 1097 esset
1686 1057 1753 1096 an
1794 1045 2169 1099 commeatus?

568 1130 627 1185 1d
671 1131 917 1201 Basnagii
957 1130 1156 1201 judicio
1186 1132 1346 1204 longe
1373 1142 1456 1189 est
1497 1135 1566 1191 ab
1611 1136 1834 1191 istorum
1868 1148 2167 1208 temporum

566 1224 809 1279 moribus
837 1242 853 1279 :
905 1223 998 1279 sed
1029 1240 1209 1280 annon
1239 1226 1448 1297 longius
1477 1238 1561 1282 est
1607 1229 1767 1283 etiam
1798 1228 1865 1283 ab
1912 1229 2169 1285 hodierna

562 1317 983 1383 consuetudine,
1015 1317 1155 1387 quod
1185 1328 1308 1373 tunc
1348 1326 1600 1386 πολλάκις,
1638 1339 1656 1372 ι
1692 1336 2060 1389 saepenumero
2090 1323 2168 1376 in-

504 1458 507 1465 ,
570 1418 653 1464 ter
683 1407 876 1463 fratres
900 1427 918 1459 ι
952 1408 1148 1463 factum
1171 1424 1292 1465 esse
1323 1419 1544 1465 testatur
1569 1410 1824 1477 lrenaeus,
1845 1413 1984 1482 quod
2019 1432 2036 1465 ‹
2063 1422 2169 1468 tota

561 1501 723 1558 simul
766 1502 922 1556 unius
974 1501 1079 1557 loci
1128 1503 1364 1558 Ecclesia
1410 1504 1479 1559 ob
1508 1505 1743 1576 aliquam
1794 1507 2167 1562 necessitatem

560 1598 614 1652 itl
664 1597 935 1668 ﬂagitante
984 1612 1107 1652 cum
1154 1598 1371 1668 jejuniis
1438 1600 1622 1654 multis
1672 1609 1727 1654 et
1794 1602 2165 1668 orationibus,

570 1704 786 1745 reversa
811 1690 878 1744 sit
902 1689 954 1743 in
987 1705 1183 1759 corpus
1212 1691 1387 1745 anima
1427 1690 1696 1754 defuncti,
1745 1704 1799 1746 et
1851 1703 2166 1749 sanctorum

567 1782 818 1852 precibus
846 1782 1079 1837 hominis
1109 1783 1213 1835 vita
1238 1782 1434 1836 donata
1462 1782 1577 1837 sit?
1612 1801 1631 1834 ι

634 1875 699 1930 ν.
732 1875 837 1930 Sed
879 1886 936 1929 ut
962 1874 1223 1941 intelligat
1252 1874 1569 1945 Basnagius,
1604 1891 1707 1944 qua
1734 1875 1925 1931 ﬁducia
1953 1886 2159 1931 veteres

559 1972 848 2027 Christiani
892 1972 1069 2025 divina
1110 1971 1223 2026 haec
1266 1971 1590 2026 charismata
1632 1982 1687 2027 et
1723 1972 1947 2027 virtutes
1984 1972 2156 2026 admi-

557 2066 866 2131 nistrarent,
893 2064 1075 2118 audiat
1113 2080 1231 2134 qua:
1262 2064 1617 2119 Tertulliauus
1650 2064 1816 2133 jactet
1844 2063 1911 2118 de
1950 2063 2159 2119 illorum

558 2159 612 2213 iu
644 2158 922 2212 daemones
953 2159 1178 2228 imperio
1220 2156 1340 2231 (l):
1377 2175 1394 2208 ι
1447 2158 1649 2212 Edatur
1693 2157 1779 2212 hic
1822 2158 2017 2228 aliquis
2062 2158 2161 2213 sub

472 2326 475 2327 ν
557 2252 915 2307 tribunalibus
955 2253 1166 2318 vestris,
1220 2268 1378 2320 quem
1438 2252 1685 2309 daemone
1750 2255 1831 2323 agi
1900 2262 2157 2307 constet:

549 2346 735 2415 jussus
763 2362 790 2397 a
825 2345 1063 2413 quolibet
1089 2346 1385 2400 christiano
1413 2345 1559 2416 loqui
1581 2346 1802 2415 spiritus
1830 2345 1944 2407 ille,
1971 2355 2079 2400 tam
2102 2361 2161 2402 se

562 2440 866 2495 daemonem
899 2438 1246 2495 conﬁtebitur
1271 2440 1337 2493 de
1361 2455 1510 2506 vero,
1543 2454 1703 2509 quam
1741 2440 1867 2493 alibi
1907 2439 2068 2494 deum
2095 2440 2162 2495 de

556 2534 715 2589 falso.
758 2532 935 2603 Eque
989 2532 1318 2603 producatur
1356 2532 1551 2602 aliquis
1597 2549 1667 2587 ex
1717 2534 1779 2587 iis
1807 2534 1897 2603 qui
1942 2534 2010 2589 de
2053 2535 2163 2589 Deo

559 2627 671 2697 pati
699 2626 1100 2693 existimantur,
1136 2627 1223 2696 qui
1258 2626 1366 2680 aris
1410 2626 1710 2682 inhalantes
1740 2640 1935 2681 numen
1973 2625 2041 2681 de
2080 2626 2162 2680 ni-

553 2724 685 2780 dore
709 2724 1039 2795 concipiunt,
1090 2725 1180 2794 qui
1227 2723 1487 2779 ructando
1527 2734 1813 2789 conantur,
1857 2726 1947 2794 qui
1996 2723 2163 2777 anhe-

553 2818 717 2873 laudo
747 2819 1045 2888 profantur.
1094 2817 1198 2873 Ista
1230 2819 1342 2887 ipsa
1388 2819 1540 2888 virgo
1576 2819 1814 2875 ctelestis
1866 2818 2161 2885 pluviarum

556 2913 927 2983 pollicitatrix,
978 2912 1078 2966 iste
1120 2913 1233 2982 ipse
1262 2909 1601 2979 IEsculapius
1639 2909 2023 2965 medicinarum
2072 2909 2165 2963 de-

558 3016 912 3067 monstrator,
970 3005 1106 3060 alias
1145 3003 1491 3059 demorituris
1536 3001 1814 3068 Socordio,
1856 3011 1911 3056 et
1938 3002 2162 3056 Denatio

554 3109 610 3154 et
657 3098 1036 3167 Asclepiodoto
1084 3097 1544 3163 subministrator,
1598 3097 1698 3150 nisi
1768 3110 1829 3150 se
1888 3095 2165 3150 daemones

2280 480 2331 535 in
2362 480 2599 546 Christo,
2630 480 2984 549 subjiciuntur
3018 483 3188 537 servis
3225 482 3317 537 Dei
3349 492 3403 538 et
3442 483 3661 539 Christi.
3705 483 3780 539 Ita
3816 485 3883 543 de

2276 582 2550 638 contactu,
2576 573 2749 643 deque
2778 572 2961 627 afﬁatu
2999 584 3331 630 nostro......
3367 575 3531 630 etiam
3580 577 3647 631 de
3685 591 3881 648 corpus

2275 666 2427 721 ribus
2483 677 2669 720 nostro
2722 665 2949 735 imperio
3001 667 3270 722 excedunt
3323 668 3472 722 inviti
3512 677 3565 724 et
3604 670 3879 738 dolentes,

2275 768 2330 813 et
2355 757 2505 812 vobis
2532 758 2889 829 praesentibus
2915 758 3320 815 erubescentes.
3364 779 3383 811 ι
3421 760 3585 817 Libro
3614 771 3790 819 autem
3813 764 3883 821 de

2273 847 2491 905 Corona
2524 849 2681 905 milit.
2718 850 2819 906 hoc
2866 853 3076 921 spiritu,
3122 851 3224 907 hac
3262 853 3459 909 virtute
3504 869 3613 910 non
3655 858 3883 914 clericos

2274 943 2436 998 modo
2455 952 2546 997 aut
2575 943 2892 1013 insigniores
2911 942 3266 1011 Christianos,
3292 946 3386 1001 sed
3410 950 3626 1017 quosvis
3656 952 3885 1020 promis-

2273 1049 2393 1101 cue,
2425 1036 2584 1090 etiam
2603 1035 2788 1101 laicos,
2806 1035 3059 1105 praeditos
3076 1034 3261 1100 fuisse,
3285 1038 3429 1092 clare
3441 1049 3689 1110 etaperte
3714 1042 3883 1113 signi-

2276 1126 2418 1193 ﬁcat,
2452 1126 2576 1181 dum
2605 1127 2960 1193 Christianos,
2997 1127 3116 1182 illos
3144 1129 3331 1199 utique
3355 1129 3551 1199 quibus
3592 1147 3658 1187 ex
3690 1134 3882 1189 Eccle-

2275 1218 2367 1274 sia:
2396 1217 2677 1273 catholica:
2728 1217 3014 1288 disciplina
3069 1218 3303 1276 militare
3360 1220 3575 1289 licebat,
3628 1240 3657 1278 a
3710 1226 3883 1281 susci-

2274 1309 2466 1380 pienda
2500 1311 2581 1365 vel
2614 1311 2919 1367 exercenda
2948 1312 3136 1367 militia
3180 1314 3281 1369 hoc
3322 1315 3461 1370 inter
3489 1327 3683 1373 extera
3719 1332 3884 1389 argn-

2276 1413 2457 1457 mcnto
2475 1402 2749 1469 deterret,
2777 1403 2921 1474 quod
2960 1405 3218 1461 militibus
3249 1418 3410 1461 noctu
3456 1424 3553 1479 pro
3576 1408 3883 1466 daemonum

2276 1495 2488 1565 templis
2540 1496 2914 1551 excubaudum
2945 1506 3106 1563 esset,
3141 1497 3193 1553 in
3254 1514 3390 1570 quos
3421 1500 3757 1557 Christianus
3798 1503 3883 1557 in-

2275 1588 2449 1643 terdiu
2528 1590 2807 1659 imperium
2877 1591 3184 1654 exercebat,
3258 1608 3501 1663 quosque
3570 1596 3885 1654 exorcismis

2275 1680 2626 1753 fugabat(l):
2675 1702 2693 1732 ‹
2732 1683 2797 1737 Et
2825 1699 2959 1753 quos
2997 1684 3230 1741 interdiu
3284 1688 3610 1743 exorcismis
3658 1690 3881 1761 fugavit,

2203 1789 2250 1849 Β
2279 1774 2527 1829 noctibus
2556 1775 2880 1842 defensabit,
2913 1777 3230 1834 incumbens
3259 1789 3313 1835 et
3344 1782 3692 1852 requiescens
3721 1800 3887 1854 super

2267 1867 2464 1922 luucho
2509 1884 2613 1938 quo
2648 1866 2954 1938 perfossum
3014 1880 3097 1926 est
3143 1873 3281 1928 latus
3326 1874 3547 1931 Christi.
3585 1895 3603 1927 ι
3651 1874 3772 1943 Cui,
3824 1886 3886 1933 ut

2269 1960 2525 2027 vidimus,
2560 1962 2803 2016 concinit
2830 1961 3069 2018 lrenzeus
3120 1964 3213 2035 qui
3245 1981 3403 2021 veros
3427 1965 3623 2023 Christi
3648 1968 3887 2039 discipu-

2266 2051 2369 2117 los,
2405 2052 2547 2106 nulla
2572 2053 2918 2108 distinctione
2941 2053 3210 2118 adhibita.
3243 2056 3363 2123 hac,
3398 2058 3492 2121 ait,
3528 2059 3667 2115 inter
3690 2068 3884 2116 caetera

2265 2145 2405 2199 dona
2438 2146 2695 2215 jll‘iIBdilOS
2753 2147 2919 2203 fuisse
2963 2157 3248 2218 potestate,
3281 2161 3338 2204 ut
3380 2151 3655 2224 dreinones
3696 2155 3887 2225 eXpel-

2267 2239 2670 2310 Ιετθηιβιϐειίως
2695 2247 3005 2305 uicinam.
3063 2242 3131 2297 Et
3181 2252 3407 2314 utroque
3452 2246 3724 2315 antiquior
3750 2246 3889 2303 Jus-

2268 2331 2411 2386 tinus
2438 2334 2581 2403 ipsos
2604 2332 2854 2389 ethnicos
2882 2334 3072 2389 harum
3129 2336 3380 2391 virtutum
3423 2346 3587 2393 testes
3605 2340 3885 2409 appellat,

2267 2435 2322 2478 ut
2354 2441 2473 2493 qua:
2511 2424 2612 2479 sub
2643 2426 2881 2494 ipsorum
2909 2426 3079 2480 oculis
3116 2436 3169 2481 et
3216 2427 3389 2498 palam
3430 2428 3720 2485 ederentur
3745 2430 3829 2502 (2)
3868 2448 3883 2485 :

2274 2534 2291 2566 ι
2338 2516 2451 2571 Hoc
2496 2517 2669 2585 ipsum
2713 2533 2777 2571 ex
2809 2517 2913 2579 his,
2956 2534 3075 2588 quae
3103 2519 3202 2575 sub
3234 2530 3453 2591 aspectu
3489 2532 3668 2577 vestro
3720 2533 3884 2593 sunt,

2268 2607 2567 2678 intelligere
2605 2609 2852 2679 potestis.
2901 2607 3220 2680 Complures
3264 2612 3527 2681 siquidem
3569 2614 3883 2671 daemonum

2266 2701 2433 2756 intem
2443 2703 2605 2771 periis
2631 2713 2912 2774 correptos
2938 2704 3185 2761 homines
3211 2722 3307 2776 per
3354 2708 3541 2763 orbem
3586 2724 3800 2766 omnem
3826 2724 3885 2768 et

2268 2797 2409 2853 hanc
2437 2809 2674 2855 vestram
2706 2799 2915 2864 urbem,
2948 2817 3081 2872 quos
3107 2802 3199 2855 alii
3224 2802 3565 2873 adjuratores
3594 2814 3649 2859 et
3694 2806 3883 2861 incano

2270 2902 2470 2949 latores
2496 2904 2551 2950 et
2577 2894 2803 2950 veneﬁci
2831 2896 2995 2950 vestri
3044 2910 3233 2951 curare
3267 2912 3374 2951 non
3412 2905 3722 2967 potuerunt,
3755 2915 3882 2970 per-

2270 2988 2421 3042 multi
2456 2988 2731 3043 hominum
2762 2997 3093 3054 nostrorum,
3134 2987 3587 3057 Christianorum,
3640 2992 3881 3063 inquam,

2269 3094 2364 3148 per
2394 3095 2593 3134 nomen
2634 3079 2762 3135 Jesu
2811 3079 3011 3135 Christi
3039 3080 3141 3135 sub
3189 3080 3382 3136 Pontio
3410 3081 3585 3137 Pilato
3638 3082 3884 3139 crucifixi

558 3175 789 3244 confegsi
847 3189 1069 3254 fuerim,
1120 3189 1414 3243 christiano
1452 3188 1668 3243 mentiri
1727 3202 1832 3241 ηοη
1882 3187 2161 3254 audentes,
2191 3181 2237 3245 (ς
2270 3174 2580 3241 adjurantes
2602 3183 2883 3236 sanarunt,
2912 3184 3074 3243 atque
3104 3175 3269 3233 etiam
3308 3189 3451 3230 nunc
3493 3187 3685 3230 sanant
3722 3191 3883 3231 exar-

553 3280 755 3338 ihidem
808 3278 949 3333 ill.us
974 3278 1253 3334 christiani
1287 3279 1649 3348 procacissimi
1687 3280 1999 3348 sanguinem
2046 3278 2165 3333 fun-

558 3375 688 3429 dite.
722 3373 861 3440 Quid
894 3373 995 3427 isto
1024 3387 1191 3442 Opere
1239 3372 1614 3427 manifestius?
1661 3372 1799 3438 Quid
1846 3373 1943 3427 hac
1972 3373 2164 3443 proba-

560 3467 706 3521 tione
757 3464 1001 3519 fidelius?
1049 3464 1377 3533 Simplicitas
1434 3463 1675 3519 veritatis
1723 3464 1776 3518 in
1828 3464 2006 3519 medio
2058 3473 2160 3518 est.

567 3556 750 3611 Virtus
798 3555 870 3608 illi
902 3570 995 3609 sua
1024 3555 1223 3608 assistit
1251 3570 1265 3609 :
1298 3555 1429 3609 nihil
1459 3555 1715 3624 suspicari
1745 3554 1943 3621 licebit,
1990 3555 2164 3626 magia

561 3656 654 3702 aut
674 3645 851 3716 aliqua
873 3645 1135 3714 ejusmodi
1167 3644 1377 3701 fallacia
1403 3644 1520 3699 ﬁeri
1542 3645 1755 3713 dicetis,
1802 3647 1847 3701 si
1877 3647 2015 3701 oculi
2046 3661 2164 3702 ves-

563 3741 631 3795 tri
682 3749 737 3795 et
761 3754 919 3794 aures
973 3739 1315 3809 permiserint
1369 3739 1538 3795 vobis.
1588 3740 1727 3806 Quid
1795 3751 1970 3796 autem
2018 3741 2163 3812 injici

563 3843 744 3904 potest
795 3832 1055 3888 adversus
1123 3832 1173 3887 id
1218 3832 1358 3901 quod
1414 3832 1713 3888 ostenditur
1762 3833 1902 3888 nuda
1941 3834 2160 3890 sinceri-

567 3927 717 3983 tate?
756 3947 773 3979 ι
808 3930 994 3981 Annon
1021 3927 1134 3981 hinc
1159 3942 1350 3997 magna
1373 3926 1594 3989 fiducia;
1650 3927 1715 3982 de
1752 3928 1987 3998 cujusvis
2022 3929 2165 3984 chri-

562 4021 722 4074 stiani
749 4020 1004 4091 sanguine
1031 4034 1151 4074 cum
1176 4019 1415 4091 tyrannis
1442 4020 1753 4089 transigere,
1779 4020 1823 4074 si
1848 4036 1952 4077 non
1983 4022 2047 4076 ad
2072 4039 2160 4077 ar-

563 4112 780 4167 bitrium
804 4122 857 4167 et
881 4128 1039 4182 quam
1060 4112 1304 4167 maluerit
1336 4113 1385 4166 in
1417 4112 1692 4168 dmmonas
1708 4124 1957 4170 exerceat
1986 4126 2164 4184 potes-

566 4205 765 4258 tatem?
793 4205 873 4258 Au
905 4204 1056 4259 istam
1076 4220 1287 4275 quoque
1312 4204 1557 4259 ﬁduciam
1578 4205 1689 4259 sola
1706 4205 1939 4260 Montani
1963 4206 2162 4262 familia

566 4296 803 4367 dignam,
857 4296 1148 4366 Basnagius
1174 4295 1357 4350 dicere
1391 4296 1629 4361 audebit,
1663 4298 1804 4363 quod
1852 4298 1974 4352 huic
2003 4308 2163 4354 secta:

565 4386 934 4443 Tertullianus
964 4386 1125 4440 fuerit
1163 4386 1449 4441 addictus?
1478 4390 1545 4440 At
1575 4387 1748 4441 nullus
1775 4389 1861 4443 hic
1899 4390 2159 4459 ejusmodi

566 4480 995 4534 cavillationibus
1022 4478 1169 4533 locus
1192 4496 1207 4543 ;
1233 4495 1339 4533 non
1366 4479 1451 4534 hic
1471 4479 1538 4534 de
1569 4482 1793 4537 occultis
1835 4483 2162 4556 privatisque

565 4570 863 4624 visionibus
890 4579 982 4623 aut
1030 4570 1441 4625 revelationibus
1469 4573 1665 4641 agitur,
1698 4574 1793 4629 sed
1832 4574 1899 4630 de
1928 4592 1985 4631 re
2016 4578 2167 4648 cujus
2192 4580 2244 4639 D

569 4662 860 4727 publicum,
881 4672 936 4717 et
954 4662 1054 4717 sub
1075 4663 1203 4732 ipsis
1224 4663 1561 4719 etlmieerum
1575 4666 1979 4736 magistratuum
2004 4672 2169 4727 tribu-

566 4754 802 4820 nalibus,
837 4754 1120 4808 exhibetur
1146 4755 1603 4824 eXperimentum;
1634 4768 1686 4812 et
1710 4760 2015 4817 christiana:
2036 4766 2165 4819 reli-

568 4846 741 4917 gionis
791 4844 959 4900 decus
1010 4856 1062 4900 et
1104 4846 1381 4901 christiani
1432 4847 1663 4903 hominis
1708 4855 1925 4921 sanguis
1974 4858 2024 4909 in
2059 4856 2167 4911 dis-

568 4940 771 4994 crimen
802 4948 1043 5001 vocatur,
1092 4939 1192 4992 nisi
1241 4939 1448 5009 signum
1500 4942 1733 4997 oblatum
1784 4962 1848 4999 ex
1900 4951 2162 5004 sententia

566 5033 909 5101 proce~serit.
963 5034 1153 5086 Auum:
1198 5048 1328 5086 vero
1387 5035 1455 5088 ita
1510 5050 1568 5089 se
1616 5038 1769 5103 gerit,
1816 5039 1883 5093 ita
1934 5040 2167 5112 loquitur

565 5123 949 5189 Tertullianus,
971 5127 1120 5194 quasi
1137 5122 1388 5194 Spiritum
1424 5130 1744 5185 sanctutuad
1762 5134 2089 5191 coercendos
2114 5146 2169 5192 et

562 5217 927 5284 Subjiciendos
948 5218 1047 5272 sibi
1077 5220 1370 5287 daemones,
1430 5222 1594 5278 veluti
1652 5226 1851 5280 monile
1893 5228 2162 5297 quoddam

560 5310 615 5366 in
643 5326 765 5366 arca
798 5312 1061 5367 inclusum
1093 5328 1184 5366 sua
1225 5312 1510 5370 Christiani
1556 5318 1813 5373 haberent
1852 5320 1917 5375 ad
1950 5334 2158 5393 nutum,

560 5406 677 5474 eius
709 5406 904 5460 virtute
946 5421 1010 5460 ac
1054 5416 1335 5476 potestate,
1376 5410 1589 5479 quando
1638 5413 1855 5476 vellent.
1904 5418 2047 5471 usuri
2094 5419 2159 5474 ad

558 5500 839 5555 arbitrium
864 5501 885 5553 ?
910 5499 1062 5555 Unde
1088 5512 1266 5556 autem
1298 5502 1616 5571 Christianis
1648 5517 1789 5561 tanta
1817 5507 2030 5577 fiducia,
2056 5512 2157 5567 tiiSt

556 5611 622 5652 ex
646 5595 955 5668 quotidiano
986 5596 1036 5651 id
1052 5612 1220 5667 genus
1252 5598 1501 5652 virtutum
1522 5602 1924 5671 experimento?
1944 5624 1962 5659 ι
1998 5606 2156 5662 Chri-

522 5736 541 5755 ⁶
620 5733 701 5807 (1)
732 5735 966 5807 Apttlng.,
1002 5752 1123 5809 cap.
1152 5738 1240 5793 “25.

2272 3272 2484 3318 mantes
2509 3276 2669 3333 atque
2691 3265 2967 3336 exigentes
2994 3265 3064 3320 ab
3095 3266 3422 3333 hominibus,
3456 3269 3546 3337 qui
3576 3268 3698 3323 illos
3726 3269 3886 3325 obse-

2268 3356 2465 3412 derunt
2488 3356 2781 3412 diemones.
2815 3377 2833 3409 ›
2862 3357 2929 3412 Ει
2955 3358 3009 3413 in
3030 3358 3246 3430 dialogo
3272 3374 3394 3415 cum
3416 3359 3745 3432 Thryphone
3769 3362 3881 3435 (3):

2274 3468 2293 3502 ‹
2327 3450 2716 3521 Opitulatorem
2756 3468 2990 3525 namque
3030 3454 3206 3526 ipsum
3251 3467 3303 3511 et
3339 3456 3739 3528 redemptorem
3783 3473 3889 3515 no-

2270 3545 2557 3613 mittamus,
2586 3546 2740 3615 cujus
2787 3548 2951 3602 etiam
2984 3549 3219 3603 nominis
3260 3551 3552 3619 petentiam
3598 3550 3887 3608 diemones

2269 3648 2507 3694 tremunt
2549 3651 2605 3696 et
2654 3641 3026 3709 reformidant,
3078 3656 3131 3700 ct
3177 3644 3336 3699 hodie
3375 3660 3589 3716 quoque
3650 3645 3729 3700 illi
3780 3662 3889 3718 per

2271 3747 2465 3787 nomen
2491 3732 2618 3788 Jesu
2649 3733 2850 3791 Christi
2890 3738 3137 3794 crucifixi
3187 3738 3291 3794 sub
3323 3739 3511 3794 Pontio
3562 3739 3737 3795 Pilato
3788 3745 3889 3811 qui

2270 3826 2457 3883 Judea:
2489 3842 2892 3898 procuratorem
2920 3832 3048 3902 egit,
3079 3834 3305 3902 adjurati
3334 3834 3488 3889 nobis
3516 3843 3725 3904 parent.
3762 3852 3782 3887 ι
3816 3835 3890 3892 Et

2268 3939 2480 3979 rursum
2518 3942 2531 3978 :
2563 3944 2581 3976 ε
2621 3926 2686 3981 Ει
2718 3942 2862 3983 nunc
2892 3943 3011 3995 nos,
3041 3928 3133 3998 qui
3157 3931 3211 3983 in
3242 3928 3556 3984 cruciﬁxum
3600 3929 3703 3984 sub
3739 3929 3885 3985 Pun-

2270 4020 2342 4071 tio
2374 4018 2547 4074 Pilato
2576 4020 2760 4076 Jesum
2802 4022 3085 4077 Dominum
3130 4032 3374 4079 nostrum
3424 4023 3713 4091 credimus,
3761 4025 3889 4080 dae—

2269 4114 2447 4165 monia
2469 4120 2680 4181 cuncta,
2726 4115 3053 4184 spiritusque
3086 4116 3349 4185 malignos
3386 4115 3717 4185 adjurantes,
3765 4115 3878 4172 sub

2268 4211 2535 4271 potestate
2565 4220 2659 4259 eos
2687 4215 2871 4260 nostra
2899 4206 3143 4262 subditos
3171 4206 3455 4263 habemus.
3494 4227 3513 4260 ι
3546 4207 3661 4263 Non
3680 4206 3886 4265 minori

2266 4312 2425 4367 quam
2456 4298 2820 4354 Tertullianus
2845 4299 3037 4355 fiducia
3061 4316 3287 4372 magnus
3314 4301 3415 4356 hac
3451 4301 3519 4356 de
3556 4317 3615 4356 re
3643 4302 3889 4371 loquitur

2268 4390 2612 4458 Athanasius,
2643 4393 2895 4462 quamvis
2924 4404 3115 4464 quarto
3145 4394 3370 4463 saeculo,
3404 4410 3511 4451 non
3545 4395 3735 4452 eadem
3765 4410 3879 4468 qua

2345 4611 2421 4684 (1)
2445 4612 2573 4684 Cap.
2604 4615 2689 4670 11.

2346 4684 2421 4757 (2)
2465 4692 2567 4767 Καὶ
2608 4695 2683 4742 νῦν
2728 4696 2779 4745 ἐκ
2817 4708 2907 4749 τῶν
2952 4695 3137 4765 ὑπ’ὃψιν
3174 4706 3418 4765 γινομένων
3454 4709 3623 4767 μαθεῖν
3662 4710 3885 4763 ἄπωθεν

2273 4759 2694 4851 δοξξμινιοὶπέπτσυς
2719 4771 2808 4835 γὰρ
2840 4774 3034 4830 πολλοὺς
3072 4773 3197 4824 κατὰ
3216 4779 3294 4823 τὸν
3318 4774 3487 4839 κὸσμον
3516 4784 3561 4830 ἰν
3586 4793 3648 4851 ’τῇ
3672 4785 3895 4851 Qun-ipa;

2274 4830 2407 4917 πόὶῗ
2446 4833 2609 4884 πολλοὶ
2654 4844 2745 4917 τεῶν
2782 4844 3017 4917 ἡμετέρων
3043 4844 3308 4917 οξνθρώπων,
3334 4856 3416 4896 καὶ
3445 4830 3762 4916 Χριστιίνέῑιν,
3790 4830 3896 4917 3,-5.-

2272 4910 2529 4992 οριίζίονῖτες
2551 4912 2673 4959 κατὰ
2698 4911 3032 4975 τοῦηὸνόματος
3062 4907 3200 4970 inscii
3226 4920 3447 4980 Χριστοῦ
3473 4907 3561 4973 rei}
3589 4907 3899 4992 σταυροιθὲἰο-

2270 4992 2351 5061 τοςζ
2381 4977 2463 5061 ἐπὶ
2490 4982 2685 5029 Ποντίου
2712 4985 2943 5042 Πιλάτου,
2979 4986 3070 5034 ὑπὸ
3091 5000 3179 5037 τῶν
3199 4991 3352 5037 ἄλλων
3383 4993 3569 5043 πάντων
3588 4977 3898 5061 impiatus},

2268 5046 2351 5127 δεξὶ
2371 5049 2600 5127 ξτᾳστῷν,
2628 5053 2710 5099 κάὶ
2741 5071 3079 5119 φαρμακευτῶν
3091 5065 3161 5121 psit
3190 5060 3422 5121 ὶαοέντοις,
3455 5046 3778 5127 ῖᾶσαντοίκιὶ
3800 5076 3899 5121 ἔτι

2265 5119 2341 5204 ν’ὖῖ
2367 5118 2552 5204 latret,
2596 5128 2930 5190 καταργοῦντες
2969 5136 3051 5178 καὶ
3103 5129 3393 5191 ἐκδιώκοντες
3433 5140 3537 5195 τοὺς
3588 5143 3901 5204 κατέχοντας

2267 5189 2689 5267 τοὺιὶὶάνθρὼπους
2723 5189 2983 5261 δαίμονας.
3027 5196 3241 5267 Apolog.
3281 5199 3316 5251 2
3342 5189 3411 5252 ad
3436 5189 3613 5259 Setial.

2339 5255 2418 5325 (δ)
2435 5255 2633 5344 κρόνξθδν
2661 5268 2752 5344 γὰρ
2785 5255 2952 5320 ἆείνον
2989 5255 3349 5344 καὶῖλυτὲωιτήν
3388 5255 3656 5344 καλοῧιυέυ,
3700 5284 3751 5333 οὗ
3788 5289 3903 5338 καὶ

2264 5336 2352 5422 ξῆν
2378 5335 2706 5422 τοῧΙόνὸματος
2730 5338 2860 5403 ἱσχῦν
2889 5350 2970 5392 καὶ
2994 5345 3051 5393 τὰ
3081 5342 3306 5417 δαξμόνιει
3332 5354 3514 5414 τρέμει,
3538 5335 3865 5422 ’καὶσγζμερον

2290 5408 2313 5422 ε.
2424 5411 2447 5422 ..
2726 5410 2736 5422 .
2832 5416 2855 5422 _
2886 5414 2899 5422 .
2943 5414 2952 5422 .
3147 5419 3156 5422 _

2261 5402 2591 5493 ἐξορκιςόμενα
2626 5410 2750 5460 κατὰ
2772 5416 2855 5461 τοῦ
2882 5414 3104 5476 ὀνόματος
3146 5400 3280 5472 iam?
3304 5398 3518 5485 Χίοιοτοῧ
3545 5424 3631 5473 τοῦ
3650 5398 3905 5493 συιῒοιυῑωζ

2298 5478 2308 5493 ι
2471 5478 2485 5493 δ
2530 5480 2539 5491 ι
2579 5482 2613 5493 υ-
2709 5487 2720 5493 λ
2817 5486 2855 5493 -
2890 5487 2900 5493 -
2927 5487 2936 5493 ι
3135 5489 3157 5493 λ

2260 5475 2411 5562 etv-:0;
2462 5478 2539 5527 ἰπὶ
2579 5482 2773 5530 Ποντίου
2817 5486 3030 5536 Πιλάτου
3076 5489 3157 5537 τοῦ
3192 5475 3435 5553 γενομένου
3476 5495 3730 5562 ἐπιτρόπου
3774 5475 3908 5562 ,τῆς

2394 5529 2407 5534 7
2682 5529 2687 5530 7
2757 5529 2760 5530 ν
2818 5529 2896 5532 _,_,
2934 5529 3026 5536 ---ν
3085 5529 3152 5537 .-ψ
3199 5529 3433 5553 I-v'r-arvv
3476 5529 3575 5545 ςγιιι
3616 5529 3730 5547 υςιυυ

2263 5529 2500 5606 Ῐουδαίας.
2523 5552 2862 5603 ὑποτάσσεται.
2898 5557 2998 5605 Καὶ
3027 5561 3103 5609 νῦν
3134 5561 3269 5627 ἡμεῖς
3298 5567 3341 5611 οἱ
3367 5529 3659 5625 «insuavis;
3698 5570 3765 5627 εἷς

2257 5624 2583 5702 ἶταυρωθέντοι
2614 5623 2690 5671 ἰπὶ
2719 5627 2915 5702 Ποντίου
2954 5627 3168 5682 Πιλάτου
3208 5618 3368 5687 Ῐησοῧν
3405 5636 3581 5702 Κύριον
3622 5618 3777 5702 aii/46;,
3810 5652 3910 5697 τά,

2258 5686 2653 5772 Satyri-aquatum:
2677 5696 2760 5745 καὶ
2778 5702 3021 5765 πνεύματα
3042 5704 3223 5770 πονηρά
3244 5686 3553 5772 ἕξορκίζονζιες
3600 5686 3909 5765 ὑτέοτταὲσόῖ

2254 5778 2377 5823 μανι
2398 5764 2511 5827 ἡμῖν
2536 5768 2720 5831 εκομεν.
