4218 6268
327 433 443 490 H3

1187 429 1321 487 PRO
1361 431 1456 487 SS.
1502 431 1888 499 PERPETUA,
1932 433 2342 492 FELICITATE
2385 435 2472 492 ET
2509 434 2742 494 SOCIIS.

3530 442 3632 497 ΗΑ

334 550 499 605 tertio
527 549 766 615 ineunte,
812 547 1058 604 ubertate
1105 549 1221 604 haec
1266 548 1489 619 spiritus
1519 549 1704 605 Sancti
1738 549 1939 606 cbaris-
1970 553 2013 612 Λ
2045 550 2114 605 tia
2150 550 2479 615 damnatam,
2529 551 2790 608 Basilides
2822 567 2959 608 unus
3009 568 3076 610 ex
3121 553 3516 626 apparitoribus
3568 554 3635 609 ad

327 651 472 697 tnata
520 640 885 697 redundarent
924 641 1047 712 (1):
1084 659 1103 692 ι
1141 640 1266 696 Ηωο
1297 653 1475 696 autem
1522 658 1642 712 quae
1682 642 1932 710 dicimus,

327 751 438 791 non
469 736 520 791 in
544 737 674 792 solis
713 735 895 792 verbis
921 735 1241 802 consistunt,
1282 735 1376 791 sed
1425 736 1537 807 ipsa
1560 738 1718 791 etiam
1769 752 1933 808 expe-

321 831 518 886 rientia
554 831 870 900 praeclarum
911 831 1118 885 veritati
1148 830 1237 884 dat
1279 831 1676 886 testimonium.
1702 833 1936 888 Accedat

322 924 504 994 itaque
525 924 771 994 quisquis
795 923 1040 985 voluerit,
1079 936 1141 977 ac
1162 923 1376 977 virtutis
1402 924 1630 992 insignia
1657 924 1708 978 in
1731 922 1931 979 Christi

318 1015 639 1086 virginibus,
688 1031 788 1071 uec
819 1032 925 1070 non
971 1016 1020 1069 in
1063 1015 1519 1081 adolescentibus,
1553 1016 1641 1085 qui
1677 1017 1931 1071 castimo-

321 1109 468 1164 niam
523 1107 844 1180 proﬁtentur
889 1108 1418 1178 immortalitatisque
1463 1107 1622 1163 ﬁdem
1679 1108 1730 1162 in
1785 1117 1932 1163 tanto

321 1201 529 1257 Christi
559 1188 872 1274 martyrum
921 1200 1091 1257 choro
1143 1201 1566 1270 contempletur.
1636 1200 1847 1266 Veniat,
1877 1208 1931 1254 et

320 1293 568 1364 quisquis
591 1308 652 1347 ea
682 1308 802 1363 quae
829 1291 1068 1348 diximus
1097 1292 1338 1362 experiri
1369 1292 1536 1360 cupit,
1565 1300 1722 1361 atque
1741 1291 1790 1345 in
1820 1305 1932 1345 me-

319 1383 426 1438 diis
451 1384 582 1454 ipsis
597 1383 906 1438 daemonum
937 1385 1241 1454 praestigiis,
1264 1393 1318 1438 et
1341 1385 1680 1438 oraculorum
1711 1381 1930 1437 fallaciis

322 1492 388 1532 ac
415 1477 604 1548 magis:
633 1476 910 1548 prodigiis,
940 1478 1093 1548 signo
1123 1477 1300 1531 crucis
1350 1491 1470 1545 qute
1511 1475 1651 1546 apud
1678 1477 1821 1545 ipsos
1850 1475 1930 1529 lu-

324 1569 502 1625 dibrio
556 1579 673 1635 est,
747 1580 930 1624 utatttr
975 1570 1255 1640 solumque
1307 1567 1580 1624 Christum
1645 1571 1926 1627 nominet:

326 1678 455 1719 mox
479 1664 681 1719 videbit
708 1679 870 1734 quam
899 1665 1007 1718 cito
1036 1679 1130 1734 per
1160 1664 1332 1734 ipsum
1361 1664 1606 1734 fugentur
1631 1663 1926 1730 daemones,

329 1768 544 1815 cessent
571 1758 810 1819 oracula,
831 1773 920 1813 ars
948 1759 1123 1812 omnis
1157 1758 1360 1828 magica
1400 1755 1760 1824 veneﬁciaque
1799 1771 1927 1809 eva-

326 1861 571 1908 nescant.
611 1870 632 1903 »
670 1851 723 1906 Si
748 1866 855 1905 non
888 1859 972 1905 est
999 1849 1313 1906 incredibile
1347 1858 1562 1904 veteres
1587 1847 1927 1932 Christianos

2041 643 2364 713 supplicium
2398 643 2633 700 adducit.
2666 644 2904 714 Cumque
2935 646 3122 717 vulgus
3161 663 3280 703 eam
3335 661 3547 714 vexare,
3586 653 3642 700 et

2039 735 2309 792 obscaenis
2338 736 2520 792 verbis
2545 735 2768 792 illudere
2808 736 2858 791 ei
2896 751 3201 805 conaretur,
3225 738 3482 794 Basilides
3529 738 3647 809 qni—

2038 826 2160 881 dem
2197 841 2290 882 eos
2333 828 2423 898 qui
2453 828 2832 883 contumeliam
2887 831 3076 900 virgini
3126 831 3392 885 faciebant
3434 831 3642 886 abster-

2039 935 2164 975 rens
2189 921 2541 991 propellebat,
2571 921 2845 992 multaque
2868 923 3251 978 misericordia:
3288 932 3340 979 et
3388 922 3638 976 humaui-

2038 1012 2160 1065 tatis
2187 1027 2311 1081 erga
2343 1012 2486 1066 illaut
2532 1014 2810 1082 prtebebat
2853 1013 3068 1068 indicia.
3103 1013 3201 1069 Illa
3237 1029 3365 1068 vero
3395 1015 3640 1085 benigni-

2039 1110 2199 1156 tatem
2259 1103 2489 1158 hominis
2534 1119 2657 1175 erga
2709 1119 2768 1160 se
2809 1105 3038 1161 libenter
3089 1107 3441 1177 amplectens,
3495 1108 3637 1162 bono

2035 1196 2216 1250 animo
2242 1213 2362 1252 eum
2402 1213 2522 1252 esse
2555 1197 2712 1267 jussit
2753 1219 2766 1253 :
2799 1213 2857 1253 se
2889 1214 3118 1270 namque
3145 1207 3266 1269 post
3301 1199 3503 1253 obitum
3555 1213 3640 1251 5::-

2036 1287 2198 1341 lutem
2224 1289 2388 1357 ipsius
2417 1304 2446 1342 a
2474 1290 2699 1344 Domino
2719 1291 3146 1360 impetraturam,
3183 1303 3236 1347 et
3268 1292 3458 1347 collata
3481 1293 3532 1346 in
3579 1306 3639 1347 so

2037 1378 2296 1434 beneﬁcia
2330 1381 2476 1435 brevi
2527 1392 2990 1436 remuneraturam
3021 1398 3311 1440 esse.......
3347 1385 3412 1439 Et
3455 1385 3640 1454 hujus-

2037 1475 2180 1528 modi
2213 1473 2428 1545 quidem
2459 1484 2731 1530 certamen
2772 1476 3099 1530 nobilissima
3129 1478 3279 1548 virgo
3319 1479 3636 1538 decertavit.

2037 1568 2194 1622 Brevi
2250 1581 2428 1622 autem
2479 1580 2661 1638 postea
2708 1568 3110 1626 Basilides......
3145 1571 3505 1628 Christianum
3577 1590 3635 1629 se

2034 1677 2179 1728 esse,
2214 1662 2373 1732 idque
2405 1662 2579 1732 palam
2614 1662 2998 1732 profiteri......
3031 1663 3276 1734 Cumque
3315 1661 3531 1735 quidam
3581 1667 3635 1721 in

2036 1755 2260 1811 Domino
2288 1759 2480 1812 fratres
2511 1773 2632 1811 eum
2651 1757 2928 1823 adiissent,
2955 1768 3010 1814 et
3029 1775 3244 1814 causam
3274 1761 3462 1816 subita:
3490 1761 3632 1817 illius

2034 1859 2194 1919 atque
2246 1851 2531 1917 illSpCf‘aitB
2574 1850 2946 1905 conversionis
2976 1852 3390 1923 interrogarent,
3433 1853 3638 1910 dixisse

327 1953 530 1999 tantam
557 1943 864 1998 exercuisse
907 1943 1167 1996 adversus
1197 1941 1469 1996 dannones
1500 1949 1841 2009 potestatem,
1875 1949 1928 1994 et
1959 1949 2006 2010 Β
2036 1939 2226 2007 fertur,
2255 1940 2638 1995 Potamizenam
2671 1943 2829 1996 tertio
2847 1953 2965 2012 post
2989 1945 3300 2015 martyrium
3341 1944 3448 2011 die,
3478 1955 3638 2000 noctu

324 2037 396 2092 ad
423 2037 686 2106 malignos
705 2035 922 2104 Spiritus
961 2033 1309 2100 coercendos,
1344 2032 1576 2103 Spiritus
1604 2031 1782 2087 Saneti
1819 2032 1924 2086 vir-

325 2136 517 2194 tutem,
550 2125 708 2180 veluti
734 2125 970 2193 gladium
993 2141 1021 2177 a
1062 2123 1268 2180 femore
1305 2124 1629 2194 pendentem
1674 2123 1924 2178 habuisse

317 2218 389 2274 ad
416 2229 623 2283 nutum,
661 2233 781 2272 eum
831 2218 1045 2288 quando
1092 2218 1310 2282 vellent,
1355 2227 1637 2271 cxerturos
1675 2215 1742 2270 ad
1781 2215 1924 2270 arbi-

316 2314 477 2368 trium
511 2329 526 2365 :
556 2325 653 2365 cur
701 2310 1016 2365 incredibile
1053 2310 1264 2365 videtur
1310 2309 1561 2364 feminam
1601 2308 1782 2362 divino
1816 2309 1924 2378 spi-

316 2408 425 2462 ritu
463 2406 676 2476 plenam
726 2406 797 2460 ita
852 2420 910 2460 se
931 2405 1188 2476 gessisse,
1215 2405 1364 2475 quasi
1395 2404 1568 2475 ipsum
1618 2402 1780 2458 veluti
1810 2417 1923 2457 mo-

327 2499 440 2554 nile
483 2497 752 2569 quoddam
787 2497 838 2552 in
893 2507 1108 2567 pectore
1164 2512 1261 2551 suo
1302 2506 1356 2551 ut
1409 2495 1462 2550 in
1491 2511 1611 2549 area
1661 2496 1919 2549 inclusum

318 2590 592 2647 habuisset
639 2590 707 2646 ad
754 2601 962 2656 nutum,
1035 2591 1150 2660 ejus
1195 2587 1642 2646 illustrationibtrs
1709 2587 1922 2658 quando

312 2686 475 2741 vellet
501 2700 664 2740 usura
690 2684 757 2739 ad
787 2684 1108 2739 arbitrium?
1146 2683 1264 2738 Non
1293 2683 1449 2738 video
1477 2683 1604 2752 quid
1658 2681 1779 2736 huic
1835 2697 1922 2735 ar-

312 2788 569 2848 gumento
599 2777 786 2846 reponi
817 2777 1003 2846 possit.
1043 2774 1158 2830 Non
1204 2774 1392 2828 nititur
1422 2775 1641 2828 incertis
1688 2782 1779 2827 aut
1827 2772 1920 2828 ob-

314 2868 490 2923 scuris
519 2867 806 2938 exetuplis,
837 2881 943 2922 non
994 2866 1171 2922 dubiis
1201 2877 1292 2920 aut
1320 2866 1456 2920 forte
1483 2864 1729 2920 confictis
1770 2880 1922 2920 reve-

316 2960 626 3026 lationibus,
693 2976 799 3013 non
868 2959 1014 3029 vagis
1063 2959 1204 3029 vulgi
1249 2957 1573 3023 rumoribus,
1622 2966 1716 3011 aut
1753 2958 1914 3012 tradi-

319 3052 579 3116 tionibus,
653 3053 744 3108 scd
816 3053 986 3121 palam
1042 3053 1182 3107 etin
1227 3051 1465 3106 omnium
1519 3049 1689 3106 oculis
1742 3066 1918 3105 rerum

315 3156 587 3218 gestarum
641 3145 759 3212 ﬁde,
827 3145 1143 3200 clarissimis
1187 3145 1545 3200 monumentis
1622 3151 1918 3198 contestata

315 3242 757 3312 consignataque.
791 3240 1022 3309 Spiritus
1045 3219 1232 3294 Sancti
1256 3239 1451 3292 virtute
1472 3238 1537 3292 ad
1565 3237 1920 3308 comprimen-

2033 2032 2134 2086 sibi
2205 2034 2551 2089 assistentem
2609 2049 2865 2090 coronam
2921 2036 3081 2106 capiti
3135 2052 3233 2092 suo
3280 2038 3624 2110 imposuisw,
3701 2076 3708 2079 -

2028 2122 2334 2195 dixisscque
2357 2141 2414 2180 se
2442 2126 2607 2195 ipsius
2638 2141 2798 2181 causa
2829 2128 3112 2182 Dominum
3140 2144 3349 2198 orasse,
3381 2143 3542 2204 atque
3577 2133 3627 2186 id

2028 2217 2166 2287 quod
2211 2221 2436 2290 petierat
2472 2220 2831 2290 impetrasse:
2859 2237 2958 2278 nec
2998 2222 3088 2277 ditt
3123 2235 3308 2294 postea
3365 2227 3535 2296 ipsum
3565 2225 3631 2282 ad

2031 2323 2257 2379 superos
2316 2313 2687 2382 migraturum.
2738 2312 2984 2369 Posthrec
3033 2315 3308 2388 signaculo
3356 2317 3561 2373 Domini
3605 2333 3634 2372 a

2028 2402 2286 2458 fratribus
2333 2415 2576 2475 accepto,
2628 2406 2889 2476 postridie
2918 2407 3187 2462 Christum
3231 2409 3466 2480 gloriose
3507 2429 3640 2465 con-

2027 2493 2221 2564 fessus,
2279 2497 2455 2566 capite
2508 2507 2784 2552 truncatus
2834 2509 2935 2554 est.
2973 2519 2990 2551 ›
3039 2500 3119 2555 Αιι
3175 2502 3367 2557 minori
3443 2504 3633 2559 fiducia

2026 2586 2242 2642 Basilidi
2275 2587 2523 2651 salutem,
2553 2598 2605 2642 et
2659 2588 3045 2645 beneﬁciorum
3073 2601 3274 2645 certam
3325 2609 3636 2648 renznucra-

2027 2677 2226 2732 tionem
2254 2677 2581 2734 Potamimna
2605 2681 2912 2750 spopondit,
2947 2697 3104 2752 quant
3136 2681 3398 2753 Perpetua
3442 2684 3636 2740 Saturo

2025 2769 2189 2826 futuri
2219 2781 2444 2826 eventus
2476 2772 2880 2839 pra‘dictionem
2910 2773 2934 2827 ἲ
2963 2775 3154 2827 Annon
3187 2775 3256 2828 ita
3288 2791 3500 2846 quoque
3528 2777 3632 2830 Po-

2026 2863 2274 2918 tamiaana
2305 2880 2363 2919 se
2390 2866 2547 2935 gerit,
2570 2867 2719 2936 quasi
2751 2865 2946 2921 divinae
2964 2865 3449 2938 prtedcstiuatiouis
3489 2870 3634 2924 ordi-

2024 2957 2271 3012 nationes
2296 2958 2345 3011 in
2371 2968 2648 3012 numerato
2691 2959 2932 3026 haberet,
2965 2970 3055 3014 aut
3081 2970 3202 3030 post
3240 2973 3466 3017 mortem
3497 2963 3638 3016 divi-

2025 3067 2215 3106 norum
2240 3054 2589 3107 consiliorum
2621 3055 2818 3109 arbitra
2870 3055 3048 3110 futura
3097 3066 3262 3120 esset,
3305 3058 3493 3128 gratiie
3538 3074 3635 3127 per

2030 3157 2090 3198 se
2146 3144 2378 3198 victricis
2427 3145 2639 3200 auxiliis
2693 3163 2850 3200 usura
2905 3148 2970 3201 ad
3018 3147 3325 3212 arbitrium.
3376 3165 3472 3219 per
3515 3166 3635 3220 quae

2024 3239 2240 3294 Basilidi
2294 3241 2544 3296 Christus
2571 3241 2812 3304 donaret,
2855 3261 2872 3294 ι
2910 3258 3016 3298 non
3045 3244 3219 3298 solum
3272 3255 3330 3300 ut
3382 3244 3632 3301 crederet

318 3335 423 3391 dos
467 3335 745 3390 daemones
775 3347 988 3390 veteres
1032 3331 1321 3388 Christiani
1370 3332 1434 3386 ad
1464 3332 1742 3386 arbitrium
1799 3341 1916 3386 ute-
1944 3343 1989 3406 ρ
2023 3331 2074 3386 in
2123 3347 2210 3397 eo,
2254 3333 2347 3387 sed
2392 3335 2550 3388 etiam
2601 3345 2654 3388 ut
2695 3344 2968 3404 pateretur
3019 3351 3113 3405 pro
3161 3337 3267 3391 eo?
3297 3357 3316 3388 ι
3375 3336 3430 3392 Si
3479 3337 3631 3392 brevi

317 3428 534 3485 bantur.
581 3448 599 3481 ι
637 3427 776 3497 Quid
823 3427 922 3482 hoc
961 3442 1124 3497 Opere
1156 3425 1524 3481 manifestius?
1562 3445 1580 3476 ι
1625 3424 1735 3479 Cur
1762 3425 1921 3494 igitur

319 3520 598 3576 candidata
630 3521 874 3592 martyrii
914 3520 1147 3590 Spiritus
1188 3518 1366 3573 Sancti
1429 3517 1812 3572 illustrationes
1853 3517 1920 3572 ad

317 3613 600 3668 arbitrium
644 3614 934 3683 impetrare
983 3628 1088 3668 non
1137 3613 1305 3683 potuit
1335 3613 1359 3665 ?
1391 3631 1409 3663 ι
1439 3612 1564 3682 quid
1595 3611 1692 3666 hac
1730 3611 1922 3682 proba-

319 3707 467 3761 tione
515 3705 764 3762 ﬁdelius?
815 3705 1130 3774 simplicitas
1172 3704 1414 3759 veritatis
1453 3705 1505 3758 in
1562 3704 1741 3760 medio
1800 3712 1918 3760 est:

321 3798 498 3852 virtus
527 3797 604 3851 illi
634 3813 727 3850 sua
755 3797 995 3862 assistit;
1025 3796 1156 3851 nihil
1195 3797 1456 3866 suspicari
1485 3796 1665 3851 licebit
1692 3839 1706 3864 ,
1745 3816 1764 3848 ι
1814 3811 1920 3850 non

326 3889 746 3943 montanismutn
785 3897 873 3944 aut
931 3888 1295 3955 farratismum,
1347 3897 1438 3943 aut
1486 3886 1688 3958 aliquid
1737 3888 1920 3958 hujus-

325 3979 502 4035 modi.

395 4075 484 4131 Vi.
540 4071 740 4130 Eadem
766 4077 885 4146 'qua
933 4073 1215 4144 Perpetua,
1273 4072 1458 4128 Severi
1515 4073 1918 4141 persecutione,

318 4177 501 4224 sancta
533 4167 860 4222 Potamizena
892 4167 1030 4221 inter
1050 4166 1444 4220 Alexandrinos
1475 4164 1630 4234 hujus
1667 4167 1921 4235 temporis

317 4273 584 4335 martyres
623 4261 998 4324 celeberrima,
1030 4260 1245 4314 sublata
1272 4268 1374 4323 est,
1412 4258 1566 4328 cujus
1593 4274 1698 4311 non
1745 4259 1918 4312 solum

319 4367 495 4413 exstat
538 4355 682 4426 apud
707 4353 998 4409 Eusebium
1021 4353 1241 4410 illustris
1265 4353 1546 4422 apparitio,
1579 4352 1672 4406 sed
1703 4352 1922 4422 insignis

319 4450 371 4505 in
404 4449 570 4505 Deum
601 4447 814 4503 ﬁdueize
843 4447 1170 4516 exemplum,
1229 4461 1334 4498 non
1380 4444 1556 4498 minus
1585 4459 1744 4513 quam
1791 4441 1921 4497 illud

319 4540 603 4610 Perpetua:
651 4538 1010 4593 admiratione
1061 4536 1300 4606 dignum.
1339 4534 1555 4590 Eusebii
1606 4525 1766 4589 verba
1823 4549 1921 4604 pro

319 4648 474 4690 more
495 4633 780 4704 subjiciam
808 4630 886 4703 (‘2)
919 4652 931 4687 :
971 4650 989 4683 ι
1023 4629 1275 4684 Protinus
1303 4627 1676 4699 igiturjudicis
1705 4635 1921 4682 senten-

1952 4742 2006 4802 D

406 4817 486 4887 (i)
525 4823 694 4872 Ταῦτα
745 4820 793 4869 δὲ
835 4822 896 4872 τά
937 4818 1156 4886 λεγόμενα
1196 4838 1294 4885 παρ
1316 4812 1466 4880 ’ἡμῶν
1506 4817 1583 4867 οὖκ
1629 4817 1752 4880 ἄχρι
1791 4818 1931 4881 λόγων

329 4894 479 4952 ἔστιν,
510 4891 635 4940 ἀλλά
658 4894 735 4941 καὶ
762 4893 812 4953 ἐξ
837 4891 985 4951 αὐτῆς
1027 4903 1108 4949 τίς
1155 4895 1316 4957 πείρας
1362 4893 1458 4953 ἔχει
1485 4897 1569 4944 τὴν
1594 4901 1679 4944 τῆς
1709 4887 1932 4945 ἀληθείας

327 4969 619 5032 μαρτυρίαν·
655 4972 833 5028 παρίτω
860 4966 944 5026 γὰρ
988 4961 1023 5007 ε·
1047 4961 1324 5028 βουλόμενος
1360 4962 1437 5009 καὶ
1474 4963 1701 5032 amp-fret
1741 4972 1824 5018 τίς
1849 4968 1935 5024 μὲν

328 5035 502 5101 ἀρετ-ἧι
543 5042 598 5084 τὸ
637 5041 877 5100 γνώρισμα
909 5037 955 5084 ἓν
989 5036 1099 5090 ταῖς
1120 5035 1332 5101 Χριστοῦ
1363 5031 1608 5096 παρθένοις
1650 5038 1728 5079 καὶ
1761 5034 1804 5080 ἰν
1840 5042 1934 5089 τοῖς

329 5108 621 5174 σωρρε-σὺιὴν
642 5108 887 5167 ἁγνεύουσι
913 5109 1170 5171 νεωτέροις,
1199 5115 1282 5160 τῖς
1310 5104 1356 5152 δὲ
1386 5101 1645 5158 ἀθανασίας
1670 5109 1755 5152 τιὶν
1783 5108 1938 5154 πίστιν

325 5183 373 5232 ἰν
397 5189 460 5244 τῷ
489 5180 693 5242 τοσςὺτῳ
723 5192 811 5228 τὼν
843 5178 1092 5244 μαρτῦρων
1113 5177 1254 5228 αὐτοῦ
1287 5183 1430 5240 χορῲ⁶
1465 5178 1614 5227 ἡκέτω
1646 5174 1692 5220 δὲ
1720 5176 1742 5222 ὁ
1773 5174 1938 5238 πεῖραν

328 5241 1192 5318 «p.179!vapautammnpm,
1227 5253 1306 5295 καὶ
1336 5241 1938 5308 ἓπάὖτίςτνὶςραντασίας

328 5316 420 5374 «in
459 5320 724 5384 δαιμόνων.
755 5319 837 5368 καὶ
866 5331 948 5375 τίς
974 5327 1069 5370 τῶν
1096 5324 1329 5381 μηντειῶν
1365 5317 1584 5378 ἀπάτης,
1619 5316 1700 5365 καὶ
1737 5328 1826 5367 τῶν
1856 5327 1943 5384 τῆς

326 5382 814 5458 μαγείας-θαυμίτων
832 5430 843 5449 ,
868 5392 1117 5454 χρησάσθω
1147 5396 1210 5450 τῷ
1236 5394 1414 5452 σημείῳ
1428 5390 1510 5439 τοῦ
1543 5390 1801 5448 γελωμὲνου
1832 5382 1944 5452 παρ’

329 5466 492 5520 uincit,-
517 5465 749 5528 σταυροῦ,
781 5469 857 5512 τὸν
878 5465 1085 5527 Χριστὸν
1110 5461 1341 5523 ὀνομάσας
1362 5459 1518 5522 μόνον,
1552 5459 1632 5508 καὶ
1655 5461 1819 5520 ὄψεται
1849 5471 1944 5515 πῶς

335 5531 557 5585 ἓιόιῦτοῧ
586 5536 804 5599 Enipeu;
831 5540 913 5596 μὲν
933 5535 1168 5600 φεῦγουσι,
1202 5529 1475 5600 μαντείαβρ
1506 5534 1735 5600 παύεται-ι,
1771 5529 1948 5588 μαγείοι

338 5606 388 5653 ὂὶ
425 5611 556 5654 πᾶσα
596 5594 678 5655 καί
719 5594 992 5669 φαρμακεία
1018 5594 1359 5670 ,κατνῖργηταμ
1400 5594 1520 5652 Lib.
1576 5596 1645 5651 de
1682 5595 1946 5649 lncarnat.
1983 5636 1993 5641 -

337 5671 493 5747 verbi
522 5673 612 5747 Dei
644 5690 696 5726 η.
725 5672 817 5734 48.
850 5687 1000 5726 novm
1031 5671 1161 5742 edit.

418 5740 499 5813 (ἓ)
542 5740 653 5809 Ᾰμα
686 5749 731 5796 δὲ
756 5748 873 5811 λόγω
897 5754 977 5798 τάν
1005 5740 1089 5805 τῆξ
1120 5748 1398 5816 ἀποφάνσεως
1419 5749 1522 5812 ὅρον
1546 5743 1952 5804 καταδεξαμένην,

337 5821 364 5868 ὁ
402 5819 683 5876 Βασιλείδης
735 5816 800 5876 εἷς
841 5840 914 5876 τις
949 5821 1008 5868 ὣν
1046 5828 1136 5868 τῶν
1177 5823 1219 5869 ἰν
1258 5825 1524 5884 στρατείαις
1572 5817 1954 5884 ἀναῖαερομένων,

336 5892 520 5952 ἀπάγει
551 5895 846 5956 παραλαβὼν
876 5897 962 5942 τὶν
991 5890 1066 5940 ἐπὶ
1094 5891 1280 5942 Θανάτου
1298 5902 1310 5914 ⁹
1329 5893 1386 5946 ὡς
1412 5888 1459 5938 δὲ
1486 5889 1539 5937 τὸ
1563 5891 1739 5944 πλῆθος
1761 5891 1959 5951 ἐνοχλεῖν

336 5962 462 6016 αὖτῆ
495 5963 579 6011 καὶ
629 5961 914 6017 ἀκολάστοις
957 5961 1214 6028 ἐνυβρίζειν
1253 5963 1461 6028 ῥῆμα-σιν
1502 5961 1745 6025 ἐπειρᾶτο,
1796 5960 1822 6008 ὁ
1873 5961 1961 6023 μιν

2025 3424 2351 3478 Potamia-na
2385 3426 2494 3480 fore
2527 3427 2758 3496 speravit
2791 3437 2847 3480 nt
2886 3442 2998 3481 sua:
3027 3442 3125 3498 pro
3163 3427 3395 3483 Basilide
3439 3443 3626 3497 preces

2025 3519 2447 3585 exaudirentur,
2501 3536 2596 3574 cur
2644 3538 2752 3575 non
2780 3522 2830 3576 in
2873 3523 3116 3575 eamdem
3159 3535 3309 3591 spem
3368 3521 3638 3592 Perpetua

2025 3628 2236 3683 quoque
2277 3615 2444 3684 potuit
2497 3615 2726 3670 adduci?
2765 3616 2818 3670 Si
2867 3615 3007 3670 laudi
3054 3615 3396 3671 Potamitenae
3443 3615 3626 3675 datur.

2024 3708 2170 3778 quod
2194 3720 2394 3762 certam
2427 3706 2612 3763 fecerit
2635 3708 2854 3762 Basilidi
2882 3710 3071 3762 futurae
3095 3708 3283 3764 salutis
3311 3723 3459 3779 spem
3489 3725 3501 3761 :
3536 3725 3634 3764 cur

2027 3799 2461 3871 vitiomi’erpetuze
2485 3801 2732 3866 vertitur,
2765 3801 2904 3870 quod
2937 3809 3139 3855 certam
3169 3801 3364 3857 Saturo
3383 3816 3531 3871 spent
3554 3802 3635 3855 in-

2020 3893 2211 3963 jecerit
2230 3892 2422 3947 futura:
2454 3893 2822 3948 revelatinnis?
2848 3893 2901 3949 Si
2928 3893 3268 3950 Potantizena:
3295 3894 3630 3966 prophetiam

2027 3999 2184 4039 nemo
2210 4000 2458 4054 umquam
2497 3986 2547 4039 iu
2584 3985 2926 4039 montanismi
2958 3987 3320 4054 suSpicionem
3359 3987 3575 4042 adduxit
3608 4030 3624 4055 ,

2024 4094 2121 4132 cur
2147 4078 2376 4132 similem
2401 4079 2675 4148 Perpetua:
2709 4079 3040 4146 prepitetiam
3059 4079 3108 4131 in
3143 4079 3398 4134 invidiam
3423 4094 3636 4135 monta-

2027 4169 2183 4224 nismi
2209 4167 2499 4222 trahemus.
2547 4167 2683 4234 Quid
2703 4169 2844 4222 enim
2869 4166 3117 4221 differunt
3148 4169 3170 4220 ?
3205 4187 3223 4218 ι
3263 4167 3412 4223 Bono
3452 4170 3635 4224 animo

2025 4270 2162 4323 esto,
2183 4259 2511 4330 postobitum
2534 4259 2830 4330 impetrabo
2854 4259 2944 4314 tibi
2969 4258 3228 4324 salutem;
3266 4277 3285 4312 ι
3315 4269 3368 4315 et
3393 4276 3404 4313 :
3427 4277 3446 4311 ι
3475 4257 3636 4313 Cras-

2027 4358 2132 4411 tina
2155 4356 2241 4410 die
2261 4355 2359 4409 tibi
2388 4355 2753 4410 renuntiabo?
2789 4376 2806 4406 ι

2097 4448 2339 4511 Extincta
2388 4447 2571 4502 Severi
2625 4448 3024 4518 persecutione,
3057 4463 3157 4519 pax
3209 4449 3459 4505 diuturna
3507 4466 3631 4505 sue-

2025 4544 2206 4608 cessit,
2241 4541 2306 4596 ad
2338 4542 2554 4598 Decium
2597 4556 2799 4613 usque,
2835 4543 2934 4597 nisi
2974 4542 3186 4598 Maximi
3237 4547 3629 4615 persecutione,

2027 4651 2145 4705 quae
2173 4643 2351 4690 tamen
2379 4635 2556 4690 brevis
2586 4644 2640 4691 et
2664 4635 2848 4692 locatis
2875 4635 2993 4704 fuit,
3023 4652 3127 4692 non
3169 4637 3488 4712 interrupta.
3523 4641 3635 4696 lloc

2036 4818 2242 4891 ἀνεῖργεν
2256 4818 2511 4891 ἀποσοβῶν
2523 4821 2876 4886 ἆνυβρίζοντας,
2901 4824 3116 4874 πλεῖστον
3141 4828 3263 4874 ἔλεον
3274 4825 3354 4874 καὶ
3377 4829 3642 4891 φιλανθίω-

2038 4897 2154 4938 πίαν
2179 4890 2240 4944 εὶς
2267 4890 2418 4947 αὖτῆν
2444 4891 2796 4954 ἱνδηιινὺμενοε
2821 4897 2849 4947 ἡ
2865 4893 2912 4941 δὲ
2939 4905 3023 4950 τῆς
3052 4896 3158 4961 περὶ
3179 4890 3640 4959 αὗτοὶνσυμπαοείας

2039 4962 2368 5024 ἀποδεξαμένη
2396 4969 2472 5012 τὸν
2493 4962 2640 5028 ἄνδρα
2668 4963 2854 5028 θαρῥεῖν
2877 4969 3276 5028 παρακελεύεται·
3315 4969 3470 5027 [Eam
3484 4973 3642 5017 σεσὺςει

2037 5033 2128 5096 γὰρ
2152 5033 2290 5084 αὐτόν
2316 5031 2610 5082 ἀπελθοῦσαν
2627 5070 2640 5090 ,
2675 5039 2808 5100 παρὰ
2833 5039 2915 5084 τοῦ
2936 5039 3110 5092 ἑαυτῆς
3141 5031 3340 5102 Κυρίου,
3375 5040 3455 5085 καὶ
3482 5038 3561 5085 oin
3579 5038 3646 5095 εἰς

2040 5110 2219 5168 μικρὸν
2254 5109 2346 5152 τῶν
2387 5105 2452 5160 εἱς
2482 5103 2640 5161 ἀῦτῆν
2670 5113 3002 5170 πεπραγμένων
3035 5116 3120 5161 τὴν
3145 5108 3368 5173 ἀμοιβήν
3400 5106 3644 5156 ἀποτίσειν

2040 5175 2356 5241 aiat-Q3..."
2377 5175 2459 5222 καὶ
2490 5176 2514 5223 ὁ
2533 5180 2618 5237 μὲν
2647 5187 2730 5231 τῆς
2756 5176 2977 5236 ἀοιδίμου
3006 5175 3161 5241 κόρης,
3192 5179 3406 5232 τοιοῦτος
3433 5183 3645 5238 κατηγὼ-

2041 5263 2168 5294 nno
2199 5239 2359 5299 ἆθλος·
2392 5246 2442 5294 οὗ
2465 5252 2644 5309 μακρὸν
2671 5244 2718 5293 δὲ
2745 5244 2902 5311 χρόνον
2929 5239 3159 5296 διαλιπὼν
3188 5248 3213 5296 ὁ
3240 5248 3645 5305 Baeticam”...

2044 5320 2336 5380 Χριστιανὸν
2359 5317 2617 5381 ὑπάρχειν,
2643 5315 2722 5364 καὶ
2751 5317 2888 5366 τοῦτο
2916 5319 3128 5381 ἐμφανῶς
3156 5320 3514 5382 ὁμολογεῖν.....
3542 5322 3650 5368 Τῶν

2049 5389 2097 5434 δὲ
2112 5389 2238 5434 κατὰ
2249 5388 2362 5434 Θεὸν
2382 5386 2592 5452 ἀδελφῶν
2610 5387 2668 5441 ὡς
2693 5385 2838 5434 αὐτὸν
2860 5387 3162 5453 ἀφικομένων.
3181 5389 3263 5438 καὶ
3278 5396 3365 5441 τὶν
3379 5391 3544 5440 αἰτίαν
3566 5403 3652 5451 τῩς

2049 5459 2222 5522 ἀθρόας
2250 5455 2333 5506 καὶ
2372 5455 2640 5521 παραδόξου
2675 5459 3032 5526 ταύτης·ὁρμῦ,ς
3069 5464 3433 5524 πυνθανομένων,
3462 5460 3650 5528 λέγεται

2050 5529 2280 5583 ﬂanimea;
2291 5527 2388 5593 ἄρα
2403 5532 2705 5590 Ποταμίαινα
2716 5529 2866 5595 τρισὶν
2882 5530 3274 5598 ὖστεμνῆμέραις
3295 5536 3376 5584 τοῦ
3393 5527 3656 5597 μαρτυρίου

2052 5602 2228 5663 νύκτωρ
2241 5601 2494 5657 (marica,
2513 5603 2731 5663 στέφανον
2744 5601 2891 5652 αὐτοῦ
2904 5614 2960 5670 τῇ
2975 5612 3148 5672 κεφαλῇ
3167 5608 3406 5664 περιθεῖσα
3420 5608 3493 5662 εἴη
3505 5645 3515 5660 .
3535 5611 3654 5672 φαίη

2057 5689 2108 5720 τε
2127 5675 2544 5736 παρακ-κὶηκξναι
2571 5673 2710 5737 γάριν
2733 5673 2879 5724 αὐτοῦ
2902 5681 2978 5722 τὸν
2995 5677 3186 5740 Κύριον.
3213 5685 3293 5724 καί
3314 5689 3398 5732 τῆς
3420 5675 3658 5735 ἀξιώσεως

2058 5745 2390 5806 τετυχηκέναι,
2417 5743 2493 5792 οὗκ
2510 5742 2574 5798 εὶς
2602 5750 2782 5810 μακρὸν
2805 5766 2852 5795 τε
2869 5745 3010 5795 θῦτὸν
3032 5749 3414 5813 παραλτψςσθοιϋ
3438 5748 3514 5795 ἐπὶ
3546 5748 3660 5797 ’τοὺ-

2059 5834 2158 5870 τοις
2184 5828 2277 5864 τῶν
2307 5812 2516 5881 ἀδελφῶν
2535 5827 2619 5872 τῆς
2646 5817 2692 5864 ἐν
2715 5818 2870 5880 Κυρίῳ
2907 5812 3155 5885 eapse/I30;
3180 5817 3476 5881 μεταδόντων
3504 5818 3656 5878 αὖτὼ,

2058 5897 2122 5953 τῇ
2149 5890 2410 5957 μετέπειτα
2437 5889 2593 5952 ἡμέρᾳ
2618 5895 2686 5957 rei!
2709 5895 2792 5957 τοῦ
2813 5883 2988 5957 lippis-ta
3005 5890 3266 5956 διαπρέψας
3292 5895 3557 5957 μαρτυρίῳ,
3574 5898 3660 5946 τῆν

2061 5952 2268 6022 κεφαλὴ
2292 5955 2632 6021 ἀποτέμνεται.
2671 5953 2784 6008 Lib.
2819 5952 3046 6013 Vl‘llist.
3080 5952 3300 6026 CCCieS.,
3324 5952 3518 6027 Cipus.
