  <div class='ocr_page' id='page_1' title='image "/cluster/home/n/w/nwhite01/storage/ocr_20150623/3/hvd.32044054086798/107.png"; bbox 0 0 4218 6268; ppageno 0'>
   <div class='ocr_carea' id='block_1_1' title="bbox 513 363 643 426">
    <p class='ocr_par' dir='ltr' id='par_1_1' title="bbox 513 363 643 426">
     <span class='ocr_line' id='line_1_1' title="bbox 513 363 643 426; baseline 0 0"><span class='ocrx_word' id='word_1_1' title='bbox 513 363 643 426; x_wconf 66' lang='grc'><strong>’115⁸</strong></span> 
     </span>
    </p>
   </div>
   <div class='ocr_carea' id='block_1_2' title="bbox 1680 358 2649 422">
    <p class='ocr_par' dir='ltr' id='par_1_2' title="bbox 1680 358 2649 422">
     <span class='ocr_line' id='line_1_2' title="bbox 1680 358 2649 422; baseline 0.001 -4"><span class='ocrx_word' id='word_1_2' title='bbox 1680 361 2130 422; x_wconf 71' lang='grc' dir='ltr'><strong>ΒΙΞΞΕΒΤΔΤΙΟ</strong></span> <span class='ocrx_word' id='word_1_3' title='bbox 2169 358 2649 420; x_wconf 76' lang='lat' dir='ltr'><strong>APOLOGETICA</strong></span> 
     </span>
    </p>
   </div>
   <div class='ocr_carea' id='block_1_3' title="bbox 3731 363 3839 422">
    <p class='ocr_par' dir='ltr' id='par_1_3' title="bbox 3731 363 3839 422">
     <span class='ocr_line' id='line_1_3' title="bbox 3731 363 3839 422; baseline -0.019 0"><span class='ocrx_word' id='word_1_4' title='bbox 3731 363 3839 422; x_wconf 73' lang='lat' dir='ltr'><strong>illi</strong></span> 
     </span>
    </p>
   </div>
   <div class='ocr_carea' id='block_1_4' title="bbox 531 475 3834 553">
    <p class='ocr_par' dir='ltr' id='par_1_4' title="bbox 531 475 3834 553">
     <span class='ocr_line' id='line_1_4' title="bbox 531 475 3834 553; baseline -0.002 -13"><span class='ocrx_word' id='word_1_5' title='bbox 531 482 794 553; x_wconf 88' lang='lat' dir='ltr'><strong>temporis</strong></span> <span class='ocrx_word' id='word_1_6' title='bbox 821 480 1100 537; x_wconf 88' lang='lat' dir='ltr'><strong>intervallo</strong></span> <span class='ocrx_word' id='word_1_7' title='bbox 1123 479 1356 536; x_wconf 85' lang='lat' dir='ltr'><strong>visiones</strong></span> <span class='ocrx_word' id='word_1_8' title='bbox 1384 487 1439 536; x_wconf 91' lang='lat' dir='ltr'><strong>et</strong></span> <span class='ocrx_word' id='word_1_9' title='bbox 1465 477 1828 538; x_wconf 73' lang='lat' dir='ltr'><strong>revelationes</strong></span> <span class='ocrx_word' id='word_1_10' title='bbox 1853 480 1908 534; x_wconf 88' lang='lat' dir='ltr'><strong>in</strong></span> <span class='ocrx_word' id='word_1_11' title='bbox 1941 479 2129 534; x_wconf 82' lang='lat' dir='ltr'><strong>Eccle-</strong></span> <span class='ocrx_word' id='word_1_12' title='bbox 2161 479 2210 541; x_wconf 76' lang='grc' dir='ltr'>Α</span> <span class='ocrx_word' id='word_1_13' title='bbox 2240 476 2388 533; x_wconf 85' lang='lat' dir='ltr'><strong>Alius</strong></span> <span class='ocrx_word' id='word_1_14' title='bbox 2409 491 2538 532; x_wconf 86' lang='lat' dir='ltr'><strong>vero</strong></span> <span class='ocrx_word' id='word_1_15' title='bbox 2565 476 2616 530; x_wconf 93' lang='lat' dir='ltr'><strong>in</strong></span> <span class='ocrx_word' id='word_1_16' title='bbox 2648 475 2865 531; x_wconf 86' lang='lat' dir='ltr'><strong>sinistra</strong></span> <span class='ocrx_word' id='word_1_17' title='bbox 2896 484 3047 546; x_wconf 89' lang='lat' dir='ltr'><strong>parte</strong></span> <span class='ocrx_word' id='word_1_18' title='bbox 3068 476 3403 544; x_wconf 88' lang='lat' dir='ltr'><strong>consistens,</strong></span> <span class='ocrx_word' id='word_1_19' title='bbox 3421 487 3537 536; x_wconf 89' lang='lat' dir='ltr'><strong>rete</strong></span> <span class='ocrx_word' id='word_1_20' title='bbox 3565 479 3834 552; x_wconf 80' lang='lat' dir='ltr'><strong>portabat,</strong></span> 
     </span>
    </p>
   </div>
   <div class='ocr_carea' id='block_1_5' title="bbox 535 575 2132 647">
    <p class='ocr_par' dir='ltr' id='par_1_5' title="bbox 535 575 2132 647">
     <span class='ocr_line' id='line_1_5' title="bbox 535 575 2132 647; baseline -0.003 -13"><span class='ocrx_word' id='word_1_21' title='bbox 535 578 615 634; x_wconf 87' lang='lat' dir='ltr'><strong>sia</strong></span> <span class='ocrx_word' id='word_1_22' title='bbox 662 594 766 632; x_wconf 90' lang='lat' dir='ltr'><strong>non</strong></span> <span class='ocrx_word' id='word_1_23' title='bbox 795 575 1119 645; x_wconf 88' lang='lat' dir='ltr'><strong>defuerunt,</strong></span> <span class='ocrx_word' id='word_1_24' title='bbox 1152 586 1207 630; x_wconf 91' lang='lat' dir='ltr'><strong>ut</strong></span> <span class='ocrx_word' id='word_1_25' title='bbox 1253 575 1520 646; x_wconf 82' lang='lat' dir='ltr'><strong>aliquibus</strong></span> <span class='ocrx_word' id='word_1_26' title='bbox 1565 576 1832 647; x_wconf 81' lang='lat' dir='ltr'><strong>exemplis</strong></span> <span class='ocrx_word' id='word_1_27' title='bbox 1881 585 2132 642; x_wconf 87' lang='lat' dir='ltr'><strong>constat,</strong></span> 
     </span>
    </p>
   </div>
   <div class='ocr_carea' id='block_1_6' title="bbox 539 668 2134 742">
    <p class='ocr_par' dir='ltr' id='par_1_6' title="bbox 539 668 2134 742">
     <span class='ocr_line' id='line_1_6' title="bbox 539 668 2134 742; baseline -0.001 -18"><span class='ocrx_word' id='word_1_28' title='bbox 539 687 660 742; x_wconf 67' lang='lat' dir='ltr'><strong>quae</strong></span> <span class='ocrx_word' id='word_1_29' title='bbox 693 671 766 723; x_wconf 94' lang='lat' dir='ltr'><strong>uti</strong></span> <span class='ocrx_word' id='word_1_30' title='bbox 795 669 1110 740; x_wconf 84' lang='lat' dir='ltr'><strong>insigniora,</strong></span> <span class='ocrx_word' id='word_1_31' title='bbox 1144 680 1194 724; x_wconf 90' lang='lat' dir='ltr'><strong>et</strong></span> <span class='ocrx_word' id='word_1_32' title='bbox 1226 670 1291 725; x_wconf 87' lang='lat' dir='ltr'><strong>ad</strong></span> <span class='ocrx_word' id='word_1_33' title='bbox 1316 670 1587 740; x_wconf 87' lang='lat' dir='ltr'><strong>publicum</strong></span> <span class='ocrx_word' id='word_1_34' title='bbox 1619 668 1879 726; x_wconf 69' lang='lat' dir='ltr'><strong>Ecclesia:</strong></span> <span class='ocrx_word' id='word_1_35' title='bbox 1913 680 2134 734; x_wconf 84' lang='lat' dir='ltr'><strong>statum,</strong></span> 
     </span>
    </p>
   </div>
   <div class='ocr_carea' id='block_1_7' title="bbox 539 748 2137 833">
    <p class='ocr_par' dir='ltr' id='par_1_7' title="bbox 539 748 2137 833">
     <span class='ocr_line' id='line_1_7' title="bbox 539 748 2137 833; baseline -0.003 -13"><span class='ocrx_word' id='word_1_36' title='bbox 539 773 597 820; x_wconf 90' lang='lat' dir='ltr'><strong>et</strong></span> <span class='ocrx_word' id='word_1_37' title='bbox 625 762 690 817; x_wconf 90' lang='lat' dir='ltr'><strong>ad</strong></span> <span class='ocrx_word' id='word_1_38' title='bbox 737 763 974 832; x_wconf 90' lang='lat' dir='ltr'><strong>publicas</strong></span> <span class='ocrx_word' id='word_1_39' title='bbox 1016 762 1144 817; x_wconf 88' lang='lat' dir='ltr'><strong>item</strong></span> <span class='ocrx_word' id='word_1_40' title='bbox 1185 777 1445 831; x_wconf 85' lang='lat' dir='ltr'><strong>personas</strong></span> <span class='ocrx_word' id='word_1_41' title='bbox 1474 748 1633 833; x_wconf 86' lang='lat' dir='ltr'><strong>atque</strong></span> <span class='ocrx_word' id='word_1_42' title='bbox 1682 762 1946 832; x_wconf 86' lang='lat' dir='ltr'><strong>imprimis</strong></span> <span class='ocrx_word' id='word_1_43' title='bbox 1990 760 2137 816; x_wconf 88' lang='lat' dir='ltr'><strong>cele-</strong></span> 
     </span>
    </p>
   </div>
   <div class='ocr_carea' id='block_1_8' title="bbox 539 855 2135 926">
    <p class='ocr_par' dir='ltr' id='par_1_8' title="bbox 539 855 2135 926">
     <span class='ocr_line' id='line_1_8' title="bbox 539 855 2135 926; baseline -0.001 -13"><span class='ocrx_word' id='word_1_44' title='bbox 539 857 670 914; x_wconf 84' lang='lat' dir='ltr'><strong>bres</strong></span> <span class='ocrx_word' id='word_1_45' title='bbox 715 856 1067 926; x_wconf 88' lang='lat' dir='ltr'><strong>pertinentia,</strong></span> <span class='ocrx_word' id='word_1_46' title='bbox 1122 856 1363 910; x_wconf 65' lang='lat' dir='ltr'><strong>historiae</strong></span> <span class='ocrx_word' id='word_1_47' title='bbox 1409 871 1519 910; x_wconf 65' lang='lat' dir='ltr'><strong>suze</strong></span> <span class='ocrx_word' id='word_1_48' title='bbox 1573 855 1838 912; x_wconf 83' lang='lat' dir='ltr'><strong>Eusebius</strong></span> <span class='ocrx_word' id='word_1_49' title='bbox 1888 855 2135 912; x_wconf 79' lang='lat' dir='ltr'><strong>inseruit.</strong></span> 
     </span>
    </p>
   </div>
   <div class='ocr_carea' id='block_1_9' title="bbox 539 945 2139 1018">
    <p class='ocr_par' dir='ltr' id='par_1_9' title="bbox 539 945 2139 1018">
     <span class='ocr_line' id='line_1_9' title="bbox 539 945 2139 1018; baseline -0.001 -17"><span class='ocrx_word' id='word_1_50' title='bbox 539 945 854 1016; x_wconf 88' lang='lat' dir='ltr'><strong>Cujusmodi</strong></span> <span class='ocrx_word' id='word_1_51' title='bbox 889 945 1104 1002; x_wconf 89' lang='lat' dir='ltr'><strong>fuerunt</strong></span> <span class='ocrx_word' id='word_1_52' title='bbox 1145 946 1249 1002; x_wconf 74' lang='lat' dir='ltr'><strong>illa:</strong></span> <span class='ocrx_word' id='word_1_53' title='bbox 1293 947 1486 1018; x_wconf 83' lang='lat' dir='ltr'><strong>quibus</strong></span> <span class='ocrx_word' id='word_1_54' title='bbox 1528 946 1836 1002; x_wconf 80' lang='lat' dir='ltr'><strong>Alexander</strong></span> <span class='ocrx_word' id='word_1_55' title='bbox 1867 946 1916 1000; x_wconf 84' lang='lat' dir='ltr'><strong>in</strong></span> <span class='ocrx_word' id='word_1_56' title='bbox 1946 945 2139 1001; x_wconf 91' lang='lat' dir='ltr'><strong>lliero-</strong></span> 
     </span>
    </p>
   </div>
   <div class='ocr_carea' id='block_1_10' title="bbox 545 1038 2140 1111">
    <p class='ocr_par' dir='ltr' id='par_1_10' title="bbox 545 1038 2140 1111">
     <span class='ocr_line' id='line_1_10' title="bbox 545 1038 2140 1111; baseline 0.001 -16"><span class='ocrx_word' id='word_1_57' title='bbox 545 1040 875 1111; x_wconf 82' lang='lat' dir='ltr'><strong>solymorum</strong></span> <span class='ocrx_word' id='word_1_58' title='bbox 903 1039 1198 1092; x_wconf 84' lang='lat' dir='ltr'><strong>antistitem</strong></span> <span class='ocrx_word' id='word_1_59' title='bbox 1229 1038 1434 1096; x_wconf 88' lang='lat' dir='ltr'><strong>electus</strong></span> <span class='ocrx_word' id='word_1_60' title='bbox 1464 1050 1543 1093; x_wconf 90' lang='lat' dir='ltr'><strong>est</strong></span> <span class='ocrx_word' id='word_1_61' title='bbox 1575 1038 1677 1110; x_wconf 82' lang='lat' dir='ltr'><strong>(l),</strong></span> <span class='ocrx_word' id='word_1_62' title='bbox 1707 1049 1760 1094; x_wconf 88' lang='lat' dir='ltr'><strong>et</strong></span> <span class='ocrx_word' id='word_1_63' title='bbox 1787 1055 1887 1109; x_wconf 86' lang='lat' dir='ltr'><strong>qua</strong></span> <span class='ocrx_word' id='word_1_64' title='bbox 1922 1048 2140 1096; x_wconf 87' lang='lat' dir='ltr'><strong>sanctus</strong></span> 
     </span>
    </p>
   </div>
   <div class='ocr_carea' id='block_1_11' title="bbox 549 1129 2139 1201">
    <p class='ocr_par' dir='ltr' id='par_1_11' title="bbox 549 1129 2139 1201">
     <span class='ocr_line' id='line_1_11' title="bbox 549 1129 2139 1201; baseline -0.002 -15"><span class='ocrx_word' id='word_1_65' title='bbox 549 1131 822 1186; x_wconf 83' lang='lat' dir='ltr'><strong>Fabianus</strong></span> <span class='ocrx_word' id='word_1_66' title='bbox 853 1131 1108 1186; x_wconf 69' lang='lat' dir='ltr'><strong>Ecclesia:</strong></span> <span class='ocrx_word' id='word_1_67' title='bbox 1129 1131 1384 1186; x_wconf 74' lang='lat' dir='ltr'><strong>Romana:</strong></span> <span class='ocrx_word' id='word_1_68' title='bbox 1413 1131 1648 1201; x_wconf 81' lang='lat' dir='ltr'><strong>pontifex</strong></span> <span class='ocrx_word' id='word_1_69' title='bbox 1679 1130 2014 1186; x_wconf 88' lang='lat' dir='ltr'><strong>renuntiatus</strong></span> <span class='ocrx_word' id='word_1_70' title='bbox 2039 1129 2139 1201; x_wconf 68' lang='lat'><strong>(9);</strong></span> 
     </span>
    </p>
   </div>
   <div class='ocr_carea' id='block_1_12' title="bbox 541 1222 2142 1296">
    <p class='ocr_par' dir='ltr' id='par_1_12' title="bbox 541 1222 2142 1296">
     <span class='ocr_line' id='line_1_12' title="bbox 541 1222 2142 1296; baseline -0.004 -13"><span class='ocrx_word' id='word_1_71' title='bbox 541 1225 640 1283; x_wconf 85' lang='lat' dir='ltr'><strong>sed</strong></span> <span class='ocrx_word' id='word_1_72' title='bbox 675 1239 766 1279; x_wconf 88' lang='lat' dir='ltr'><strong>eas</strong></span> <span class='ocrx_word' id='word_1_73' title='bbox 796 1234 1092 1296; x_wconf 87' lang='lat' dir='ltr'><strong>praetereo,</strong></span> <span class='ocrx_word' id='word_1_74' title='bbox 1126 1222 1269 1293; x_wconf 90' lang='lat' dir='ltr'><strong>quod</strong></span> <span class='ocrx_word' id='word_1_75' title='bbox 1312 1222 1442 1278; x_wconf 89' lang='lat' dir='ltr'><strong>nihil</strong></span> <span class='ocrx_word' id='word_1_76' title='bbox 1476 1224 1644 1280; x_wconf 89' lang='lat' dir='ltr'><strong>ferme</strong></span> <span class='ocrx_word' id='word_1_77' title='bbox 1684 1239 1804 1278; x_wconf 91' lang='lat' dir='ltr'><strong>cum</strong></span> <span class='ocrx_word' id='word_1_78' title='bbox 1840 1235 2024 1277; x_wconf 88' lang='lat' dir='ltr'><strong>nostro</strong></span> <span class='ocrx_word' id='word_1_79' title='bbox 2050 1239 2142 1277; x_wconf 84' lang='lat' dir='ltr'><strong>ar-</strong></span> 
     </span>
    </p>
   </div>
   <div class='ocr_carea' id='block_1_13' title="bbox 545 1313 2145 1389">
    <p class='ocr_par' dir='ltr' id='par_1_13' title="bbox 545 1313 2145 1389">
     <span class='ocr_line' id='line_1_13' title="bbox 545 1313 2145 1389; baseline 0.001 -20"><span class='ocrx_word' id='word_1_80' title='bbox 545 1327 800 1389; x_wconf 85' lang='lat' dir='ltr'><strong>gumento</strong></span> <span class='ocrx_word' id='word_1_81' title='bbox 825 1329 1110 1369; x_wconf 89' lang='lat' dir='ltr'><strong>commune</strong></span> <span class='ocrx_word' id='word_1_82' title='bbox 1141 1314 1413 1381; x_wconf 88' lang='lat' dir='ltr'><strong>habeant,</strong></span> <span class='ocrx_word' id='word_1_83' title='bbox 1445 1323 1503 1368; x_wconf 84' lang='lat' dir='ltr'><strong>tit</strong></span> <span class='ocrx_word' id='word_1_84' title='bbox 1535 1313 1652 1370; x_wconf 87' lang='lat' dir='ltr'><strong>illas</strong></span> <span class='ocrx_word' id='word_1_85' title='bbox 1695 1315 1858 1370; x_wconf 83' lang='lat' dir='ltr'><strong>etiam</strong></span> <span class='ocrx_word' id='word_1_86' title='bbox 1904 1314 2145 1385; x_wconf 84' lang='lat' dir='ltr'><strong>Dionysii</strong></span> 
     </span>
    </p>
   </div>
   <div class='ocr_carea' id='block_1_14' title="bbox 543 1404 2146 1478">
    <p class='ocr_par' dir='ltr' id='par_1_14' title="bbox 543 1404 2146 1478">
     <span class='ocr_line' id='line_1_14' title="bbox 543 1404 2146 1478; baseline -0.004 -14"><span class='ocrx_word' id='word_1_87' title='bbox 543 1406 930 1469; x_wconf 86' lang='lat' dir='ltr'><strong>Alexandrini,</strong></span> <span class='ocrx_word' id='word_1_88' title='bbox 975 1421 1109 1477; x_wconf 90' lang='lat' dir='ltr'><strong>quas</strong></span> <span class='ocrx_word' id='word_1_89' title='bbox 1144 1405 1283 1462; x_wconf 88' lang='lat' dir='ltr'><strong>idem</strong></span> <span class='ocrx_word' id='word_1_90' title='bbox 1314 1406 1577 1461; x_wconf 77' lang='lat' dir='ltr'><strong>Eusebius</strong></span> <span class='ocrx_word' id='word_1_91' title='bbox 1605 1404 1769 1460; x_wconf 77' lang='lat' dir='ltr'><strong>refert</strong></span> <span class='ocrx_word' id='word_1_92' title='bbox 1792 1404 1904 1478; x_wconf 82' lang='grc'><strong>(5),</strong></span> <span class='ocrx_word' id='word_1_93' title='bbox 1950 1405 2003 1460; x_wconf 90' lang='lat' dir='ltr'><strong>in</strong></span> <span class='ocrx_word' id='word_1_94' title='bbox 2028 1406 2146 1475; x_wconf 90' lang='lat' dir='ltr'><strong>qui-</strong></span> 
     </span>
    </p>
   </div>
   <div class='ocr_carea' id='block_1_15' title="bbox 544 1496 2148 1569">
    <p class='ocr_par' dir='ltr' id='par_1_15' title="bbox 544 1496 2148 1569">
     <span class='ocr_line' id='line_1_15' title="bbox 544 1496 2148 1569; baseline -0.001 -14"><span class='ocrx_word' id='word_1_95' title='bbox 544 1499 648 1556; x_wconf 83' lang='lat' dir='ltr'><strong>bus</strong></span> <span class='ocrx_word' id='word_1_96' title='bbox 723 1499 975 1569; x_wconf 64' lang='lat' dir='ltr'><strong>praesenti</strong></span> <span class='ocrx_word' id='word_1_97' title='bbox 1041 1513 1218 1554; x_wconf 71' lang='lat' dir='ltr'><strong>causa:</strong></span> <span class='ocrx_word' id='word_1_98' title='bbox 1285 1513 1392 1552; x_wconf 90' lang='lat' dir='ltr'><strong>non</strong></span> <span class='ocrx_word' id='word_1_99' title='bbox 1453 1497 1682 1554; x_wconf 91' lang='lat' dir='ltr'><strong>multum</strong></span> <span class='ocrx_word' id='word_1_100' title='bbox 1739 1496 1952 1552; x_wconf 88' lang='lat' dir='ltr'><strong>videtur</strong></span> <span class='ocrx_word' id='word_1_101' title='bbox 2025 1511 2148 1553; x_wconf 88' lang='lat' dir='ltr'><strong>esse</strong></span> 
     </span>
    </p>
   </div>
   <div class='ocr_carea' id='block_1_16' title="bbox 549 1592 812 1666">
    <p class='ocr_par' dir='ltr' id='par_1_16' title="bbox 549 1592 812 1666">
     <span class='ocr_line' id='line_1_16' title="bbox 549 1592 812 1666; baseline -0.015 -17"><span class='ocrx_word' id='word_1_102' title='bbox 549 1592 812 1666; x_wconf 79' lang='lat' dir='ltr'><strong>praesidii.</strong></span> 
     </span>
    </p>
   </div>
   <div class='ocr_carea' id='block_1_17' title="bbox 621 1681 2151 1756">
    <p class='ocr_par' dir='ltr' id='par_1_17' title="bbox 621 1681 2151 1756">
     <span class='ocr_line' id='line_1_17' title="bbox 621 1681 2151 1756; baseline -0.002 -16"><span class='ocrx_word' id='word_1_103' title='bbox 621 1685 734 1740; x_wconf 79' lang='lat' dir='ltr'><strong>Vll.</strong></span> <span class='ocrx_word' id='word_1_104' title='bbox 795 1683 877 1738; x_wconf 83' lang='lat' dir='ltr'><strong>Ad</strong></span> <span class='ocrx_word' id='word_1_105' title='bbox 925 1681 1249 1756; x_wconf 88' lang='lat' dir='ltr'><strong>Cyprianum</strong></span> <span class='ocrx_word' id='word_1_106' title='bbox 1305 1683 1482 1753; x_wconf 82' lang='lat' dir='ltr'><strong>itaque</strong></span> <span class='ocrx_word' id='word_1_107' title='bbox 1539 1681 1790 1749; x_wconf 88' lang='lat' dir='ltr'><strong>veniam,</strong></span> <span class='ocrx_word' id='word_1_108' title='bbox 1833 1697 1939 1752; x_wconf 91' lang='lat' dir='ltr'><strong>quo</strong></span> <span class='ocrx_word' id='word_1_109' title='bbox 1992 1697 2151 1737; x_wconf 89' lang='lat' dir='ltr'><strong>nemo</strong></span> 
     </span>
    </p>
   </div>
   <div class='ocr_carea' id='block_1_18' title="bbox 551 1774 2152 1848">
    <p class='ocr_par' dir='ltr' id='par_1_18' title="bbox 551 1774 2152 1848">
     <span class='ocr_line' id='line_1_18' title="bbox 551 1774 2152 1848; baseline -0.003 -14"><span class='ocrx_word' id='word_1_110' title='bbox 551 1778 723 1848; x_wconf 88' lang='lat' dir='ltr'><strong>magis</strong></span> <span class='ocrx_word' id='word_1_111' title='bbox 749 1777 816 1830; x_wconf 85' lang='lat' dir='ltr'><strong>ita</strong></span> <span class='ocrx_word' id='word_1_112' title='bbox 849 1791 908 1830; x_wconf 91' lang='lat' dir='ltr'><strong>se</strong></span> <span class='ocrx_word' id='word_1_113' title='bbox 936 1775 1138 1847; x_wconf 76' lang='lat' dir='ltr'><strong>gessit,</strong></span> <span class='ocrx_word' id='word_1_114' title='bbox 1183 1775 1335 1844; x_wconf 87' lang='lat' dir='ltr'><strong>quasi</strong></span> <span class='ocrx_word' id='word_1_115' title='bbox 1382 1774 1641 1844; x_wconf 85' lang='lat' dir='ltr'><strong>Spiritum</strong></span> <span class='ocrx_word' id='word_1_116' title='bbox 1686 1783 1936 1840; x_wconf 88' lang='lat' dir='ltr'><strong>anetum,</strong></span> <span class='ocrx_word' id='word_1_117' title='bbox 1987 1775 2152 1830; x_wconf 87' lang='lat' dir='ltr'><strong>veluti</strong></span> 
     </span>
    </p>
   </div>
   <div class='ocr_carea' id='block_1_19' title="bbox 2242 571 3838 644">
    <p class='ocr_par' dir='ltr' id='par_1_19' title="bbox 2242 571 3838 644">
     <span class='ocr_line' id='line_1_19' title="bbox 2242 571 3838 644; baseline 0.002 -19"><span class='ocrx_word' id='word_1_118' title='bbox 2242 571 2382 642; x_wconf 89' lang='lat' dir='ltr'><strong>quod</strong></span> <span class='ocrx_word' id='word_1_119' title='bbox 2414 585 2474 626; x_wconf 89' lang='lat' dir='ltr'><strong>se</strong></span> <span class='ocrx_word' id='word_1_120' title='bbox 2502 571 2738 638; x_wconf 84' lang='lat' dir='ltr'><strong>mittere,</strong></span> <span class='ocrx_word' id='word_1_121' title='bbox 2769 578 2826 624; x_wconf 91' lang='lat' dir='ltr'><strong>ut</strong></span> <span class='ocrx_word' id='word_1_122' title='bbox 2847 571 3285 630; x_wconf 84' lang='lat' dir='ltr'><strong>circumstantem</strong></span> <span class='ocrx_word' id='word_1_123' title='bbox 3315 573 3570 644; x_wconf 88' lang='lat' dir='ltr'><strong>populum</strong></span> <span class='ocrx_word' id='word_1_124' title='bbox 3597 585 3838 644; x_wconf 83' lang='lat' dir='ltr'><strong>caperet,</strong></span> 
     </span>
    </p>
   </div>
   <div class='ocr_carea' id='block_1_20' title="bbox 2241 663 3839 740">
    <p class='ocr_par' dir='ltr' id='par_1_20' title="bbox 2241 663 3839 740">
     <span class='ocr_line' id='line_1_20' title="bbox 2241 663 3839 740; baseline 0.002 -22"><span class='ocrx_word' id='word_1_125' title='bbox 2241 663 2579 728; x_wconf 86' lang='lat' dir='ltr'><strong>minabatur;</strong></span> <span class='ocrx_word' id='word_1_126' title='bbox 2627 671 2682 718; x_wconf 89' lang='lat' dir='ltr'><strong>et</strong></span> <span class='ocrx_word' id='word_1_127' title='bbox 2721 677 2842 718; x_wconf 92' lang='lat' dir='ltr'><strong>cum</strong></span> <span class='ocrx_word' id='word_1_128' title='bbox 2888 664 3175 740; x_wconf 83' lang='lat' dir='ltr'><strong>miraretur</strong></span> <span class='ocrx_word' id='word_1_129' title='bbox 3211 664 3340 735; x_wconf 90' lang='lat' dir='ltr'><strong>quid</strong></span> <span class='ocrx_word' id='word_1_130' title='bbox 3376 664 3478 720; x_wconf 90' lang='lat' dir='ltr'><strong>hoc</strong></span> <span class='ocrx_word' id='word_1_131' title='bbox 3503 675 3682 729; x_wconf 90' lang='lat' dir='ltr'><strong>esset,</strong></span> <span class='ocrx_word' id='word_1_132' title='bbox 3713 666 3801 722; x_wconf 91' lang='lat' dir='ltr'><strong>ille</strong></span> <span class='ocrx_word' id='word_1_133' title='bbox 3823 709 3839 734; x_wconf 94' lang='lat'><strong>,</strong></span> 
     </span>
    </p>
   </div>
   <div class='ocr_carea' id='block_1_21' title="bbox 2241 755 3843 829">
    <p class='ocr_par' dir='ltr' id='par_1_21' title="bbox 2241 755 3843 829">
     <span class='ocr_line' id='line_1_21' title="bbox 2241 755 3843 829; baseline 0.003 -18"><span class='ocrx_word' id='word_1_134' title='bbox 2241 756 2334 829; x_wconf 86' lang='lat' dir='ltr'><strong>qui</strong></span> <span class='ocrx_word' id='word_1_135' title='bbox 2380 757 2531 823; x_wconf 86' lang='lat' dir='ltr'><strong>vidit,</strong></span> <span class='ocrx_word' id='word_1_136' title='bbox 2583 755 2716 810; x_wconf 80' lang='lat' dir='ltr'><strong>dixit</strong></span> <span class='ocrx_word' id='word_1_137' title='bbox 2758 755 3123 812; x_wconf 80' lang='lat' dir='ltr'><strong>einuvenem</strong></span> <span class='ocrx_word' id='word_1_138' title='bbox 3180 757 3270 828; x_wconf 90' lang='lat' dir='ltr'><strong>qui</strong></span> <span class='ocrx_word' id='word_1_139' title='bbox 3320 757 3387 813; x_wconf 90' lang='lat' dir='ltr'><strong>ad</strong></span> <span class='ocrx_word' id='word_1_140' title='bbox 3435 757 3712 814; x_wconf 88' lang='lat' dir='ltr'><strong>dexteram</strong></span> <span class='ocrx_word' id='word_1_141' title='bbox 3763 760 3843 828; x_wconf 80' lang='lat' dir='ltr'><strong>sic</strong></span> 
     </span>
    </p>
   </div>
   <div class='ocr_carea' id='block_1_22' title="bbox 2243 849 3842 922">
    <p class='ocr_par' dir='ltr' id='par_1_22' title="bbox 2243 849 3842 922">
     <span class='ocr_line' id='line_1_22' title="bbox 2243 849 3842 922; baseline 0.001 -17"><span class='ocrx_word' id='word_1_142' title='bbox 2243 850 2456 906; x_wconf 83' lang='lat' dir='ltr'><strong>sederet</strong></span> <span class='ocrx_word' id='word_1_143' title='bbox 2482 893 2497 915; x_wconf 89' lang='lat'><strong>,</strong></span> <span class='ocrx_word' id='word_1_144' title='bbox 2524 849 2833 914; x_wconf 76' lang='lat' dir='ltr'><strong>contristari</strong></span> <span class='ocrx_word' id='word_1_145' title='bbox 2861 859 2913 904; x_wconf 93' lang='lat' dir='ltr'><strong>et</strong></span> <span class='ocrx_word' id='word_1_146' title='bbox 2934 849 3119 904; x_wconf 80' lang='lat' dir='ltr'><strong>dolere</strong></span> <span class='ocrx_word' id='word_1_147' title='bbox 3143 849 3285 920; x_wconf 88' lang='lat' dir='ltr'><strong>qttod</strong></span> <span class='ocrx_word' id='word_1_148' title='bbox 3313 861 3577 922; x_wconf 63' lang='lat' dir='ltr'><strong>praecepta</strong></span> <span class='ocrx_word' id='word_1_149' title='bbox 3603 867 3700 906; x_wconf 86' lang='lat' dir='ltr'><strong>sua</strong></span> <span class='ocrx_word' id='word_1_150' title='bbox 3734 868 3842 907; x_wconf 89' lang='lat' dir='ltr'><strong>non</strong></span> 
     </span>
    </p>
   </div>
   <div class='ocr_carea' id='block_1_23' title="bbox 2244 940 3841 1010">
    <p class='ocr_par' dir='ltr' id='par_1_23' title="bbox 2244 940 3841 1010">
     <span class='ocr_line' id='line_1_23' title="bbox 2244 940 3841 1010; baseline 0 -13"><span class='ocrx_word' id='word_1_151' title='bbox 2244 941 2662 997; x_wconf 74' lang='lat' dir='ltr'><strong>observarentur</strong></span> <span class='ocrx_word' id='word_1_152' title='bbox 2714 957 2727 993; x_wconf 90' lang='lat'><strong>:</strong></span> <span class='ocrx_word' id='word_1_153' title='bbox 2778 940 2926 995; x_wconf 89' lang='lat' dir='ltr'><strong>illum</strong></span> <span class='ocrx_word' id='word_1_154' title='bbox 2976 956 3104 995; x_wconf 78' lang='lat' dir='ltr'><strong>vero</strong></span> <span class='ocrx_word' id='word_1_155' title='bbox 3151 941 3204 996; x_wconf 93' lang='lat' dir='ltr'><strong>in</strong></span> <span class='ocrx_word' id='word_1_156' title='bbox 3275 942 3488 996; x_wconf 86' lang='lat' dir='ltr'><strong>sinistra</strong></span> <span class='ocrx_word' id='word_1_157' title='bbox 3560 942 3841 1010; x_wconf 85' lang='lat' dir='ltr'><strong>exultare,</strong></span> 
     </span>
    </p>
   </div>
   <div class='ocr_carea' id='block_1_24' title="bbox 2245 1035 3842 1107">
    <p class='ocr_par' dir='ltr' id='par_1_24' title="bbox 2245 1035 3842 1107">
     <span class='ocr_line' id='line_1_24' title="bbox 2245 1035 3842 1107; baseline 0.003 -18"><span class='ocrx_word' id='word_1_158' title='bbox 2245 1037 2388 1106; x_wconf 88' lang='lat' dir='ltr'><strong>quod</strong></span> <span class='ocrx_word' id='word_1_159' title='bbox 2420 1036 2520 1090; x_wconf 85' lang='lat' dir='ltr'><strong>sibi</strong></span> <span class='ocrx_word' id='word_1_160' title='bbox 2545 1036 2761 1090; x_wconf 86' lang='lat' dir='ltr'><strong>daretur</strong></span> <span class='ocrx_word' id='word_1_161' title='bbox 2787 1035 3022 1101; x_wconf 87' lang='lat' dir='ltr'><strong>occasio,</strong></span> <span class='ocrx_word' id='word_1_162' title='bbox 3052 1045 3107 1089; x_wconf 91' lang='lat' dir='ltr'><strong>ut</strong></span> <span class='ocrx_word' id='word_1_163' title='bbox 3132 1051 3160 1089; x_wconf 79' lang='grc' dir='ltr'><strong>ιι</strong></span> <span class='ocrx_word' id='word_1_164' title='bbox 3195 1036 3575 1106; x_wconf 80' lang='lat' dir='ltr'><strong>patrel&#39;amilias</strong></span> <span class='ocrx_word' id='word_1_165' title='bbox 3600 1047 3842 1107; x_wconf 81' lang='lat' dir='ltr'><strong>potesta-</strong></span> 
     </span>
    </p>
   </div>
   <div class='ocr_carea' id='block_1_25' title="bbox 2249 1129 3843 1201">
    <p class='ocr_par' dir='ltr' id='par_1_25' title="bbox 2249 1129 3843 1201">
     <span class='ocr_line' id='line_1_25' title="bbox 2249 1129 3843 1201; baseline 0.003 -18"><span class='ocrx_word' id='word_1_166' title='bbox 2249 1141 2356 1183; x_wconf 90' lang='lat' dir='ltr'><strong>tem</strong></span> <span class='ocrx_word' id='word_1_167' title='bbox 2405 1139 2648 1184; x_wconf 85' lang='lat' dir='ltr'><strong>sumeret</strong></span> <span class='ocrx_word' id='word_1_168' title='bbox 2675 1129 2954 1184; x_wconf 78' lang='lat' dir='ltr'><strong>saeviendi.</strong></span> <span class='ocrx_word' id='word_1_169' title='bbox 3009 1129 3121 1184; x_wconf 77' lang='lat' dir='ltr'><strong>l-loc</strong></span> <span class='ocrx_word' id='word_1_170' title='bbox 3165 1129 3314 1198; x_wconf 91' lang='lat' dir='ltr'><strong>prius</strong></span> <span class='ocrx_word' id='word_1_171' title='bbox 3361 1129 3518 1201; x_wconf 86' lang='lat' dir='ltr'><strong>longe</strong></span> <span class='ocrx_word' id='word_1_172' title='bbox 3563 1142 3843 1187; x_wconf 85' lang='lat' dir='ltr'><strong>ostensum</strong></span> 
     </span>
    </p>
   </div>
   <div class='ocr_carea' id='block_1_26' title="bbox 2249 1222 3847 1294">
    <p class='ocr_par' dir='ltr' id='par_1_26' title="bbox 2249 1222 3847 1294">
     <span class='ocr_line' id='line_1_26' title="bbox 2249 1222 3847 1294; baseline -0.001 -14"><span class='ocrx_word' id='word_1_173' title='bbox 2249 1234 2351 1286; x_wconf 88' lang='lat' dir='ltr'><strong>est,</strong></span> <span class='ocrx_word' id='word_1_174' title='bbox 2384 1239 2542 1294; x_wconf 89' lang='lat' dir='ltr'><strong>quam</strong></span> <span class='ocrx_word' id='word_1_175' title='bbox 2572 1233 2863 1292; x_wconf 77' lang='lat' dir='ltr'><strong>tempeStas</strong></span> <span class='ocrx_word' id='word_1_176' title='bbox 2905 1222 3169 1277; x_wconf 83' lang='lat' dir='ltr'><strong>vastitatis</strong></span> <span class='ocrx_word' id='word_1_177' title='bbox 3214 1223 3374 1292; x_wconf 89' lang='lat' dir='ltr'><strong>hujus</strong></span> <span class='ocrx_word' id='word_1_178' title='bbox 3401 1225 3623 1279; x_wconf 85' lang='lat' dir='ltr'><strong>orietur.</strong></span> <span class='ocrx_word' id='word_1_179' title='bbox 3671 1225 3740 1279; x_wconf 80' lang='lat' dir='ltr'><strong>Et</strong></span> <span class='ocrx_word' id='word_1_180' title='bbox 3767 1225 3847 1279; x_wconf 84' lang='lat' dir='ltr'><strong>vi-</strong></span> 
     </span>
    </p>
   </div>
   <div class='ocr_carea' id='block_1_27' title="bbox 2251 1313 3848 1386">
    <p class='ocr_par' dir='ltr' id='par_1_27' title="bbox 2251 1313 3848 1386">
     <span class='ocr_line' id='line_1_27' title="bbox 2251 1313 3848 1386; baseline 0.001 -16"><span class='ocrx_word' id='word_1_181' title='bbox 2251 1315 2429 1370; x_wconf 89' lang='lat' dir='ltr'><strong>dimus</strong></span> <span class='ocrx_word' id='word_1_182' title='bbox 2452 1314 2728 1384; x_wconf 88' lang='lat' dir='ltr'><strong>impletum</strong></span> <span class='ocrx_word' id='word_1_183' title='bbox 2751 1313 2892 1384; x_wconf 87' lang='lat' dir='ltr'><strong>quod</strong></span> <span class='ocrx_word' id='word_1_184' title='bbox 2917 1313 3091 1369; x_wconf 81' lang='lat' dir='ltr'><strong>fuerat</strong></span> <span class='ocrx_word' id='word_1_185' title='bbox 3114 1324 3412 1370; x_wconf 85' lang='lat' dir='ltr'><strong>ostensum.</strong></span> <span class='ocrx_word' id='word_1_186' title='bbox 3452 1334 3472 1367; x_wconf 73' lang='lat' dir='ltr'><strong>a</strong></span> <span class='ocrx_word' id='word_1_187' title='bbox 3507 1316 3675 1371; x_wconf 87' lang='lat' dir='ltr'><strong>Sicuti</strong></span> <span class='ocrx_word' id='word_1_188' title='bbox 3699 1317 3848 1386; x_wconf 90' lang='lat' dir='ltr'><strong>pacis</strong></span> 
     </span>
    </p>
   </div>
   <div class='ocr_carea' id='block_1_28' title="bbox 2252 1405 3847 1479">
    <p class='ocr_par' dir='ltr' id='par_1_28' title="bbox 2252 1405 3847 1479">
     <span class='ocr_line' id='line_1_28' title="bbox 2252 1405 3847 1479; baseline 0.001 -17"><span class='ocrx_word' id='word_1_189' title='bbox 2252 1416 2494 1478; x_wconf 86' lang='lat' dir='ltr'><strong>tempore</strong></span> <span class='ocrx_word' id='word_1_190' title='bbox 2520 1405 2750 1461; x_wconf 87' lang='lat' dir='ltr'><strong>futuram</strong></span> <span class='ocrx_word' id='word_1_191' title='bbox 2789 1407 3213 1476; x_wconf 77' lang='lat' dir='ltr'><strong>persecutionem</strong></span> <span class='ocrx_word' id='word_1_192' title='bbox 3233 1447 3248 1474; x_wconf 91' lang='lat'><strong>,</strong></span> <span class='ocrx_word' id='word_1_193' title='bbox 3278 1408 3347 1461; x_wconf 86' lang='lat' dir='ltr'><strong>ita</strong></span> <span class='ocrx_word' id='word_1_194' title='bbox 3370 1408 3624 1463; x_wconf 66' lang='lat' dir='ltr'><strong>saeviente</strong></span> <span class='ocrx_word' id='word_1_195' title='bbox 3662 1423 3847 1479; x_wconf 81' lang='lat' dir='ltr'><strong>perse-</strong></span> 
     </span>
    </p>
   </div>
   <div class='ocr_carea' id='block_1_29' title="bbox 2253 1497 3850 1570">
    <p class='ocr_par' dir='ltr' id='par_1_29' title="bbox 2253 1497 3850 1570">
     <span class='ocr_line' id='line_1_29' title="bbox 2253 1497 3850 1570; baseline 0.001 -16"><span class='ocrx_word' id='word_1_196' title='bbox 2253 1499 2502 1564; x_wconf 84' lang='lat' dir='ltr'><strong>cutione,</strong></span> <span class='ocrx_word' id='word_1_197' title='bbox 2550 1498 2698 1553; x_wconf 85' lang='lat' dir='ltr'><strong>brevi</strong></span> <span class='ocrx_word' id='word_1_198' title='bbox 2735 1499 2964 1552; x_wconf 92' lang='lat' dir='ltr'><strong>futuram</strong></span> <span class='ocrx_word' id='word_1_199' title='bbox 2995 1513 3178 1568; x_wconf 89' lang='lat' dir='ltr'><strong>pacem</strong></span> <span class='ocrx_word' id='word_1_200' title='bbox 3223 1497 3275 1552; x_wconf 93' lang='lat' dir='ltr'><strong>in</strong></span> <span class='ocrx_word' id='word_1_201' title='bbox 3313 1499 3517 1555; x_wconf 78' lang='lat' dir='ltr'><strong>visione</strong></span> <span class='ocrx_word' id='word_1_202' title='bbox 3548 1502 3747 1570; x_wconf 77' lang='lat' dir='ltr'><strong>pariter</strong></span> <span class='ocrx_word' id='word_1_203' title='bbox 3768 1504 3850 1556; x_wconf 87' lang='lat' dir='ltr'><strong>iu-</strong></span> 
     </span>
    </p>
   </div>
   <div class='ocr_carea' id='block_1_30' title="bbox 2257 1588 3850 1660">
    <p class='ocr_par' dir='ltr' id='par_1_30' title="bbox 2257 1588 3850 1660">
     <span class='ocr_line' id='line_1_30' title="bbox 2257 1588 3850 1660; baseline 0.003 -15"><span class='ocrx_word' id='word_1_204' title='bbox 2257 1590 2458 1646; x_wconf 86' lang='lat' dir='ltr'><strong>tcllcxit</strong></span> <span class='ocrx_word' id='word_1_205' title='bbox 2481 1631 2497 1657; x_wconf 92' lang='lat'><strong>,</strong></span> <span class='ocrx_word' id='word_1_206' title='bbox 2526 1589 2595 1645; x_wconf 94' lang='lat' dir='ltr'><strong>de</strong></span> <span class='ocrx_word' id='word_1_207' title='bbox 2634 1605 2736 1660; x_wconf 89' lang='lat' dir='ltr'><strong>qtta</strong></span> <span class='ocrx_word' id='word_1_208' title='bbox 2765 1588 2820 1644; x_wconf 88' lang='lat' dir='ltr'><strong>in</strong></span> <span class='ocrx_word' id='word_1_209' title='bbox 2848 1589 3034 1643; x_wconf 85' lang='lat' dir='ltr'><strong>eadem</strong></span> <span class='ocrx_word' id='word_1_210' title='bbox 3073 1591 3301 1659; x_wconf 88' lang='lat' dir='ltr'><strong>epistola</strong></span> <span class='ocrx_word' id='word_1_211' title='bbox 3329 1590 3397 1646; x_wconf 86' lang='lat' dir='ltr'><strong>ita</strong></span> <span class='ocrx_word' id='word_1_212' title='bbox 3433 1591 3638 1648; x_wconf 83' lang='lat' dir='ltr'><strong>scribit.</strong></span> <span class='ocrx_word' id='word_1_213' title='bbox 3681 1613 3700 1646; x_wconf 83' lang='grc' dir='ltr'><strong>ι</strong></span> <span class='ocrx_word' id='word_1_214' title='bbox 3744 1595 3850 1650; x_wconf 86' lang='lat' dir='ltr'><strong>De-</strong></span> 
     </span>
    </p>
   </div>
   <div class='ocr_carea' id='block_1_31' title="bbox 2256 1680 3853 1750">
    <p class='ocr_par' dir='ltr' id='par_1_31' title="bbox 2256 1680 3853 1750">
     <span class='ocr_line' id='line_1_31' title="bbox 2256 1680 3853 1750; baseline 0.003 -12"><span class='ocrx_word' id='word_1_215' title='bbox 2256 1682 2416 1750; x_wconf 87' lang='lat' dir='ltr'><strong>nique</strong></span> <span class='ocrx_word' id='word_1_216' title='bbox 2444 1680 2512 1736; x_wconf 87' lang='lat' dir='ltr'><strong>ad</strong></span> <span class='ocrx_word' id='word_1_217' title='bbox 2535 1682 2811 1738; x_wconf 90' lang='lat' dir='ltr'><strong>minimum</strong></span> <span class='ocrx_word' id='word_1_218' title='bbox 2838 1681 3093 1736; x_wconf 88' lang='lat' dir='ltr'><strong>famulum</strong></span> <span class='ocrx_word' id='word_1_219' title='bbox 3121 1697 3297 1750; x_wconf 87' lang='lat' dir='ltr'><strong>suum,</strong></span> <span class='ocrx_word' id='word_1_220' title='bbox 3330 1691 3384 1738; x_wconf 91' lang='lat' dir='ltr'><strong>et</strong></span> <span class='ocrx_word' id='word_1_221' title='bbox 3413 1683 3465 1739; x_wconf 92' lang='lat' dir='ltr'><strong>in</strong></span> <span class='ocrx_word' id='word_1_222' title='bbox 3492 1684 3701 1741; x_wconf 87' lang='lat' dir='ltr'><strong>delictis</strong></span> <span class='ocrx_word' id='word_1_223' title='bbox 3724 1687 3853 1742; x_wconf 88' lang='lat' dir='ltr'><strong>licet</strong></span> 
     </span>
    </p>
   </div>
   <div class='ocr_carea' id='block_1_32' title="bbox 2259 1773 3848 1854">
    <p class='ocr_par' dir='ltr' id='par_1_32' title="bbox 2259 1773 3848 1854">
     <span class='ocr_line' id='line_1_32' title="bbox 2259 1773 3848 1854; baseline 0.003 -28"><span class='ocrx_word' id='word_1_224' title='bbox 2259 1773 2505 1843; x_wconf 89' lang='lat' dir='ltr'><strong>plurimis</strong></span> <span class='ocrx_word' id='word_1_225' title='bbox 2532 1774 2879 1854; x_wconf 88' lang='lat' dir='ltr'><strong>constitutum</strong></span> <span class='ocrx_word' id='word_1_226' title='bbox 2919 1783 2973 1827; x_wconf 93' lang='lat' dir='ltr'><strong>et</strong></span> <span class='ocrx_word' id='word_1_227' title='bbox 3012 1773 3324 1844; x_wconf 77' lang='lat' dir='ltr'><strong>dignatione</strong></span> <span class='ocrx_word' id='word_1_228' title='bbox 3370 1776 3487 1844; x_wconf 86' lang='lat' dir='ltr'><strong>ejus</strong></span> <span class='ocrx_word' id='word_1_229' title='bbox 3534 1775 3848 1846; x_wconf 87' lang='lat' dir='ltr'><strong>indignum,</strong></span> 
     </span>
    </p>
   </div>
   <div class='ocr_carea' id='block_1_33' title="bbox 551 1855 3852 1941">
    <p class='ocr_par' dir='ltr' id='par_1_33' title="bbox 551 1855 3852 1941">
     <span class='ocr_line' id='line_1_33' title="bbox 551 1855 3852 1941; baseline 0.002 -16"><span class='ocrx_word' id='word_1_230' title='bbox 551 1870 755 1928; x_wconf 86' lang='lat' dir='ltr'><strong>meuilc</strong></span> <span class='ocrx_word' id='word_1_231' title='bbox 784 1855 1059 1936; x_wconf 68' lang='lat' dir='ltr'><strong>quoddani</strong></span> <span class='ocrx_word' id='word_1_232' title='bbox 1099 1869 1151 1920; x_wconf 93' lang='lat' dir='ltr'><strong>in</strong></span> <span class='ocrx_word' id='word_1_233' title='bbox 1202 1881 1326 1922; x_wconf 90' lang='lat' dir='ltr'><strong>arca</strong></span> <span class='ocrx_word' id='word_1_234' title='bbox 1379 1867 1642 1922; x_wconf 88' lang='lat' dir='ltr'><strong>inclusum</strong></span> <span class='ocrx_word' id='word_1_235' title='bbox 1693 1880 1824 1932; x_wconf 86' lang='lat' dir='ltr'><strong>sua,</strong></span> <span class='ocrx_word' id='word_1_236' title='bbox 1877 1865 2153 1923; x_wconf 68' lang='lat' dir='ltr'><strong>habuisset</strong></span> <span class='ocrx_word' id='word_1_237' title='bbox 2182 1875 2230 1938; x_wconf 83' lang='grc' dir='ltr'>Β</span> <span class='ocrx_word' id='word_1_238' title='bbox 2264 1881 2443 1926; x_wconf 90' lang='lat' dir='ltr'><strong>tamen</strong></span> <span class='ocrx_word' id='word_1_239' title='bbox 2488 1871 2597 1926; x_wconf 92' lang='lat' dir='ltr'><strong>illic</strong></span> <span class='ocrx_word' id='word_1_240' title='bbox 2648 1886 2744 1941; x_wconf 91' lang='lat' dir='ltr'><strong>pro</strong></span> <span class='ocrx_word' id='word_1_241' title='bbox 2791 1887 2884 1926; x_wconf 89' lang='lat' dir='ltr'><strong>sua</strong></span> <span class='ocrx_word' id='word_1_242' title='bbox 2931 1872 3073 1926; x_wconf 88' lang='lat' dir='ltr'><strong>circa</strong></span> <span class='ocrx_word' id='word_1_243' title='bbox 3128 1887 3228 1927; x_wconf 88' lang='lat' dir='ltr'><strong>nos</strong></span> <span class='ocrx_word' id='word_1_244' title='bbox 3273 1873 3541 1938; x_wconf 81' lang='lat' dir='ltr'><strong>bonitate,</strong></span> <span class='ocrx_word' id='word_1_245' title='bbox 3597 1875 3852 1932; x_wconf 82' lang='lat' dir='ltr'><strong>mandare</strong></span> 
     </span>
    </p>
   </div>
   <div class='ocr_carea' id='block_1_34' title="bbox 552 1959 2157 2028">
    <p class='ocr_par' dir='ltr' id='par_1_34' title="bbox 552 1959 2157 2028">
     <span class='ocr_line' id='line_1_34' title="bbox 552 1959 2157 2028; baseline 0 -12"><span class='ocrx_word' id='word_1_246' title='bbox 552 1963 622 2016; x_wconf 88' lang='lat' dir='ltr'><strong>ad</strong></span> <span class='ocrx_word' id='word_1_247' title='bbox 653 1971 862 2024; x_wconf 89' lang='lat' dir='ltr'><strong>nutum,</strong></span> <span class='ocrx_word' id='word_1_248' title='bbox 893 1960 1010 2028; x_wconf 87' lang='lat' dir='ltr'><strong>ejus</strong></span> <span class='ocrx_word' id='word_1_249' title='bbox 1036 1959 1508 2026; x_wconf 86' lang='lat' dir='ltr'><strong>illustrationibus,</strong></span> <span class='ocrx_word' id='word_1_250' title='bbox 1532 1959 1749 2028; x_wconf 86' lang='lat' dir='ltr'><strong>quando</strong></span> <span class='ocrx_word' id='word_1_251' title='bbox 1774 1959 1978 2026; x_wconf 88' lang='lat' dir='ltr'><strong>vellet,</strong></span> <span class='ocrx_word' id='word_1_252' title='bbox 2032 1971 2157 2016; x_wconf 89' lang='lat' dir='ltr'><strong>usu-</strong></span> 
     </span>
    </p>
   </div>
   <div class='ocr_carea' id='block_1_35' title="bbox 557 2050 2156 2121">
    <p class='ocr_par' dir='ltr' id='par_1_35' title="bbox 557 2050 2156 2121">
     <span class='ocr_line' id='line_1_35' title="bbox 557 2050 2156 2121; baseline 0 -14"><span class='ocrx_word' id='word_1_253' title='bbox 557 2068 652 2108; x_wconf 89' lang='lat' dir='ltr'><strong>rus</strong></span> <span class='ocrx_word' id='word_1_254' title='bbox 693 2051 758 2106; x_wconf 91' lang='lat' dir='ltr'><strong>ad</strong></span> <span class='ocrx_word' id='word_1_255' title='bbox 785 2050 1088 2106; x_wconf 86' lang='lat' dir='ltr'><strong>arbitrium.</strong></span> <span class='ocrx_word' id='word_1_256' title='bbox 1126 2050 1239 2104; x_wconf 91' lang='lat' dir='ltr'><strong>Duo</strong></span> <span class='ocrx_word' id='word_1_257' title='bbox 1267 2059 1447 2104; x_wconf 89' lang='lat' dir='ltr'><strong>autem</strong></span> <span class='ocrx_word' id='word_1_258' title='bbox 1481 2052 1533 2104; x_wconf 94' lang='lat' dir='ltr'><strong>in</strong></span> <span class='ocrx_word' id='word_1_259' title='bbox 1577 2050 1693 2121; x_wconf 92' lang='lat' dir='ltr'><strong>ejus</strong></span> <span class='ocrx_word' id='word_1_260' title='bbox 1737 2051 2156 2107; x_wconf 87' lang='lat' dir='ltr'><strong>revelationihus</strong></span> 
     </span>
    </p>
   </div>
   <div class='ocr_carea' id='block_1_36' title="bbox 561 2142 2156 2213">
    <p class='ocr_par' dir='ltr' id='par_1_36' title="bbox 561 2142 2156 2213">
     <span class='ocr_line' id='line_1_36' title="bbox 561 2142 2156 2213; baseline -0.001 -13"><span class='ocrx_word' id='word_1_261' title='bbox 561 2160 627 2200; x_wconf 89' lang='lat' dir='ltr'><strong>ac</strong></span> <span class='ocrx_word' id='word_1_262' title='bbox 657 2143 948 2198; x_wconf 87' lang='lat' dir='ltr'><strong>visionibus</strong></span> <span class='ocrx_word' id='word_1_263' title='bbox 979 2142 1270 2213; x_wconf 86' lang='lat' dir='ltr'><strong>spectanda</strong></span> <span class='ocrx_word' id='word_1_264' title='bbox 1311 2151 1476 2196; x_wconf 90' lang='lat' dir='ltr'><strong>sunt:</strong></span> <span class='ocrx_word' id='word_1_265' title='bbox 1510 2157 1695 2197; x_wconf 92' lang='lat' dir='ltr'><strong>earum</strong></span> <span class='ocrx_word' id='word_1_266' title='bbox 1734 2143 1941 2199; x_wconf 88' lang='lat' dir='ltr'><strong>scilicet</strong></span> <span class='ocrx_word' id='word_1_267' title='bbox 1980 2144 2156 2198; x_wconf 84' lang='lat' dir='ltr'><strong>varie-</strong></span> 
     </span>
    </p>
   </div>
   <div class='ocr_carea' id='block_1_37' title="bbox 563 2236 2158 2309">
    <p class='ocr_par' dir='ltr' id='par_1_37' title="bbox 563 2236 2158 2309">
     <span class='ocr_line' id='line_1_37' title="bbox 563 2236 2158 2309; baseline -0.002 -15"><span class='ocrx_word' id='word_1_268' title='bbox 563 2249 650 2294; x_wconf 84' lang='lat' dir='ltr'><strong>tas</strong></span> <span class='ocrx_word' id='word_1_269' title='bbox 677 2247 833 2309; x_wconf 88' lang='lat' dir='ltr'><strong>atque</strong></span> <span class='ocrx_word' id='word_1_270' title='bbox 863 2237 1158 2308; x_wconf 89' lang='lat' dir='ltr'><strong>frequentia</strong></span> <span class='ocrx_word' id='word_1_271' title='bbox 1185 2277 1202 2302; x_wconf 93' lang='lat'><strong>,</strong></span> <span class='ocrx_word' id='word_1_272' title='bbox 1231 2245 1285 2290; x_wconf 90' lang='lat' dir='ltr'><strong>et</strong></span> <span class='ocrx_word' id='word_1_273' title='bbox 1310 2252 1470 2308; x_wconf 89' lang='lat' dir='ltr'><strong>quam</strong></span> <span class='ocrx_word' id='word_1_274' title='bbox 1501 2236 1625 2291; x_wconf 91' lang='lat' dir='ltr'><strong>inde</strong></span> <span class='ocrx_word' id='word_1_275' title='bbox 1651 2237 1899 2307; x_wconf 89' lang='lat' dir='ltr'><strong>concepit</strong></span> <span class='ocrx_word' id='word_1_276' title='bbox 1928 2237 2158 2292; x_wconf 87' lang='lat' dir='ltr'><strong>sanctis-</strong></span> 
     </span>
    </p>
   </div>
   <div class='ocr_carea' id='block_1_38' title="bbox 567 2327 2160 2400">
    <p class='ocr_par' dir='ltr' id='par_1_38' title="bbox 567 2327 2160 2400">
     <span class='ocr_line' id='line_1_38' title="bbox 567 2327 2160 2400; baseline -0.003 -15"><span class='ocrx_word' id='word_1_277' title='bbox 567 2332 736 2386; x_wconf 88' lang='lat' dir='ltr'><strong>simus</strong></span> <span class='ocrx_word' id='word_1_278' title='bbox 760 2330 910 2400; x_wconf 87' lang='lat' dir='ltr'><strong>juxta</strong></span> <span class='ocrx_word' id='word_1_279' title='bbox 939 2369 953 2393; x_wconf 92' lang='lat'><strong>,</strong></span> <span class='ocrx_word' id='word_1_280' title='bbox 995 2343 1058 2381; x_wconf 86' lang='lat' dir='ltr'><strong>ac</strong></span> <span class='ocrx_word' id='word_1_281' title='bbox 1086 2327 1529 2398; x_wconf 87' lang='lat' dir='ltr'><strong>prudentissimus</strong></span> <span class='ocrx_word' id='word_1_282' title='bbox 1559 2327 1641 2381; x_wconf 88' lang='lat' dir='ltr'><strong>vir</strong></span> <span class='ocrx_word' id='word_1_283' title='bbox 1668 2327 1736 2383; x_wconf 91' lang='lat' dir='ltr'><strong>de</strong></span> <span class='ocrx_word' id='word_1_284' title='bbox 1761 2327 1940 2384; x_wconf 88' lang='lat' dir='ltr'><strong>divina</strong></span> <span class='ocrx_word' id='word_1_285' title='bbox 1969 2328 2160 2399; x_wconf 84' lang='lat' dir='ltr'><strong>digna-</strong></span> 
     </span>
    </p>
   </div>
   <div class='ocr_carea' id='block_1_39' title="bbox 568 2417 2162 2479">
    <p class='ocr_par' dir='ltr' id='par_1_39' title="bbox 568 2417 2162 2479">
     <span class='ocr_line' id='line_1_39' title="bbox 568 2417 2162 2479; baseline -0.003 -1"><span class='ocrx_word' id='word_1_286' title='bbox 568 2425 716 2479; x_wconf 88' lang='lat' dir='ltr'><strong>tione</strong></span> <span class='ocrx_word' id='word_1_287' title='bbox 742 2432 796 2478; x_wconf 84' lang='lat' dir='ltr'><strong>et</strong></span> <span class='ocrx_word' id='word_1_288' title='bbox 824 2421 1190 2475; x_wconf 82' lang='lat' dir='ltr'><strong>lnmiliaritate</strong></span> <span class='ocrx_word' id='word_1_289' title='bbox 1226 2419 1493 2474; x_wconf 88' lang='lat' dir='ltr'><strong>fiduciam.</strong></span> <span class='ocrx_word' id='word_1_290' title='bbox 1538 2417 1607 2474; x_wconf 88' lang='lat' dir='ltr'><strong>Ut</strong></span> <span class='ocrx_word' id='word_1_291' title='bbox 1656 2431 1833 2472; x_wconf 89' lang='lat' dir='ltr'><strong>autem</strong></span> <span class='ocrx_word' id='word_1_292' title='bbox 1883 2420 1997 2474; x_wconf 81' lang='lat' dir='ltr'><strong>haec</strong></span> <span class='ocrx_word' id='word_1_293' title='bbox 2037 2419 2162 2475; x_wconf 87' lang='lat' dir='ltr'><strong>dili-</strong></span> 
     </span>
    </p>
   </div>
   <div class='ocr_carea' id='block_1_40' title="bbox 567 2513 2163 2588">
    <p class='ocr_par' dir='ltr' id='par_1_40' title="bbox 567 2513 2163 2588">
     <span class='ocr_line' id='line_1_40' title="bbox 567 2513 2163 2588; baseline -0.001 -16"><span class='ocrx_word' id='word_1_294' title='bbox 567 2518 778 2588; x_wconf 91' lang='lat' dir='ltr'><strong>gentius</strong></span> <span class='ocrx_word' id='word_1_295' title='bbox 821 2515 989 2569; x_wconf 82' lang='lat' dir='ltr'><strong>lector</strong></span> <span class='ocrx_word' id='word_1_296' title='bbox 1010 2524 1169 2585; x_wconf 90' lang='lat' dir='ltr'><strong>atque</strong></span> <span class='ocrx_word' id='word_1_297' title='bbox 1218 2513 1554 2568; x_wconf 90' lang='lat' dir='ltr'><strong>commodius</strong></span> <span class='ocrx_word' id='word_1_298' title='bbox 1596 2514 2024 2580; x_wconf 76' lang='lat' dir='ltr'><strong>animadvertat,</strong></span> <span class='ocrx_word' id='word_1_299' title='bbox 2071 2529 2163 2571; x_wconf 82' lang='lat' dir='ltr'><strong>eas</strong></span> 
     </span>
    </p>
   </div>
   <div class='ocr_carea' id='block_1_41' title="bbox 568 2606 2162 2677">
    <p class='ocr_par' dir='ltr' id='par_1_41' title="bbox 568 2606 2162 2677">
     <span class='ocr_line' id='line_1_41' title="bbox 568 2606 2162 2677; baseline -0.001 -14"><span class='ocrx_word' id='word_1_300' title='bbox 568 2609 659 2664; x_wconf 85' lang='lat' dir='ltr'><strong>hic</strong></span> <span class='ocrx_word' id='word_1_301' title='bbox 713 2609 882 2663; x_wconf 88' lang='lat' dir='ltr'><strong>sancti</strong></span> <span class='ocrx_word' id='word_1_302' title='bbox 935 2606 1184 2677; x_wconf 83' lang='lat' dir='ltr'><strong>Martyris</strong></span> <span class='ocrx_word' id='word_1_303' title='bbox 1229 2606 1464 2660; x_wconf 88' lang='lat' dir='ltr'><strong>visiones</strong></span> <span class='ocrx_word' id='word_1_304' title='bbox 1516 2620 1786 2675; x_wconf 88' lang='lat' dir='ltr'><strong>exponere</strong></span> <span class='ocrx_word' id='word_1_305' title='bbox 1837 2607 2008 2660; x_wconf 88' lang='lat' dir='ltr'><strong>visum</strong></span> <span class='ocrx_word' id='word_1_306' title='bbox 2050 2617 2162 2674; x_wconf 84' lang='lat' dir='ltr'><strong>est,</strong></span> 
     </span>
    </p>
   </div>
   <div class='ocr_carea' id='block_1_42' title="bbox 567 2696 2165 2767">
    <p class='ocr_par' dir='ltr' id='par_1_42' title="bbox 567 2696 2165 2767">
     <span class='ocr_line' id='line_1_42' title="bbox 567 2696 2165 2767; baseline 0.001 -14"><span class='ocrx_word' id='word_1_307' title='bbox 567 2699 758 2754; x_wconf 88' lang='lat' dir='ltr'><strong>iisdem</strong></span> <span class='ocrx_word' id='word_1_308' title='bbox 802 2697 980 2752; x_wconf 86' lang='lat' dir='ltr'><strong>verbis</strong></span> <span class='ocrx_word' id='word_1_309' title='bbox 1016 2697 1210 2767; x_wconf 90' lang='lat' dir='ltr'><strong>quibus</strong></span> <span class='ocrx_word' id='word_1_310' title='bbox 1247 2705 1314 2751; x_wconf 82' lang='lat' dir='ltr'><strong>at)</strong></span> <span class='ocrx_word' id='word_1_311' title='bbox 1352 2700 1467 2766; x_wconf 89' lang='lat' dir='ltr'><strong>ipso</strong></span> <span class='ocrx_word' id='word_1_312' title='bbox 1504 2696 1614 2751; x_wconf 79' lang='lat' dir='ltr'><strong>suis</strong></span> <span class='ocrx_word' id='word_1_313' title='bbox 1653 2696 1708 2750; x_wconf 90' lang='lat' dir='ltr'><strong>in</strong></span> <span class='ocrx_word' id='word_1_314' title='bbox 1743 2697 1984 2767; x_wconf 86' lang='lat' dir='ltr'><strong>epistolis</strong></span> <span class='ocrx_word' id='word_1_315' title='bbox 2023 2698 2165 2754; x_wconf 75' lang='lat' dir='ltr'><strong>refe~</strong></span> 
     </span>
    </p>
   </div>
   <div class='ocr_carea' id='block_1_43' title="bbox 571 2786 2167 2859">
    <p class='ocr_par' dir='ltr' id='par_1_43' title="bbox 571 2786 2167 2859">
     <span class='ocr_line' id='line_1_43' title="bbox 571 2786 2167 2859; baseline -0.001 -12"><span class='ocrx_word' id='word_1_316' title='bbox 571 2800 785 2847; x_wconf 88' lang='lat' dir='ltr'><strong>runtur.</strong></span> <span class='ocrx_word' id='word_1_317' title='bbox 809 2789 1054 2859; x_wconf 84' lang='lat' dir='ltr'><strong>Epistula</strong></span> <span class='ocrx_word' id='word_1_318' title='bbox 1083 2786 1400 2853; x_wconf 90' lang='lat' dir='ltr'><strong>undecima,</strong></span> <span class='ocrx_word' id='word_1_319' title='bbox 1443 2789 1575 2844; x_wconf 85' lang='lat' dir='ltr'><strong>alias</strong></span> <span class='ocrx_word' id='word_1_320' title='bbox 1599 2789 1751 2855; x_wconf 88' lang='lat' dir='ltr'><strong>juxta</strong></span> <span class='ocrx_word' id='word_1_321' title='bbox 1780 2789 2003 2846; x_wconf 84' lang='lat' dir='ltr'><strong>Patuelii</strong></span> <span class='ocrx_word' id='word_1_322' title='bbox 2048 2791 2167 2846; x_wconf 86' lang='lat' dir='ltr'><strong>edi-</strong></span> 
     </span>
    </p>
   </div>
   <div class='ocr_carea' id='block_1_44' title="bbox 570 2883 2170 2955">
    <p class='ocr_par' dir='ltr' id='par_1_44' title="bbox 570 2883 2170 2955">
     <span class='ocr_line' id='line_1_44' title="bbox 570 2883 2170 2955; baseline 0.002 -14"><span class='ocrx_word' id='word_1_323' title='bbox 570 2887 776 2941; x_wconf 86' lang='lat' dir='ltr'><strong>tionem</strong></span> <span class='ocrx_word' id='word_1_324' title='bbox 825 2895 1042 2954; x_wconf 88' lang='lat' dir='ltr'><strong>octava,</strong></span> <span class='ocrx_word' id='word_1_325' title='bbox 1089 2884 1221 2939; x_wconf 86' lang='lat' dir='ltr'><strong>nihil</strong></span> <span class='ocrx_word' id='word_1_326' title='bbox 1265 2883 1432 2940; x_wconf 82' lang='lat' dir='ltr'><strong>ferme</strong></span> <span class='ocrx_word' id='word_1_327' title='bbox 1485 2883 1644 2939; x_wconf 88' lang='lat' dir='ltr'><strong>habet</strong></span> <span class='ocrx_word' id='word_1_328' title='bbox 1693 2898 1891 2955; x_wconf 69' lang='lat' dir='ltr'><strong>prazter</strong></span> <span class='ocrx_word' id='word_1_329' title='bbox 1932 2886 2170 2944; x_wconf 83' lang='lat' dir='ltr'><strong>visiones</strong></span> 
     </span>
    </p>
   </div>
   <div class='ocr_carea' id='block_1_45' title="bbox 575 2976 2171 3052">
    <p class='ocr_par' dir='ltr' id='par_1_45' title="bbox 575 2976 2171 3052">
     <span class='ocr_line' id='line_1_45' title="bbox 575 2976 2171 3052; baseline 0.001 -18"><span class='ocrx_word' id='word_1_330' title='bbox 575 2990 738 3050; x_wconf 87' lang='lat' dir='ltr'><strong>atque</strong></span> <span class='ocrx_word' id='word_1_331' title='bbox 766 2979 1142 3035; x_wconf 81' lang='lat' dir='ltr'><strong>revelationes.</strong></span> <span class='ocrx_word' id='word_1_332' title='bbox 1171 2976 1381 3048; x_wconf 86' lang='lat' dir='ltr'><strong>Scripta</strong></span> <span class='ocrx_word' id='word_1_333' title='bbox 1411 2987 1493 3032; x_wconf 91' lang='lat' dir='ltr'><strong>est</strong></span> <span class='ocrx_word' id='word_1_334' title='bbox 1529 2992 1560 3032; x_wconf 91' lang='lat' dir='ltr'><strong>e</strong></span> <span class='ocrx_word' id='word_1_335' title='bbox 1595 2993 1810 3034; x_wconf 82' lang='lat' dir='ltr'><strong>secessu</strong></span> <span class='ocrx_word' id='word_1_336' title='bbox 1842 2981 2171 3052; x_wconf 82' lang='lat' dir='ltr'><strong>presbyteris</strong></span> 
     </span>
    </p>
   </div>
   <div class='ocr_carea' id='block_1_46' title="bbox 577 3069 2172 3140">
    <p class='ocr_par' dir='ltr' id='par_1_46' title="bbox 577 3069 2172 3140">
     <span class='ocr_line' id='line_1_46' title="bbox 577 3069 2172 3140; baseline 0.002 -14"><span class='ocrx_word' id='word_1_337' title='bbox 577 3082 634 3126; x_wconf 90' lang='lat' dir='ltr'><strong>et</strong></span> <span class='ocrx_word' id='word_1_338' title='bbox 674 3072 985 3127; x_wconf 89' lang='lat' dir='ltr'><strong>diaconibtts</strong></span> <span class='ocrx_word' id='word_1_339' title='bbox 1012 3112 1028 3138; x_wconf 88' lang='lat'><strong>,</strong></span> <span class='ocrx_word' id='word_1_340' title='bbox 1072 3069 1424 3139; x_wconf 84' lang='lat' dir='ltr'><strong>hortaturque</strong></span> <span class='ocrx_word' id='word_1_341' title='bbox 1462 3069 1583 3125; x_wconf 91' lang='lat' dir='ltr'><strong>illos</strong></span> <span class='ocrx_word' id='word_1_342' title='bbox 1619 3070 1686 3124; x_wconf 90' lang='lat' dir='ltr'><strong>ad</strong></span> <span class='ocrx_word' id='word_1_343' title='bbox 1730 3086 1918 3140; x_wconf 88' lang='lat' dir='ltr'><strong>preces</strong></span> <span class='ocrx_word' id='word_1_344' title='bbox 1956 3071 2172 3128; x_wconf 84' lang='lat' dir='ltr'><strong>assidue</strong></span> 
     </span>
    </p>
   </div>
   <div class='ocr_carea' id='block_1_47' title="bbox 575 3163 2174 3235">
    <p class='ocr_par' dir='ltr' id='par_1_47' title="bbox 575 3163 2174 3235">
     <span class='ocr_line' id='line_1_47' title="bbox 575 3163 2174 3235; baseline -0.003 -14"><span class='ocrx_word' id='word_1_345' title='bbox 575 3166 911 3231; x_wconf 89' lang='lat' dir='ltr'><strong>fundendas;</strong></span> <span class='ocrx_word' id='word_1_346' title='bbox 964 3163 1105 3218; x_wconf 91' lang='lat' dir='ltr'><strong>unde</strong></span> <span class='ocrx_word' id='word_1_347' title='bbox 1142 3165 1472 3234; x_wconf 82' lang='lat' dir='ltr'><strong>Augustinus</strong></span> <span class='ocrx_word' id='word_1_348' title='bbox 1500 3165 1618 3232; x_wconf 86' lang='lat' dir='ltr'><strong>ejus</strong></span> <span class='ocrx_word' id='word_1_349' title='bbox 1653 3163 1705 3216; x_wconf 90' lang='lat' dir='ltr'><strong>in</strong></span> <span class='ocrx_word' id='word_1_350' title='bbox 1736 3163 1830 3216; x_wconf 87' lang='lat' dir='ltr'><strong>lib.</strong></span> <span class='ocrx_word' id='word_1_351' title='bbox 1863 3179 1913 3216; x_wconf 84' lang='lat' dir='ltr'><strong>iv</strong></span> <span class='ocrx_word' id='word_1_352' title='bbox 1943 3164 2008 3218; x_wconf 87' lang='lat' dir='ltr'><strong>de</strong></span> <span class='ocrx_word' id='word_1_353' title='bbox 2035 3163 2174 3235; x_wconf 76' lang='lat' dir='ltr'><strong>Bap.</strong></span> 
     </span>
    </p>
   </div>
   <div class='ocr_carea' id='block_1_48' title="bbox 2259 1963 3858 2038">
    <p class='ocr_par' dir='ltr' id='par_1_48' title="bbox 2259 1963 3858 2038">
     <span class='ocr_line' id='line_1_48' title="bbox 2259 1963 3858 2038; baseline 0.003 -19"><span class='ocrx_word' id='word_1_354' title='bbox 2259 1963 2508 2034; x_wconf 88' lang='lat' dir='ltr'><strong>diguatus</strong></span> <span class='ocrx_word' id='word_1_355' title='bbox 2534 1975 2616 2018; x_wconf 81' lang='lat' dir='ltr'><strong>est</strong></span> <span class='ocrx_word' id='word_1_356' title='bbox 2650 1982 2664 2017; x_wconf 90' lang='lat'><strong>:</strong></span> <span class='ocrx_word' id='word_1_357' title='bbox 2701 1963 2794 2018; x_wconf 91' lang='lat' dir='ltr'><strong>Dic</strong></span> <span class='ocrx_word' id='word_1_358' title='bbox 2820 1963 2930 2030; x_wconf 92' lang='lat' dir='ltr'><strong>illi,</strong></span> <span class='ocrx_word' id='word_1_359' title='bbox 2976 1963 3177 2034; x_wconf 91' lang='lat' dir='ltr'><strong>inquit,</strong></span> <span class='ocrx_word' id='word_1_360' title='bbox 3224 1980 3449 2021; x_wconf 89' lang='lat' dir='ltr'><strong>securus</strong></span> <span class='ocrx_word' id='word_1_361' title='bbox 3469 1967 3579 2036; x_wconf 88' lang='lat' dir='ltr'><strong>sit,</strong></span> <span class='ocrx_word' id='word_1_362' title='bbox 3605 1968 3727 2038; x_wconf 89' lang='lat' dir='ltr'><strong>quia</strong></span> <span class='ocrx_word' id='word_1_363' title='bbox 3754 1983 3858 2038; x_wconf 88' lang='lat' dir='ltr'><strong>pax</strong></span> 
     </span>
    </p>
   </div>
   <div class='ocr_carea' id='block_1_49' title="bbox 2261 2057 3862 2131">
    <p class='ocr_par' dir='ltr' id='par_1_49' title="bbox 2261 2057 3862 2131">
     <span class='ocr_line' id='line_1_49' title="bbox 2261 2057 3862 2131; baseline 0.003 -18"><span class='ocrx_word' id='word_1_364' title='bbox 2261 2068 2485 2113; x_wconf 90' lang='lat' dir='ltr'><strong>ventura</strong></span> <span class='ocrx_word' id='word_1_365' title='bbox 2507 2066 2610 2112; x_wconf 86' lang='lat' dir='ltr'><strong>est.</strong></span> <span class='ocrx_word' id='word_1_366' title='bbox 2642 2057 2748 2113; x_wconf 89' lang='lat' dir='ltr'><strong>Sed</strong></span> <span class='ocrx_word' id='word_1_367' title='bbox 2781 2058 2922 2128; x_wconf 89' lang='lat' dir='ltr'><strong>quod</strong></span> <span class='ocrx_word' id='word_1_368' title='bbox 2952 2059 3166 2114; x_wconf 91' lang='lat' dir='ltr'><strong>interim</strong></span> <span class='ocrx_word' id='word_1_369' title='bbox 3195 2061 3398 2114; x_wconf 87' lang='lat' dir='ltr'><strong>morula</strong></span> <span class='ocrx_word' id='word_1_370' title='bbox 3429 2069 3547 2128; x_wconf 89' lang='lat' dir='ltr'><strong>est,</strong></span> <span class='ocrx_word' id='word_1_371' title='bbox 3573 2070 3862 2131; x_wconf 70' lang='lat' dir='ltr'><strong>supersunt</strong></span> 
     </span>
    </p>
   </div>
   <div class='ocr_carea' id='block_1_50' title="bbox 2263 2149 3862 2222">
    <p class='ocr_par' dir='ltr' id='par_1_50' title="bbox 2263 2149 3862 2222">
     <span class='ocr_line' id='line_1_50' title="bbox 2263 2149 3862 2222; baseline 0.003 -18"><span class='ocrx_word' id='word_1_372' title='bbox 2263 2149 2438 2204; x_wconf 87' lang='lat' dir='ltr'><strong>adhuc</strong></span> <span class='ocrx_word' id='word_1_373' title='bbox 2458 2149 2618 2219; x_wconf 84' lang='lat' dir='ltr'><strong>aliqui</strong></span> <span class='ocrx_word' id='word_1_374' title='bbox 2650 2151 2736 2219; x_wconf 87' lang='lat' dir='ltr'><strong>qui</strong></span> <span class='ocrx_word' id='word_1_375' title='bbox 2789 2152 3100 2219; x_wconf 85' lang='lat' dir='ltr'><strong>probentur.</strong></span> <span class='ocrx_word' id='word_1_376' title='bbox 3146 2171 3166 2204; x_wconf 72' lang='grc' dir='ltr'><strong>ι</strong></span> <span class='ocrx_word' id='word_1_377' title='bbox 3202 2151 3380 2222; x_wconf 84' lang='lat' dir='ltr'><strong>Neque</strong></span> <span class='ocrx_word' id='word_1_378' title='bbox 3421 2162 3597 2208; x_wconf 78' lang='lat' dir='ltr'><strong>tamen</strong></span> <span class='ocrx_word' id='word_1_379' title='bbox 3628 2153 3697 2208; x_wconf 86' lang='lat' dir='ltr'><strong>de</strong></span> <span class='ocrx_word' id='word_1_380' title='bbox 3741 2153 3862 2208; x_wconf 85' lang='lat' dir='ltr'><strong>fun-</strong></span> 
     </span>
    </p>
   </div>
   <div class='ocr_carea' id='block_1_51' title="bbox 2265 2241 3861 2316">
    <p class='ocr_par' dir='ltr' id='par_1_51' title="bbox 2265 2241 3861 2316">
     <span class='ocr_line' id='line_1_51' title="bbox 2265 2241 3861 2316; baseline 0.004 -19"><span class='ocrx_word' id='word_1_381' title='bbox 2265 2241 2456 2297; x_wconf 89' lang='lat' dir='ltr'><strong>deudis</strong></span> <span class='ocrx_word' id='word_1_382' title='bbox 2482 2242 2697 2298; x_wconf 86' lang='lat' dir='ltr'><strong>assidue</strong></span> <span class='ocrx_word' id='word_1_383' title='bbox 2723 2243 3003 2312; x_wconf 89' lang='lat' dir='ltr'><strong>precibus,</strong></span> <span class='ocrx_word' id='word_1_384' title='bbox 3032 2244 3126 2299; x_wconf 90' lang='lat' dir='ltr'><strong>sed</strong></span> <span class='ocrx_word' id='word_1_385' title='bbox 3156 2243 3224 2299; x_wconf 93' lang='lat' dir='ltr'><strong>de</strong></span> <span class='ocrx_word' id='word_1_386' title='bbox 3253 2244 3369 2299; x_wconf 88' lang='lat' dir='ltr'><strong>aliis</strong></span> <span class='ocrx_word' id='word_1_387' title='bbox 3394 2260 3604 2316; x_wconf 88' lang='lat' dir='ltr'><strong>quoque</strong></span> <span class='ocrx_word' id='word_1_388' title='bbox 3647 2245 3861 2316; x_wconf 81' lang='lat' dir='ltr'><strong>pietatis</strong></span> 
     </span>
    </p>
   </div>
   <div class='ocr_carea' id='block_1_52' title="bbox 2267 2333 3862 2406">
    <p class='ocr_par' dir='ltr' id='par_1_52' title="bbox 2267 2333 3862 2406">
     <span class='ocr_line' id='line_1_52' title="bbox 2267 2333 3862 2406; baseline 0.003 -18"><span class='ocrx_word' id='word_1_389' title='bbox 2267 2333 2553 2404; x_wconf 90' lang='lat' dir='ltr'><strong>operibus,</strong></span> <span class='ocrx_word' id='word_1_390' title='bbox 2579 2343 2634 2388; x_wconf 91' lang='lat' dir='ltr'><strong>et</strong></span> <span class='ocrx_word' id='word_1_391' title='bbox 2662 2335 2938 2406; x_wconf 78' lang='lat' dir='ltr'><strong>religionis</strong></span> <span class='ocrx_word' id='word_1_392' title='bbox 2965 2334 3190 2399; x_wconf 84' lang='lat' dir='ltr'><strong>officiis,</strong></span> <span class='ocrx_word' id='word_1_393' title='bbox 3233 2337 3482 2405; x_wconf 85' lang='lat' dir='ltr'><strong>supernis</strong></span> <span class='ocrx_word' id='word_1_394' title='bbox 3510 2338 3862 2394; x_wconf 84' lang='lat' dir='ltr'><strong>revelatioui-</strong></span> 
     </span>
    </p>
   </div>
   <div class='ocr_carea' id='block_1_53' title="bbox 2269 2424 3866 2488">
    <p class='ocr_par' dir='ltr' id='par_1_53' title="bbox 2269 2424 3866 2488">
     <span class='ocr_line' id='line_1_53' title="bbox 2269 2424 3866 2488; baseline 0.006 -9"><span class='ocrx_word' id='word_1_395' title='bbox 2269 2425 2369 2480; x_wconf 88' lang='lat' dir='ltr'><strong>bus</strong></span> <span class='ocrx_word' id='word_1_396' title='bbox 2408 2425 2738 2479; x_wconf 90' lang='lat' dir='ltr'><strong>admonitum</strong></span> <span class='ocrx_word' id='word_1_397' title='bbox 2789 2441 2848 2481; x_wconf 83' lang='lat' dir='ltr'><strong>se</strong></span> <span class='ocrx_word' id='word_1_398' title='bbox 2887 2424 3055 2483; x_wconf 88' lang='lat' dir='ltr'><strong>fuisse</strong></span> <span class='ocrx_word' id='word_1_399' title='bbox 3109 2437 3385 2482; x_wconf 81' lang='lat' dir='ltr'><strong>testatur:</strong></span> <span class='ocrx_word' id='word_1_400' title='bbox 3441 2447 3460 2480; x_wconf 78' lang='grc' dir='ltr'><strong>ι</strong></span> <span class='ocrx_word' id='word_1_401' title='bbox 3507 2429 3614 2485; x_wconf 87' lang='lat' dir='ltr'><strong>Sed</strong></span> <span class='ocrx_word' id='word_1_402' title='bbox 3673 2439 3729 2486; x_wconf 88' lang='lat' dir='ltr'><strong>et</strong></span> <span class='ocrx_word' id='word_1_403' title='bbox 3795 2431 3866 2488; x_wconf 84' lang='lat' dir='ltr'><strong>de</strong></span> 
     </span>
    </p>
   </div>
   <div class='ocr_carea' id='block_1_54' title="bbox 2267 2517 3866 2589">
    <p class='ocr_par' dir='ltr' id='par_1_54' title="bbox 2267 2517 3866 2589">
     <span class='ocr_line' id='line_1_54' title="bbox 2267 2517 3866 2589; baseline 0.004 -18"><span class='ocrx_word' id='word_1_404' title='bbox 2267 2517 2412 2571; x_wconf 90' lang='lat' dir='ltr'><strong>victu</strong></span> <span class='ocrx_word' id='word_1_405' title='bbox 2459 2531 2620 2585; x_wconf 85' lang='lat' dir='ltr'><strong>parco</strong></span> <span class='ocrx_word' id='word_1_406' title='bbox 2647 2557 2663 2583; x_wconf 90' lang='lat'><strong>,</strong></span> <span class='ocrx_word' id='word_1_407' title='bbox 2724 2527 2780 2572; x_wconf 94' lang='lat' dir='ltr'><strong>et</strong></span> <span class='ocrx_word' id='word_1_408' title='bbox 2833 2519 3013 2574; x_wconf 87' lang='lat' dir='ltr'><strong>sobrio</strong></span> <span class='ocrx_word' id='word_1_409' title='bbox 3065 2529 3189 2589; x_wconf 91' lang='lat' dir='ltr'><strong>potu</strong></span> <span class='ocrx_word' id='word_1_410' title='bbox 3231 2519 3426 2574; x_wconf 89' lang='lat' dir='ltr'><strong>divinis</strong></span> <span class='ocrx_word' id='word_1_411' title='bbox 3471 2520 3866 2589; x_wconf 74' lang='lat' dir='ltr'><strong>dignationibus</strong></span> 
     </span>
    </p>
   </div>
   <div class='ocr_carea' id='block_1_55' title="bbox 2269 2610 3870 2677">
    <p class='ocr_par' dir='ltr' id='par_1_55' title="bbox 2269 2610 3870 2677">
     <span class='ocr_line' id='line_1_55' title="bbox 2269 2610 3870 2677; baseline 0.001 -9"><span class='ocrx_word' id='word_1_412' title='bbox 2269 2611 2657 2677; x_wconf 83' lang='lat' dir='ltr'><strong>admonemur,</strong></span> <span class='ocrx_word' id='word_1_413' title='bbox 2695 2620 2800 2666; x_wconf 89' lang='lat' dir='ltr'><strong>etc.</strong></span> <span class='ocrx_word' id='word_1_414' title='bbox 2843 2629 2862 2663; x_wconf 77' lang='grc' dir='ltr'><strong>ι</strong></span> <span class='ocrx_word' id='word_1_415' title='bbox 2896 2610 3046 2666; x_wconf 77' lang='lat' dir='ltr'><strong>Adeo</strong></span> <span class='ocrx_word' id='word_1_416' title='bbox 3077 2626 3206 2666; x_wconf 88' lang='lat' dir='ltr'><strong>vero</strong></span> <span class='ocrx_word' id='word_1_417' title='bbox 3235 2611 3303 2666; x_wconf 89' lang='lat' dir='ltr'><strong>de</strong></span> <span class='ocrx_word' id='word_1_418' title='bbox 3327 2613 3698 2668; x_wconf 87' lang='lat' dir='ltr'><strong>vaticiniorum</strong></span> <span class='ocrx_word' id='word_1_419' title='bbox 3738 2628 3870 2670; x_wconf 86' lang='lat' dir='ltr'><strong>suo-</strong></span> 
     </span>
    </p>
   </div>
   <div class='ocr_carea' id='block_1_56' title="bbox 2271 2701 3868 2776">
    <p class='ocr_par' dir='ltr' id='par_1_56' title="bbox 2271 2701 3868 2776">
     <span class='ocr_line' id='line_1_56' title="bbox 2271 2701 3868 2776; baseline 0.003 -18"><span class='ocrx_word' id='word_1_420' title='bbox 2271 2717 2389 2758; x_wconf 85' lang='lat' dir='ltr'><strong>rum</strong></span> <span class='ocrx_word' id='word_1_421' title='bbox 2440 2701 2632 2756; x_wconf 88' lang='lat' dir='ltr'><strong>futuris</strong></span> <span class='ocrx_word' id='word_1_422' title='bbox 2677 2701 2959 2758; x_wconf 84' lang='lat' dir='ltr'><strong>eventibus</strong></span> <span class='ocrx_word' id='word_1_423' title='bbox 3000 2706 3370 2760; x_wconf 89' lang='lat' dir='ltr'><strong>sanctissimus</strong></span> <span class='ocrx_word' id='word_1_424' title='bbox 3409 2706 3603 2776; x_wconf 70' lang='lat' dir='ltr'><strong>pracsul</strong></span> <span class='ocrx_word' id='word_1_425' title='bbox 3646 2721 3868 2762; x_wconf 87' lang='lat' dir='ltr'><strong>securus</strong></span> 
     </span>
    </p>
   </div>
   <div class='ocr_carea' id='block_1_57' title="bbox 2274 2798 3868 2871">
    <p class='ocr_par' dir='ltr' id='par_1_57' title="bbox 2274 2798 3868 2871">
     <span class='ocr_line' id='line_1_57' title="bbox 2274 2798 3868 2871; baseline 0.003 -19"><span class='ocrx_word' id='word_1_426' title='bbox 2274 2808 2423 2863; x_wconf 89' lang='lat' dir='ltr'><strong>erat,</strong></span> <span class='ocrx_word' id='word_1_427' title='bbox 2457 2807 2515 2852; x_wconf 92' lang='lat' dir='ltr'><strong>ut</strong></span> <span class='ocrx_word' id='word_1_428' title='bbox 2547 2799 2790 2868; x_wconf 86' lang='lat' dir='ltr'><strong>quamvis</strong></span> <span class='ocrx_word' id='word_1_429' title='bbox 2821 2798 2998 2853; x_wconf 90' lang='lat' dir='ltr'><strong>nullus</strong></span> <span class='ocrx_word' id='word_1_430' title='bbox 3027 2799 3202 2854; x_wconf 87' lang='lat' dir='ltr'><strong>adhuc</strong></span> <span class='ocrx_word' id='word_1_431' title='bbox 3242 2809 3438 2869; x_wconf 77' lang='lat' dir='ltr'><strong>optata:</strong></span> <span class='ocrx_word' id='word_1_432' title='bbox 3473 2800 3868 2871; x_wconf 78' lang='lat' dir='ltr'><strong>tranquillitatis</strong></span> 
     </span>
    </p>
   </div>
   <div class='ocr_carea' id='block_1_58' title="bbox 2273 2891 3863 2962">
    <p class='ocr_par' dir='ltr' id='par_1_58' title="bbox 2273 2891 3863 2962">
     <span class='ocr_line' id='line_1_58' title="bbox 2273 2891 3863 2962; baseline 0.001 -18"><span class='ocrx_word' id='word_1_433' title='bbox 2273 2891 2455 2945; x_wconf 87' lang='lat' dir='ltr'><strong>radius</strong></span> <span class='ocrx_word' id='word_1_434' title='bbox 2478 2901 2774 2960; x_wconf 90' lang='lat' dir='ltr'><strong>appeteret,</strong></span> <span class='ocrx_word' id='word_1_435' title='bbox 2795 2891 2952 2961; x_wconf 71' lang='lat' dir='ltr'><strong>jussit</strong></span> <span class='ocrx_word' id='word_1_436' title='bbox 2977 2901 3152 2946; x_wconf 89' lang='lat' dir='ltr'><strong>tamen</strong></span> <span class='ocrx_word' id='word_1_437' title='bbox 3175 2893 3267 2946; x_wconf 88' lang='lat' dir='ltr'><strong>has</strong></span> <span class='ocrx_word' id='word_1_438' title='bbox 3296 2892 3501 2948; x_wconf 88' lang='lat' dir='ltr'><strong>litteras</strong></span> <span class='ocrx_word' id='word_1_439' title='bbox 3526 2893 3863 2962; x_wconf 77' lang='lat' dir='ltr'><strong>promulgari,</strong></span> 
     </span>
    </p>
   </div>
   <div class='ocr_carea' id='block_1_59' title="bbox 2275 2984 3870 3058">
    <p class='ocr_par' dir='ltr' id='par_1_59' title="bbox 2275 2984 3870 3058">
     <span class='ocr_line' id='line_1_59' title="bbox 2275 2984 3870 3058; baseline 0.002 -18"><span class='ocrx_word' id='word_1_440' title='bbox 2275 2991 2329 3040; x_wconf 89' lang='lat' dir='ltr'><strong>et</strong></span> <span class='ocrx_word' id='word_1_441' title='bbox 2357 3000 2449 3053; x_wconf 92' lang='lat' dir='ltr'><strong>per</strong></span> <span class='ocrx_word' id='word_1_442' title='bbox 2470 2985 2675 3040; x_wconf 88' lang='lat' dir='ltr'><strong>clerum</strong></span> <span class='ocrx_word' id='word_1_443' title='bbox 2707 2985 2773 3040; x_wconf 89' lang='lat' dir='ltr'><strong>ad</strong></span> <span class='ocrx_word' id='word_1_444' title='bbox 2805 3001 2961 3055; x_wconf 84' lang='lat' dir='ltr'><strong>quem</strong></span> <span class='ocrx_word' id='word_1_445' title='bbox 2989 2987 3202 3054; x_wconf 72' lang='lat' dir='ltr'><strong>scripta:</strong></span> <span class='ocrx_word' id='word_1_446' title='bbox 3229 2984 3462 3052; x_wconf 85' lang='lat' dir='ltr'><strong>fuerant,</strong></span> <span class='ocrx_word' id='word_1_447' title='bbox 3491 2987 3630 3057; x_wconf 89' lang='lat' dir='ltr'><strong>plebi</strong></span> <span class='ocrx_word' id='word_1_448' title='bbox 3657 3003 3870 3058; x_wconf 89' lang='lat' dir='ltr'><strong>quoque</strong></span> 
     </span>
    </p>
   </div>
   <div class='ocr_carea' id='block_1_60' title="bbox 2277 3081 3867 3156">
    <p class='ocr_par' dir='ltr' id='par_1_60' title="bbox 2277 3081 3867 3156">
     <span class='ocr_line' id='line_1_60' title="bbox 2277 3081 3867 3156; baseline 0.004 -22"><span class='ocrx_word' id='word_1_449' title='bbox 2277 3081 2662 3136; x_wconf 88' lang='lat' dir='ltr'><strong>communicari</strong></span> <span class='ocrx_word' id='word_1_450' title='bbox 2695 3099 2708 3136; x_wconf 91' lang='lat'><strong>:</strong></span> <span class='ocrx_word' id='word_1_451' title='bbox 2751 3101 2771 3133; x_wconf 74' lang='grc' dir='ltr'><strong>ι</strong></span> <span class='ocrx_word' id='word_1_452' title='bbox 2813 3082 3158 3138; x_wconf 82' lang='lat' dir='ltr'><strong>Dissimulare</strong></span> <span class='ocrx_word' id='word_1_453' title='bbox 3194 3083 3308 3138; x_wconf 81' lang='lat' dir='ltr'><strong>lucc</strong></span> <span class='ocrx_word' id='word_1_454' title='bbox 3340 3085 3584 3155; x_wconf 83' lang='lat' dir='ltr'><strong>singula,</strong></span> <span class='ocrx_word' id='word_1_455' title='bbox 3635 3095 3688 3140; x_wconf 90' lang='lat' dir='ltr'><strong>et</strong></span> <span class='ocrx_word' id='word_1_456' title='bbox 3731 3085 3867 3156; x_wconf 89' lang='lat' dir='ltr'><strong>apud</strong></span> 
     </span>
    </p>
   </div>
   <div class='ocr_carea' id='block_1_61' title="bbox 2276 3172 3867 3231">
    <p class='ocr_par' dir='ltr' id='par_1_61' title="bbox 2276 3172 3867 3231">
     <span class='ocr_line' id='line_1_61' title="bbox 2276 3172 3867 3231; baseline 0.001 -5"><span class='ocrx_word' id='word_1_457' title='bbox 2276 3172 2657 3227; x_wconf 86' lang='lat' dir='ltr'><strong>conscientiam</strong></span> <span class='ocrx_word' id='word_1_458' title='bbox 2713 3189 2886 3230; x_wconf 87' lang='lat' dir='ltr'><strong>meam</strong></span> <span class='ocrx_word' id='word_1_459' title='bbox 2917 3177 3063 3231; x_wconf 87' lang='lat' dir='ltr'><strong>solus</strong></span> <span class='ocrx_word' id='word_1_460' title='bbox 3100 3175 3371 3231; x_wconf 88' lang='lat' dir='ltr'><strong>occultare</strong></span> <span class='ocrx_word' id='word_1_461' title='bbox 3400 3192 3505 3230; x_wconf 92' lang='lat' dir='ltr'><strong>non</strong></span> <span class='ocrx_word' id='word_1_462' title='bbox 3543 3175 3867 3231; x_wconf 90' lang='lat' dir='ltr'><strong>debui.......</strong></span> 
     </span>
    </p>
   </div>
   <div class='ocr_carea' id='block_1_62' title="bbox 572 3259 3871 3337">
    <p class='ocr_par' dir='ltr' id='par_1_62' title="bbox 572 3259 3871 3337">
     <span class='ocr_line' id='line_1_62' title="bbox 572 3259 3871 3337; baseline 0.002 -20"><span class='ocrx_word' id='word_1_463' title='bbox 572 3262 735 3317; x_wconf 84' lang='lat' dir='ltr'><strong>tismo</strong></span> <span class='ocrx_word' id='word_1_464' title='bbox 779 3263 1105 3318; x_wconf 88' lang='lat' dir='ltr'><strong>mentionem</strong></span> <span class='ocrx_word' id='word_1_465' title='bbox 1148 3263 1378 3328; x_wconf 82' lang='lat' dir='ltr'><strong>faciens,</strong></span> <span class='ocrx_word' id='word_1_466' title='bbox 1420 3260 1562 3316; x_wconf 92' lang='lat' dir='ltr'><strong>hunc</strong></span> <span class='ocrx_word' id='word_1_467' title='bbox 1602 3259 1676 3314; x_wconf 90' lang='lat' dir='ltr'><strong>illi</strong></span> <span class='ocrx_word' id='word_1_468' title='bbox 1727 3261 1935 3314; x_wconf 92' lang='lat' dir='ltr'><strong>titulum</strong></span> <span class='ocrx_word' id='word_1_469' title='bbox 1986 3259 2168 3315; x_wconf 88' lang='lat' dir='ltr'><strong>dedit:</strong></span> <span class='ocrx_word' id='word_1_470' title='bbox 2199 3263 2246 3327; x_wconf 86' lang='lat' dir='ltr'><strong><em>C</em></strong></span> <span class='ocrx_word' id='word_1_471' title='bbox 2277 3263 2388 3319; x_wconf 87' lang='lat' dir='ltr'><strong>Nec</strong></span> <span class='ocrx_word' id='word_1_472' title='bbox 2433 3265 2531 3334; x_wconf 90' lang='lat' dir='ltr'><strong>ipsi</strong></span> <span class='ocrx_word' id='word_1_473' title='bbox 2578 3266 2761 3336; x_wconf 88' lang='lat' dir='ltr'><strong>utique</strong></span> <span class='ocrx_word' id='word_1_474' title='bbox 2795 3266 2933 3336; x_wconf 91' lang='lat' dir='ltr'><strong>apud</strong></span> <span class='ocrx_word' id='word_1_475' title='bbox 2989 3282 3082 3323; x_wconf 81' lang='lat' dir='ltr'><strong>vos</strong></span> <span class='ocrx_word' id='word_1_476' title='bbox 3132 3267 3268 3322; x_wconf 92' lang='lat' dir='ltr'><strong>hanc</strong></span> <span class='ocrx_word' id='word_1_477' title='bbox 3312 3268 3592 3337; x_wconf 88' lang='lat' dir='ltr'><strong>epistolam</strong></span> <span class='ocrx_word' id='word_1_478' title='bbox 3645 3269 3871 3325; x_wconf 85' lang='lat' dir='ltr'><strong>teneatis</strong></span> 
     </span>
    </p>
   </div>
   <div class='ocr_carea' id='block_1_63' title="bbox 583 3357 2173 3432">
    <p class='ocr_par' dir='ltr' id='par_1_63' title="bbox 583 3357 2173 3432">
     <span class='ocr_line' id='line_1_63' title="bbox 583 3357 2173 3432; baseline -0.006 -10"><span class='ocrx_word' id='word_1_479' title='bbox 583 3389 603 3422; x_wconf 81' lang='grc' dir='ltr'><strong>ι</strong></span> <span class='ocrx_word' id='word_1_480' title='bbox 637 3367 720 3425; x_wconf 86' lang='lat' dir='ltr'><strong>Ad</strong></span> <span class='ocrx_word' id='word_1_481' title='bbox 749 3367 1013 3432; x_wconf 86' lang='lat' dir='ltr'><strong>Clericos,</strong></span> <span class='ocrx_word' id='word_1_482' title='bbox 1038 3363 1105 3418; x_wconf 89' lang='lat' dir='ltr'><strong>de</strong></span> <span class='ocrx_word' id='word_1_483' title='bbox 1132 3359 1402 3431; x_wconf 88' lang='lat' dir='ltr'><strong>precando</strong></span> <span class='ocrx_word' id='word_1_484' title='bbox 1425 3359 1550 3412; x_wconf 86' lang='lat' dir='ltr'><strong>Deo.</strong></span> <span class='ocrx_word' id='word_1_485' title='bbox 1580 3377 1598 3410; x_wconf 77' lang='grc' dir='ltr'><strong>ι</strong></span> <span class='ocrx_word' id='word_1_486' title='bbox 1625 3357 1849 3412; x_wconf 89' lang='lat' dir='ltr'><strong>Deciana</strong></span> <span class='ocrx_word' id='word_1_487' title='bbox 1872 3358 2173 3426; x_wconf 88' lang='lat' dir='ltr'><strong>persecutio</strong></span> 
     </span>
    </p>
   </div>
   <div class='ocr_carea' id='block_1_64' title="bbox 578 3453 2172 3528">
    <p class='ocr_par' dir='ltr' id='par_1_64' title="bbox 578 3453 2172 3528">
     <span class='ocr_line' id='line_1_64' title="bbox 578 3453 2172 3528; baseline -0.006 -10"><span class='ocrx_word' id='word_1_488' title='bbox 578 3461 873 3518; x_wconf 70' lang='lat' dir='ltr'><strong>smvissime</strong></span> <span class='ocrx_word' id='word_1_489' title='bbox 913 3459 966 3515; x_wconf 95' lang='lat' dir='ltr'><strong>id</strong></span> <span class='ocrx_word' id='word_1_490' title='bbox 1021 3457 1278 3528; x_wconf 90' lang='lat' dir='ltr'><strong>temporis</strong></span> <span class='ocrx_word' id='word_1_491' title='bbox 1320 3453 1704 3525; x_wconf 79' lang='lat' dir='ltr'><strong>grassabatur:</strong></span> <span class='ocrx_word' id='word_1_492' title='bbox 1747 3455 2032 3524; x_wconf 87' lang='lat' dir='ltr'><strong>impulsum</strong></span> <span class='ocrx_word' id='word_1_493' title='bbox 2075 3473 2172 3510; x_wconf 89' lang='lat' dir='ltr'><strong>an-</strong></span> 
     </span>
    </p>
   </div>
   <div class='ocr_carea' id='block_1_65' title="bbox 579 3548 2175 3618">
    <p class='ocr_par' dir='ltr' id='par_1_65' title="bbox 579 3548 2175 3618">
     <span class='ocr_line' id='line_1_65' title="bbox 579 3548 2175 3618; baseline -0.004 -7"><span class='ocrx_word' id='word_1_494' title='bbox 579 3566 688 3612; x_wconf 89' lang='lat' dir='ltr'><strong>tem</strong></span> <span class='ocrx_word' id='word_1_495' title='bbox 735 3571 793 3612; x_wconf 90' lang='lat' dir='ltr'><strong>se</strong></span> <span class='ocrx_word' id='word_1_496' title='bbox 843 3554 1008 3609; x_wconf 83' lang='lat' dir='ltr'><strong>fuisse</strong></span> <span class='ocrx_word' id='word_1_497' title='bbox 1043 3551 1174 3608; x_wconf 90' lang='lat' dir='ltr'><strong>dicit</strong></span> <span class='ocrx_word' id='word_1_498' title='bbox 1200 3550 1395 3606; x_wconf 84' lang='lat' dir='ltr'><strong>divinis</strong></span> <span class='ocrx_word' id='word_1_499' title='bbox 1424 3548 1716 3618; x_wconf 83' lang='lat' dir='ltr'><strong>praesertim</strong></span> <span class='ocrx_word' id='word_1_500' title='bbox 1759 3548 2175 3605; x_wconf 85' lang='lat' dir='ltr'><strong>revelationibus</strong></span> 
     </span>
    </p>
   </div>
   <div class='ocr_carea' id='block_1_66' title="bbox 578 3641 2178 3719">
    <p class='ocr_par' dir='ltr' id='par_1_66' title="bbox 578 3641 2178 3719">
     <span class='ocr_line' id='line_1_66' title="bbox 578 3641 2178 3719; baseline -0.009 -9"><span class='ocrx_word' id='word_1_501' title='bbox 578 3655 646 3710; x_wconf 85' lang='lat' dir='ltr'><strong>ad</strong></span> <span class='ocrx_word' id='word_1_502' title='bbox 676 3650 1015 3708; x_wconf 86' lang='lat' dir='ltr'><strong>scribendum</strong></span> <span class='ocrx_word' id='word_1_503' title='bbox 1053 3667 1065 3703; x_wconf 91' lang='lat'><strong>:</strong></span> <span class='ocrx_word' id='word_1_504' title='bbox 1104 3665 1121 3697; x_wconf 90' lang='grc' dir='ltr'><strong>ι</strong></span> <span class='ocrx_word' id='word_1_505' title='bbox 1163 3644 1292 3700; x_wconf 84' lang='lat' dir='ltr'><strong>Nam</strong></span> <span class='ocrx_word' id='word_1_506' title='bbox 1333 3641 1510 3714; x_wconf 87' lang='lat' dir='ltr'><strong>quod,</strong></span> <span class='ocrx_word' id='word_1_507' title='bbox 1555 3642 1754 3712; x_wconf 88' lang='lat' dir='ltr'><strong>inquit,</strong></span> <span class='ocrx_word' id='word_1_508' title='bbox 1800 3643 1968 3712; x_wconf 88' lang='lat' dir='ltr'><strong>magis</strong></span> <span class='ocrx_word' id='word_1_509' title='bbox 2008 3641 2178 3719; x_wconf 71' lang='lat' dir='ltr'><strong>suasit</strong></span> 
     </span>
    </p>
   </div>
   <div class='ocr_carea' id='block_1_67' title="bbox 583 3721 2178 3814">
    <p class='ocr_par' dir='ltr' id='par_1_67' title="bbox 583 3721 2178 3814">
     <span class='ocr_line' id='line_1_67' title="bbox 583 3721 2178 3814; baseline -0.006 -12"><span class='ocrx_word' id='word_1_510' title='bbox 583 3758 641 3802; x_wconf 87' lang='lat' dir='ltr'><strong>et</strong></span> <span class='ocrx_word' id='word_1_511' title='bbox 667 3743 956 3814; x_wconf 89' lang='lat' dir='ltr'><strong>compulit,</strong></span> <span class='ocrx_word' id='word_1_512' title='bbox 985 3750 1040 3794; x_wconf 95' lang='lat' dir='ltr'><strong>ut</strong></span> <span class='ocrx_word' id='word_1_513' title='bbox 1080 3739 1174 3794; x_wconf 82' lang='lat' dir='ltr'><strong>has</strong></span> <span class='ocrx_word' id='word_1_514' title='bbox 1213 3738 1277 3791; x_wconf 91' lang='lat' dir='ltr'><strong>ad</strong></span> <span class='ocrx_word' id='word_1_515' title='bbox 1307 3751 1402 3790; x_wconf 88' lang='lat' dir='ltr'><strong>vos</strong></span> <span class='ocrx_word' id='word_1_516' title='bbox 1439 3735 1642 3788; x_wconf 85' lang='lat' dir='ltr'><strong>litteras</strong></span> <span class='ocrx_word' id='word_1_517' title='bbox 1667 3721 1994 3800; x_wconf 73' lang='lat' dir='ltr'><strong>Scriberem,</strong></span> <span class='ocrx_word' id='word_1_518' title='bbox 2036 3736 2178 3792; x_wconf 82' lang='lat' dir='ltr'><strong>scire</strong></span> 
     </span>
    </p>
   </div>
   <div class='ocr_carea' id='block_1_68' title="bbox 583 3825 2175 3906">
    <p class='ocr_par' dir='ltr' id='par_1_68' title="bbox 583 3825 2175 3906">
     <span class='ocr_line' id='line_1_68' title="bbox 583 3825 2175 3906; baseline -0.009 -12"><span class='ocrx_word' id='word_1_519' title='bbox 583 3836 793 3893; x_wconf 81' lang='lat' dir='ltr'><strong>debetis</strong></span> <span class='ocrx_word' id='word_1_520' title='bbox 829 3832 998 3906; x_wconf 78' lang='lat' dir='ltr'><strong>(sicut</strong></span> <span class='ocrx_word' id='word_1_521' title='bbox 1035 3828 1293 3885; x_wconf 82' lang='lat' dir='ltr'><strong>Dominus</strong></span> <span class='ocrx_word' id='word_1_522' title='bbox 1323 3825 1606 3880; x_wconf 89' lang='lat' dir='ltr'><strong>ostendere</strong></span> <span class='ocrx_word' id='word_1_523' title='bbox 1633 3834 1686 3880; x_wconf 94' lang='lat' dir='ltr'><strong>et</strong></span> <span class='ocrx_word' id='word_1_524' title='bbox 1723 3826 1960 3881; x_wconf 82' lang='lat' dir='ltr'><strong>revelare</strong></span> <span class='ocrx_word' id='word_1_525' title='bbox 1987 3825 2175 3897; x_wconf 82' lang='lat' dir='ltr'><strong>digna-</strong></span> 
     </span>
    </p>
   </div>
   <div class='ocr_carea' id='block_1_69' title="bbox 581 3919 2175 4001">
    <p class='ocr_par' dir='ltr' id='par_1_69' title="bbox 581 3919 2175 4001">
     <span class='ocr_line' id='line_1_69' title="bbox 581 3919 2175 4001; baseline -0.008 -15"><span class='ocrx_word' id='word_1_526' title='bbox 581 3930 709 4001; x_wconf 90' lang='lat' dir='ltr'><strong>tur)</strong></span> <span class='ocrx_word' id='word_1_527' title='bbox 741 3930 937 3983; x_wconf 81' lang='lat' dir='ltr'><strong>dictum</strong></span> <span class='ocrx_word' id='word_1_528' title='bbox 987 3940 1110 3980; x_wconf 74' lang='lat' dir='ltr'><strong>esse</strong></span> <span class='ocrx_word' id='word_1_529' title='bbox 1151 3926 1201 3977; x_wconf 93' lang='lat' dir='ltr'><strong>in</strong></span> <span class='ocrx_word' id='word_1_530' title='bbox 1232 3921 1438 3976; x_wconf 88' lang='lat' dir='ltr'><strong>visione</strong></span> <span class='ocrx_word' id='word_1_531' title='bbox 1482 3937 1494 3971; x_wconf 88' lang='lat'><strong>:</strong></span> <span class='ocrx_word' id='word_1_532' title='bbox 1535 3919 1705 3974; x_wconf 83' lang='lat' dir='ltr'><strong>Petite</strong></span> <span class='ocrx_word' id='word_1_533' title='bbox 1753 3929 1807 3974; x_wconf 91' lang='lat' dir='ltr'><strong>et</strong></span> <span class='ocrx_word' id='word_1_534' title='bbox 1855 3919 2175 3990; x_wconf 88' lang='lat' dir='ltr'><strong>impetratis.</strong></span> 
     </span>
    </p>
   </div>
   <div class='ocr_carea' id='block_1_70' title="bbox 581 4013 2178 4088">
    <p class='ocr_par' dir='ltr' id='par_1_70' title="bbox 581 4013 2178 4088">
     <span class='ocr_line' id='line_1_70' title="bbox 581 4013 2178 4088; baseline -0.008 -9"><span class='ocrx_word' id='word_1_535' title='bbox 581 4027 736 4080; x_wconf 84' lang='lat' dir='ltr'><strong>Tunc</strong></span> <span class='ocrx_word' id='word_1_536' title='bbox 787 4021 977 4075; x_wconf 71' lang='lat' dir='ltr'><strong>deinde</strong></span> <span class='ocrx_word' id='word_1_537' title='bbox 1036 4023 1357 4088; x_wconf 61' lang='lat' dir='ltr'><strong>prseceptum</strong></span> <span class='ocrx_word' id='word_1_538' title='bbox 1421 4014 1558 4082; x_wconf 88' lang='lat' dir='ltr'><strong>plebi</strong></span> <span class='ocrx_word' id='word_1_539' title='bbox 1609 4013 1919 4080; x_wconf 86' lang='lat' dir='ltr'><strong>assistenti,</strong></span> <span class='ocrx_word' id='word_1_540' title='bbox 1980 4023 2036 4068; x_wconf 90' lang='lat' dir='ltr'><strong>ut</strong></span> <span class='ocrx_word' id='word_1_541' title='bbox 2081 4027 2178 4082; x_wconf 88' lang='lat' dir='ltr'><strong>pro</strong></span> 
     </span>
    </p>
   </div>
   <div class='ocr_carea' id='block_1_71' title="bbox 584 4103 2177 4188">
    <p class='ocr_par' dir='ltr' id='par_1_71' title="bbox 584 4103 2177 4188">
     <span class='ocr_line' id='line_1_71' title="bbox 584 4103 2177 4188; baseline -0.009 -16"><span class='ocrx_word' id='word_1_542' title='bbox 584 4113 905 4188; x_wconf 88' lang='lat' dir='ltr'><strong>quihusdam</strong></span> <span class='ocrx_word' id='word_1_543' title='bbox 947 4109 1191 4181; x_wconf 89' lang='lat' dir='ltr'><strong>personis</strong></span> <span class='ocrx_word' id='word_1_544' title='bbox 1220 4107 1512 4176; x_wconf 82' lang='lat' dir='ltr'><strong>designatis</strong></span> <span class='ocrx_word' id='word_1_545' title='bbox 1552 4105 1651 4160; x_wconf 92' lang='lat' dir='ltr'><strong>sibi</strong></span> <span class='ocrx_word' id='word_1_546' title='bbox 1684 4113 1948 4176; x_wconf 85' lang='lat' dir='ltr'><strong>peterent.</strong></span> <span class='ocrx_word' id='word_1_547' title='bbox 1987 4103 2044 4158; x_wconf 89' lang='lat' dir='ltr'><strong>In</strong></span> <span class='ocrx_word' id='word_1_548' title='bbox 2085 4120 2177 4174; x_wconf 85' lang='lat' dir='ltr'><strong>pe-</strong></span> 
     </span>
    </p>
   </div>
   <div class='ocr_carea' id='block_1_72' title="bbox 586 4197 2178 4266">
    <p class='ocr_par' dir='ltr' id='par_1_72' title="bbox 586 4197 2178 4266">
     <span class='ocr_line' id='line_1_72' title="bbox 586 4197 2178 4266; baseline -0.009 0"><span class='ocrx_word' id='word_1_549' title='bbox 586 4209 751 4266; x_wconf 88' lang='lat' dir='ltr'><strong>tendo</strong></span> <span class='ocrx_word' id='word_1_550' title='bbox 781 4216 958 4262; x_wconf 89' lang='lat' dir='ltr'><strong>autem</strong></span> <span class='ocrx_word' id='word_1_551' title='bbox 1002 4202 1165 4258; x_wconf 85' lang='lat' dir='ltr'><strong>fuisse</strong></span> <span class='ocrx_word' id='word_1_552' title='bbox 1203 4201 1445 4254; x_wconf 81' lang='lat' dir='ltr'><strong>diSsonas</strong></span> <span class='ocrx_word' id='word_1_553' title='bbox 1488 4214 1675 4264; x_wconf 90' lang='lat' dir='ltr'><strong>voces,</strong></span> <span class='ocrx_word' id='word_1_554' title='bbox 1716 4207 1770 4252; x_wconf 92' lang='lat' dir='ltr'><strong>et</strong></span> <span class='ocrx_word' id='word_1_555' title='bbox 1807 4197 2050 4266; x_wconf 88' lang='lat' dir='ltr'><strong>dispares</strong></span> <span class='ocrx_word' id='word_1_556' title='bbox 2089 4212 2178 4252; x_wconf 85' lang='lat' dir='ltr'><strong>vo-</strong></span> 
     </span>
    </p>
   </div>
   <div class='ocr_carea' id='block_1_73' title="bbox 584 4291 2184 4361">
    <p class='ocr_par' dir='ltr' id='par_1_73' title="bbox 584 4291 2184 4361">
     <span class='ocr_line' id='line_1_73' title="bbox 584 4291 2184 4361; baseline -0.009 0"><span class='ocrx_word' id='word_1_557' title='bbox 584 4305 821 4361; x_wconf 85' lang='lat' dir='ltr'><strong>luntates</strong></span> <span class='ocrx_word' id='word_1_558' title='bbox 864 4318 876 4352; x_wconf 87' lang='lat'><strong>:</strong></span> <span class='ocrx_word' id='word_1_559' title='bbox 932 4308 988 4353; x_wconf 91' lang='lat' dir='ltr'><strong>et</strong></span> <span class='ocrx_word' id='word_1_560' title='bbox 1037 4297 1138 4349; x_wconf 92' lang='lat' dir='ltr'><strong>hoc</strong></span> <span class='ocrx_word' id='word_1_561' title='bbox 1192 4293 1537 4348; x_wconf 89' lang='lat' dir='ltr'><strong>vehementer</strong></span> <span class='ocrx_word' id='word_1_562' title='bbox 1581 4291 1920 4361; x_wconf 88' lang='lat' dir='ltr'><strong>displicuisse</strong></span> <span class='ocrx_word' id='word_1_563' title='bbox 1971 4291 2042 4346; x_wconf 90' lang='lat' dir='ltr'><strong>illi</strong></span> <span class='ocrx_word' id='word_1_564' title='bbox 2093 4291 2184 4360; x_wconf 89' lang='lat' dir='ltr'><strong>qui</strong></span> 
     </span>
    </p>
   </div>
   <div class='ocr_carea' id='block_1_74' title="bbox 593 4383 2184 4454">
    <p class='ocr_par' dir='ltr' id='par_1_74' title="bbox 593 4383 2184 4454">
     <span class='ocr_line' id='line_1_74' title="bbox 593 4383 2184 4454; baseline -0.01 -2"><span class='ocrx_word' id='word_1_565' title='bbox 593 4398 806 4453; x_wconf 81' lang='lat' dir='ltr'><strong>dixerat</strong></span> <span class='ocrx_word' id='word_1_566' title='bbox 837 4409 850 4443; x_wconf 90' lang='lat'><strong>:</strong></span> <span class='ocrx_word' id='word_1_567' title='bbox 881 4389 1053 4444; x_wconf 89' lang='lat' dir='ltr'><strong>Petite</strong></span> <span class='ocrx_word' id='word_1_568' title='bbox 1095 4395 1149 4440; x_wconf 91' lang='lat' dir='ltr'><strong>et</strong></span> <span class='ocrx_word' id='word_1_569' title='bbox 1192 4384 1507 4454; x_wconf 88' lang='lat' dir='ltr'><strong>impetratis,</strong></span> <span class='ocrx_word' id='word_1_570' title='bbox 1552 4383 1696 4453; x_wconf 92' lang='lat' dir='ltr'><strong>quod</strong></span> <span class='ocrx_word' id='word_1_571' title='bbox 1739 4383 1912 4451; x_wconf 89' lang='lat' dir='ltr'><strong>plebis</strong></span> <span class='ocrx_word' id='word_1_572' title='bbox 1953 4383 2184 4452; x_wconf 72' lang='lat' dir='ltr'><strong>interlita-</strong></span> 
     </span>
    </p>
   </div>
   <div class='ocr_carea' id='block_1_75' title="bbox 597 4475 2184 4551">
    <p class='ocr_par' dir='ltr' id='par_1_75' title="bbox 597 4475 2184 4551">
     <span class='ocr_line' id='line_1_75' title="bbox 597 4475 2184 4551; baseline -0.007 -10"><span class='ocrx_word' id='word_1_573' title='bbox 597 4486 719 4541; x_wconf 88' lang='lat' dir='ltr'><strong>litas</strong></span> <span class='ocrx_word' id='word_1_574' title='bbox 745 4483 1107 4551; x_wconf 88' lang='lat' dir='ltr'><strong>discreparet,</strong></span> <span class='ocrx_word' id='word_1_575' title='bbox 1149 4493 1250 4532; x_wconf 86' lang='lat' dir='ltr'><strong>nec</strong></span> <span class='ocrx_word' id='word_1_576' title='bbox 1280 4485 1428 4532; x_wconf 89' lang='lat' dir='ltr'><strong>esset</strong></span> <span class='ocrx_word' id='word_1_577' title='bbox 1467 4476 1691 4531; x_wconf 87' lang='lat' dir='ltr'><strong>fratrum</strong></span> <span class='ocrx_word' id='word_1_578' title='bbox 1730 4475 2014 4530; x_wconf 86' lang='lat' dir='ltr'><strong>consensio</strong></span> <span class='ocrx_word' id='word_1_579' title='bbox 2045 4491 2148 4530; x_wconf 90' lang='lat' dir='ltr'><strong>una</strong></span> <span class='ocrx_word' id='word_1_580' title='bbox 2169 4516 2184 4542; x_wconf 91' lang='lat'><strong>,</strong></span> 
     </span>
    </p>
   </div>
   <div class='ocr_carea' id='block_1_76' title="bbox 591 4567 2186 4645">
    <p class='ocr_par' dir='ltr' id='par_1_76' title="bbox 591 4567 2186 4645">
     <span class='ocr_line' id='line_1_76' title="bbox 591 4567 2186 4645; baseline -0.004 -14"><span class='ocrx_word' id='word_1_581' title='bbox 591 4588 648 4631; x_wconf 90' lang='lat' dir='ltr'><strong>et</strong></span> <span class='ocrx_word' id='word_1_582' title='bbox 665 4574 890 4645; x_wconf 84' lang='lat' dir='ltr'><strong>simplex</strong></span> <span class='ocrx_word' id='word_1_583' title='bbox 919 4580 974 4626; x_wconf 92' lang='lat' dir='ltr'><strong>et</strong></span> <span class='ocrx_word' id='word_1_584' title='bbox 997 4570 1176 4640; x_wconf 89' lang='lat' dir='ltr'><strong>juncta</strong></span> <span class='ocrx_word' id='word_1_585' title='bbox 1217 4567 1524 4624; x_wconf 89' lang='lat' dir='ltr'><strong>concordia.</strong></span> <span class='ocrx_word' id='word_1_586' title='bbox 1566 4587 1584 4620; x_wconf 76' lang='grc' dir='ltr'><strong>ι</strong></span> <span class='ocrx_word' id='word_1_587' title='bbox 1619 4567 2001 4623; x_wconf 87' lang='lat' dir='ltr'><strong>Unanimitatis</strong></span> <span class='ocrx_word' id='word_1_588' title='bbox 2028 4567 2186 4638; x_wconf 79' lang='lat' dir='ltr'><strong>hujus</strong></span> 
     </span>
    </p>
   </div>
   <div class='ocr_carea' id='block_1_77' title="bbox 2287 3362 3868 3434">
    <p class='ocr_par' dir='ltr' id='par_1_77' title="bbox 2287 3362 3868 3434">
     <span class='ocr_line' id='line_1_77' title="bbox 2287 3362 3868 3434; baseline -0.001 -16"><span class='ocrx_word' id='word_1_589' title='bbox 2287 3362 2582 3426; x_wconf 88' lang='lat' dir='ltr'><strong>occultam,</strong></span> <span class='ocrx_word' id='word_1_590' title='bbox 2631 3362 2726 3419; x_wconf 89' lang='lat' dir='ltr'><strong>sed</strong></span> <span class='ocrx_word' id='word_1_591' title='bbox 2760 3362 3040 3434; x_wconf 78' lang='lat' dir='ltr'><strong>legendam</strong></span> <span class='ocrx_word' id='word_1_592' title='bbox 3065 3363 3311 3417; x_wconf 86' lang='lat' dir='ltr'><strong>fratribus</strong></span> <span class='ocrx_word' id='word_1_593' title='bbox 3351 3362 3666 3434; x_wconf 86' lang='lat' dir='ltr'><strong>suggeratis.</strong></span> <span class='ocrx_word' id='word_1_594' title='bbox 3703 3382 3724 3415; x_wconf 70' lang='grc' dir='ltr'><strong>ι</strong></span> <span class='ocrx_word' id='word_1_595' title='bbox 3763 3362 3868 3418; x_wconf 86' lang='lat' dir='ltr'><strong>Sed</strong></span> 
     </span>
    </p>
   </div>
   <div class='ocr_carea' id='block_1_78' title="bbox 2288 3455 3872 3527">
    <p class='ocr_par' dir='ltr' id='par_1_78' title="bbox 2288 3455 3872 3527">
     <span class='ocr_line' id='line_1_78' title="bbox 2288 3455 3872 3527; baseline -0.001 -18"><span class='ocrx_word' id='word_1_596' title='bbox 2288 3455 2357 3512; x_wconf 89' lang='lat' dir='ltr'><strong>ab</strong></span> <span class='ocrx_word' id='word_1_597' title='bbox 2394 3457 2537 3510; x_wconf 88' lang='lat' dir='ltr'><strong>oumi</strong></span> <span class='ocrx_word' id='word_1_598' title='bbox 2570 3457 2714 3526; x_wconf 87' lang='lat' dir='ltr'><strong>pacis</strong></span> <span class='ocrx_word' id='word_1_599' title='bbox 2759 3471 2854 3525; x_wconf 90' lang='lat' dir='ltr'><strong>spe</strong></span> <span class='ocrx_word' id='word_1_600' title='bbox 2903 3467 3006 3510; x_wconf 85' lang='lat' dir='ltr'><strong>tam</strong></span> <span class='ocrx_word' id='word_1_601' title='bbox 3038 3456 3192 3527; x_wconf 83' lang='lat' dir='ltr'><strong>longe</strong></span> <span class='ocrx_word' id='word_1_602' title='bbox 3232 3456 3415 3511; x_wconf 89' lang='lat' dir='ltr'><strong>aberat</strong></span> <span class='ocrx_word' id='word_1_603' title='bbox 3460 3455 3672 3510; x_wconf 68' lang='lat' dir='ltr'><strong>afflictae</strong></span> <span class='ocrx_word' id='word_1_604' title='bbox 3704 3456 3872 3523; x_wconf 87' lang='lat' dir='ltr'><strong>plebis</strong></span> 
     </span>
    </p>
   </div>
   <div class='ocr_carea' id='block_1_79' title="bbox 2282 3548 3872 3619">
    <p class='ocr_par' dir='ltr' id='par_1_79' title="bbox 2282 3548 3872 3619">
     <span class='ocr_line' id='line_1_79' title="bbox 2282 3548 3872 3619; baseline -0.001 -16"><span class='ocrx_word' id='word_1_605' title='bbox 2282 3550 2528 3614; x_wconf 88' lang='lat' dir='ltr'><strong>animus,</strong></span> <span class='ocrx_word' id='word_1_606' title='bbox 2600 3558 2659 3606; x_wconf 91' lang='lat' dir='ltr'><strong>ut</strong></span> <span class='ocrx_word' id='word_1_607' title='bbox 2713 3548 2910 3604; x_wconf 86' lang='lat' dir='ltr'><strong>nullam</strong></span> <span class='ocrx_word' id='word_1_608' title='bbox 2975 3549 3215 3618; x_wconf 82' lang='lat' dir='ltr'><strong>plerique</strong></span> <span class='ocrx_word' id='word_1_609' title='bbox 3283 3549 3578 3619; x_wconf 75' lang='lat' dir='ltr'><strong>gravissimi</strong></span> <span class='ocrx_word' id='word_1_610' title='bbox 3641 3548 3872 3616; x_wconf 77' lang='lat' dir='ltr'><strong>pastoris</strong></span> 
     </span>
    </p>
   </div>
   <div class='ocr_carea' id='block_1_80' title="bbox 2282 3641 3869 3710">
    <p class='ocr_par' dir='ltr' id='par_1_80' title="bbox 2282 3641 3869 3710">
     <span class='ocr_line' id='line_1_80' title="bbox 2282 3641 3869 3710; baseline -0.001 -15"><span class='ocrx_word' id='word_1_611' title='bbox 2282 3641 2514 3710; x_wconf 88' lang='lat' dir='ltr'><strong>litteris,</strong></span> <span class='ocrx_word' id='word_1_612' title='bbox 2547 3657 2611 3696; x_wconf 92' lang='lat' dir='ltr'><strong>ac</strong></span> <span class='ocrx_word' id='word_1_613' title='bbox 2671 3641 3089 3696; x_wconf 88' lang='lat' dir='ltr'><strong>revelationibus</strong></span> <span class='ocrx_word' id='word_1_614' title='bbox 3146 3644 3304 3697; x_wconf 83' lang='lat' dir='ltr'><strong>fidem</strong></span> <span class='ocrx_word' id='word_1_615' title='bbox 3373 3641 3869 3696; x_wconf 88' lang='lat' dir='ltr'><strong>accommodarint:</strong></span> 
     </span>
    </p>
   </div>
   <div class='ocr_carea' id='block_1_81' title="bbox 2281 3733 3874 3806">
    <p class='ocr_par' dir='ltr' id='par_1_81' title="bbox 2281 3733 3874 3806">
     <span class='ocr_line' id='line_1_81' title="bbox 2281 3733 3874 3806; baseline 0.003 -22"><span class='ocrx_word' id='word_1_616' title='bbox 2281 3747 2441 3803; x_wconf 87' lang='lat' dir='ltr'><strong>quam</strong></span> <span class='ocrx_word' id='word_1_617' title='bbox 2491 3748 2677 3790; x_wconf 92' lang='lat' dir='ltr'><strong>eorum</strong></span> <span class='ocrx_word' id='word_1_618' title='bbox 2725 3733 3149 3790; x_wconf 87' lang='lat' dir='ltr'><strong>incredulitatem</strong></span> <span class='ocrx_word' id='word_1_619' title='bbox 3200 3737 3250 3789; x_wconf 91' lang='lat' dir='ltr'><strong>in</strong></span> <span class='ocrx_word' id='word_1_620' title='bbox 3313 3737 3574 3806; x_wconf 90' lang='lat' dir='ltr'><strong>principio</strong></span> <span class='ocrx_word' id='word_1_621' title='bbox 3628 3734 3746 3787; x_wconf 88' lang='lat' dir='ltr'><strong>libri</strong></span> <span class='ocrx_word' id='word_1_622' title='bbox 3807 3733 3874 3788; x_wconf 82' lang='lat' dir='ltr'><strong>de</strong></span> 
     </span>
    </p>
   </div>
   <div class='ocr_carea' id='block_1_82' title="bbox 2285 3823 3871 3896">
    <p class='ocr_par' dir='ltr' id='par_1_82' title="bbox 2285 3823 3871 3896">
     <span class='ocr_line' id='line_1_82' title="bbox 2285 3823 3871 3896; baseline 0 -19"><span class='ocrx_word' id='word_1_623' title='bbox 2285 3823 2474 3893; x_wconf 88' lang='lat' dir='ltr'><strong>Lapsis</strong></span> <span class='ocrx_word' id='word_1_624' title='bbox 2521 3824 2898 3895; x_wconf 89' lang='lat' dir='ltr'><strong>reprehendit,</strong></span> <span class='ocrx_word' id='word_1_625' title='bbox 2943 3827 3010 3880; x_wconf 86' lang='lat' dir='ltr'><strong>ab</strong></span> <span class='ocrx_word' id='word_1_626' title='bbox 3039 3843 3105 3882; x_wconf 84' lang='lat' dir='ltr'><strong>eo</strong></span> <span class='ocrx_word' id='word_1_627' title='bbox 3134 3827 3420 3896; x_wconf 88' lang='lat' dir='ltr'><strong>conscripti</strong></span> <span class='ocrx_word' id='word_1_628' title='bbox 3455 3834 3574 3895; x_wconf 89' lang='lat' dir='ltr'><strong>post</strong></span> <span class='ocrx_word' id='word_1_629' title='bbox 3613 3825 3871 3879; x_wconf 86' lang='lat' dir='ltr'><strong>redditam</strong></span> 
     </span>
    </p>
   </div>
   <div class='ocr_carea' id='block_1_83' title="bbox 2283 3917 3874 3988">
    <p class='ocr_par' dir='ltr' id='par_1_83' title="bbox 2283 3917 3874 3988">
     <span class='ocr_line' id='line_1_83' title="bbox 2283 3917 3874 3988; baseline -0.003 -16"><span class='ocrx_word' id='word_1_630' title='bbox 2283 3918 2539 3972; x_wconf 71' lang='lat' dir='ltr'><strong>Ecclesia:</strong></span> <span class='ocrx_word' id='word_1_631' title='bbox 2598 3920 2668 3973; x_wconf 91' lang='lat' dir='ltr'><strong>ob</strong></span> <span class='ocrx_word' id='word_1_632' title='bbox 2713 3919 3041 3988; x_wconf 89' lang='lat' dir='ltr'><strong>insperatum</strong></span> <span class='ocrx_word' id='word_1_633' title='bbox 3094 3936 3156 3973; x_wconf 89' lang='lat' dir='ltr'><strong>ac</strong></span> <span class='ocrx_word' id='word_1_634' title='bbox 3209 3920 3541 3988; x_wconf 87' lang='lat' dir='ltr'><strong>repentinum</strong></span> <span class='ocrx_word' id='word_1_635' title='bbox 3591 3917 3874 3972; x_wconf 89' lang='lat' dir='ltr'><strong>Deciorum</strong></span> 
     </span>
    </p>
   </div>
   <div class='ocr_carea' id='block_1_84' title="bbox 2289 4007 3872 4081">
    <p class='ocr_par' dir='ltr' id='par_1_84' title="bbox 2289 4007 3872 4081">
     <span class='ocr_line' id='line_1_84' title="bbox 2289 4007 3872 4081; baseline -0.003 -17"><span class='ocrx_word' id='word_1_636' title='bbox 2289 4010 2572 4067; x_wconf 89' lang='lat' dir='ltr'><strong>interitum</strong></span> <span class='ocrx_word' id='word_1_637' title='bbox 2626 4012 3063 4081; x_wconf 85' lang='lat' dir='ltr'><strong>tranquillitatem</strong></span> <span class='ocrx_word' id='word_1_638' title='bbox 3093 4029 3106 4067; x_wconf 90' lang='lat'><strong>:</strong></span> <span class='ocrx_word' id='word_1_639' title='bbox 3140 4031 3158 4064; x_wconf 90' lang='grc' dir='ltr'><strong>ι</strong></span> <span class='ocrx_word' id='word_1_640' title='bbox 3193 4013 3301 4067; x_wconf 87' lang='lat' dir='ltr'><strong>Pax</strong></span> <span class='ocrx_word' id='word_1_641' title='bbox 3346 4027 3506 4078; x_wconf 89' lang='lat' dir='ltr'><strong>ecce,</strong></span> <span class='ocrx_word' id='word_1_642' title='bbox 3537 4007 3872 4064; x_wconf 85' lang='lat' dir='ltr'><strong>dilectissimi</strong></span> 
     </span>
    </p>
   </div>
   <div class='ocr_carea' id='block_1_85' title="bbox 2286 4102 3877 4176">
    <p class='ocr_par' dir='ltr' id='par_1_85' title="bbox 2286 4102 3877 4176">
     <span class='ocr_line' id='line_1_85' title="bbox 2286 4102 3877 4176; baseline -0.003 -18"><span class='ocrx_word' id='word_1_643' title='bbox 2286 4102 2483 4161; x_wconf 88' lang='lat' dir='ltr'><strong>fratres</strong></span> <span class='ocrx_word' id='word_1_644' title='bbox 2502 4147 2515 4172; x_wconf 93' lang='lat'><strong>,</strong></span> <span class='ocrx_word' id='word_1_645' title='bbox 2554 4107 2801 4161; x_wconf 85' lang='lat' dir='ltr'><strong>Ecclesiae</strong></span> <span class='ocrx_word' id='word_1_646' title='bbox 2820 4106 3024 4161; x_wconf 90' lang='lat' dir='ltr'><strong>reddita</strong></span> <span class='ocrx_word' id='word_1_647' title='bbox 3057 4115 3158 4174; x_wconf 87' lang='lat' dir='ltr'><strong>est,</strong></span> <span class='ocrx_word' id='word_1_648' title='bbox 3189 4115 3260 4168; x_wconf 90' lang='lat' dir='ltr'><strong>et,</strong></span> <span class='ocrx_word' id='word_1_649' title='bbox 3295 4105 3438 4176; x_wconf 87' lang='lat' dir='ltr'><strong>quod</strong></span> <span class='ocrx_word' id='word_1_650' title='bbox 3466 4103 3678 4159; x_wconf 82' lang='lat' dir='ltr'><strong>difficile</strong></span> <span class='ocrx_word' id='word_1_651' title='bbox 3705 4115 3877 4171; x_wconf 85' lang='lat' dir='ltr'><strong>nuper</strong></span> 
     </span>
    </p>
   </div>
   <div class='ocr_carea' id='block_1_86' title="bbox 2288 4195 3880 4269">
    <p class='ocr_par' dir='ltr' id='par_1_86' title="bbox 2288 4195 3880 4269">
     <span class='ocr_line' id='line_1_86' title="bbox 2288 4195 3880 4269; baseline -0.003 -13"><span class='ocrx_word' id='word_1_652' title='bbox 2288 4199 2582 4256; x_wconf 87' lang='lat' dir='ltr'><strong>incredulis</strong></span> <span class='ocrx_word' id='word_1_653' title='bbox 2651 4214 2713 4252; x_wconf 90' lang='lat' dir='ltr'><strong>ac</strong></span> <span class='ocrx_word' id='word_1_654' title='bbox 2763 4198 2978 4269; x_wconf 89' lang='lat' dir='ltr'><strong>perfidis</strong></span> <span class='ocrx_word' id='word_1_655' title='bbox 3039 4198 3370 4267; x_wconf 75' lang='lat' dir='ltr'><strong>impOSsibile</strong></span> <span class='ocrx_word' id='word_1_656' title='bbox 3421 4195 3721 4260; x_wconf 83' lang='lat' dir='ltr'><strong>videbatur,</strong></span> <span class='ocrx_word' id='word_1_657' title='bbox 3775 4209 3880 4265; x_wconf 85' lang='lat' dir='ltr'><strong>0pc</strong></span> 
     </span>
    </p>
   </div>
   <div class='ocr_carea' id='block_1_87' title="bbox 2289 4293 3872 4366">
    <p class='ocr_par' dir='ltr' id='par_1_87' title="bbox 2289 4293 3872 4366">
     <span class='ocr_line' id='line_1_87' title="bbox 2289 4293 3872 4366; baseline -0.004 -16"><span class='ocrx_word' id='word_1_658' title='bbox 2289 4305 2448 4366; x_wconf 85' lang='lat' dir='ltr'><strong>atque</strong></span> <span class='ocrx_word' id='word_1_659' title='bbox 2476 4295 2676 4350; x_wconf 86' lang='lat' dir='ltr'><strong>ultione</strong></span> <span class='ocrx_word' id='word_1_660' title='bbox 2705 4293 2884 4348; x_wconf 88' lang='lat' dir='ltr'><strong>divina</strong></span> <span class='ocrx_word' id='word_1_661' title='bbox 2917 4295 3175 4348; x_wconf 87' lang='lat' dir='ltr'><strong>securitas</strong></span> <span class='ocrx_word' id='word_1_662' title='bbox 3206 4301 3386 4348; x_wconf 84' lang='lat' dir='ltr'><strong>nostra</strong></span> <span class='ocrx_word' id='word_1_663' title='bbox 3427 4303 3672 4362; x_wconf 85' lang='lat' dir='ltr'><strong>reparata</strong></span> <span class='ocrx_word' id='word_1_664' title='bbox 3711 4300 3811 4346; x_wconf 85' lang='lat' dir='ltr'><strong>est.</strong></span> <span class='ocrx_word' id='word_1_665' title='bbox 3855 4312 3872 4344; x_wconf 76' lang='grc' dir='ltr'><strong>ι</strong></span> 
     </span>
    </p>
   </div>
   <div class='ocr_carea' id='block_1_88' title="bbox 2363 4404 3881 4480">
    <p class='ocr_par' dir='ltr' id='par_1_88' title="bbox 2363 4404 3881 4480">
     <span class='ocr_line' id='line_1_88' title="bbox 2363 4404 3881 4480; baseline -0.005 -16"><span class='ocrx_word' id='word_1_666' title='bbox 2363 4407 2480 4464; x_wconf 85' lang='grc' dir='ltr'>Νοιι</span> <span class='ocrx_word' id='word_1_667' title='bbox 2525 4409 2701 4480; x_wconf 82' lang='lat' dir='ltr'><strong>minus</strong></span> <span class='ocrx_word' id='word_1_668' title='bbox 2726 4407 3020 4463; x_wconf 85' lang='lat' dir='ltr'><strong>visiOnibus</strong></span> <span class='ocrx_word' id='word_1_669' title='bbox 3047 4407 3281 4461; x_wconf 90' lang='lat' dir='ltr'><strong>abundat</strong></span> <span class='ocrx_word' id='word_1_670' title='bbox 3309 4405 3531 4476; x_wconf 75' lang='lat' dir='ltr'><strong>cpistola</strong></span> <span class='ocrx_word' id='word_1_671' title='bbox 3577 4404 3881 4458; x_wconf 75' lang='lat' dir='ltr'><strong>novissima:</strong></span> 
     </span>
    </p>
   </div>
   <div class='ocr_carea' id='block_1_89' title="bbox 2291 4497 3878 4566">
    <p class='ocr_par' dir='ltr' id='par_1_89' title="bbox 2291 4497 3878 4566">
     <span class='ocr_line' id='line_1_89' title="bbox 2291 4497 3878 4566; baseline -0.004 -11"><span class='ocrx_word' id='word_1_672' title='bbox 2291 4499 2543 4555; x_wconf 87' lang='lat' dir='ltr'><strong>editionis</strong></span> <span class='ocrx_word' id='word_1_673' title='bbox 2562 4500 2765 4555; x_wconf 87' lang='lat' dir='ltr'><strong>decima</strong></span> <span class='ocrx_word' id='word_1_674' title='bbox 2791 4509 2937 4555; x_wconf 87' lang='lat' dir='ltr'><strong>sexta</strong></span> <span class='ocrx_word' id='word_1_675' title='bbox 2962 4542 2976 4566; x_wconf 93' lang='lat'><strong>,</strong></span> <span class='ocrx_word' id='word_1_676' title='bbox 3011 4500 3074 4554; x_wconf 84' lang='lat' dir='ltr'><strong>ad</strong></span> <span class='ocrx_word' id='word_1_677' title='bbox 3106 4499 3324 4554; x_wconf 87' lang='lat' dir='ltr'><strong>Pamelii</strong></span> <span class='ocrx_word' id='word_1_678' title='bbox 3355 4511 3607 4552; x_wconf 88' lang='lat' dir='ltr'><strong>numeros</strong></span> <span class='ocrx_word' id='word_1_679' title='bbox 3636 4497 3840 4551; x_wconf 88' lang='lat' dir='ltr'><strong>decima</strong></span> <span class='ocrx_word' id='word_1_680' title='bbox 3864 4536 3878 4560; x_wconf 93' lang='lat'><strong>,</strong></span> 
     </span>
    </p>
   </div>
   <div class='ocr_carea' id='block_1_90' title="bbox 2293 4589 3881 4664">
    <p class='ocr_par' dir='ltr' id='par_1_90' title="bbox 2293 4589 3881 4664">
     <span class='ocr_line' id='line_1_90' title="bbox 2293 4589 3881 4664; baseline -0.003 -18"><span class='ocrx_word' id='word_1_681' title='bbox 2293 4594 2420 4664; x_wconf 90' lang='lat' dir='ltr'><strong>quin</strong></span> <span class='ocrx_word' id='word_1_682' title='bbox 2447 4594 2623 4662; x_wconf 89' lang='lat' dir='ltr'><strong>plures</strong></span> <span class='ocrx_word' id='word_1_683' title='bbox 2645 4603 2699 4647; x_wconf 91' lang='lat' dir='ltr'><strong>et</strong></span> <span class='ocrx_word' id='word_1_684' title='bbox 2719 4594 2915 4660; x_wconf 83' lang='lat' dir='ltr'><strong>varias,</strong></span> <span class='ocrx_word' id='word_1_685' title='bbox 2942 4594 3283 4664; x_wconf 87' lang='lat' dir='ltr'><strong>paucioribus</strong></span> <span class='ocrx_word' id='word_1_686' title='bbox 3310 4603 3483 4646; x_wconf 86' lang='lat' dir='ltr'><strong>tamen</strong></span> <span class='ocrx_word' id='word_1_687' title='bbox 3507 4589 3705 4651; x_wconf 89' lang='lat' dir='ltr'><strong>verbis,</strong></span> <span class='ocrx_word' id='word_1_688' title='bbox 3729 4603 3881 4642; x_wconf 86' lang='lat' dir='ltr'><strong>com-</strong></span> 
     </span>
    </p>
   </div>
   <div class='ocr_carea' id='block_1_91' title="bbox 593 4659 2165 4757">
    <p class='ocr_par' dir='ltr' id='par_1_91' title="bbox 593 4664 2165 4739">
     <span class='ocr_line' id='line_1_91' title="bbox 593 4664 2165 4739; baseline -0.002 -16"><span class='ocrx_word' id='word_1_689' title='bbox 593 4669 848 4739; x_wconf 87' lang='lat' dir='ltr'><strong>pacisque</strong></span> <span class='ocrx_word' id='word_1_690' title='bbox 877 4667 1015 4720; x_wconf 91' lang='lat' dir='ltr'><strong>inter</strong></span> <span class='ocrx_word' id='word_1_691' title='bbox 1041 4665 1255 4728; x_wconf 88' lang='lat' dir='ltr'><strong>fratres,</strong></span> <span class='ocrx_word' id='word_1_692' title='bbox 1282 4674 1336 4721; x_wconf 89' lang='lat' dir='ltr'><strong>et</strong></span> <span class='ocrx_word' id='word_1_693' title='bbox 1361 4664 1668 4721; x_wconf 67' lang='lat' dir='ltr'><strong>concordia:</strong></span> <span class='ocrx_word' id='word_1_694' title='bbox 1707 4664 1946 4720; x_wconf 89' lang='lat' dir='ltr'><strong>defectus</strong></span> <span class='ocrx_word' id='word_1_695' title='bbox 1967 4680 2165 4720; x_wconf 86' lang='lat' dir='ltr'><strong>causan</strong></span> 
     </span>
    </p>
   </div>
   <div class='ocr_carea' id='block_1_92' title="bbox 2272 4659 3874 4757">
    <p class='ocr_par' dir='ltr' id='par_1_92' title="bbox 2291 4685 3874 4757">
     <span class='ocr_line' id='line_1_92' title="bbox 2291 4685 3874 4757; baseline -0.004 -17"><span class='ocrx_word' id='word_1_696' title='bbox 2291 4686 2587 4757; x_wconf 90' lang='lat' dir='ltr'><strong>plectitur:</strong></span> <span class='ocrx_word' id='word_1_697' title='bbox 2624 4706 2642 4740; x_wconf 83' lang='grc' dir='ltr'><strong>ι</strong></span> <span class='ocrx_word' id='word_1_698' title='bbox 2675 4688 2946 4757; x_wconf 81' lang='lat' dir='ltr'><strong>Castigare</strong></span> <span class='ocrx_word' id='word_1_699' title='bbox 2993 4702 3090 4741; x_wconf 90' lang='lat' dir='ltr'><strong>nos</strong></span> <span class='ocrx_word' id='word_1_700' title='bbox 3142 4690 3323 4756; x_wconf 89' lang='lat' dir='ltr'><strong>itaque</strong></span> <span class='ocrx_word' id='word_1_701' title='bbox 3385 4685 3563 4739; x_wconf 90' lang='lat' dir='ltr'><strong>divina</strong></span> <span class='ocrx_word' id='word_1_702' title='bbox 3614 4697 3874 4746; x_wconf 88' lang='lat' dir='ltr'><strong>censura,</strong></span> 
     </span>
    </p>
   </div>
   <div class='ocr_carea' id='block_1_93' title="bbox 596 4757 2182 4830">
    <p class='ocr_par' dir='ltr' id='par_1_93' title="bbox 596 4757 2182 4830">
     <span class='ocr_line' id='line_1_93' title="bbox 596 4757 2182 4830; baseline -0.001 -13"><span class='ocrx_word' id='word_1_703' title='bbox 596 4762 763 4817; x_wconf 86' lang='lat' dir='ltr'><strong>fuisse</strong></span> <span class='ocrx_word' id='word_1_704' title='bbox 791 4757 1067 4830; x_wconf 52' lang='lat' dir='ltr'><strong>subiungit</strong></span> <span class='ocrx_word' id='word_1_705' title='bbox 1103 4761 1398 4830; x_wconf 84' lang='lat' dir='ltr'><strong>grassantis</strong></span> <span class='ocrx_word' id='word_1_706' title='bbox 1441 4759 1826 4826; x_wconf 87' lang='lat' dir='ltr'><strong>persecutionis</strong></span> <span class='ocrx_word' id='word_1_707' title='bbox 1846 4797 1862 4825; x_wconf 86' lang='lat'><strong>,</strong></span> <span class='ocrx_word' id='word_1_708' title='bbox 1891 4774 2048 4828; x_wconf 87' lang='lat' dir='ltr'><strong>quam</strong></span> <span class='ocrx_word' id='word_1_709' title='bbox 2081 4761 2182 4816; x_wconf 90' lang='lat' dir='ltr'><strong>sibi</strong></span> 
     </span>
    </p>
   </div>
   <div class='ocr_carea' id='block_1_94' title="bbox 586 4851 2183 4924">
    <p class='ocr_par' dir='ltr' id='par_1_94' title="bbox 586 4851 2183 4924">
     <span class='ocr_line' id='line_1_94' title="bbox 586 4851 2183 4924; baseline -0.003 -14"><span class='ocrx_word' id='word_1_710' title='bbox 586 4854 748 4924; x_wconf 87' lang='lat' dir='ltr'><strong>longe</strong></span> <span class='ocrx_word' id='word_1_711' title='bbox 777 4861 1070 4923; x_wconf 89' lang='lat' dir='ltr'><strong>antequam</strong></span> <span class='ocrx_word' id='word_1_712' title='bbox 1124 4852 1511 4907; x_wconf 90' lang='lat' dir='ltr'><strong>decerneretur</strong></span> <span class='ocrx_word' id='word_1_713' title='bbox 1557 4852 1800 4921; x_wconf 85' lang='lat' dir='ltr'><strong>sequenti</strong></span> <span class='ocrx_word' id='word_1_714' title='bbox 1848 4851 2053 4906; x_wconf 88' lang='lat' dir='ltr'><strong>visione</strong></span> <span class='ocrx_word' id='word_1_715' title='bbox 2099 4867 2183 4906; x_wconf 89' lang='lat' dir='ltr'><strong>os-</strong></span> 
     </span>
    </p>
   </div>
   <div class='ocr_carea' id='block_1_95' title="bbox 588 4943 2187 5013">
    <p class='ocr_par' dir='ltr' id='par_1_95' title="bbox 588 4943 2187 5013">
     <span class='ocr_line' id='line_1_95' title="bbox 588 4943 2187 5013; baseline -0.003 -10"><span class='ocrx_word' id='word_1_716' title='bbox 588 4955 801 5004; x_wconf 84' lang='lat' dir='ltr'><strong>tensam</strong></span> <span class='ocrx_word' id='word_1_717' title='bbox 829 4946 1008 5013; x_wconf 90' lang='lat' dir='ltr'><strong>fuisse,</strong></span> <span class='ocrx_word' id='word_1_718' title='bbox 1067 4954 1334 5002; x_wconf 87' lang='lat' dir='ltr'><strong>testatur:</strong></span> <span class='ocrx_word' id='word_1_719' title='bbox 1373 4962 1393 4996; x_wconf 83' lang='grc' dir='ltr'><strong>ι</strong></span> <span class='ocrx_word' id='word_1_720' title='bbox 1432 4943 1544 4999; x_wconf 92' lang='lat' dir='ltr'><strong>lmo</strong></span> <span class='ocrx_word' id='word_1_721' title='bbox 1589 4957 1716 4998; x_wconf 87' lang='lat' dir='ltr'><strong>vero</strong></span> <span class='ocrx_word' id='word_1_722' title='bbox 1763 4958 1863 4999; x_wconf 90' lang='lat' dir='ltr'><strong>nec</strong></span> <span class='ocrx_word' id='word_1_723' title='bbox 1914 4944 2187 5000; x_wconf 84' lang='lat' dir='ltr'><strong>venissent</strong></span> 
     </span>
    </p>
   </div>
   <div class='ocr_carea' id='block_1_96' title="bbox 585 5037 2188 5108">
    <p class='ocr_par' dir='ltr' id='par_1_96' title="bbox 585 5037 2188 5108">
     <span class='ocr_line' id='line_1_96' title="bbox 585 5037 2188 5108; baseline -0.003 -9"><span class='ocrx_word' id='word_1_724' title='bbox 585 5041 840 5099; x_wconf 80' lang='lat' dir='ltr'><strong>fratribus</strong></span> <span class='ocrx_word' id='word_1_725' title='bbox 889 5039 1004 5095; x_wconf 76' lang='lat' dir='ltr'><strong>hmo</strong></span> <span class='ocrx_word' id='word_1_726' title='bbox 1034 5050 1213 5108; x_wconf 87' lang='lat' dir='ltr'><strong>mata,</strong></span> <span class='ocrx_word' id='word_1_727' title='bbox 1258 5039 1303 5094; x_wconf 88' lang='lat' dir='ltr'><strong>si</strong></span> <span class='ocrx_word' id='word_1_728' title='bbox 1346 5039 1399 5094; x_wconf 92' lang='lat' dir='ltr'><strong>in</strong></span> <span class='ocrx_word' id='word_1_729' title='bbox 1449 5053 1611 5092; x_wconf 86' lang='lat' dir='ltr'><strong>unum</strong></span> <span class='ocrx_word' id='word_1_730' title='bbox 1652 5037 1956 5094; x_wconf 86' lang='lat' dir='ltr'><strong>fraternitas</strong></span> <span class='ocrx_word' id='word_1_731' title='bbox 2001 5038 2188 5094; x_wconf 86' lang='lat' dir='ltr'><strong>fuisset</strong></span> 
     </span>
    </p>
   </div>
   <div class='ocr_carea' id='block_1_97' title="bbox 587 5133 2184 5204">
    <p class='ocr_par' dir='ltr' id='par_1_97' title="bbox 587 5133 2184 5204">
     <span class='ocr_line' id='line_1_97' title="bbox 587 5133 2184 5204; baseline -0.004 -9"><span class='ocrx_word' id='word_1_732' title='bbox 587 5139 845 5195; x_wconf 89' lang='lat' dir='ltr'><strong>animata.</strong></span> <span class='ocrx_word' id='word_1_733' title='bbox 877 5137 1011 5191; x_wconf 87' lang='lat' dir='ltr'><strong>Nam</strong></span> <span class='ocrx_word' id='word_1_734' title='bbox 1033 5178 1048 5202; x_wconf 93' lang='lat'><strong>,</strong></span> <span class='ocrx_word' id='word_1_735' title='bbox 1080 5146 1135 5191; x_wconf 90' lang='lat' dir='ltr'><strong>et</strong></span> <span class='ocrx_word' id='word_1_736' title='bbox 1161 5134 1288 5190; x_wconf 88' lang='lat' dir='ltr'><strong>illtid</strong></span> <span class='ocrx_word' id='word_1_737' title='bbox 1318 5145 1592 5191; x_wconf 88' lang='lat' dir='ltr'><strong>ostensum</strong></span> <span class='ocrx_word' id='word_1_738' title='bbox 1637 5141 1747 5198; x_wconf 90' lang='lat' dir='ltr'><strong>est,</strong></span> <span class='ocrx_word' id='word_1_739' title='bbox 1776 5133 1917 5204; x_wconf 88' lang='lat' dir='ltr'><strong>quod</strong></span> <span class='ocrx_word' id='word_1_740' title='bbox 1971 5134 2184 5188; x_wconf 82' lang='lat' dir='ltr'><strong>sederet</strong></span> 
     </span>
    </p>
   </div>
   <div class='ocr_carea' id='block_1_98' title="bbox 583 5221 2183 5302">
    <p class='ocr_par' dir='ltr' id='par_1_98' title="bbox 583 5221 2183 5302">
     <span class='ocr_line' id='line_1_98' title="bbox 583 5221 2183 5302; baseline -0.004 -16"><span class='ocrx_word' id='word_1_741' title='bbox 583 5230 971 5302; x_wconf 84' lang='lat' dir='ltr'><strong>paterfamilias</strong></span> <span class='ocrx_word' id='word_1_742' title='bbox 999 5229 1222 5285; x_wconf 87' lang='lat' dir='ltr'><strong>sedente</strong></span> <span class='ocrx_word' id='word_1_743' title='bbox 1259 5227 1360 5283; x_wconf 90' lang='lat' dir='ltr'><strong>sibi</strong></span> <span class='ocrx_word' id='word_1_744' title='bbox 1403 5228 1471 5283; x_wconf 89' lang='lat' dir='ltr'><strong>ad</strong></span> <span class='ocrx_word' id='word_1_745' title='bbox 1502 5227 1782 5282; x_wconf 70' lang='lat' dir='ltr'><strong>deXteram</strong></span> <span class='ocrx_word' id='word_1_746' title='bbox 1812 5227 2043 5296; x_wconf 82' lang='lat' dir='ltr'><strong>juvene,</strong></span> <span class='ocrx_word' id='word_1_747' title='bbox 2094 5221 2183 5296; x_wconf 83' lang='lat' dir='ltr'><strong>qui</strong></span> 
     </span>
    </p>
   </div>
   <div class='ocr_carea' id='block_1_99' title="bbox 580 5317 2180 5395">
    <p class='ocr_par' dir='ltr' id='par_1_99' title="bbox 580 5317 2180 5395">
     <span class='ocr_line' id='line_1_99' title="bbox 580 5317 2180 5395; baseline -0.004 -17"><span class='ocrx_word' id='word_1_748' title='bbox 580 5324 796 5395; x_wconf 86' lang='lat' dir='ltr'><strong>juvenis</strong></span> <span class='ocrx_word' id='word_1_749' title='bbox 825 5321 1016 5378; x_wconf 84' lang='lat' dir='ltr'><strong>anxius</strong></span> <span class='ocrx_word' id='word_1_750' title='bbox 1037 5364 1053 5389; x_wconf 93' lang='lat'><strong>,</strong></span> <span class='ocrx_word' id='word_1_751' title='bbox 1087 5330 1286 5377; x_wconf 90' lang='lat' dir='ltr'><strong>etcum</strong></span> <span class='ocrx_word' id='word_1_752' title='bbox 1317 5320 1541 5392; x_wconf 87' lang='lat' dir='ltr'><strong>quadam</strong></span> <span class='ocrx_word' id='word_1_753' title='bbox 1575 5317 1938 5390; x_wconf 86' lang='lat' dir='ltr'><strong>indignatione</strong></span> <span class='ocrx_word' id='word_1_754' title='bbox 1979 5317 2180 5374; x_wconf 89' lang='lat' dir='ltr'><strong>subtri-</strong></span> 
     </span>
    </p>
   </div>
   <div class='ocr_carea' id='block_1_100' title="bbox 583 5413 2177 5484">
    <p class='ocr_par' dir='ltr' id='par_1_100' title="bbox 583 5413 2177 5484">
     <span class='ocr_line' id='line_1_100' title="bbox 583 5413 2177 5484; baseline -0.002 -15"><span class='ocrx_word' id='word_1_755' title='bbox 583 5417 707 5484; x_wconf 82' lang='lat' dir='ltr'><strong>stis,</strong></span> <span class='ocrx_word' id='word_1_756' title='bbox 738 5415 1011 5472; x_wconf 82' lang='lat' dir='ltr'><strong>maxillam</strong></span> <span class='ocrx_word' id='word_1_757' title='bbox 1038 5431 1198 5472; x_wconf 89' lang='lat' dir='ltr'><strong>manu</strong></span> <span class='ocrx_word' id='word_1_758' title='bbox 1219 5415 1511 5483; x_wconf 86' lang='lat' dir='ltr'><strong>sustinens,</strong></span> <span class='ocrx_word' id='word_1_759' title='bbox 1539 5425 1733 5471; x_wconf 65' lang='lat' dir='ltr'><strong>moesto</strong></span> <span class='ocrx_word' id='word_1_760' title='bbox 1763 5415 1907 5470; x_wconf 89' lang='lat' dir='ltr'><strong>vultu</strong></span> <span class='ocrx_word' id='word_1_761' title='bbox 1939 5413 2177 5469; x_wconf 82' lang='lat' dir='ltr'><strong>sedebat.</strong></span> 
     </span>
    </p>
   </div>
   <div class='ocr_carea' id='block_1_101' title="bbox 775 5680 1574 5749">
    <p class='ocr_par' dir='ltr' id='par_1_101' title="bbox 775 5680 1574 5749">
     <span class='ocr_line' id='line_1_101' title="bbox 775 5680 1574 5749; baseline 0.003 -15"><span class='ocrx_word' id='word_1_762' title='bbox 775 5680 897 5737; x_wconf 72' lang='lat' dir='ltr'><strong>Vid.</strong></span> <span class='ocrx_word' id='word_1_763' title='bbox 925 5682 1121 5738; x_wconf 86' lang='lat' dir='ltr'><strong>Euseb.</strong></span> <span class='ocrx_word' id='word_1_764' title='bbox 1151 5682 1302 5737; x_wconf 90' lang='lat' dir='ltr'><strong>ibid..</strong></span> <span class='ocrx_word' id='word_1_765' title='bbox 1333 5680 1452 5749; x_wconf 84' lang='lat' dir='ltr'><strong>cap.</strong></span> <span class='ocrx_word' id='word_1_766' title='bbox 1481 5681 1574 5736; x_wconf 68' lang='lat'><strong>29.</strong></span> 
     </span>
    </p>
   </div>
   <div class='ocr_carea' id='block_1_102' title="bbox 685 5609 1600 5754">
    <p class='ocr_par' dir='ltr' id='par_1_102' title="bbox 685 5609 1600 5754">
     <span class='ocr_line' id='line_1_102' title="bbox 685 5609 1600 5681; baseline 0.002 -15"><span class='ocrx_word' id='word_1_767' title='bbox 685 5613 704 5666; x_wconf 88' lang='lat' dir='ltr'><strong>l</strong></span> <span class='ocrx_word' id='word_1_768' title='bbox 768 5609 891 5667; x_wconf 83' lang='lat' dir='ltr'><strong>Vid.</strong></span> <span class='ocrx_word' id='word_1_769' title='bbox 920 5611 1118 5668; x_wconf 78' lang='lat' dir='ltr'><strong>Euseb.</strong></span> <span class='ocrx_word' id='word_1_770' title='bbox 1154 5611 1230 5667; x_wconf 90' lang='lat' dir='ltr'><strong>lib</strong></span> <span class='ocrx_word' id='word_1_771' title='bbox 1253 5628 1324 5679; x_wconf 86' lang='lat' dir='ltr'><strong>vi,</strong></span> <span class='ocrx_word' id='word_1_772' title='bbox 1356 5627 1475 5681; x_wconf 90' lang='lat' dir='ltr'><strong>cap.</strong></span> <span class='ocrx_word' id='word_1_773' title='bbox 1512 5613 1600 5668; x_wconf 83' lang='lat' dir='ltr'><strong>ll.</strong></span> 
     </span>
     <span class='ocr_line' id='line_1_103' title="bbox 685 5610 1574 5754; baseline 0 -18"><span class='ocrx_word' id='word_1_774' title='bbox 685 5610 740 5754; x_wconf 52' lang='lat'><strong>2;</strong></span> <span class='ocrx_word' id='word_1_775' title='bbox 775 5680 897 5754; x_wconf 62' lang='lat' dir='ltr'><strong>Vid.</strong></span> <span class='ocrx_word' id='word_1_776' title='bbox 925 5682 1121 5738; x_wconf 87' lang='lat' dir='ltr'><strong>Euseb.</strong></span> <span class='ocrx_word' id='word_1_777' title='bbox 1151 5682 1302 5737; x_wconf 89' lang='lat' dir='ltr'><strong>ibid..</strong></span> <span class='ocrx_word' id='word_1_778' title='bbox 1333 5697 1452 5754; x_wconf 73' lang='lat' dir='ltr'><strong>cap.</strong></span> <span class='ocrx_word' id='word_1_779' title='bbox 1481 5681 1574 5736; x_wconf 70' lang='grc'><strong>29.</strong></span> 
     </span>
    </p>
   </div>
   <div class='ocr_carea' id='block_1_103' title="bbox 658 5611 2181 5826">
    <p class='ocr_par' dir='ltr' id='par_1_103' title="bbox 658 5611 2181 5826">
     <span class='ocr_line' id='line_1_104' title="bbox 685 5611 1600 5681; baseline 0.002 -15"><span class='ocrx_word' id='word_1_780' title='bbox 685 5613 704 5666; x_wconf 86' lang='lat' dir='ltr'><strong>-l</strong></span> <span class='ocrx_word' id='word_1_781' title='bbox 768 5611 891 5667; x_wconf 85' lang='lat' dir='ltr'><strong>Vid.</strong></span> <span class='ocrx_word' id='word_1_782' title='bbox 920 5611 1118 5668; x_wconf 77' lang='lat' dir='ltr'><strong>Euseb.</strong></span> <span class='ocrx_word' id='word_1_783' title='bbox 1154 5611 1230 5667; x_wconf 89' lang='lat' dir='ltr'><strong>lib</strong></span> <span class='ocrx_word' id='word_1_784' title='bbox 1253 5628 1324 5679; x_wconf 74' lang='lat' dir='ltr'><strong>v1,</strong></span> <span class='ocrx_word' id='word_1_785' title='bbox 1356 5627 1475 5681; x_wconf 91' lang='lat' dir='ltr'><strong>cap.</strong></span> <span class='ocrx_word' id='word_1_786' title='bbox 1512 5613 1600 5668; x_wconf 80' lang='lat' dir='ltr'><strong>ll.</strong></span> 
     </span>
     <span class='ocr_line' id='line_1_105' title="bbox 658 5611 2120 5826; baseline 0 -90"><span class='ocrx_word' id='word_1_787' title='bbox 658 5611 740 5826; x_wconf 42' lang='lat'><strong>:2;</strong></span> <span class='ocrx_word' id='word_1_788' title='bbox 775 5680 1121 5766; x_wconf 38' lang='grc' dir='ltr'><strong>κίίἀκΕιιδιθὶ).</strong></span> <span class='ocrx_word' id='word_1_789' title='bbox 1151 5682 1302 5764; x_wconf 80' lang='lat' dir='ltr'><strong>ibid..</strong></span> <span class='ocrx_word' id='word_1_790' title='bbox 1333 5697 1452 5749; x_wconf 87' lang='lat' dir='ltr'><strong>cap.</strong></span> <span class='ocrx_word' id='word_1_791' title='bbox 1481 5681 1574 5736; x_wconf 71' lang='lat'><strong>29.</strong></span> <span class='ocrx_word' id='word_1_792' title='bbox 2110 5754 2120 5765; x_wconf 41' lang='lat'><em>.</em></span> 
     </span>
     <span class='ocr_line' id='line_1_106' title="bbox 685 5752 2181 5826; baseline -0.001 -18"><span class='ocrx_word' id='word_1_793' title='bbox 685 5753 880 5826; x_wconf 73' lang='lat' dir='ltr'><strong>3)_V_td.</strong></span> <span class='ocrx_word' id='word_1_794' title='bbox 906 5770 1075 5825; x_wconf 85' lang='lat' dir='ltr'><strong>ipsms</strong></span> <span class='ocrx_word' id='word_1_795' title='bbox 1096 5763 1254 5826; x_wconf 84' lang='lat' dir='ltr'><strong>epist_.</strong></span> <span class='ocrx_word' id='word_1_796' title='bbox 1281 5753 1344 5826; x_wconf 77' lang='lat' dir='ltr'><strong>ad</strong></span> <span class='ocrx_word' id='word_1_797' title='bbox 1365 5753 1642 5816; x_wconf 88' lang='lat' dir='ltr'><strong>Germau.,</strong></span> <span class='ocrx_word' id='word_1_798' title='bbox 1670 5753 1810 5822; x_wconf 88' lang='lat' dir='ltr'><strong>apud</strong></span> <span class='ocrx_word' id='word_1_799' title='bbox 1834 5752 2030 5826; x_wconf 86' lang='lat' dir='ltr'><strong>Euseb.</strong></span> <span class='ocrx_word' id='word_1_800' title='bbox 2053 5754 2181 5810; x_wconf 84' lang='lat' dir='ltr'><strong>ibid.</strong></span> 
     </span>
    </p>
   </div>
   <div class='ocr_carea' id='block_1_104' title="bbox 589 5822 2182 5962">
    <p class='ocr_par' dir='ltr' id='par_1_104' title="bbox 589 5822 2182 5962">
     <span class='ocr_line' id='line_1_107' title="bbox 589 5822 2182 5962; baseline 0.002 -85"><span class='ocrx_word' id='word_1_801' title='bbox 589 5822 711 5962; x_wconf 54' lang='grc' dir='ltr'><strong>αξξ.</strong></span> <span class='ocrx_word' id='word_1_802' title='bbox 737 5823 835 5944; x_wconf 48' lang='grc' dir='ltr'><strong>ξι),</strong></span> <span class='ocrx_word' id='word_1_803' title='bbox 855 5833 907 5878; x_wconf 89' lang='lat' dir='ltr'><strong>et</strong></span> <span class='ocrx_word' id='word_1_804' title='bbox 927 5822 1110 5893; x_wconf 52' lang='lat' dir='ltr'><strong>&#39;epist.</strong></span> <span class='ocrx_word' id='word_1_805' title='bbox 1137 5822 1203 5881; x_wconf 84' lang='lat' dir='ltr'><strong>ad</strong></span> <span class='ocrx_word' id='word_1_806' title='bbox 1221 5822 1549 5890; x_wconf 85' lang='lat' dir='ltr'><strong>Philemon.,</strong></span> <span class='ocrx_word' id='word_1_807' title='bbox 1572 5826 1712 5893; x_wconf 90' lang='lat' dir='ltr'><strong>apud</strong></span> <span class='ocrx_word' id='word_1_808' title='bbox 1727 5825 1934 5891; x_wconf 88' lang='lat' dir='ltr'><strong>eumd.,</strong></span> <span class='ocrx_word' id='word_1_809' title='bbox 1969 5824 2060 5881; x_wconf 90' lang='lat' dir='ltr'><strong>lib.</strong></span> <span class='ocrx_word' id='word_1_810' title='bbox 2091 5841 2182 5892; x_wconf 81' lang='grc' dir='ltr'><strong>νυ,</strong></span> 
     </span>
     <span class='ocr_line' id='line_1_108' title="bbox 589 5909 790 5949; baseline -0.03 0"><span class='ocrx_word' id='word_1_811' title='bbox 589 5909 616 5949; x_wconf 87' lang='lat' dir='ltr'><strong>c</strong></span> <span class='ocrx_word' id='word_1_812' title='bbox 693 5931 706 5946; x_wconf 92' lang='lat'><strong>.</strong></span> <span class='ocrx_word' id='word_1_813' title='bbox 777 5929 790 5943; x_wconf 91' lang='lat'><strong>.</strong></span> 
     </span>
    </p>
   </div>
   <div class='ocr_carea' id='block_1_105' title="bbox 583 5909 790 5949">
    <p class='ocr_par' dir='ltr' id='par_1_105' title="bbox 583 5909 790 5949">
     <span class='ocr_line' id='line_1_109' title="bbox 583 5909 790 5949; baseline -0.029 0"><span class='ocrx_word' id='word_1_814' title='bbox 583 5909 706 5949; x_wconf 69' lang='grc' dir='ltr'><strong>(ειη).</strong></span> <span class='ocrx_word' id='word_1_815' title='bbox 747 5909 790 5944; x_wconf 87' lang='lat' dir='ltr'><strong>l.</strong></span> 
     </span>
    </p>
   </div>
   <div class='ocr_carea' id='block_1_106' title="bbox 2293 4779 3884 4848">
    <p class='ocr_par' dir='ltr' id='par_1_106' title="bbox 2293 4779 3884 4848">
     <span class='ocr_line' id='line_1_110' title="bbox 2293 4779 3884 4848; baseline -0.003 -14"><span class='ocrx_word' id='word_1_816' title='bbox 2293 4793 2393 4836; x_wconf 91' lang='lat' dir='ltr'><strong>nec</strong></span> <span class='ocrx_word' id='word_1_817' title='bbox 2437 4779 2682 4834; x_wconf 87' lang='lat' dir='ltr'><strong>noctibus</strong></span> <span class='ocrx_word' id='word_1_818' title='bbox 2720 4779 2944 4846; x_wconf 91' lang='lat' dir='ltr'><strong>desinit,</strong></span> <span class='ocrx_word' id='word_1_819' title='bbox 2980 4794 3078 4834; x_wconf 89' lang='lat' dir='ltr'><strong>nec</strong></span> <span class='ocrx_word' id='word_1_820' title='bbox 3113 4779 3338 4834; x_wconf 88' lang='lat' dir='ltr'><strong>diebus:</strong></span> <span class='ocrx_word' id='word_1_821' title='bbox 3370 4787 3565 4848; x_wconf 67' lang='lat' dir='ltr'><strong>prwter</strong></span> <span class='ocrx_word' id='word_1_822' title='bbox 3595 4786 3884 4830; x_wconf 90' lang='lat' dir='ltr'><strong>nocturnas</strong></span> 
     </span>
    </p>
   </div>
   <div class='ocr_carea' id='block_1_107' title="bbox 2295 4867 3883 4941">
    <p class='ocr_par' dir='ltr' id='par_1_107' title="bbox 2295 4867 3883 4941">
     <span class='ocr_line' id='line_1_111' title="bbox 2295 4867 3883 4941; baseline -0.004 -15"><span class='ocrx_word' id='word_1_823' title='bbox 2295 4869 2439 4926; x_wconf 88' lang='lat' dir='ltr'><strong>enim</strong></span> <span class='ocrx_word' id='word_1_824' title='bbox 2471 4872 2739 4939; x_wconf 88' lang='lat' dir='ltr'><strong>visiones,</strong></span> <span class='ocrx_word' id='word_1_825' title='bbox 2795 4887 2888 4941; x_wconf 91' lang='lat' dir='ltr'><strong>per</strong></span> <span class='ocrx_word' id='word_1_826' title='bbox 2926 4871 3043 4926; x_wconf 91' lang='lat' dir='ltr'><strong>dies</strong></span> <span class='ocrx_word' id='word_1_827' title='bbox 3081 4885 3292 4941; x_wconf 87' lang='lat' dir='ltr'><strong>quoque</strong></span> <span class='ocrx_word' id='word_1_828' title='bbox 3337 4868 3587 4940; x_wconf 88' lang='lat' dir='ltr'><strong>impletur</strong></span> <span class='ocrx_word' id='word_1_829' title='bbox 3620 4867 3760 4938; x_wconf 89' lang='lat' dir='ltr'><strong>apud</strong></span> <span class='ocrx_word' id='word_1_830' title='bbox 3784 4881 3883 4922; x_wconf 88' lang='lat' dir='ltr'><strong>nos</strong></span> 
     </span>
    </p>
   </div>
   <div class='ocr_carea' id='block_1_108' title="bbox 2291 4959 3884 5031">
    <p class='ocr_par' dir='ltr' id='par_1_108' title="bbox 2291 4959 3884 5031">
     <span class='ocr_line' id='line_1_112' title="bbox 2291 4959 3884 5031; baseline -0.004 -13"><span class='ocrx_word' id='word_1_831' title='bbox 2291 4961 2492 5031; x_wconf 88' lang='lat' dir='ltr'><strong>Spiritu</strong></span> <span class='ocrx_word' id='word_1_832' title='bbox 2522 4960 2720 5016; x_wconf 89' lang='lat' dir='ltr'><strong>Sancto</strong></span> <span class='ocrx_word' id='word_1_833' title='bbox 2749 4977 3032 5031; x_wconf 86' lang='lat' dir='ltr'><strong>puerorum</strong></span> <span class='ocrx_word' id='word_1_834' title='bbox 3059 4961 3317 5016; x_wconf 87' lang='lat' dir='ltr'><strong>innocens</strong></span> <span class='ocrx_word' id='word_1_835' title='bbox 3344 4968 3476 5014; x_wconf 57' lang='lat' dir='ltr'><strong>aetas</strong></span> <span class='ocrx_word' id='word_1_836' title='bbox 3499 5001 3512 5023; x_wconf 96' lang='lat'><strong>,</strong></span> <span class='ocrx_word' id='word_1_837' title='bbox 3555 4975 3674 5029; x_wconf 71' lang='lat' dir='ltr'><strong>quae</strong></span> <span class='ocrx_word' id='word_1_838' title='bbox 3707 4959 3758 5012; x_wconf 91' lang='lat' dir='ltr'><strong>in</strong></span> <span class='ocrx_word' id='word_1_839' title='bbox 3783 4972 3884 5013; x_wconf 86' lang='lat' dir='ltr'><strong>ex-</strong></span> 
     </span>
    </p>
   </div>
   <div class='ocr_carea' id='block_1_109' title="bbox 2297 5051 3887 5122">
    <p class='ocr_par' dir='ltr' id='par_1_109' title="bbox 2297 5051 3887 5122">
     <span class='ocr_line' id='line_1_113' title="bbox 2297 5051 3887 5122; baseline -0.002 -14"><span class='ocrx_word' id='word_1_840' title='bbox 2297 5054 2426 5108; x_wconf 84' lang='lat' dir='ltr'><strong>stasi</strong></span> <span class='ocrx_word' id='word_1_841' title='bbox 2477 5053 2623 5108; x_wconf 88' lang='lat' dir='ltr'><strong>videt</strong></span> <span class='ocrx_word' id='word_1_842' title='bbox 2655 5053 2858 5119; x_wconf 90' lang='lat' dir='ltr'><strong>oculis,</strong></span> <span class='ocrx_word' id='word_1_843' title='bbox 2903 5053 3128 5108; x_wconf 89' lang='lat' dir='ltr'><strong>auditet</strong></span> <span class='ocrx_word' id='word_1_844' title='bbox 3168 5051 3399 5122; x_wconf 89' lang='lat' dir='ltr'><strong>loquitur</strong></span> <span class='ocrx_word' id='word_1_845' title='bbox 3441 5066 3503 5106; x_wconf 87' lang='lat' dir='ltr'><strong>ea</strong></span> <span class='ocrx_word' id='word_1_846' title='bbox 3546 5051 3739 5120; x_wconf 79' lang='lat' dir='ltr'><strong>quibus</strong></span> <span class='ocrx_word' id='word_1_847' title='bbox 3786 5064 3887 5105; x_wconf 89' lang='lat' dir='ltr'><strong>nos</strong></span> 
     </span>
    </p>
   </div>
   <div class='ocr_carea' id='block_1_110' title="bbox 2295 5141 3885 5216">
    <p class='ocr_par' dir='ltr' id='par_1_110' title="bbox 2295 5141 3885 5216">
     <span class='ocr_line' id='line_1_114' title="bbox 2295 5141 3885 5216; baseline -0.003 -14"><span class='ocrx_word' id='word_1_848' title='bbox 2295 5147 2552 5203; x_wconf 91' lang='lat' dir='ltr'><strong>Dominus</strong></span> <span class='ocrx_word' id='word_1_849' title='bbox 2591 5162 2815 5203; x_wconf 92' lang='lat' dir='ltr'><strong>monere</strong></span> <span class='ocrx_word' id='word_1_850' title='bbox 2844 5157 2896 5202; x_wconf 89' lang='lat' dir='ltr'><strong>et</strong></span> <span class='ocrx_word' id='word_1_851' title='bbox 2940 5148 3204 5200; x_wconf 83' lang='lat' dir='ltr'><strong>instruere</strong></span> <span class='ocrx_word' id='word_1_852' title='bbox 3247 5145 3517 5216; x_wconf 80' lang='lat' dir='ltr'><strong>dignatur.</strong></span> <span class='ocrx_word' id='word_1_853' title='bbox 3552 5143 3617 5198; x_wconf 87' lang='lat' dir='ltr'><strong>Et</strong></span> <span class='ocrx_word' id='word_1_854' title='bbox 3658 5141 3885 5198; x_wconf 87' lang='lat' dir='ltr'><strong>audietis</strong></span> 
     </span>
    </p>
   </div>
   <div class='ocr_carea' id='block_1_111' title="bbox 2291 5235 3886 5310">
    <p class='ocr_par' dir='ltr' id='par_1_111' title="bbox 2291 5235 3886 5310">
     <span class='ocr_line' id='line_1_115' title="bbox 2291 5235 3886 5310; baseline -0.005 -14"><span class='ocrx_word' id='word_1_855' title='bbox 2291 5242 2470 5296; x_wconf 91' lang='lat' dir='ltr'><strong>omnia</strong></span> <span class='ocrx_word' id='word_1_856' title='bbox 2489 5281 2504 5307; x_wconf 91' lang='lat'><strong>,</strong></span> <span class='ocrx_word' id='word_1_857' title='bbox 2542 5239 2755 5310; x_wconf 89' lang='lat' dir='ltr'><strong>quando</strong></span> <span class='ocrx_word' id='word_1_858' title='bbox 2774 5239 2840 5296; x_wconf 89' lang='lat' dir='ltr'><strong>ad</strong></span> <span class='ocrx_word' id='word_1_859' title='bbox 2863 5254 2959 5294; x_wconf 89' lang='lat' dir='ltr'><strong>vos</strong></span> <span class='ocrx_word' id='word_1_860' title='bbox 2986 5240 3236 5295; x_wconf 90' lang='lat' dir='ltr'><strong>reducem</strong></span> <span class='ocrx_word' id='word_1_861' title='bbox 3265 5254 3350 5294; x_wconf 90' lang='lat' dir='ltr'><strong>me</strong></span> <span class='ocrx_word' id='word_1_862' title='bbox 3380 5237 3635 5292; x_wconf 88' lang='lat' dir='ltr'><strong>Dominus</strong></span> <span class='ocrx_word' id='word_1_863' title='bbox 3663 5235 3886 5304; x_wconf 89' lang='lat' dir='ltr'><strong>fecerit,</strong></span> 
     </span>
    </p>
   </div>
   <div class='ocr_carea' id='block_1_112' title="bbox 2288 5330 3886 5406">
    <p class='ocr_par' dir='ltr' id='par_1_112' title="bbox 2288 5330 3886 5406">
     <span class='ocr_line' id='line_1_116' title="bbox 2288 5330 3886 5406; baseline -0.004 -16"><span class='ocrx_word' id='word_1_864' title='bbox 2288 5336 2378 5406; x_wconf 90' lang='lat' dir='ltr'><strong>qui</strong></span> <span class='ocrx_word' id='word_1_865' title='bbox 2424 5344 2482 5388; x_wconf 92' lang='lat' dir='ltr'><strong>ut</strong></span> <span class='ocrx_word' id='word_1_866' title='bbox 2535 5335 2841 5390; x_wconf 85' lang='lat' dir='ltr'><strong>secedercm</strong></span> <span class='ocrx_word' id='word_1_867' title='bbox 2876 5333 3056 5404; x_wconf 88' lang='lat' dir='ltr'><strong>jussit.</strong></span> <span class='ocrx_word' id='word_1_868' title='bbox 3104 5331 3322 5387; x_wconf 84' lang='lat' dir='ltr'><strong>Interim</strong></span> <span class='ocrx_word' id='word_1_869' title='bbox 3389 5330 3658 5386; x_wconf 85' lang='lat' dir='ltr'><strong>temerarii</strong></span> <span class='ocrx_word' id='word_1_870' title='bbox 3704 5339 3758 5383; x_wconf 87' lang='lat' dir='ltr'><strong>et</strong></span> <span class='ocrx_word' id='word_1_871' title='bbox 3801 5330 3886 5384; x_wconf 88' lang='lat' dir='ltr'><strong>in-</strong></span> 
     </span>
    </p>
   </div>
   <div class='ocr_carea' id='block_1_113' title="bbox 2287 5423 3885 5497">
    <p class='ocr_par' dir='ltr' id='par_1_113' title="bbox 2287 5423 3885 5497">
     <span class='ocr_line' id='line_1_117' title="bbox 2287 5423 3885 5497; baseline -0.005 -13"><span class='ocrx_word' id='word_1_872' title='bbox 2287 5428 2429 5484; x_wconf 87' lang='lat' dir='ltr'><strong>cauti</strong></span> <span class='ocrx_word' id='word_1_873' title='bbox 2461 5436 2516 5482; x_wconf 91' lang='lat' dir='ltr'><strong>et</strong></span> <span class='ocrx_word' id='word_1_874' title='bbox 2543 5427 2730 5482; x_wconf 88' lang='lat' dir='ltr'><strong>tumidi</strong></span> <span class='ocrx_word' id='word_1_875' title='bbox 2757 5425 2970 5497; x_wconf 88' lang='lat' dir='ltr'><strong>quidam</strong></span> <span class='ocrx_word' id='word_1_876' title='bbox 3013 5427 3152 5479; x_wconf 91' lang='lat' dir='ltr'><strong>inter</strong></span> <span class='ocrx_word' id='word_1_877' title='bbox 3181 5439 3276 5479; x_wconf 91' lang='lat' dir='ltr'><strong>vos</strong></span> <span class='ocrx_word' id='word_1_878' title='bbox 3299 5466 3313 5490; x_wconf 90' lang='lat'><strong>,</strong></span> <span class='ocrx_word' id='word_1_879' title='bbox 3348 5424 3440 5494; x_wconf 90' lang='lat' dir='ltr'><strong>qui</strong></span> <span class='ocrx_word' id='word_1_880' title='bbox 3469 5423 3747 5478; x_wconf 88' lang='lat' dir='ltr'><strong>hominem</strong></span> <span class='ocrx_word' id='word_1_881' title='bbox 3780 5436 3885 5476; x_wconf 87' lang='lat' dir='ltr'><strong>non</strong></span> 
     </span>
    </p>
   </div>
   <div class='ocr_carea' id='block_1_114' title="bbox 2289 5512 3890 5591">
    <p class='ocr_par' dir='ltr' id='par_1_114' title="bbox 2289 5512 3890 5591">
     <span class='ocr_line' id='line_1_118' title="bbox 2289 5512 3890 5591; baseline -0.004 -14"><span class='ocrx_word' id='word_1_882' title='bbox 2289 5521 2559 5591; x_wconf 83' lang='lat' dir='ltr'><strong>cogitent,</strong></span> <span class='ocrx_word' id='word_1_883' title='bbox 2602 5519 2684 5574; x_wconf 91' lang='lat' dir='ltr'><strong>vel</strong></span> <span class='ocrx_word' id='word_1_884' title='bbox 2731 5519 2896 5571; x_wconf 90' lang='lat' dir='ltr'><strong>Deum</strong></span> <span class='ocrx_word' id='word_1_885' title='bbox 2946 5516 3202 5584; x_wconf 88' lang='lat' dir='ltr'><strong>timeant;</strong></span> <span class='ocrx_word' id='word_1_886' title='bbox 3255 5516 3486 5572; x_wconf 90' lang='lat' dir='ltr'><strong>scientes</strong></span> <span class='ocrx_word' id='word_1_887' title='bbox 3537 5514 3789 5586; x_wconf 89' lang='lat' dir='ltr'><strong>quoniam</strong></span> <span class='ocrx_word' id='word_1_888' title='bbox 3843 5512 3890 5570; x_wconf 87' lang='lat' dir='ltr'><strong>si</strong></span> 
     </span>
    </p>
   </div>
   <div class='ocr_carea' id='block_1_115' title="bbox 2287 5606 3890 5680">
    <p class='ocr_par' dir='ltr' id='par_1_115' title="bbox 2287 5606 3890 5680">
     <span class='ocr_line' id='line_1_119' title="bbox 2287 5606 3890 5680; baseline -0.005 -11"><span class='ocrx_word' id='word_1_889' title='bbox 2287 5615 2424 5669; x_wconf 89' lang='lat' dir='ltr'><strong>ultra</strong></span> <span class='ocrx_word' id='word_1_890' title='bbox 2456 5615 2506 5666; x_wconf 90' lang='lat' dir='ltr'><strong>in</strong></span> <span class='ocrx_word' id='word_1_891' title='bbox 2537 5611 2723 5667; x_wconf 89' lang='lat' dir='ltr'><strong>iisdem</strong></span> <span class='ocrx_word' id='word_1_892' title='bbox 2756 5609 3188 5680; x_wconf 90' lang='lat' dir='ltr'><strong>perseverarint,</strong></span> <span class='ocrx_word' id='word_1_893' title='bbox 3249 5619 3369 5662; x_wconf 84' lang='lat' dir='ltr'><strong>utar</strong></span> <span class='ocrx_word' id='word_1_894' title='bbox 3411 5622 3474 5662; x_wconf 85' lang='lat' dir='ltr'><strong>ea</strong></span> <span class='ocrx_word' id='word_1_895' title='bbox 3521 5606 3890 5662; x_wconf 87' lang='lat' dir='ltr'><strong>admonitione</strong></span> 
     </span>
    </p>
   </div>
   <div class='ocr_carea' id='block_1_116' title="bbox 2286 5699 3890 5776">
    <p class='ocr_par' dir='ltr' id='par_1_116' title="bbox 2286 5699 3890 5776">
     <span class='ocr_line' id='line_1_120' title="bbox 2286 5699 3890 5776; baseline -0.004 -16"><span class='ocrx_word' id='word_1_896' title='bbox 2286 5722 2390 5776; x_wconf 89' lang='lat' dir='ltr'><strong>qua</strong></span> <span class='ocrx_word' id='word_1_897' title='bbox 2421 5721 2508 5760; x_wconf 91' lang='lat' dir='ltr'><strong>me</strong></span> <span class='ocrx_word' id='word_1_898' title='bbox 2538 5705 2612 5758; x_wconf 88' lang='lat' dir='ltr'><strong>uti</strong></span> <span class='ocrx_word' id='word_1_899' title='bbox 2648 5703 2901 5758; x_wconf 90' lang='lat' dir='ltr'><strong>Dominus</strong></span> <span class='ocrx_word' id='word_1_900' title='bbox 2923 5702 3112 5771; x_wconf 89' lang='lat' dir='ltr'><strong>jubet,</strong></span> <span class='ocrx_word' id='word_1_901' title='bbox 3153 5711 3212 5756; x_wconf 90' lang='lat' dir='ltr'><strong>ut</strong></span> <span class='ocrx_word' id='word_1_902' title='bbox 3254 5699 3468 5756; x_wconf 87' lang='lat' dir='ltr'><strong>interim</strong></span> <span class='ocrx_word' id='word_1_903' title='bbox 3502 5699 3890 5769; x_wconf 89' lang='lat' dir='ltr'><strong>prohibeantur</strong></span> 
     </span>
    </p>
   </div>
   <div class='ocr_carea' id='block_1_117' title="bbox 2289 5793 3888 5869">
    <p class='ocr_par' dir='ltr' id='par_1_117' title="bbox 2289 5793 3888 5869">
     <span class='ocr_line' id='line_1_121' title="bbox 2289 5793 3888 5869; baseline -0.004 -16"><span class='ocrx_word' id='word_1_904' title='bbox 2289 5797 2500 5853; x_wconf 79' lang='lat' dir='ltr'><strong>olferre.</strong></span> <span class='ocrx_word' id='word_1_905' title='bbox 2542 5815 2561 5849; x_wconf 75' lang='grc' dir='ltr'><strong>ι</strong></span> <span class='ocrx_word' id='word_1_906' title='bbox 2590 5796 2722 5863; x_wconf 87' lang='lat' dir='ltr'><strong>Quis</strong></span> <span class='ocrx_word' id='word_1_907' title='bbox 2743 5795 2858 5851; x_wconf 62' lang='lat' dir='ltr'><strong>ha&#39;c</strong></span> <span class='ocrx_word' id='word_1_908' title='bbox 2879 5795 3061 5869; x_wconf 78' lang='lat' dir='ltr'><strong>legens</strong></span> <span class='ocrx_word' id='word_1_909' title='bbox 3082 5795 3542 5867; x_wconf 83' lang='lat' dir='ltr'><strong>Cyprianouostro</strong></span> <span class='ocrx_word' id='word_1_910' title='bbox 3567 5793 3888 5863; x_wconf 61' lang='lat' dir='ltr'><strong>praeclarum</strong></span> 
     </span>
    </p>
   </div>
   <div class='ocr_carea' id='block_1_118' title="bbox 2290 5886 3890 5962">
    <p class='ocr_par' dir='ltr' id='par_1_118' title="bbox 2290 5886 3890 5962">
     <span class='ocr_line' id='line_1_122' title="bbox 2290 5886 3890 5962; baseline -0.004 -12"><span class='ocrx_word' id='word_1_911' title='bbox 2290 5889 2424 5950; x_wconf 88' lang='lat' dir='ltr'><strong>illud</strong></span> <span class='ocrx_word' id='word_1_912' title='bbox 2474 5905 2578 5947; x_wconf 92' lang='lat' dir='ltr'><strong>nou</strong></span> <span class='ocrx_word' id='word_1_913' title='bbox 2607 5888 2876 5948; x_wconf 83' lang='lat' dir='ltr'><strong>adscribat</strong></span> <span class='ocrx_word' id='word_1_914' title='bbox 2902 5889 3170 5962; x_wconf 85' lang='lat' dir='ltr'><strong>elogium,</strong></span> <span class='ocrx_word' id='word_1_915' title='bbox 3199 5887 3342 5961; x_wconf 86' lang='lat' dir='ltr'><strong>quod</strong></span> <span class='ocrx_word' id='word_1_916' title='bbox 3388 5903 3418 5944; x_wconf 90' lang='lat' dir='ltr'><strong>a</strong></span> <span class='ocrx_word' id='word_1_917' title='bbox 3455 5887 3737 5959; x_wconf 81' lang='lat' dir='ltr'><strong>Polycrate</strong></span> <span class='ocrx_word' id='word_1_918' title='bbox 3780 5886 3890 5944; x_wconf 77' lang='lat' dir='ltr'><strong>Me-</strong></span> 
     </span>
    </p>
   </div>
  </div>
