4218 6268
335 318 444 386 li‘i

1200 325 1337 384 PRO
1374 327 1474 384 SS.
1518 327 1903 397 PERPETUA,
1948 329 2353 388 FELICITATE
2395 333 2482 389 ET
2519 333 2784 392 SOCIIS.‘

3534 340 3636 397 “8

337 439 497 498 litoni
547 441 802 498 Sardensi
857 441 1018 511 longe
1066 449 1224 498 antea
1277 444 1535 500 tributum
1596 447 1764 501 fuerat
1810 446 1890 520 (l)
1924 464 1938 500 :
1969 449 2020 506 Α
2047 451 2442 506 sanctissimum
2484 453 2658 506 virum
2704 453 2886 508 turbas
2914 454 3251 520 concitarint,
3295 455 3492 526 saepius
3523 456 3639 525 ipse

338 542 440 590 Τὸν
464 541 512 590 ἓν
549 541 667 605 ἁγίῳ
691 541 932 604 unum"
974 541 1136 591 aiat-at
1169 544 1595 605 πολιτευσάμενον,
1636 558 1654 590 t
1691 541 1781 609 qui
1819 540 1942 610 Spi-

336 629 446 684 ritu
464 628 659 683 Sancto
687 627 901 683 aliiatus
921 639 1111 684 cuncta
1133 630 1316 700 gessit.
1349 648 1367 681 ε
1396 629 1548 686 Unde
1570 648 1593 684 ι
1619 647 1742 687 eum
1767 647 1796 687 a
1830 634 1943 703 ple-

337 723 526 794 risque
570 727 876 778 nostrorum
923 723 1243 793 prophetam
1295 723 1465 780 fuisse
1501 744 1520 776 ι
1557 726 1830 792 habitum,
1875 743 1941 782 ex

334 815 673 872 Tertulliano
705 836 725 869 ι
759 816 815 871 in
837 827 1044 886 septem
1079 816 1230 872 libris
1259 831 1395 885 quos
1436 819 1652 887 scripsit
1686 821 1944 877 adversus

335 910 641 968 Ecclesiam
689 925 790 981 pro
840 909 1125 974 Montano,
1168 931 1186 962 ›
1225 912 1388 967 refert
1437 911 1794 985 Hieronymus
1836 915 1938 985 (9.).

335 1005 411 1060 At
453 1003 572 1058 haec
601 1003 784 1056 omnia
833 1003 884 1056 in
915 1002 1247 1071 Cyprianum
1303 1013 1548 1059 nostrum
1605 1019 1710 1059 non
1764 1007 1942 1063 minus

338 1096 610 1167 quadram
643 1112 656 1143 :
690 1093 821 1164 quid
862 1095 1005 1149 enim
1047 1095 1436 1164 persecutionis
1482 1107 1724 1166 tempore
1767 1097 1834 1151 ab
1877 1114 1943 1152 eo

338 1192 554 1256 gestum
572 1226 586 1246 ,
615 1181 756 1253 quod
785 1197 890 1236 non
913 1179 1114 1251 Spiritu
1145 1183 1343 1238 Sancto
1374 1181 1586 1239 afflatus
1613 1184 1944 1256 perfecerit?

338 1281 414 1338 Ut
443 1282 654 1347 plebem
685 1295 839 1336 suam
869 1280 936 1335 ad
983 1279 1214 1335 futurum
1242 1280 1442 1336 bellum
1483 1282 1759 1349 expediret
1787 1281 1944 1352 longe

338 1383 632 1444 antequam
655 1372 1058 1434 exardesccret,
1087 1371 1266 1426 divina
1290 1372 1417 1427 illud
1449 1374 1781 1429 revelatione
1809 1390 1945 1444 prae-

339 1469 532 1524 sensit.
576 1465 784 1522 lndicto
805 1466 946 1520 bello
978 1508 991 1530 ,
1038 1475 1095 1519 ut
1125 1466 1359 1521 latebras
1382 1480 1683 1538 quaereret,
1732 1480 1786 1523 et
1833 1483 1950 1537 per-

341 1561 677 1617 secutionem
731 1559 1070 1625 declinaret,
1135 1559 1302 1614 Deum
1376 1571 1652 1616 auctorem
1720 1561 1941 1627 habuit;

343 1669 524 1723 neque
563 1664 616 1708 ut
666 1653 899 1724 ipsemet
926 1662 982 1709 et
1013 1653 1231 1709 Pontius
1277 1653 1538 1710 diaconus
1587 1657 1639 1710 in
1685 1657 1802 1725 ejus
1826 1657 1945 1712 Vita

347 1756 632 1806 testantur.
661 1748 782 1803 sine
811 1747 990 1802 divina
1018 1748 1350 1803 revelatione
1377 1752 1622 1806 secessit.
1647 1750 1777 1806 Orta
1807 1762 1944 1807 tem-

2048 542 2099 596 in
2119 545 2230 598 suis
2255 547 2494 614 epistolis
2526 557 2726 602 narrat.
2751 547 2860 604 Hac
2886 549 2953 604 de
2982 543 3041 603 r'e
3069 559 3121 604 et
3149 549 3217 605 de
3245 552 3636 620 persecutione,

2047 651 2167 705 quae
2217 637 2341 694 inde
2391 639 2741 707 imminebat,
2797 641 3051 697 divinitus
3093 641 3292 713 aliquid
3345 645 3639 714 accepisse,

2047 747 2147 787 nec
2185 733 2461 789 cmlestem
2499 734 2734 790 defuisse
2779 736 3184 800 revelationem,
3233 754 3297 793 ex
3339 738 3422 791 bis
3470 737 3640 793 sancti

2047 830 2300 899 martyris
2331 829 2509 884 verbis
2545 829 2804 899 colligunt
2843 829 3040 885 eruditi
3086 849 3099 886 :
3149 851 3168 882 ‹
3219 831 3524 887 Persecutio
3563 840 3648 886 est

2047 918 2164 972 haec
2193 919 2313 983 alia,
2358 925 2412 974 et
2441 919 2545 974 alia
2586 921 2836 988 tentatio,
2876 930 2931 976 et
2963 923 3197 993 quinque
3229 923 3303 976 illi
3345 922 3642 995 presbyteri

2049 1009 2181 1063 nihil
2225 1010 2369 1065 aliud
2417 1019 2561 1078 sunt,
2613 1026 2774 1082 quam
2819 1014 3055 1082 quinque
3110 1013 3374 1083 primores
3427 1012 3498 1068 illi
3555 1015 3644 1082 qui

2049 1100 2225 1155 edicto
2252 1118 2424 1173 nuper
2451 1103 2850 1174 magistratibus
2881 1104 3091 1160 fuerant
3119 1107 3372 1176 copulati,
3400 1117 3456 1161 ut
3483 1105 3642 1162 fidem

2049 1207 2285 1248 nostram
2332 1198 2727 1262 subverterent,
2772 1208 2829 1253 ut
2867 1197 3085 1270 gracilia
3117 1199 3338 1254 fratrum
3371 1199 3530 1254 corda
3574 1202 3640 1255 ad

2049 1285 2275 1340 letbales
2325 1287 2545 1356 laqueos
2575 1291 3013 1356 prmvaricatione
3047 1292 3286 1344 veritatis
3315 1301 3642 1346 averterent.

2052 1377 2252 1432 Eadem
2289 1395 2429 1433 nunc
2468 1381 2625 1444 ratio,
2666 1382 2852 1435 eadem
2892 1397 3076 1436 rursus
3101 1384 3332 1447 eversio,
3367 1399 3460 1452 per
3493 1385 3648 1454 quin-

2051 1485 2154 1538 que
2181 1469 2522 1541 presbyteros
2546 1470 2876 1526 Felicissimo
2903 1472 3199 1542 eopulatos,
3226 1472 3290 1526 ad
3321 1474 3527 1527 ruinam
3559 1490 3647 1528 sa-

2052 1559 2180 1615 lutis
2223 1561 2510 1616 inducitur.
2554 1583 2572 1615 »
2607 1563 2852 1629 Videtur,
2887 1565 3054 1634 inquit
3086 1563 3375 1632 Pamelius,
3407 1566 3646 1621 alludere

2051 1653 2118 1709 ad
2151 1656 2408 1710 visionem
2440 1657 2766 1726 quampiam,
2814 1657 2865 1710 in
2901 1673 3004 1726 qua
3045 1655 3357 1726 apparuisse
3397 1656 3646 1710 videntur

2052 1762 2172 1802 cum
2216 1747 2614 1818 magistratibus
2661 1749 2893 1818 quinque
2941 1750 3224 1817 primores.
3277 1749 3364 1818 qui
3412 1748 3644 1803 edictunt

342 1850 588 1915 pestate,
629 1840 824 1909 quibus
862 1851 953 1896 aut
982 1841 1240 1896 virtutum
1271 1845 1745 1901 exercitationibus
1785 1862 1944 1918 sirpe-
1974 1845 2021 1904 Β
2049 1850 2235 1895 contra
2277 1841 2559 1909 episcopos
2589 1856 2688 1894 una
2725 1840 3075 1908 publicarent.
3108 1839 3294 1909 Neque
3323 1838 3446 1894 huic
3473 1841 3644 1894 inter-

341 1933 519 1988 randa
562 1943 741 2000 esset,
791 1943 884 1988 aut
915 1935 1128 2004 pietatis
1160 1934 1356 1991 officiis
1389 1939 1746 2008 tranquillitas
1774 1941 1944 2012 impe-

347 2027 544 2082 tranda
567 2067 581 2089 ,
613 2025 788 2082 divina
829 2027 960 2082 item
1009 2027 1340 2084 revelatione
1378 2033 1649 2102 cognovit.
1689 2032 1945 2089 Futurum

349 2133 540 2190 pacem
586 2134 690 2173 non
733 2119 910 2174 minus
939 2135 1098 2189 quam
1144 2121 1450 2190 proximum
1482 2123 1717 2188 bellum,
1768 2125 1944 2180 divina

345 2211 550 2281 pariter
576 2210 902 2266 revelatione
934 2211 1216 2281 prtenovit.
1263 2212 1376 2279 Qua
1405 2228 1532 2284 erga
1560 2215 1738 2283 lapsos
1783 2215 1948 2271 disci-

341 2303 492 2375 plina
533 2304 610 2360 uti
654 2305 919 2368 deberet.
961 2313 1016 2359 et
1083 2307 1360 2361 nocturnis
1388 2308 1502 2379 ipse
1542 2309 1840 2364 visionibus
1896 2320 1950 2366 et

347 2394 578 2462 diurnis,
614 2395 960 2450 innocentum
987 2409 1276 2466 puerorum
1308 2397 1550 2468 raptibus
1567 2409 1622 2454 et
1640 2401 1949 2457 excessibus

349 2485 638 2541 intellexit.
689 2485 808 2554 Qua
839 2487 967 2541 item
1013 2487 1064 2541 in
1095 2487 1340 2543 incautos
1368 2489 1630 2559 quosdam
1678 2505 1744 2546 ac
1784 2502 1948 2548 teme-

346 2579 519 2635 rarios
558 2578 906 2650 presbyteros
931 2595 1159 2634 censura
1203 2580 1430 2636 deberet
1477 2583 1947 2650 animadvertere,

345 2686 376 2727 a
407 2672 520 2727 Deo
562 2671 816 2726 similiter
865 2685 960 2742 per
982 2682 1222 2744 apertam
1255 2686 1309 2728 et
1337 2675 1676 2730 manifestam
1707 2676 1952 2732 admoni-

347 2765 552 2820 tionem
588 2764 818 2834 accepit.
854 2765 1096 2821 Assiduis
1136 2748 1284 2822 hisce
1320 2765 1555 2838 Spiritus
1597 2771 1763 2825 sancti
1795 2771 1952 2828 donis

355 2871 423 2911 ac
447 2855 767 2911 muneribus
795 2853 1001 2924 fretus,
1035 2856 1102 2910 ad
1151 2856 1384 2913 reditum
1427 2872 1640 2930 quoilue
1669 2873 1823 2915 suum
1857 2877 1949 2917 su-

352 2963 576 3021 pernam
616 2949 1000 3006 revelationem
1043 2951 1448 3020 praestolabatur
1502 2969 1516 3005 :
1565 2971 1585 3006 ι
1624 2953 1693 3008 Et
1723 2953 1953 3010 audietis

353 3042 537 3097 omnia
557 3081 574 3110 ,
601 3042 814 3112 quando
833 3042 901 3098 ad
929 3058 1026 3100 vos
1050 3043 1302 3099 reducem
1331 3060 1420 3101 me
1446 3045 1699 3100 Dominus
1731 3047 1948 3111 fecerit,

349 3134 444 3205 qui
476 3143 533 3189 ut
569 3134 880 3191 secedenem
929 3135 1131 3205 jussit:
1173 3155 1190 3187 ι
1238 3151 1398 3206 quam
1445 3137 1520 3192 illi
1567 3153 1673 3194 non
1716 3137 1952 3196 defuisse

350 3237 540 3299 postea
562 3227 824 3283 dicemus.

423 3318 669 3386 Interim,
701 3328 989 3388 antequam
1021 3335 1052 3374 e
1077 3329 1298 3376 secessu
1328 3319 1705 3392 Carthaginem
1747 3337 1954 3379 remea-

351 3422 458 3478 ret,
489 3412 766 3468 Aurelium
803 3419 858 3465 et
893 3410 1196 3467 Celerinum
1235 3412 1404 3483 gloria
1435 3413 1788 3469 confessionis
1819 3415 1951 3469 insi-

353 3521 485 3577 gnes
510 3506 563 3561 in
595 3506 799 3562 clerum
830 3506 1119 3576 cooptavit.
1149 3505 1207 3561 id
1237 3521 1366 3562 vero
1394 3521 1498 3562 non
1537 3507 1653 3563 siue
1683 3512 1954 3565 consuetis

350 3599 650 3654 visionibus
680 3614 745 3654 ac
776 3597 972 3653 divinis
1007 3599 1425 3654 revelationibus
1455 3598 1648 3654 factum
1675 3611 1775 3655 est.
1818 3600 1952 3655 Nam

353 3705 478 3745 cum
502 3690 718 3744 illorum
750 3700 1052 3760 temporum
1083 3706 1210 3746 usus
1234 3691 1476 3756 haberet,
1506 3701 1562 3746 ut
1591 3692 1954 3748 ordinationes

360 3785 576 3840 clerico:
601 3800 706 3839 non
728 3785 844 3839 sine
869 3785 1041 3855 plebis
1069 3785 1398 3852 testimonio,
1424 3795 1475 3840 et
1509 3787 1669 3841 totius
1693 3786 1822 3842 cieri
1843 3786 1953 3840 suf-

362 3873 539 3944 fragio
564 3874 998 3942 celebrarentur;
1029 3891 1125 3931 cur
1152 3876 1272 3931 illos
1297 3876 1494 3932 absens
1526 3878 1575 3930 in
1607 3878 1806 3932 clerum
1840 3891 1957 3947 pro-

357 3969 589 4032 vexerit,
639 3968 792 4036 banc,
838 3969 905 4025 de
949 3971 1166 4025 Aurelio
1205 3970 1452 4040 loquens,
1487 3970 1640 4026 affert
1668 3972 1950 4038 rationem,

352 4061 496 4133 quod
536 4061 772 4117 humano
815 4062 1124 4118 testimonio
1165 4077 1270 4118 non
1303 4061 1602 4133 indigeret,‘
1637 4064 1726 4133 qui
1775 4063 1955 4120 divino

352 4155 614 4227 probatus
654 4155 830 4210 fuerat
872 4155 1125 4225 suffragio
1169 4154 1248 4226 (5)
1293 4173 1308 4210 :
1357 4173 1376 4206 ς
1430 4155 1482 4208 lu
1528 4153 1956 4213 ordinationibus

352 4248 584 4314 clericis,
607 4247 801 4303 fratres
815 4247 1138 4311 charissimi,
1155 4247 1394 4302 solemus
1414 4261 1508 4301 vos
1530 4255 1655 4301 ante
1673 4248 1956 4304 consulere

351 4353 399 4398 et
430 4357 614 4397 mores
669 4355 736 4397 ac
801 4342 989 4396 merita
1036 4340 1366 4410 singulorum
1411 4339 1683 4394 communi
1731 4340 1957 4394 consilio

350 4435 701 4505 porrderare;
757 4434 851 4490 sed
903 4433 1262 4505 exspectanda
1316 4449 1422 4488 non
1480 4443 1604 4488 sunt
1653 4433 1958 4490 testimonia

351 4527 612 4591 humana,
645 4537 768 4582 cum
812 4527 1121 4596 praecedunt
1165 4527 1343 4581 divina
1389 4525 1661 4597 suffragia.
1707 4527 1960 4584 Aurelius

2051 1933 2337 2003 pretationi
2399 1932 2694 2003 refragatur
2737 1932 3020 2003 Rigaltius,
3071 1931 3422 2002 eamdemque
3475 1934 3649 1986 mani-

2053 2025 2186 2079 feste
2235 2025 2576 2092 amplectitur
2620 2025 2928 2080 Dodwellus
2973 2023 3078 2096 (l).
3127 2025 3323 2080 Eadem
3371 2025 3645 2094 Epistula,

2052 2118 2214 2174 modo
2245 2135 2430 2186 xavnr,
2464 2120 2534 2174 al.
2559 2135 2646 2188 χι,
2689 2136 2808 2190 quae
2852 2119 3037 2174 ultima
3077 2129 3160 2175 est
3198 2135 3380 2175 earum
3423 2137 3554 2191 quas
3595 2122 3646 2176 in
3731 2149 3740 2160 ο

2052 2227 2267 2267 secessu
2311 2213 2662 2280 conscripsit,
2689 2229 2870 2282 quam,
2909 2221 2968 2268 ut
3003 2227 3163 2285 supra
3199 2214 3451 2281 diximus,
3487 2232 3648 2284 [πενε-

2054 2304 2320 2359 tolabatur
2357 2305 2426 2360 de
2466 2305 2640 2361 reditu
2682 2306 3087 2370 revelationem,
3130 2322 3188 2362 se
3214 2307 3322 2376 jam
3352 2309 3641 2377 accepisse,

2055 2397 2360 2464 perspicue,
2396 2405 2455 2450 ut
2492 2397 2621 2451 mihi
2659 2396 2886 2464 videtur,
2928 2397 3328 2468 lneuleutcrque
3364 2400 3646 2470 significat.

2053 2485 2236 2540 Primo
2270 2488 2413 2540 enim
2445 2487 2685 2556 queritur
2723 2506 2735 2541 :
2775 2507 2794 2540 t
2828 2489 2970 2558 quod
2995 2491 3348 2558 quorumdam
3374 2494 3648 2563 presbyte—

2054 2593 2238 2632 rorum
2287 2578 2589 2647 malignitas
2631 2589 2683 2634 et
2715 2579 2934 2649 perfidia
2982 2581 3291 2649 perfecisset
3335 2597 3402 2636 ne
3444 2583 3542 2638 sibi
3581 2583 3647 2637 ad

2054 2685 2182 2726 suos
2208 2678 2332 2725 ante
2363 2671 2504 2725 diem
2536 2671 2753 2726 Pascha:
2776 2673 2960 2727 venire
2988 2673 3246 2728 licuisset.
3277 2675 3512 2730 Cavebat
3539 2677 3648 2729 sci-

2055 2765 2184 2819 licet
2222 2781 2288 2819 ne
2325 2780 2422 2834 per
2459 2765 2631 2818 minas
2660 2774 2714 2819 et
2743 2780 2837 2834 per
2869 2765 3088 2819 insidias
3117 2765 3439 2834 perfidorum
3478 2767 3651 2834 major

2055 2873 2120 2913 ex
2145 2871 2244 2912 suo
2269 2858 2499 2912 adventu
2524 2857 2846 2927 Carthagine
2871 2857 3130 2912 tumultus
3151 2859 3404 2922 oriretur,
3429 2867 3503 2924 et,
3527 2871 3649 2912 cum

2056 2952 2173 3020 paci
2213 2960 2267 3006 et
2294 2951 2662 3020 tranquillitati
2691 2950 2974 3020 episcopus
3012 2950 3292 3020 providere
3325 2953 3376 3004 in
3403 2952 3652 3006 omnibus

2055 3043 2268 3109 debeat,
2305 3045 2418 3112 ipse
2447 3043 2723 3097 materiam
2757 3043 3005 3098 seditioni
3041 3042 3276 3110 dedisse,
3312 3053 3366 3098 et
3403 3056 3654 3113 persecu-

2057 3136 2255 3191 tionem
2279 3132 2453 3189 denuo
2471 3134 2823 3188 exacerbasse
2843 3135 3134 3190 videretur.
3163 3155 3182 3186 ι
3217 3135 3407 3190 Postea
3425 3134 3650 3204 subjun-

1979 3236 2024 3300 ς,
2057 3230 2152 3300 git,
2197 3228 2336 3282 hanc
2377 3243 2498 3283 esse
2539 3227 2965 3297 persecutionem
2997 3229 3340 3283 novissimam
3373 3240 3427 3284 et
3470 3237 3652 3284 extre-

2059 3337 2201 3376 mam
2231 3323 2599 3388 tentationem,
2631 3335 2749 3390 qua:
2776 3331 2829 3374 et
2856 3321 2990 3389 ipsa,
3025 3321 3215 3391 inquit,
3250 3338 3269 3372 ς
3294 3321 3402 3375 cito
3433 3321 3656 3374 Domino

2058 3423 2375 3485 pmtegeute
2402 3412 2669 3478 transibit,
2700 3424 2754 3467 ut
2789 3419 3146 3482 repraesenter
3176 3413 3328 3468 vobis
3369 3423 3491 3485 post
3525 3413 3656 3468 Pas-

2058 3508 2174 3566 cha:
2192 3507 2330 3563 diem
2350 3522 2470 3562 cum
2488 3507 2707 3579 collegis
2732 3507 2885 3562 meis.
2921 3525 2942 3560 ι
2968 3511 3160 3563 Annon
3179 3508 3464 3563 manifesta
3493 3509 3652 3564 babe-

2058 3616 2178 3657 mus
2214 3610 2268 3655 et
2297 3600 2442 3655 clara
2485 3600 2810 3669 pr0phetic:e
2855 3599 3199 3655 revelationis
3237 3599 3471 3656 indicia?
3516 3601 3656 3657 Ante

2057 3693 2261 3750 Pascha
2283 3709 2381 3748 suo
2407 3709 2466 3748 se
2491 3707 2706 3749 secessu
2730 3695 3013 3760 continuit,
3044 3703 3288 3751 metuens
3321 3709 3390 3750 ne
3423 3695 3653 3751 adventu

2058 3801 2156 3841 suo
2197 3785 2476 3841 materiam
2515 3785 2763 3840 seditioni
2805 3785 2979 3852 daret,
3025 3795 3080 3840 et
3123 3801 3192 3842 ne
3229 3787 3656 3856 persecutionem

2058 3879 2236 3934 denuo
2282 3879 2639 3935 exacerbasse
2682 3877 2952 3932 videretur
2993 3895 3006 3930 :
3053 3889 3173 3947 post
3219 3879 3424 3933 Pascha
3476 3887 3654 3934 tamen

2059 3980 2207 4026 certo
2235 3986 2294 4026 se
2320 3971 2617 4026 rediturum
2647 3973 2930 4040 promittit.
2962 3970 3069 4025 Sed
3099 3983 3274 4026 annon
3303 3983 3510 4043 poterat
3539 3984 3658 4043 post

2059 4061 2266 4118 Pascha
2303 4061 2440 4116 idem
2473 4061 2766 4130 periculum
2795 4061 3110 4116 imminere?
3139 4062 3484 4131 Nequaquam
3515 4081 3528 4117 :
3563 4079 3660 4116 no-

2059 4161 2210 4210 verat
2248 4153 2390 4207 enim
2428 4151 2537 4205 cito
2568 4151 2914 4205 transituram
2945 4152 3332 4219 persecutionis
3363 4151 3522 4221 hujus
3561 4168 3658 4206 no-

2060 4245 2335 4299 vissimam
2369 4243 2740 4299 tentationem.
2775 4241 2880 4298 Sed
2911 4240 3049 4297 unde
3077 4242 3128 4297 id
3167 4254 3410 4311 noverat,
3442 4251 3502 4298 ut
3524 4243 3661 4299 adeo

2061 4346 2268 4392 certum
2321 4335 2691 4405 promitteret?
2719 4334 2840 4390 Non
2880 4333 3098 4390 aliunde
3142 4333 3404 4406 profecto,
3446 4336 3550 4392 nisi
3593 4351 3661 4392 ea

2063 4430 2243 4486 divina
2273 4429 2625 4485 revelatione.

2137 4524 2374 4580 Sublatis
2399 4523 2593 4591 Deciis,
2617 4522 2906 4578 secundam
2931 4521 3186 4591 Cypriani
3213 4523 3542 4593 temporibus
3564 4523 3666 4579 Ec‘

353 4621 521 4676 frater
548 4629 749 4686 noster,
777 4621 999 4675 illustris
1021 4620 1359 4686 adolescens,
1384 4635 1412 4674 a
1439 4619 1661 4674 Domino
1687 4621 1798 4690 jam
1830 4636 1954 4690 pro-
1981 4633 2034 4696 Β
2063 4617 2241 4672 clesim
2264 4616 2690 4686 persecutionem
2713 4613 2899 4671 Gallus
2920 4623 2974 4669 et
2999 4614 3327 4671 Volusianus
3348 4616 3664 4671 intulerunt.

357 4711 541 4775 iratus,
569 4722 676 4767 etc.
717 4731 736 4764 ι
774 4711 839 4767 Et
878 4711 1107 4782 epistola
1153 4711 1397 4781 sequenti
1426 4710 1493 4766 de
1532 4711 1766 4765 Celerini
1806 4710 1954 4766 ordi-

359 4806 584 4860 natione
611 4803 848 4874 loqnens,
871 4819 994 4860 eam
1017 4819 1228 4874 quoque
1253 4819 1348 4873 per
1369 4803 1614 4873 Spiritum
1640 4806 1957 4873 prophetiaz,

357 4912 467 4952 nec
498 4897 616 4952 sine
637 4895 929 4952 visionibus
961 4912 1024 4950 ac
1053 4895 1474 4952 revelationibus
1499 4905 1766 4965 peractam
1797 4897 1960 4952 fuisse

362 5001 606 5048 testatur.
646 5012 664 5043 ι
710 4991 844 5046 Cum
875 4991 1043 5056 enim,
1093 4991 1284 5060 inquit,
1324 4991 1633 5046 consentire
1671 4990 1958 5055 dubitaret,

357 5085 617 5141 Ecclesiae
671 5084 839 5152 ipsius
876 5083 1152 5138 admonitu
1199 5090 1254 5136 et
1295 5081 1509 5137 hortatu
1550 5082 1600 5136 in
1636 5082 1840 5136 visione
1871 5091 1964 5150 per

356 5189 572 5234 noctem
597 5178 911 5247 compulsus
937 5186 1042 5244 est,
1060 5194 1134 5265 ut
1159 5185 1382 5247 negaret
1413 5176 1567 5231 nobis
1593 5175 1962 5245 suadentibus,

356 5272 442 5326 cui
478 5272 597 5340 plus
628 5271 803 5337 licuit,
835 5286 959 5341 qua!
987 5280 1041 5326 et
1065 5272 1263 5342 coegit.
1300 5290 1320 5323 ι

428 5363 802 5420 Felicissimus
828 5363 1130 5420 schismatis
1157 5362 1482 5434 Carthagine
1499 5375 1708 5431 auctor,
1737 5372 1793 5419 et
1812 5365 1964 5434 quin-

358 5475 466 5530 que
534 5459 836 5531 presbyteri
885 5459 1111 5531 perdita:
1157 5457 1404 5514 factionis
1457 5458 1693 5526 fomites,
1737 5473 1870 5528 quas
1910 5457 1963 5513 in

443 5613 744 5739 gna‘Epist.
786 5615 853 5670 ad
902 5612 1174 5670 Victorem
1201 5613 1282 5682 P.,
1323 5612 1464 5685 apud
1494 5573 1717 5682 Euseb,
1766 5612 1856 5671 lib.
1905 5629 1958 5680 v,

439 5700 796 5903 fégzeatalog.
827 5759 877 5812 in
909 5756 1182 5813 Melitone.

441 5830 504 5901 (ὅ
557 5829 728 5901 Epist.
759 5845 956 5887 xxxvnt
984 5829 1049 5887 ad
1079 5829 1182 5888 Pan

360 5849 369 5903 ι
441 5829 527 5903 (ὅ)
557 5829 728 5901 Epist.
755 5829 956 5887 XXXVIII
984 5829 1049 5887 ad
1079 5829 1254 5900 Pam.,
1281 5844 1428 5888 num.
1456 5829 1580 5912 35._

368 5699 432 5743 ca

2063 4710 2214 4765 Hanc
2253 4723 2466 4779 quoque
2504 4716 2720 4762 sanctus
2749 4707 3071 4778 Cyprianus,
3105 4716 3390 4778 antequam
3427 4711 3664 4777 smviret,

2066 4803 2176 4859 imo
2219 4812 2275 4858 et
2309 4811 2594 4870 antequam
2626 4800 3029 4866 decerneretur,
3063 4815 3168 4854 non
3201 4817 3304 4855 una
3338 4809 3431 4855 aut
3460 4801 3661 4856 altera.

2065 4895 2161 4949 sed
2201 4893 2383 4948 multis
2427 4903 2480 4948 et
2525 4893 2730 4948 crebris
2757 4899 2812 4948 et
2848 4892 3140 4946 manifestis
3173 4893 3573 4948 ostensionibus
3601 4907 3664 4947 ac

2073 4987 2373 5043 visionibus
2391 4986 2620 5041 futuram
2643 4987 2928 5050 intellexit,
2945 4994 2997 5038 et
3019 4999 3113 5053 per
3132 4984 3418 5054 synodicas
3441 4983 3664 5039 secundi

2073 5080 2290 5136 concilii
2327 5079 2764 5148 Cartliaginensis
2818 5077 2885 5132 ad
2925 5074 3230 5130 Cornelium
3276 5076 3499 5141 litteras,
3558 5091 3666 5132 non

2070 5190 2182 5231 sua:
2224 5184 2448 5240 tantum,
2494 5171 2588 5227 sed
2631 5173 2790 5227 etiam
2835 5171 3090 5225 Romanae
3117 5169 3372 5225 Ecclesia:
3397 5170 3665 5241 significa-

2069 5272 2139 5325 vit
2171 5270 2250 5339 (2)
2286 5287 2298 5323 :
2333 5287 2350 5320 ι
2387 5268 2493 5324 Sed
2515 5268 2656 5322 enim
2682 5283 2802 5323 cum
2832 5266 3108 5321 videamus
3143 5266 3287 5321 diem
3312 5279 3496 5321 rursus
3523 5266 3658 5320 alte-

2069 5365 2180 5420 rius
2212 5361 2566 5416 infestationis
2604 5357 3035 5429 appropinquare
3077 5359 3329 5428 coepisse,
3371 5366 3424 5412 et
3458 5357 3665 5414 crebris

2070 5465 2230 5526 atque
2256 5452 2486 5508 assiduis
2511 5450 2910 5506 ostensionibus
2937 5448 3342 5515 admoneamur,
3374 5458 3431 5503 ut
3458 5449 3525 5504 ad
3549 5461 3665 5505 cer-

2071 5557 2247 5605 tamen
2291 5545 2434 5617 quod
2491 5542 2645 5600 nobis
2689 5543 2862 5600 hostis
2904 5541 3109 5613 indicit,
3157 5541 3350 5598 armati
3392 5551 3447 5598 et
3489 5543 3665 5613 parati

2141 5752 2219 5823 (1)
2251 5751 2474 5807 Dissert.
2515 5766 2566 5805 tv
2610 5749 2927 5823 Cyprianica
2954 5749 3018 5808 de
3053 5747 3371 5820 Visiom'bus,
3398 5754 3502 5806 etc.
3528 5745 3556 5820 §
3581 5743 3674 5803 l8.

2069 5888 2085 5904 ι
2151 5825 2231 5903 (2)
2261 5824 2438 5900 Epist.
2470 5839 2598 5900 LVII,
2626 5824 2700 5886 al.
2723 5839 2829 5885 ων.
