4156 6282
552 352 657 410 H9

1670 344 1682 396 ι
1711 337 2110 420 lSSER'f:\_TlO
2150 335 2624 394 APOLOGETICA

3754 330 3860 388 120

553 468 754 532 simus,
783 463 994 536 plebem
1020 462 1179 517 etiam
1207 461 1358 516 nobis
1380 461 1449 516 de
1472 460 1648 516 divina
1671 460 1977 530 dignatione
2003 471 2150 512 eom-
2176 456 2224 516 A
2255 471 2415 527 gnum
2457 464 2539 511 est
2582 454 2844 510 securitas
2873 453 2983 518 illa,
3010 467 3170 523 quam
3198 447 3538 522 praeferebat,
3569 463 3674 504 nou
3700 448 3858 504 defu-

551 562 770 616 tnissam
789 555 1251 612 exhortationibus
1272 555 1467 610 uestris
1491 569 1761 624 paremus,
1784 563 1885 606 etc.
1913 552 2100 606 Postea
2123 569 2136 603 :

557 670 578 704 ‹
603 647 1088 719 Obtempcrandunt
1113 654 1195 702 est
1218 661 1444 716 namque
1459 646 1854 700 ostensionibus
1871 653 2029 711 atque
2044 640 2140 695 ad-

553 740 1191 808 monitionibusjustis,ut
1206 755 1234 793 a
1255 739 1559 810 pastoribus
1573 752 1698 791 oves
1716 738 1764 789 in
1783 734 2019 805 periculo
2037 747 2142 788 non

550 836 889 895 deserantur,
933 842 1035 885 etc.
1073 849 1092 881 ι
1132 831 1377 884 Rursus:
1417 848 1434 881 ‹
1472 828 1676 883 Placuit
1717 825 1872 882 nobis
1899 867 1913 892 ,
1942 824 2144 895 Spiritu

501 990 506 994 ,
546 927 747 983 Sancto
795 932 1136 994 suggerente,
1186 931 1241 976 et
1287 920 1513 976 Domino
1540 936 1635 989 per
1677 919 1909 973 visiones
1951 916 2145 970 multas

549 1030 605 1075 et
633 1015 946 1072 manifestas
985 1013 1326 1078 admonente,
1375 1014 1497 1083 quia
1545 1011 1715 1066 hostis
1761 1010 1915 1065 nobis
1969 1009 2140 1063 immi-

548 1127 680 1167 nere
699 1108 1085 1179 pmnuntiatur
1118 1115 1172 1160 et
1197 1106 1516 1168 ostenditur,
1542 1104 1794 1176 colligere
1816 1105 1950 1156 intra
1972 1110 2146 1156 castra

550 1205 752 1260 milites
790 1201 1009 1265 Chri~ti,
1052 1212 1158 1253 etc.
1210 1219 1228 1251 ι
1265 1199 1360 1253 llis
1390 1197 1638 1269 Cypriani
1667 1198 1842 1251 verbis
1875 1195 1990 1249 lucc
2019 1195 2147 1248 sub-

555 1298 730 1369 jungit
765 1295 844 1350 Cl.
889 1293 1197 1347 Dodwellus
1235 1292 1314 1364 (1)
1342 1312 1352 1346 :
1383 1291 1498 1346 Non
1530 1290 1752 1345 credent
1784 1289 1896 1344 haec
1925 1288 2149 1342 fortasse

551 1390 717 1446 atbei.
747 1387 853 1444 Sed
888 1387 1012 1456 quid
1038 1385 1237 1441 habent
1271 1384 1555 1455 quominus
1583 1384 1685 1438 fide
1706 1383 1863 1453 digna
1886 1396 2004 1436 esse
2026 1396 2150 1436 cen-

549 1483 731 1540 seant?
749 1480 994 1534 Visiones
1017 1479 1102 1532 hic
1131 1479 1388 1533 habemus
1413 1493 1518 1533 non
1552 1478 1744 1531 multas
1771 1475 1950 1539 modo,
1975 1472 2069 1527 sed
2097 1481 2151 1527 et

550 1573 882 1638 manifestas,
927 1583 1230 1641 eventuque
1261 1572 1668 1640 comprobatus;
1713 1583 1812 1623 nec
1846 1567 1897 1620 id
1926 1566 2150 1620 obscura

550 1667 746 1740 privati
775 1665 1073 1736 cujuspiam
1103 1663 1229 1728 fide,
1255 1664 1348 1719 sed
1377 1662 1566 1735 synodi
1593 1663 1756 1717 totius
1785 1659 2153 1714 consentiente

553 1760 835 1830 suffragio,
861 1756 1256 1840 mansurisque,
1285 1757 1329 1810 si
1351 1755 1498 1810 falsa:
1529 1755 1775 1820 fuissent,
1801 1755 1852 1807 in
1869 1753 1944 1808 rei
1962 1766 2154 1806 memo-

2244 555 2419 602 turam
2469 547 2569 601 sibi
2615 547 2890 602 co-lrstcm
2939 546 3344 612 revelationem,
3383 560 3504 615 qua:
3549 552 3762 612 tempus
3790 542 3858 599 ad

2245 640 2476 696 reditum
2523 650 2882 709 opportunum
2923 639 3342 704 demonstraret,
3387 637 3530 708 quod
3554 637 3666 706 jam
3699 646 3856 692 antea

2245 743 2327 788 est
2345 733 2499 788 nobis
2513 734 2725 788 animad
2737 749 2969 788 versum.
2991 732 3144 789 Nunc
3160 733 3302 788 aliud
3325 742 3432 787 nun
3459 732 3640 787 minus
3655 733 3857 802 perspi-

2247 841 2406 881 cuum
2451 825 2718 894 proferam
2749 827 2800 880 in
2833 827 3076 881 eamdem
3120 841 3233 880 rem
3285 834 3681 896 argumentum.
3723 823 3858 880 Gra-

2248 918 2463 972 vissima
2506 917 2594 973 illa
2619 918 2849 988 epistola
2875 934 2976 988 qua
2999 917 3324 972 Florentium
3341 917 3659 988 Pupianum,
3684 917 3856 971 virum

2249 1012 2564 1068 seditiosum
2598 1029 2662 1067 ac
2688 1012 3076 1074 turbulentum,
3102 1010 3571 1066 vehementissime
3591 1009 3856 1080 olijurgat,

2253 1107 2302 1160 ei
2331 1105 2544 1159 tandem
2578 1105 2809 1170 veniam,
2842 1120 2885 1160 sr
2918 1103 3216 1175 resipiscat,
3252 1103 3352 1158 hac
3387 1103 3696 1157 conditione
3734 1117 3857 1170 pro-

2253 1200 2414 1254 mittit
2447 1219 2458 1254 :
2488 1203 2530 1255 si
2561 1201 2701 1255 Deus
2730 1200 2780 1254 id
2821 1199 3111 1270 permittat,
3143 1209 3197 1252 et
3232 1198 3415 1267 aliquo
3441 1196 3680 1251 sensibili
3703 1194 3857 1264 signo

2251 1314 2400 1353 suam
2422 1299 2518 1354 hae
2531 1301 2598 1356 de
2616 1315 2674 1356 re
2686 1300 3004 1356 sententiam
3020 1299 3459 1368 voluntatemque
3474 1295 3797 1367 signifieet(l
3812 1297 3854 1366 ):

2258 1409 2276 1441 ι
2327 1390 2383 1444 Si
2434 1391 2752 1446 temeritatis
2778 1401 2829 1445 et
2867 1390 3132 1460 superbia:
3181 1401 3338 1459 atque
3388 1389 3688 1443 insolentia:
3746 1398 3855 1442 tua:

2253 1503 2414 1556 agere
2436 1489 2519 1544 vel
2548 1504 2670 1544 sero
2693 1490 3060 1559 pcenitentiam
3092 1490 3444 1558 cmperis.....
3485 1487 3858 1544 communica-

2256 1579 2413 1634 tionis
2441 1591 2545 1636 tum
2569 1583 2860 1650 poterimus
2887 1581 3086 1638 habere
3120 1582 3381 1638 rationem
3413 1598 3427 1646 ;
3481 1589 3733 1636 manente
3778 1591 3857 1636 ta-

2254 1689 2376 1728 men
2401 1674 2540 1742 apud
2565 1689 2662 1729 nos
2691 1675 2884 1730 divina:
2905 1690 3146 1730 censura:
3178 1686 3427 1745 respectu
3471 1684 3522 1730 et
3564 1685 3706 1730 metu
3733 1691 3746 1738 ;
3798 1683 3858 1730 ut

2258 1766 2403 1835 prius
2437 1766 2718 1822 Dominum
2751 1783 2927 1823 meum
2964 1767 3262 1832 consulam,
3290 1782 3358 1822 an
3389 1766 3483 1822 tibi
3534 1781 3715 1836 pacem
3749 1767 3844 1821 da-

548 1857 687 1910 riam
738 1851 955 1906 :eternis
1007 1855 1386 1909 monumentis,
1433 1849 1751 1916 scriptisque
1786 1847 2144 1912 consignatas,

2254 1859 2320 1920 ri,
2351 1869 2403 1913 et
2423 1867 2472 1914 te
2498 1860 2560 1914 ad
2587 1861 3127 1916 communicationem
3161 1861 3415 1916 Ecclesia:
3445 1875 3554 1915 suae
3581 1860 3789 1915 admitti
3827 1901 3841 1924 ,

555 1964 578 1998 ε
598 1945 733 2010 sole,
761 1953 818 1996 ut
836 1943 1190 2013 Hieronymus
1203 1942 1293 2002 ait,
1323 1940 1690 2004 clarioribusp
1711 1955 1816 1994 non
1845 1938 2000 1992 video
2024 1937 2150 2006 quid

552 2046 816 2107 prreterca
843 2034 976 2089 velle
1007 2044 1226 2104 possent
1265 2033 1332 2088 ad
1372 2047 1484 2088 rem
1517 2031 1636 2087 facti
1675 2031 2148 2101 comprobandant,

553 2128 600 2182 si
629 2125 790 2181 modo
818 2142 882 2181 ex
911 2141 1066 2196 :uquo
1086 2125 1327 2196 judicare
1358 2125 1573 2190 vellent,
1609 2139 1709 2178 nec
1741 2124 1897 2178 fidem
1933 2137 2151 2192 prorsus

554 2238 770 2279 omnem
805 2221 1112 2276 hominibus
1139 2220 1419 2290 derogare.
1460 2220 1665 2274 Rursus
1701 2219 1768 2273 de
1807 2217 1995 2273 eadem
2025 2231 2150 2286 per-

553 2316 832 2371 secutione
876 2315 944 2368 ita
987 2313 1172 2368 scribit
1213 2313 1278 2368 ad
1329 2313 1536 2383 plebem
1578 2312 1977 2367 'l‘hibaritanam
2022 2307 2147 2381 (2):

561 2429 582 2464 ι
620 2411 752 2466 Nam
774 2425 895 2464 cum
925 2409 1131 2463 Domini
1159 2408 1469 2463 instruentis
1499 2405 1808 2475 dignatione
1838 2403 2152 2472 iustigemur

554 2507 774 2578 saapius,
801 2504 1032 2574 amplius
1060 2511 1116 2558 et
1143 2502 1554 2565 admoneamur;
1586 2500 1649 2553 ad
1683 2508 1914 2554 vestram
1938 2511 2152 2566 quoque

557 2597 943 2655 conscientiam
967 2595 1348 2650 admonitionis
1370 2604 1569 2649 nostra:
1596 2591 2007 2647 sollicitudinem
2033 2604 2152 2658 per-

553 2695 698 2750 ferre
720 2692 998 2747 debemus.
1035 2690 1183 2745 Scire
1218 2688 1360 2744 enim
1393 2687 1622 2750 debetis,
1659 2696 1711 2740 et
1743 2701 1836 2754 pro
1866 2691 2012 2739 certo
2036 2697 2153 2738 cre-

556 2789 686 2843 dere
714 2801 779 2841 ac
807 2796 1010 2851 tenere,
1038 2797 1305 2853 pressurae
1335 2781 1478 2836 diem
1515 2796 1676 2850 super
1703 2788 1863 2850 caput
1893 2793 2012 2834 esse
2038 2791 2150 2832 coe-

554 2883 822 2952 pisse.....
849 2878 959 2934 Nec
987 2887 1237 2948 putamus
1259 2875 1382 2930 talia
1406 2891 1527 2930 esse
1550 2890 1668 2946 qua:
1700 2875 1939 2938 veniunt,
1977 2872 2152 2942 qualia

557 2976 774 3032 fuerunt
800 2974 884 3028 illa
907 2987 1027 3043 qua:
1053 2970 1380 3026 transierunt
1409 2987 1421 3022 :
1449 2969 1661 3040 gravior
1683 2983 1823 3023 nunc
1849 2978 1902 3022 et
1922 2967 2153 3023 ferocior

557 3084 732 3141 pugna
761 3068 1023 3122 imminet.
1062 3085 1081 3118 ι
1113 3065 1228 3120 Νοη
1256 3063 1525 3118 immerito
1562 3060 1855 3125 dubitatur,
1883 3059 2152 3131 quomodo

559 3161 796 3218 Deciana
821 3159 1036 3230 gravior
1064 3169 1118 3212 et
1147 3157 1379 3212 ferocior
1409 3155 1582 3210 futura
1612 3164 1756 3211 esset
1793 3155 1930 3212 Galli
1970 3173 2154 3226 perse-

2256 1966 2350 2004 sua
2390 1953 2718 2027 ostensione
2766 1962 2821 2008 et
2871 1953 3239 2010 admenitione
3295 1951 3592 2022 permittat.
3632 1951 3848 2006 Memini

2257 2043 2424 2110 enim,
2455 2044 2578 2114 quid
2599 2045 2709 2115 jam
2735 2045 2862 2098 mihi
2887 2045 2955 2098 sit
2979 2057 3279 2110 ostensum,
3310 2044 3417 2096 imo
3443 2042 3570 2110 quid
3589 2056 3744 2096 servo
3761 2041 3856 2096 ob—

2254 2143 2497 2212 sequenti
2535 2152 2586 2198 et
2619 2143 2848 2206 timenti,
2879 2141 2946 2197 de
2997 2139 3263 2196 dominica
3290 2149 3343 2194 et
3375 2139 3550 2194 divina
3609 2138 3850 2192 auctori-

2256 2245 2362 2292 tate
2395 2247 2736 2306 prteeeptum,
2769 2237 2858 2308 qui
2899 2237 3037 2291 inter
3080 2244 3276 2290 caetera
3312 2250 3428 2304 quae
3469 2231 3754 2289 ostendere
3805 2239 3864 2284 et

2254 2331 2490 2384 revelare
2534 2329 2782 2400 dignatus
2838 2338 2940 2392 est,
2995 2338 3049 2384 et
3086 2327 3190 2383 hoc
3236 2325 3476 2381 addidit:
3512 2343 3530 2375 ι
3564 2324 3741 2393 Itaque
3774 2324 3868 2391 qui

2253 2420 2470 2476 Christo
2500 2436 2604 2476 non
2642 2421 2811 2477 credit
2841 2420 3176 2476 sacerdotem
3208 2419 3440 2484 facienti,
3495 2427 3678 2487 postea
3745 2430 3867 2470 ere-

2253 2513 2386 2569 dere
2417 2513 2633 2585 incipiet
2689 2513 3022 2591 sacerdotem
3048 2512 3358 2567 vindicanti.
3400 2529 3417 2560 ι
3461 2508 3665 2578 Quibus
3686 2507 3863 2562 sancti

2256 2606 2506 2679 Martyris
2534 2607 2717 2662 verbis
2739 2607 2854 2662 haec
2883 2606 3098 2675 subjicit
3129 2603 3538 2674 Dodvvellus(2)
3575 2624 3585 2654 :

2334 2719 2351 2751 ι
2377 2698 2449 2753 Ita
2477 2708 2631 2754 erant
2659 2699 2963 2767 frequentes
2989 2714 3050 2753 ea
3073 2707 3232 2752 tetate
3252 2696 3449 2752 divina:
3482 2694 3862 2760 revelationes,

2256 2799 2312 2843 ιιι
2332 2805 2398 2844 ne
2423 2792 2488 2844 de
2515 2791 2864 2860 resipiscente
2889 2777 3101 2861 quidem
3136 2791 3374 2859 Pupiano
3401 2789 3636 2859 polliceri
3653 2788 3874 2842 auderet

2255 2881 2378 2952 quid
2405 2891 2550 2937 esset
2577 2893 2892 2950 statuturus,
2929 2899 2996 2939 ne
3021 2883 3166 2938 aliud
3196 2882 3426 2938 fortasse
3447 2899 3476 2937 a
3507 2883 3617 2938 Deo
3640 2883 3868 2952 jubere-

2256 2983 2359 3040 tur;
2384 2984 2442 3030 ut
2473 2976 2611 3032 Deus
2641 2976 2864 3046 proinde
2888 2977 3114 3047 primum
3137 2975 3386 3033 innueret
3413 2992 3536 3033 esse
3569 2977 3860 3031 consulen-

2255 3065 2378 3120 dum
2415 3084 2429 3131 ;
2458 3077 2512 3122 ut
2539 3068 2749 3124 tandem
2768 3069 2857 3124 Dei
2889 3070 2938 3123 in
2982 3069 3236 3124 rebellem
3264 3084 3477 3140 pmnam
3512 3078 3869 3139 exspectaret,

2258 3161 2414 3216 talem
2439 3161 2596 3230 plane
2627 3162 2836 3231 qualem
2881 3162 3292 3231 apostolicarum
3320 3176 3667 3217 censurarum
3694 3162 3867 3216 comi-

561 3257 738 3319 cutio,
770 3271 892 3309 cum
921 3267 1114 3323 reapse
1154 3251 1368 3306 brevior
1408 3249 1584 3314 fuerit,
1638 3261 1692 3306 et
1735 3250 1891 3322 longe
1939 3253 2155 3309 mitior?
2183 3247 2224 3307 C
2263 3261 2367 3311 tem
2393 3256 2576 3323 fuisse,
2607 3259 2745 3326 apud
2787 3257 2972 3312 doctos
3005 3258 3058 3313 in
3100 3258 3350 3314 confesso
3399 3268 3500 3314 est.
3555 3259 3747 3314 lterum
3803 3260 3873 3318 de

561 3349 717 3404 Hunc
757 3347 954 3402 nodum
997 3347 1064 3400 ita
1098 3345 1230 3400 solvi
1277 3345 1327 3398 in
1373 3345 1591 3399 Dissert.
1649 3344 1717 3399 de
1749 3345 1945 3400 I’mnit.
1975 3362 2068 3401 seu
2097 3347 2164 3402 de

558 3439 733 3510 Capit.
757 3438 1101 3508 absolut.(3).
1130 3436 1244 3492 Non
1267 3435 1496 3490 futuram
1519 3437 1680 3491 modo
1711 3438 2156 3506 persecutionem,

559 3532 654 3587 sed
682 3540 736 3587 et
759 3531 938 3586 omnia
963 3531 1164 3601 pariter
1195 3529 1329 3583 mala
1367 3545 1486 3598 qua:
1521 3545 1627 3584 non
1665 3529 1844 3584 minus
1882 3529 2159 3598 Ecclesiae,

561 3641 720 3697 quam
770 3624 1081 3694 reipublicae
1125 3622 1522 3694 impendebant,
1568 3623 1730 3676 fuisse
1771 3622 2038 3694 Cypriano
2080 3622 2162 3677 his

561 3718 863 3775 visionibus
889 3719 1278 3783 demonstrata,
1310 3717 1635 3785 irruptiones
1671 3715 1876 3771 scilicet
1907 3716 2160 3794 bqrbaro-

557 3827 702 3876 rum,
733 3810 962 3881 indeque
993 3816 1205 3865 secutas
1233 3807 1658 3864 Christianorum
1687 3823 1837 3878 teque
1875 3823 1939 3862 ae
1977 3807 2161 3864 Genti-

562 3905 694 3959 lium
739 3903 1072 3972 eaptivitates
1110 3923 1122 3956 :
1160 3911 1216 3972 et
1243 3900 1663 3957 funestissimam
1706 3901 1846 3957 luem
1888 3919 2008 3971 quae
2052 3903 2159 3958 late

561 4013 660 4068 per
707 3997 988 4068 imperium
1031 3995 1330 4049 Romanum
1375 4003 1613 4063 grassata
1665 4003 1777 4060 est;
1830 3995 1983 4066 cujus
2031 3997 2158 4052 mali

559 4089 908 4146 acerbitatem
947 4096 1002 4143 et
1038 4085 1458 4142 innumerabiles
1503 4097 1728 4156 strages,
1779 4103 1898 4140 cum
1941 4099 2156 4144 sanctus

559 4181 676 4252 ipse
701 4181 1036 4252 Cyprianus,
1079 4188 1187 4234 tum
1228 4178 1452 4232 Pontius
1491 4177 1751 4234 diaconus
1777 4181 1828 4233 in
1870 4179 1986 4248 ejus
2027 4183 2153 4248 vita,

555 4283 673 4329 tum
698 4273 786 4328 alii
814 4283 1062 4328 auctores
1093 4271 1393 4341 deplorant.
1424 4271 1548 4325 Hme
1574 4271 1733 4340 igitur
1759 4273 1983 4343 aliaeque
2010 4275 2154 4328 cala-

556 4366 770 4420 mitates
812 4380 932 4419 cum
981 4363 1356 4431 persecutione
1398 4363 1699 4431 conjuncta:
1739 4363 1872 4418 Galli
1903 4374 1956 4417 et
1987 4364 2152 4419 Volu-

556 4459 692 4513 siaui
719 4458 1001 4527 imperium
1029 4455 1258 4510 Deciano
1281 4456 1436 4525 longe
1456 4456 1670 4524 gravius
1692 4455 2009 4512 Christianis
2033 4459 2155 4514 effe-

554 4557 766 4604 cerunt.
789 4548 1033 4616 Cumque
1064 4562 1170 4600 non
1213 4561 1400 4600 omnes
1437 4547 1698 4601 malorum
1730 4563 1905 4603 causa:
1931 4551 2075 4606 clare
2100 4563 2154 4607 et

2267 3349 2594 3421 presbyteris
2619 3352 2708 3421 qui
2728 3366 2786 3406 se
2811 3351 3111 3406 inconsulto
3135 3351 3299 3421 lapsis
3330 3353 3866 3408 communicaverant

2274 3461 2292 3493 ι
2341 3442 2492 3509 Utar,
2525 3444 2719 3513 inquit,
2747 3442 2827 3515 (5)
2860 3460 2922 3499 ea
2945 3444 3309 3499 admonitione
3337 3461 3440 3515 qua
3479 3461 3565 3501 me
3609 3447 3868 3501 Dominus

2261 3536 2433 3605 jubet,
2467 3545 2524 3590 ιιι
2582 3537 2795 3591 interim
2837 3538 3222 3607 prohibeantur
3255 3536 3463 3601 offerri,
3520 3547 3624 3592 etc.
3669 3558 3686 3590 ι
3740 3540 3861 3594 Non

2265 3629 2539 3699 ignorabat
2566 3630 2862 3701 Cyprianus
2883 3631 3144 3697 ejusmodi
3169 3632 3404 3686 visiones
3427 3631 3553 3685 viris
3591 3633 3770 3702 impiis
3796 3649 3864 3689 ac

2269 3722 2568 3805 temerariis
2597 3723 2781 3792 quales
2803 3723 2964 3777 modo
2993 3737 3097 3776 non
3127 3738 3323 3792 paucos
3369 3723 3693 3792 experimur,
3725 3725 3868 3779 ludi-

2265 3813 2381 3868 brio
2396 3824 2447 3869 et
2465 3818 2793 3886 contemptui
2812 3817 3015 3882 haberi;
3036 3817 3127 3871 sed
3143 3817 3278 3872 adeo
3298 3825 3472 3872 tamen
3489 3833 3586 3888 pro
3600 3827 3751 3874 certo
3766 3821 3834 3874 ha
3846 3849 3863 3861 -

2264 3907 2444 3971 bebat,
2473 3923 2595 3961 suas
2623 3923 2686 3962 ex
2718 3909 2826 3963 Deo
2841 3923 2963 3963 esse
2991 3909 3364 3976 revelationes,
3391 3919 3450 3964 ut
3473 3909 3604 3964 nihil
3628 3911 3696 3967 de
3719 3910 3864 3966 futu-

2263 4002 2337 4056 ris
2364 4005 2570 4058 eventis
2597 4003 2862 4059 dubitaret
2893 4022 2905 4058 :
2931 4012 2986 4059 et
3011 4020 3115 4060 non
3143 4006 3314 4060 solum
3345 4007 3539 4077 quibus
3556 4008 3660 4076 jam
3689 4008 3861 4063 fuerat

2260 4091 2490 4150 donatus
2510 4096 2802 4166 publicare,
2833 4095 2926 4150 sed
2943 4111 3104 4150 novas
3124 4099 3285 4151 etiam
3315 4097 3488 4167 palam
3510 4098 3609 4153 sibi
3637 4099 3858 4169 promit-

2259 4194 2392 4252 tere,
2429 4188 2646 4241 minime
2673 4199 2978 4253 vereretur;
3007 4189 3146 4245 unde
3181 4189 3234 4244 in
3264 4191 3452 4246 eadem
3490 4193 3710 4263 epistola
3751 4205 3860 4248 sta-

2263 4279 2354 4332 tim
2385 4280 2658 4352 subjuugit
2695 4298 2707 4334 :
2747 4300 2765 4332 ‹
2799 4282 3131 4351 Quamquam
3169 4283 3335 4338 sciam
3369 4285 3576 4339 somnia
3635 4285 3856 4340 ridicula

2260 4379 2315 4424 et
2355 4372 2588 4426 visiones
2620 4374 2826 4442 ineptas
2854 4373 3170 4443 quibusdam
3194 4375 3381 4440 videri,
3411 4376 3503 4431 sed
3524 4377 3705 4445 utique
3755 4378 3856 4432 illis

2259 4464 2356 4532 qui
2385 4464 2589 4520 malunt
2629 4473 2813 4519 contra
2858 4465 3190 4520 sacerdotem
3219 4466 3440 4522 credere
3465 4484 3624 4538 quam
3677 4483 3858 4524 sacer-

2257 4555 2388 4608 doti.
2413 4555 2517 4610 Sed
2543 4554 2675 4609 nihil
2721 4558 2933 4618 mirum,
2975 4557 3187 4627 quando
3212 4557 3279 4613 de
3307 4556 3508 4627 Joseph
3554 4557 3746 4613 fratres
3774 4561 3854 4613 sui

553 4639 802 4696 distincte
851 4638 1078 4694 fuissent
1121 4637 1291 4693 sancti
1334 4640 1554 4712 martyri
1597 4642 1865 4706 revelatzn,
1916 4653 1993 4700 tot
2019 4640 2230 4716 quasD
2256 4646 2540 4701 dixerunt:
2571 4647 2708 4702 Ecce
2729 4648 3022 4703 somniatur
3064 4648 3152 4702 ille
3181 4650 3361 4717 venit,
3397 4664 3538 4703 nunc
3592 4665 3720 4720 ergo
3763 4667 3855 4704 ve-

550 4731 875 4803 prteviderat
904 4730 1258 4796 calamitates,
1295 4739 1352 4786 et
1369 4730 1797 4789 Christianorum
1829 4735 2036 4799 funera.
2080 4755 2145 4794 ex

547 4829 662 4884 sola
693 4827 893 4881 oritura
923 4841 1044 4881 esse
1073 4828 1447 4895 persecutione
1475 4828 1573 4882 sibi
1604 4829 1754 4885 facile
1785 4835 2069 4900 persuasit.

617 4917 866 4974 Vidimus
909 4916 1170 4972 hactenus
1207 4933 1365 4985 quam
1406 4917 1718 4989 frequenter
1759 4932 1813 4975 et
1851 4922 2140 4981 familiares

541 5012 814 5085 Cypriane
861 5009 1061 5066 fuerint
1099 5011 1347 5068 cretestes
1396 5014 1751 5070 revelationes
1806 5035 1818 5069 :
1865 5016 2142 5075 videamus

539 5103 704 5158 modo
734 5102 787 5158 in
810 5115 968 5172 quam
991 5111 1208 5156 sanctus
1231 5101 1430 5174 Martyr
1455 5102 1700 5160 fiduciam
1723 5121 1788 5162 ex
1817 5123 2002 5164 earum
2033 5109 2141 5166 fre-

537 5195 757 5265 quentia
783 5193 948 5250 t‘uerit
972 5194 1234 5250 adductus
1263 5212 1278 5251 :
1311 5205 1361 5251 et
1393 5212 1569 5254 annon
1612 5199 1727 5269 ipse
1771 5203 1954 5271 etiam,
2001 5204 2137 5262 haud

535 5301 694 5343 secus
732 5302 796 5342 ac
821 5287 1084 5358 Perpetua
1117 5303 1181 5344 co
1220 5304 1280 5344 se
1306 5291 1467 5345 modo
1498 5292 1749 5362 gesserit,
1789 5295 1938 5364 quasi
1971 5296 2138 5366 Spiri-

534 5393 645 5439 tum
678 5389 946 5448 sanctum,
986 5381 1147 5437 veluti
1180 5383 1376 5439 monile
1419 5385 1688 5456 quoddam
1736 5387 1788 5442 in
1813 5404 1934 5444 area
1977 5390 2137 5447 inclu-

528 5490 650 5531 sum
682 5489 799 5540 sua,
838 5475 1112 5530 habuisset
1152 5476 1222 5530 ad
1259 5460 1466 5542 nutum,
1506 5479 1624 5549 ejus
1666 5479 2133 5555 illustrationibus,

523 5566 742 5640 quando
772 5567 934 5623 vellet
962 5582 1156 5623 usurus
1177 5567 1242 5623 ad
1285 5569 1590 5626 arbitrium.
1621 5571 1764 5628 Talis
1804 5575 2012 5634 fiducia:
2058 5581 2131 5636 si-

693 5685 904 5768 Dissert
928 5687 990 5739 de
1047 5685 1316 5768 Visiom'b.,
1345 5694 1453 5768 etc.
1489 5690 1517 5759 §
1549 5689 1639 5746 l9.

614 5686 640 5742 l
700 5685 904 5742 Dissert
928 5687 990 5739 de
1047 5685 1281 5741 Visiom'b.

577 5683 670 5894 ἑῖξ
689 5756 863 5826 Epist.
888 5773 1033 5826 Lvut,
1065 5758 1142 5814 al.
1174 5773 1281 5815 ut.

605 5827 638 5878 5
685 5826 833 5887 Sect.
865 5826 917 5878 5.

605 5826 658 5887 5)
685 5826 833 5887 Sect.
865 5826 917 5878 5.

2254 4739 2385 4805 nite,
2413 4739 2720 4794 occidatnus
2738 4739 2911 4799 illum;
2945 4748 2999 4794 et
3015 4739 3309 4795 somniator
3332 4753 3515 4810 poStea
3540 4740 3680 4811 quod
3705 4757 3852 4794 som-

2251 4834 2830 4889 niaveratconsecutus
2875 4833 2987 4898 sit,
3024 4843 3077 4887 et
3107 4834 3378 4889 occisores
3433 4849 3498 4889 ac
3541 4834 3850 4891 venditores

2246 4925 2454 4981 confusi
2477 4927 2602 4988 sint,
2649 4937 2702 4980 ut
2731 4927 2821 4997 qui
2875 4925 3055 4981 verbis
3108 4924 3259 4996 prius
3307 4942 3413 4981 non
3469 4927 3846 4996 credidissent,

2248 5017 2405 5073 factis
2428 5017 2767 5086 postmodum
2789 5018 3092 5073 crederent.
3136 5037 3154 5070 ι

2319 5110 2576 5180 Superest
2622 5113 2724 5167 alia
2774 5111 3022 5182 Cypriani
3071 5111 3207 5166 visio
3261 5112 3569 5184 prophetica
3603 5113 3668 5169 ad
3700 5129 3846 5170 mar-

2245 5202 2438 5275 tyrium
2489 5203 2606 5272 ejus
2667 5205 2981 5274 pertinens;
3031 5204 3295 5290 augeam
3373 5207 3546 5276 capite
3603 5209 3846 5278 sequenti

2243 5295 2554 5350 reservabo.
2617 5295 2872 5359 Interim,
2929 5309 3092 5366 rogo,
3150 5310 3328 5350 annon
3380 5296 3621 5352 videatur
3673 5298 3846 5367 Spiri-

2241 5396 2352 5443 tum
2407 5389 2662 5444 Sanctum
2711 5389 2762 5441 in
2818 5397 3032 5458 pectore
3078 5401 3178 5440 suo
3222 5389 3373 5458 quasi
3403 5389 3454 5442 in
3501 5405 3623 5445 arca
3675 5391 3846 5446 inclu-

2243 5503 2362 5543 sunt
2391 5487 2670 5559 habuisse,
2701 5486 2790 5557 qui
2819 5486 2870 5540 in
2917 5485 3214 5555 disciplina:
3247 5486 3410 5540 etiam
3460 5487 3846 5545 ecclesiastica:

2239 5583 2496 5639 exercitio
2522 5583 2756 5638 visiones
2781 5578 3147 5652 exspectabat,
3178 5589 3235 5634 et
3278 5578 3409 5636 nihil
3467 5591 3704 5638 statuere
3743 5597 3844 5637 au-

2340 5698 2362 5752 l
2421 5696 2590 5766 Epist.
2619 5713 2726 5764 Lvt,
2760 5696 2830 5752 al.
2863 5712 3015 5752 LXIX.

2305 5696 2389 5914 {2%
2418 5769 2642 5851 Dissert.
2675 5783 2728 5823 iv
2755 5767 3015 5842 Cypriani

2329 5839 2362 5894 5
2409 5839 2582 5910 Epist.
2610 5855 2720 5907 xvi,
2753 5842 2822 5897 al.
2857 5857 2908 5898 x.
2967 5905 2976 5914 λ

2329 5767 2386 5842 2)
2411 5769 2642 5842 Dissert.
2675 5783 2728 5823 tv
2755 5767 3094 5842 Cyprianica,
3130 5769 3158 5841 §
3189 5767 3280 5825 20.

2329 5839 2383 5910 5)
2409 5839 2582 5910 Epist.
2610 5855 2720 5907 xvi,
2753 5839 2908 5898 all’x.
