4218 6268
286 376 394 434 121

1175 378 1310 470 PliO
1348 379 1445 436 SS.
1494 379 1885 446 PERPETUA,
1917 379 2323 441 FELICITATE
2364 381 2453 438 ET
2490 380 2722 440 SOCllS.

3491 382 3595 439 19.2

283 501 474 562 debat,
503 499 599 554 nisi
625 498 907 554 Dominum
935 508 1088 554 antea
1121 499 1500 563 consuluisset.
1533 511 1584 554 ct
1604 501 1702 554 nisi
1722 499 1888 554 mani-
1917 499 1964 560 Α
2002 518 2020 552 ι
2057 516 2180 556 cum
2207 516 2275 557 ex
2299 501 2479 557 multis
2507 502 2646 568 aliis,
2679 510 2789 557 tum
2827 514 2894 557 ex
2923 515 2989 558 eo
3019 500 3159 573 quod
3192 501 3414 575 vestigia
3447 517 3596 574 quac-

287 595 436 651 festo
453 595 630 665 aliquo
660 593 860 648 indicio
881 592 1170 647 voluntatis
1201 593 1316 663 ejus
1346 595 1545 648 certior
1569 595 1736 649 factus
1761 595 1890 650 fuis-

288 701 414 755 set;
449 700 499 743 et
529 704 595 742 an
626 688 885 757 Perpetua
923 688 1266 743 montanismi
1299 695 1580 758 propterea
1607 686 1766 742 fuerit
1807 687 1889 742 in-

285 781 614 844 simulanda,
643 782 785 852 quod
809 782 924 851 ipsa
944 782 1106 836 etiam
1133 781 1326 836 divinis
1348 780 1764 838 revelatiouibus
1799 796 1888 836 as-

283 885 466 938 sueta,
487 875 674 930 eadem
699 873 891 929 tiducia
917 889 976 930 se
995 873 1267 945 gesserit?

357 986 497 1041 Vill.
528 986 702 1054 Quam
729 984 1037 1054 frequentes
1067 985 1118 1040 id
1145 986 1402 1056 temporis
1443 986 1694 1042 exhibitze
1744 1001 1883 1042 mar-

285 1079 495 1151 tyrihus
512 1079 712 1133 fuerint
742 1080 986 1134 cocleStes
1001 1080 1232 1133 visiones
1253 1093 1315 1134 ac
1330 1078 1656 1149 prophetica:
1674 1079 1886 1134 revela-

286 1173 489 1232 tiones,
512 1169 670 1226 tidem
697 1172 1083 1240 amplissimam
1114 1173 1311 1227 faciunt
1332 1173 1542 1227 sincera
1572 1188 1634 1228 ac
1651 1173 1885 1243 genuina

285 1281 414 1321 cum
437 1264 620 1319 Jacobi
648 1274 699 1318 et
730 1264 976 1331 Mariani,
1001 1277 1134 1327 etc.,
1166 1277 1276 1320 tum
1305 1267 1536 1321 Montani
1560 1276 1614 1321 et
1655 1267 1801 1322 Lucii
1825 1282 1888 1323 ac

285 1357 565 1414 sociorum
602 1367 902 1428 martyrum
935 1357 1091 1424 Acta,
1132 1358 1212 1412 his
1242 1359 1436 1414 referta
1471 1359 1781 1415 caelestibus
1809 1361 1888 1413 vi-

288 1452 538 1509 sionibus
567 1468 630 1507 ac
653 1451 979 1522 propheticis
1005 1451 1286 1507 vaticiniis.
1313 1451 1427 1506 Non
1468 1462 1552 1506 est
1600 1451 1729 1505 mihi
1769 1451 1887 1506 ani-

288 1563 413 1606 mus
472 1564 566 1603 eas
617 1548 706 1604 hic
755 1547 1072 1618 singillatim
1123 1544 1373 1601 referre:
1423 1553 1698 1615 oporteret
1743 1545 1886 1598 enim

293 1644 511 1714 integra
540 1641 712 1697 ferme
741 1643 872 1696 Acta
901 1639 1280 1704 transcribere,
1314 1654 1434 1708 qua:
1458 1636 1598 1707 apud
1636 1635 1887 1690 doctissi-

292 1751 445 1790 mum
477 1735 810 1789 Buinartium
850 1733 1018 1789 videri
1068 1730 1351 1788 commode
1403 1740 1642 1802 possunt.
1705 1728 1886 1786 Unum

295 1828 572 1883 dumtaxat
612 1843 683 1884 ex
711 1827 844 1882 actis
871 1827 1105 1881 Montani
1132 1825 1436 1896 exemplum
1469 1824 1710 1892 afferam,
1744 1823 1886 1893 quod

289 1925 355 1977 ad
391 1936 630 1993 pnes-ens
658 1933 1026 1991 argumentum
1059 1919 1277 1988 pr0pius
1302 1917 1532 1972 accedit.
1576 1915 1668 1970 His
1706 1925 1878 1970 autem

1996 1893 2239 1963 discipuli
2268 1891 2519 1948 diﬂ'uSttttt
2575 1907 2661 1948 cm

291 2015 477 2070 verbis
519 2015 572 2067 in
626 2013 755 2068 actis
797 2011 1117 2068 describitur
1145 2029 1159 2066 :
1192 2030 1210 2062 ι
1246 2009 1374 2065 Cum
1421 2018 1599 2064 autem
1640 2010 1748 2079 jam
1774 2024 1891 2063 car-

296 2106 448 2162 nifex
469 2106 785 2172 immineret,
816 2115 870 2160 et
897 2104 1102 2174 gladius
1129 2119 1290 2174 super
1317 2103 1557 2158 cervices
1584 2104 1702 2169 ejus
1730 2102 1886 2157 libra-

295 2209 384 2254 tus
412 2198 685 2268 penderet,
720 2197 973 2267 expansis
1003 2198 1088 2251 ille
1116 2196 1191 2269 (id
1238 2206 1322 2251 est
1346 2194 1650 2263 Montanus)
1682 2195 1747 2248 ad
1773 2209 1886 2249 ca:-

290 2290 398 2343 lttm
427 2289 688 2354 manibus,
715 2305 846 2344 voce
871 2289 1014 2344 clara
1036 2331 1048 2352 ,
1090 2290 1162 2342 ita
1189 2298 1244 2343 ut
1271 2304 1376 2343 non
1406 2297 1613 2343 tantum
1641 2287 1705 2341 ad
1729 2302 1888 2342 aures

287 2382 484 2454 plebis,
507 2382 601 2436 sed
633 2392 686 2436 et
702 2382 930 2451 gentiles
954 2395 1169 2451 quoque
1195 2381 1340 2449 ipsos
1380 2395 1546 2435 sonus
1571 2381 1718 2435 vocis
1761 2378 1888 2434 feri-

291 2489 400 2545 ret,
456 2478 623 2532 oravit
653 2492 846 2547 rogans
876 2485 930 2531 et
955 2475 1253 2546 deprecans
1278 2484 1335 2528 ut
1363 2474 1650 2529 Flavianus
1677 2474 1763 2543 qtti
1791 2489 1886 2543 per

289 2571 602 2643 suffragium
636 2571 814 2642 populi
843 2571 910 2628 de
932 2572 1186 2626 comitatu
1216 2586 1402 2626 eorum
1424 2581 1781 2634 remanserat,
1800 2584 1885 2624 se-

287 2674 546 2736 queretur
575 2665 665 2719 die
695 2665 870 2719 tertia.
897 2664 964 2719 Et
985 2679 1091 2730 quo
1117 2665 1293 2734 precis
1317 2678 1428 2717 sua:
1452 2662 1610 2717 Iidem
1636 2660 1835 2717 faceret
1866 2703 1881 2727 ,

287 2765 591 2818 manualem
617 2777 724 2832 quo
744 2761 930 2818 oculos
947 2761 1116 2817 fuerat
1143 2761 1338 2833 ligatus
1353 2763 1401 2814 in
1431 2769 1606 2831 partes
1627 2760 1760 2814 duas
1777 2758 1886 2816 dis-

285 2855 434 2919 cidit,
465 2866 518 2910 et
543 2857 704 2924 jussit
736 2853 958 2908 alteram
991 2855 1274 2920 reservari,
1310 2867 1412 2922 qua
1441 2851 1696 2906 Flaviano
1741 2851 1882 2906 oculi

289 2957 414 3018 post
433 2950 719 3003 crastinum
751 2949 1062 3019 ligarentur.
1098 2948 1202 3005 Sed
1234 2958 1287 3002 et
1315 2949 1368 3002 iu
1402 2948 1580 3002 medio
1609 2962 1794 3002 eorum
1829 2947 1881 3001 in

288 3054 420 3093 area
449 3039 616 3092 solum
640 3041 841 3095 servari
870 3040 1030 3108 jussit
1066 3081 1081 3106 ,
1119 3049 1175 3094 ut
1213 3055 1311 3095 nec
1336 3040 1624 3110 sepulturte
1659 3053 1882 3095 consor-

288 3131 366 3185 tio
395 3132 746 3198 privarentur.
778 3131 847 3186 Et
877 3132 1167 3202 perfectum
1195 3142 1278 3188 est
1325 3133 1425 3187 sub
1458 3134 1630 3189 oculis
1685 3133 1882 3189 nostris

287 3225 434 3298 quod
463 3227 723 3282 Dominus
749 3229 801 3283 in
836 3227 1134 3299 Evangelio
1159 3229 1464 3299 repromisit
1493 3271 1508 3292 ,
1543 3237 1600 3283 ut
1648 3230 1737 3299 qui
1770 3237 1878 3283 tota

1994 593 2114 648 dam
2133 610 2316 650 eorum
2348 607 2636 665 supersunt
2662 595 2801 666 apttd
2833 610 2948 662 eos,
2973 596 3062 667 qui
3105 596 3398 652 secundum
3431 597 3594 653 Verbi

1997 686 2327 740 voluntatem
2346 688 2547 744 vivunt.
2573 707 2590 739 ι
2613 687 2682 742 Ει
2696 688 2744 742 in
2763 687 2866 741 alio
2881 688 3119 757 ejusdem
3134 690 3460 759 operislibro
3475 689 3494 759 (
3508 689 3553 761 I)
3577 708 3592 746 :

2000 795 2018 828 ι
2053 776 2213 847 Signa
2267 788 2444 832 autem
2498 779 2730 846 Spiritus
2767 781 2936 835 sancti
3008 781 3160 835 initio
3198 781 3414 850 quidem
3460 781 3592 836 doc-

1995 870 2147 923 trinae
2170 869 2317 935 Jesu,
2343 882 2393 924 et
2418 881 2536 940 post
2557 872 2673 940 ejus
2697 873 3119 943 assumptionem
3151 873 3377 942 plurima
3411 885 3593 929 osten-

1993 973 2052 1014 sa
2083 969 2224 1025 sunt,
2251 959 2445 1014 deinde
2474 975 2606 1015 vero
2637 961 2909 1029 pauciora.
2939 961 3044 1017 Sed
3077 978 3132 1017 et
3163 978 3302 1016 nunc
3338 963 3504 1032 ipsius
3524 964 3590 1017 ad

1994 1065 2079 1104 me
2123 1051 2260 1119 apud
2290 1066 2485 1122 paucos
2529 1060 2744 1105 exstant
2779 1051 3022 1122 vestigia,
3053 1054 3142 1122 qui
3166 1053 3372 1107 animas
3392 1062 3444 1106 et
3475 1067 3594 1106 ver-

1993 1145 2060 1198 bo
2089 1152 2141 1198 et
2184 1144 2599 1212 congruentibus
2631 1144 2932 1199 actionibus
2984 1153 3366 1215 expurgarunt.
3400 1163 3419 1196 ι
3463 1144 3594 1198 Ves-

1993 1235 2117 1306 tigia
2147 1252 2275 1290 vero
2299 1252 2416 1306 qua:
2447 1246 2650 1303 essent,
2678 1237 2760 1291 his
2793 1238 3119 1292 luculentius
3141 1238 3320 1292 verbis
3351 1237 3592 1292 declarat

1995 1326 2073 1400 (Ξ)
2109 1345 2120 1379 :
2158 1346 2176 1378 ι
2217 1327 2520 1383 Etiamnum
2558 1329 2779 1398 vestigia
2806 1330 2977 1382 sancti
3009 1328 3153 1382 illius
3185 1328 3421 1398 Spiritus
3449 1328 3590 1397 apud

1990 1421 2320 1476 Christianos
2345 1434 2654 1493 supersunt.
2707 1423 3003 1478 Excantaut
3040 1423 3316 1479 daemones
3343 1466 3358 1488 ,
3397 1424 3592 1480 multas

1992 1516 2294 1569 curationes
2317 1513 2619 1585 perficiunt,
2675 1525 2727 1569 et
2774 1515 2959 1570 vident
3000 1515 3244 1586 qumdam
3290 1515 3588 1571 secundum

1993 1607 2320 1662 voluntatem
2355 1607 2548 1675 Verbi,
2598 1607 2665 1663 de
2717 1607 2927 1663 futuris.
2962 1627 2980 1660 ι
3039 1607 3116 1662 Et:
3173 1607 3367 1678 quibus
3412 1609 3592 1664 verbis

1991 1710 2203 1757 constat
2248 1701 2574 1757 uberrimum
2608 1701 2756 1756 illum
2805 1712 2858 1757 et
2906 1702 2961 1756 in
3009 1716 3218 1766 omnes,
3261 1710 3320 1756 ut
3367 1701 3435 1756 de
3478 1701 3592 1756 suis

1993 1798 2325 1868 temporibus
2345 1807 2571 1852 testatur
2596 1797 2852 1862 lrenaeus,
2890 1795 2980 1866 qui
3015 1795 3131 1850 veri
3153 1805 3337 1851 essent
3391 1795 3591 1850 Christi

2665 1892 2875 1947 Iestium
2921 1889 3308 1946 charismatum
3365 1887 3587 1955 fontem,

1994 1987 2094 2042 etsi
2123 2002 2224 2041 non
2249 1986 2460 2056 penitus
2497 1985 2815 2050 exaruisse”
2850 1999 2954 2038 non
3009 1998 3069 2036 ea
3105 1989 3283 2036 tamen
3334 1979 3589 2048 amplitu-

1993 2081 2117 2137 dine
2151 2091 2202 2135 et
2233 2081 2390 2153 copia
2421 2092 2539 2150 post
2566 2079 2782 2134 modum
2816 2079 3160 2133 exuberasse.
3187 2077 3358 2143 Quam
3404 2074 3591 2146 proxi-

1995 2190 2080 2230 me
2106 2183 2283 2229 autem
2307 2173 2373 2228 ad
2403 2172 2591 2228 lrentei
2609 2183 2860 2242 .tempora
2883 2169 3149 2241 Perpetua
3179 2179 3232 2224 et
3253 2168 3478 2224 Saturus
3502 2182 3592 2220 ac-

1991 2266 2294 2331 cedebant;
2339 2276 2444 2319 tam
2473 2265 2629 2337 longe
2658 2265 2724 2319 ab
2755 2265 2818 2318 iis
2841 2261 3170 2333 temporibus
3219 2262 3410 2334 quibus
3461 2276 3589 2316 suos

1990 2365 2250 2436 Origenes
2295 2363 2557 2418 adversus
2587 2359 2816 2417 Celsum
2851 2361 3015 2416 libros
3059 2360 3391 2416 elucubravit
3429 2360 3455 2430 -(
3489 2360 3589 2415 sub

1991 2457 2245 2512 Gordiani
2265 2456 2515 2511 nimirttm
2537 2465 2626 2509 aut
2649 2455 3014 2526 Philipporum
3048 2453 3294 2524 imperio,
3328 2462 3449 2524 post
3469 2453 3587 2507 lon-

1989 2566 2107 2621 gam
2140 2560 2192 2604 ct
2231 2548 2536 2603 diuturnam
2581 2547 2834 2601 Ecclesize
2874 2561 3059 2616 pacem
3109 2554 3346 2599 extrema
3393 2545 3586 2599 saltem

1988 2643 2236 2714 Cypriani
2269 2650 2508 2709 tempora
2538 2651 2591 2694 et
2620 2639 2903 2694 Montanus
2931 2637 3169 2708 sociique
3192 2647 3453 2707 martyres
3475 2638 3587 2692 dis-

1989 2735 2193 2789 tabant.
2252 2731 2407 2788 Unde
2457 2733 2501 2786 si
2555 2731 2690 2785 adeo
2734 2730 2934 2801 Spiritu
2989 2737 3177 2784 sancto
3234 2729 3422 2797 repleti
3463 2738 3588 2782 sunt

1987 2828 2157 2882 sancti
2187 2826 2464 2897 Martyres,
2493 2840 2614 2879 cum
2666 2824 2842 2892 aliqua
2874 2821 3440 2891 dumtaxatsignorum
3467 2819 3585 2889 ejus

1988 2917 2208 2988 vestigia
2232 2928 2600 2987 superessent,
2634 2928 2691 2973 ut
2743 2917 2860 2986 ejus
2915 2913 3461 2969 illustrationibusuti
3517 2914 3584 2969 ad

1986 3013 2267 3069 arbitrium
2299 3013 2630 3077 viderentur,
2655 3010 2778 3082 quid
2805 3011 3080 3075 mirantur,
3113 3009 3155 3064 si
3179 3007 3421 3063 eamdem
3451 3007 3584 3062 Pcr-

1987 3118 2161 3178 petttre
2191 3108 2270 3162 sui
2300 3107 2508 3177 copiam
2543 3106 2729 3161 fecerit
2761 3105 2996 3175 Spiritus
3035 3113 3272 3169 sanctus,
3313 3119 3419 3172 quo
3448 3111 3584 3157 tent-

1987 3217 2117 3272 pore
2151 3221 2168 3253 ι
2204 3216 2459 3257 numerus
2491 3216 2595 3256 non
2629 3208 2838 3271 poterat
2861 3199 2980 3254 iniri
3009 3197 3420 3263 charismatum,
3465 3212 3582 3266 qua:

285 3287 390 3375 fide
419 3329 642 3389 peteret,
673 3321 928 3392 quidquid
960 3287 1167 3391 peteret
1196 3287 1526 3390 impetraret.
1577 3287 1708 3376 Nam
1762 3332 1882 3392 post
1910 3287 1954 3352 C
1991 3312 2084 3368 per
2111 3305 2276 3352 totum
2308 3297 2565 3352 mundum
2592 3295 2831 3352 Ecclesia
2854 3309 2882 3348 a
2915 3293 3027 3349 Deo
3059 3289 3396 3364 recipiebat?
3433 3309 3451 3342 ι

285 3415 502 3469 biduum
531 3415 822 3470 Flavianus
849 3431 1061 3487 quoque
1093 3417 1404 3488 productus,
1465 3417 1694 3488 gloriam
1727 3433 1878 3473 suam

286 3509 533 3576 passione
564 3506 790 3577 perlicit.
833 3529 851 3561 ι
885 3508 1000 3563 Non
1033 3510 1202 3580 magis
1232 3509 1533 3564 mirandum
1557 3510 1880 3581 est,Perpe-

286 3611 426 3653 tuam
458 3601 688 3655 futuram
725 3612 848 3657 ante
881 3603 1020 3657 diem
1067 3605 1359 3658 crastinum
1393 3605 1634 3676 martyrii
1666 3605 1746 3661 Siti
1789 3622 1878 3662 re-

282 3693 606 3748 velatiouem
633 3695 1026 3762 prtenuntiasse
1058 3738 1071 3760 ,
1113 3712 1271 3766 quam
1303 3696 1610 3752 Montanum
1642 3697 1878 3753 futurum

284 3795 408 3855 post
435 3787 690 3853 triduum,
736 3787 982 3842 Flaviani
1014 3788 1327 3861 martyrium
1357 3805 1476 3844 esse
1505 3789 1874 3844 vaticina-tum.

281 3880 408 3949 Quo
432 3882 578 3935 enim
609 3884 915 3952 pr0phetico
956 3885 1144 3953 spiritu
1183 3892 1332 3938 actus
1379 3873 1661 3939 Montanus
1701 3886 1874 3954 petiit,

296 3993 315 4025 ‹
360 3983 414 4028 ut
444 3973 725 4030 Flavianus
745 3987 1058 4048 sequeretur
1082 3977 1169 4032 die
1196 3978 1370 4045 tertia,
1406 3997 1426 4030 ι
1452 3977 1642 4033 eodem
1676 3977 1878 4049 Perpe-

275 4077 365 4120 tua
413 4069 636 4139 rogavit,
671 4077 729 4123 ut
757 4072 851 4123 sibi
909 4083 1034 4126 ante
1077 4072 1374 4140 proximum
1432 4071 1571 4126 diem
1625 4071 1877 4126 ostende-

273 4176 442 4230 retur,
503 4165 749 4233 passiune
788 4164 962 4220 futura
1015 4174 1175 4232 esset,
1224 4181 1294 4220 an
1339 4173 1685 4220 commeatus.
1743 4164 1874 4219 Nam

279 4266 587 4325 utrumque,
617 4267 674 4312 ιιι
703 4259 887 4313 multis
919 4260 1313 4328 Scripturarutn
1342 4259 1609 4329 exemplis
1631 4273 1876 4327 comper-

277 4356 384 4401 tum
428 4357 531 4415 est,
562 4349 626 4403 ad
650 4351 896 4419 spiritum
930 4354 1158 4420 pertinet
1196 4351 1511 4422 propltetize,
1565 4360 1620 4407 et
1670 4351 1875 4408 futuros

273 4451 498 4498 eventus
543 4443 839 4514 praevidere
873 4487 886 4510 ,
919 4454 973 4499 et
1000 4455 1172 4501 certas
1212 4455 1527 4518 exspectare
1569 4445 1872 4503 futurorum

273 4549 562 4594 eventuum
591 4540 969 4595 revelationes.

2617 3409 2844 3469 CAPUT
2880 3409 2940 3464 γ.

1983 3549 2128 3589 NIHIL
2175 3548 2227 3588 IN
2274 3547 2570 3588 PERPETUB
2629 3543 3081 3586 BBVELATIONIBUS
3108 3543 3412 3592 CONTINERI,
3444 3541 3580 3592 QUOD

2054 3642 2106 3682 1N
2124 3641 2458 3683 CATHOLICAII
2485 3639 2774 3679 lARTYRl-JM
2802 3639 2904 3679 NON
2932 3637 3162 3677 APPBIIE
3188 3637 3504 3678 CONVENIAT.

2056 3745 2096 3799 Ι.
2133 3741 2254 3798 Non
2299 3743 2502 3797 dedecet
2550 3739 2809 3798 Christum
2866 3737 3141 3793 Demittunt
3198 3738 3418 3807 pastoris
3464 3753 3580 3793 om

1981 3837 2250 3907 ntulgeutis
2269 3837 2460 3907 ﬁgura.

2052 3929 2114 3984 ll.
2146 3928 2259 3994 Qua
2287 3930 2480 3984 ratione
2509 3944 2572 3982 ea:
2623 3928 2789 3996 prima
2823 3943 2917 3981 sua
2964 3923 3270 3980 rettelatione
3321 3921 3577 3993 Perpetua

1982 4033 2190 4075 mortem
2221 4021 2316 4075 sibi
2336 4022 2597 4074 imminere
2624 4020 2944 4073 intellexerit.

2051 4113 2139 4168 Ill.
2173 4113 2322 4167 Nihil
2342 4113 2549 4167 absurdi
2575 4113 2626 4164 in
2646 4113 2736 4164 illa
2767 4111 3069 4164 reuelatione
3095 4109 3340 4162 contineri
3360 4124 3458 4177 qua
3482 4107 3577 4160 sibi

1981 4204 2236 4274 Perpetua
2262 4204 2368 4258 visa
2405 4212 2476 4257 est
2504 4219 2618 4255 cum
2644 4201 2861 4255 Diabolo
2904 4200 2957 4252 in
3009 4199 3293 4251 masculum
3335 4211 3574 4250 conversa

1979 4297 2180 4353 luctari.

2051 4390 2139 4446 IV.
2171 4389 2356 4460 Inepta
2383 4388 2649 4460 Perpetutc
2689 4385 3047 4441 revelationum
3075 4398 3188 4436 cum
3227 4378 3569 4434 Mantattista.

1975 4503 2089 4541 rum
2111 4485 2500 4541 revelationibus
2529 4483 2859 4555 comparatio.

2047 4577 2110 4633 ν.
2185 4577 2320 4632 Visio
2366 4575 2638 4646 Perpetua:
2683 4576 2745 4630 dc
2794 4561 3068 4630 Dinocrate
3113 4573 3167 4628 in
3217 4574 3379 4645 poenis
3426 4590 3572 4629 cons-

345 4654 435 4708 IX.
487 4655 581 4708 Est
619 4662 796 4709 autem
848 4653 979 4707 illud
1023 4655 1162 4710 circa
1205 4655 1570 4723 prteeedentes
1599 4672 1722 4712 cum
1767 4657 1870 4730 Cy-
1898 4672 2147 4743 natura.

273 4746 452 4814 priuni
477 4787 491 4809 ,
521 4756 627 4800 tum
653 4761 960 4801 ceterorum
989 4756 1284 4818 martyrum
1310 4747 1546 4802 visiones
1570 4748 1868 4819 etprophe-

279 4839 386 4893 tica
420 4839 666 4892 vaticinia
684 4840 870 4894 sedulo
896 4838 1434 4894 animadvertendum
1464 4857 1476 4892 :
1505 4851 1754 4897 constare
1787 4842 1866 4895 in-

274 4943 357 4986 ter
386 4946 576 4985 (mines
607 4973 620 4996 ,
667 4930 1044 4985 charismatum
1091 4931 1299 5001 copiam
1340 4931 1660 5000 ampliorem
1705 4933 1864 5004 longe

271 5022 445 5078 fuisse
475 5022 622 5075 initio
669 5023 945 5087 Ecclesiae,
973 5037 1131 5092 quam
1173 5021 1560 5092 posterioribus
1604 5025 1861 5080 saeculis:

268 5115 408 5170 adeo
431 5126 483 5167 ut
511 5113 769 5185 Origenes
794 5115 883 5186 qui
918 5114 1118 5185 aliquot
1137 5116 1294 5169 annis
1333 5124 1458 5170 ante
1488 5115 1632 5172 Decii
1681 5132 1866 5187 perse-

265 5210 534 5261 cutionem
566 5207 734 5260 libros
763 5206 979 5275 scripsit
1006 5205 1263 5260 adversus
1293 5207 1530 5271 Celsum,
1573 5218 1760 5262 auctor
1777 5209 1866 5273 sit,

265 5300 539 5369 signorum
564 5299 800 5371 Spiritus
830 5299 998 5354 sancti
1029 5300 1251 5369 vestigia
1272 5299 1549 5355 dumtaxat
1574 5302 1713 5371 apud
1743 5318 1870 5371 pauo

264 5411 357 5449 cos
393 5411 602 5450 tuorum
638 5393 876 5448 candore
908 5393 1300 5462 praecellentes,
1332 5404 1385 5450 et
1410 5397 1499 5466 qui
1534 5411 1713 5450 mores
1743 5411 1872 5450 suos

264 5489 332 5541 ad
364 5486 638 5558 Evangelii
670 5500 913 5540 normam
936 5485 1212 5555 exigerent
1241 5484 1307 5539 ad
1329 5487 1467 5540 .Iia-c
1499 5493 1738 5555 tempora
1771 5501 1865 5539 su-

259 5578 530 5651 perfuisse
561 5597 572 5630 :
603 5588 886 5648 postquam
927 5578 1070 5633 enim
1102 5577 1235 5632 dixit
1268 5621 1283 5646 ,
1337 5579 1608 5634 miraculis
1653 5578 1865 5649 probari

262 5671 548 5724 veritatem
573 5668 866 5740 Evangelii,
903 5669 978 5724 ait
1021 5683 1084 5724 ea
1125 5683 1282 5741 posse
1335 5669 1690 5726 demonstrari
1717 5710 1734 5736 ,
1785 5667 1863 5743 (l)

335 5892 417 5966 ll)
457 5873 524 5946 ἑκ
551 5901 732 5950 πολλῶν
756 5902 839 5962 μὲν
874 5902 1028 5948 sum
1047 5935 1062 5962 ,
1095 5899 1174 5950 testi
1197 5903 1242 5951 ὰ
1265 5902 1346 5951 τρῦ
1393 5901 1499 5964 ἴχνη
1528 5898 1574 5949 δὲ
1617 5894 1634 5966 (
1661 5893 1695 5949 Γ.
1725 5891 1867 5968 τινὰ)

2051 4763 2135 4818 γι.
2190 4762 2438 4834 Basnagii
2483 4763 2725 4818 adversus
2791 4761 3091 4834 praedictam
3143 4760 3384 4815 visionem
3437 4761 3570 4831 ili/7i-

1972 4858 2205 4914 cullates.

2048 4950 2156 5005 ΠΙ.
2176 4949 2369 5004 Locum
2394 4949 2566 5015 illum,
2597 4950 2650 5002 in
2675 4966 2773 5021 quo
2801 4949 3123 5003 Dinocratem
3156 4946 3410 5017 Perpetua
3445 4948 3570 5000 vidit

1985 5043 2011 5115 ι’
2013 5044 2144 5098 uisse
2164 5046 2536 5114 purgator-ium.
2563 5043 2809 5113 Basnagii
2831 5041 3175 5096 cavillationes
3208 5039 3566 5092 retundantur.

1974 5185 2127 5237 αὐτῶν
2157 5189 2230 5236 ἔτι
2258 5185 2494 5245 σώζεσθαι
2522 5188 2651 5251 παρά
2689 5185 2787 5241 τοῖς
2816 5183 2940 5251 κατὰ
2970 5183 3024 5251 τὸ
3053 5183 3284 5248 pacta,“
3308 5183 3390 5230 τοῦ
3416 5184 3567 5245 Λόγςυ

1975 5260 2158 5322 βιοῦσι.
2185 5253 2359 5316 Lib.t,
2392 5267 2524 5322 page
2553 5249 2606 5315 5,
2640 5253 2782 5305 Edit.
2807 5249 3029 5303 Cantab.
3082 5293 3092 5298 _

2050 5323 2127 5393 (Ι)
2168 5329 2350 5390 Σημεῖα
2382 5318 2429 5377 δὲ
2459 5318 2543 5378 rei;
2567 5328 2706 5388 ἁγίου
2736 5327 3003 5393 [lyciam/fro;
3049 5318 3152 5372 κατ’
3187 5323 3339 5388 ἀρχὰς
3371 5327 3454 5387 μὶν
3480 5333 3566 5382 τῆς

1974 5392 2135 5453 Ἰηέοῧ
2169 5398 2490 5456 διδαπιαῖίσις.
2529 5400 2656 5462 μετὰ
2696 5397 2743 5446 δὲ
2785 5403 2871 5452 τὴν
2917 5392 3150 5456 ἀνείληφεν
3199 5394 3346 5443 αὐτοῦ
3379 5397 3566 5441 πλείονα,

1975 5470 2224 5529 iaci/.7970,
2262 5470 2452 5537 ὓστερθν
2480 5470 2528 5518 δὲ
2553 5472 2809 5526 (littora,
2848 5471 2973 5522 πλὴν
3003 5465 3082 5516 καὶ
3114 5467 3192 5515 νῦν
3219 5469 3291 5517 ἔτι
3313 5469 3418 5537 ipp
3439 5468 3565 5515 ἔστιν

1974 5542 2120 5591 αὗτςῦ
2145 5538 2255 5606 παρ’
2275 5534 2462 5608 ὀλίγόις,
2497 5541 2581 5597 τὰς
2603 5542 2863 5608 ψυχὰς-τῷ
2896 5543 3030 5606 Λόγῳ
3052 5541 3134 5590 καὶ
3159 5539 3262 5598 ταῖς
3296 5534 3564 5588 καττάὖτάν

1975 5617 2171 5678 πράξεσι
2194 5606 2559 5680 κεκαθάρμένως
2611 5606 2724 5662 Lib.
2748 5606 2855 5674 VII,
2886 5623 2937 5677 ι).
2967 5609 3090 5664 557.

2045 5685 2129 5748 (2)
2167 5685 2265 5734 Καὶ
2287 5688 2362 5734 ἔτι
2387 5686 2494 5747 ἴχνη
2518 5687 2600 5735 τσῧ
2622 5685 2759 5750 ἁγίου
2788 5686 2960 5734 ἐκείνου
2989 5684 3271 5746 [Iusti/rarae.
3290 5717 3325 5732 ..
3361 5714 3398 5729 ..
3427 5682 3562 5741 παρά

1974 5758 2262 5822 xyw-rmvet”;
2277 5762 2500 5816 σώζεται·
2525 5756 2800 5821 tamentam
2823 5756 3066 5820 δαίμονας,
3101 5761 3182 5803 καὶ
3212 5751 3388 5810 πολλὰς
3413 5752 3560 5806 ἰάσεις

1971 5830 2259 5891 ἐπιτελοῦσι,
2284 5829 2366 5879 καὶ
2393 5825 2532 5896 δρῶσί
2558 5847 2672 5896 τινχγ
2691 5832 2816 5880 κειτὰ
2835 5835 2890 5882 τὸ
2921 5829 3148 5896 βούλημα.
3171 5827 3251 5878 τοῦ
3280 5829 3433 5892 Λόγου
3453 5824 3559 5890 περὶ

1974 5897 2256 5964 μελλόντων.
2285 5896 2401 5953 Lib.
2429 5895 2470 5962 l,
2496 5909 2618 5966 pag.
2645 5895 2734 5951 5t.
2767 5943 2778 5965 λ
2825 5955 2831 5965 _
