4156 6282
209 364 320 433 125

1080 374 1218 437 PRO
1253 377 1350 439 SS.
1393 378 1781 449 PERPETUA,
1821 377 2229 438 FELICITATE
2270 381 2358 438 ET
2397 379 2630 438 SOCIIS.

3412 379 3518 442 1‘20

285 495 391 551 Sed
417 503 474 551 ut
502 503 615 567 apt;
641 503 698 552 τό
727 498 988 568 apicis,“
1029 497 1317 552 redeamus
1343 540 1358 561 ,
1393 500 1459 552 iis
1482 513 1602 567 rpite
1635 513 1666 551 a
1695 496 1819 552 viris
1847 497 1900 557 Α
1925 497 2042 561 dos,
2086 496 2178 551 sed
2224 498 2679 553 consun'nnandos
2734 500 3010 570 martyrio.
3058 497 3183 554 ":th
3229 497 3369 552 enim
3399 506 3519 568 post

217 585 545 644 doctissimis
587 598 843 644 aimotata
895 599 1024 645 sunt
1069 590 1200 644 illud
1249 591 1411 645 etiam
1460 591 1716 661 adﬁngo,
1767 591 1818 644 id

214 697 385 756 genus
409 681 701 752 imaginum
728 681 1075 739 Montanistis
1089 700 1194 738 non
1213 684 1505 739 admodmn
1529 685 1814 754 placuisse,

210 783 302 828 aut
333 775 384 828 in
408 788 508 828 usu
539 773 726 829 fuisse.
757 773 916 842 Quod
947 792 1012 830 ex
1059 776 1264 831 eisdem
1306 777 1616 832 Tertulliani
1642 778 1819 834 verbis

210 867 660 923 manifestissime
685 869 920 939 colligo:
959 889 977 920 ι
1014 870 1332 933 Proccdant,
1360 873 1550 940 inqttit,
1584 872 1712 940 ipsa!
1735 871 1818 940 pi-

211 973 378 1016 cturaa
408 962 642 1017 calicum
676 971 979 1017 vestrorum
1014 981 1034 1014 ι
1067 981 1079 1016 :
1109 979 1216 1016 non
1247 965 1320 1017 ait
1362 975 1648 1018 nostrorum
1668 1006 1682 1029 ,
1724 964 1819 1017 sed

211 1066 514 1118 vestrorum,
545 1053 598 1108 id
627 1064 734 1115 est.
763 1069 884 1124 qua:
902 1057 1072 1123 vobis,
1105 1071 1210 1110 non
1237 1065 1413 1111 autem
1446 1057 1691 1122 nobis,in
1719 1071 1817 1125 usu

215 1157 364 1201 Sunt.
395 1146 463 1200 Et
486 1145 732 1215 eiusdem
781 1148 905 1202 libri
955 1149 1130 1215 capite
1165 1147 1415 1202 decimo:
1454 1166 1474 1198 ι
1509 1148 1604 1203 Cui
1654 1148 1744 1201 ille
1775 1148 1817 1202 si

215 1239 355 1294 forte
410 1240 840 1307 mtrociuabitur
866 1249 1052 1310 pastor
1074 1256 1234 1308 quem
1261 1241 1313 1293 in
1342 1239 1510 1295 calice
1549 1240 1816 1310 depingis,

217 1334 628 1403 prostitutorem
662 1343 718 1388 ct
742 1332 916 1395 ipsum
944 1333 1220 1388 christiani
1250 1333 1594 1399 sacramenti,
1627 1335 1820 1388 merito

220 1437 271 1481 et
293 1426 576 1480 ebrietatis
602 1425 828 1493 idolum,
855 1435 909 1480 et
933 1427 1181 1484 mtecbite
1208 1427 1416 1499 asylum
1447 1437 1565 1497 post
1596 1426 1816 1481 caliCem

223 1520 611 1584 subsecutum,
643 1520 832 1590 dequo
851 1521 984 1574 nihil
1008 1521 1260 1576 libentius
1283 1522 1455 1584 bibas,
1476 1537 1633 1591 quam
1661 1537 1816 1576 ovem

228 1612 558 1678 paenitentiae
590 1610 858 1666 secundae.
903 1611 971 1666 Αι
1006 1627 1109 1682 ego
1159 1611 1279 1683 ejus
1308 1614 1542 1683 pastoris
1589 1615 1819 1682 scriptu-

231 1717 346 1758 ram
383 1703 593 1768 baurio,
619 1704 706 1774 qui
733 1722 838 1757 non
865 1713 1042 1772 potest
1069 1706 1257 1775 frangi.
1300 1724 1317 1756 ι
1349 1704 1582 1759 Rursum
1618 1721 1721 1759 non
1743 1707 1819 1759 ait

234 1814 252 1848 r
281 1812 438 1866 quem
478 1797 532 1850 in
564 1796 728 1851 calice
756 1795 1127 1867 depingimus,
1155 1816 1174 1848 ι
1204 1797 1296 1852 sed
1331 1817 1350 1849 ε
1377 1813 1536 1868 quem
1572 1799 1621 1851 in
1651 1799 1818 1852 calice

1923 590 2169 659 superius
2209 589 2474 658 descripta
2526 591 2708 656 verba,
2736 592 2804 646 ibi
2835 590 3133 646 subdantur
3163 607 3174 642 :
3212 609 3228 642 t
3265 589 3329 644 Et.
3355 591 3507 644 retuli

1924 684 2100 736 statim
2138 682 2286 736 fratri
2320 685 2430 751 (qui
2463 699 2655 753 nempe
2687 685 2830 738 illam
2862 696 3175 753 rogaverat,
3207 693 3265 738 ttt
3303 684 3514 738 ostendi

1923 775 2027 829 sibi
2085 774 2340 829 divinitus
2397 787 2610 830 curaret
2637 819 2650 837 ,
2683 777 3002 831 moriturioe
3043 785 3243 840 essent,
3286 792 3352 830 an
3382 771 3514 831 sali'i

1923 868 2253 936 emittendi).
2288 878 2338 921 et
2368 869 2730 922 intelleximus
2759 870 3060 938 passionem
3088 884 3207 924 esse
3257 867 3513 933 futuram,

1924 969 1978 1015 et
2008 963 2272 1030 coepimus
2293 961 2491 1015 nullam
2520 963 2623 1030 jam
2649 977 2797 1031 spem
2832 962 2882 1015 in
2914 962 3111 1015 sa-culo
3132 961 3345 1014 habere.
3367 961 3518 1016 Unde

1924 1063 2102 1107 autem
2163 1054 2211 1106 id
2257 1055 2664 1129 intellexerint..,
2721 1055 2914 1108 merito
2963 1053 3377 1124 quteritur.F.go
3403 1056 3519 1108 exi-

1924 1145 2105 1209 stimo,
2139 1145 2263 1197 inde
2307 1146 2448 1215 quod
2498 1147 2548 1199 in
2599 1147 2807 1200 visione
2847 1147 3192 1200 adttmbratus
3236 1161 3360 1216 erga
3391 1146 3518 1200 Per-

1924 1247 2140 1306 petuam
2174 1237 2306 1290 ritus
2360 1237 2530 1292 fuerat
2561 1238 2913 1293 Eucharistite
2959 1237 3361 1292 ministrandm:
3397 1253 3516 1308 qua:

1925 1345 2047 1384 cum
2080 1331 2363 1385 ltOliSsltttO
2421 1340 2546 1386 tunc
2607 1346 2702 1386 usu
2734 1333 2847 1386 dari
2892 1332 3090 1386 soleret
3134 1333 3198 1386 iis
3230 1345 3361 1400 quos
3393 1345 3513 1386 cer-

1925 1434 2034 1478 tum
2096 1434 2212 1479 erat
2263 1425 2408 1479 brevi
2466 1427 2795 1492 morituros,
2852 1438 2997 1481 recte
3048 1425 3097 1479 id
3148 1427 3411 1496 Perpetua
3465 1435 3518 1481 et

1924 1520 2090 1588 ipsius
2139 1518 2306 1574 frater
2345 1521 2680 1590 interpretati
2733 1530 2878 1583 sunt,
2935 1530 2992 1575 ut
3044 1520 3395 1590 signiﬁcatam
3445 1536 3513 1576 eo

1923 1615 2038 1667 risu
2068 1611 2435 1668 C(meSsOI'Illll
2487 1629 2609 1668 mox
2637 1627 2940 1668 secuturam
2969 1629 3154 1669 net-em
3183 1615 3518 1669 arbitraren-

1924 1713 2028 1758 tur.
2080 1705 2234 1759 Ritus
2287 1707 2647 1777 perceptionis
2678 1707 3032 1760 Eueharistiae
3081 1722 3146 1759 eo
3169 1705 3516 1761 adumbratos

1923 1800 2181 1863 cernitur,
2206 1800 2349 1869 quod
2407 1802 2558 1870 quasi
2613 1800 2848 1854 bucceila
2896 1800 3170 1870 Perpetua:
3207 1801 3512 1871 porrigitur,

224 1889 498 1958 depingis.
542 1908 561 1941 ι
610 1889 874 1944 Prii-terea
901 1929 915 1952 ,
963 1889 1104 1953 piam
1153 1889 1292 1944 hanc
1353 1889 1616 1960 picturam
1671 1899 1826 1945 vocat
1855 1895 1902 1954 B
1930 1893 2068 1962 quod
2102 1907 2219 1948 eam
2247 1895 2358 1963 ipsa
2398 1895 2590 1963 accipit
2631 1896 2831 1954 junctis
2859 1896 3125 1960 manibus,
3158 1894 3298 1963 quod
3323 1892 3517 1947 deinde

234 2001 254 2034 ‹
286 1981 571 2037 ebrietatis
595 1979 792 2035 idolum
821 1992 876 2037 et
913 1982 1157 2037 tumebit!)
1186 1983 1415 2054 asylum.
1454 2002 1472 2034 ι
1509 1982 1657 2037 Adeo
1684 1998 1819 2037 con-

228 2073 529 2129 tumeliosis
563 2074 732 2129 verbis
757 2090 874 2129 eam
899 2075 1119 2130 minime
1149 2075 1513 2144 proscidisset,
1542 2078 1585 2130 si
1614 2075 1820 2129 Molita.

226 2167 381 2223 nistis
406 2182 620 2238 quoque
648 2167 699 2221 in
727 2183 825 2222 usu
850 2166 1060 2231 fuisset,
1089 2183 1260 2237 eaque
1289 2182 1440 2222 saera
1474 2183 1601 2222 vasa
1632 2183 1826 2222 ornas-

223 2271 344 2316 sent
359 2260 562 2315 Christi
589 2260 910 2331 excipiendo
930 2262 1174 2330 sanguini
1199 2259 1488 2315 destinata.
1516 2259 1668 2316 Unde
1693 2276 1824 2316 con-

225 2353 434 2421 jectura
488 2351 705 2414 existit,
763 2351 1042 2406 catholicis
1085 2353 1278 2406 ritibus
1327 2363 1596 2406 aSsuetatn
1655 2354 1823 2408 fuisse

227 2443 569 2510 Perpetuam,
594 2460 717 2514 qua:
747 2444 1018 2500 Christum
1049 2445 1444 2500 Eueharistiam
1468 2445 1694 2511 sibi,aut
1720 2444 1826 2500 Eu-

226 2535 503 2590 charistiz
532 2537 834 2607 symbolum
881 2537 1295 2602 ministrantem,
1326 2537 1428 2592 sub
1467 2538 1700 2608 pastoris
1730 2536 1828 2591 ha-

220 2625 324 2683 bittt
358 2629 599 2698 aspexit.

289 2720 568 2776 Praeterea
600 2722 646 2776 si
679 2720 926 2775 Christus
974 2722 1206 2792 pastoris
1246 2721 1481 2791 speciem
1509 2721 1826 2792 dedignatus

220 2829 322 2871 non
347 2825 465 2880 est,
494 2814 589 2871 sed
613 2830 735 2869 eam
773 2816 876 2870 sibi
908 2827 1013 2870 tam
1043 2818 1353 2886 frequenter
1377 2817 1822 2882 accommodavit,

222 2923 321 2965 cur
344 2910 581 2978 pastoris
602 2908 780 2963 officia
809 2909 1220 2980 dedignaretur,
1255 2911 1394 2966 inter
1419 2927 1539 2980 qua:
1567 2926 1673 2964 non
1706 2911 1828 2963 ulti-

222 3017 390 3058 muna
423 3000 585 3057 locum
620 3011 768 3057 tenet
789 3018 918 3058 oves
947 3003 1221 3072 mulgere?
1245 3005 1324 3056 An
1351 3003 1620 3057 Christum
1659 3003 1827 3073 magis

221 3095 452 3152 dedecet
515 3099 627 3152 iure
673 3097 867 3167 figura,
911 3111 1066 3165 quam
1118 3097 1202 3151 illa
1247 3097 1460 3166 gallina:
1489 3097 1663 3167 pullos
1701 3110 1828 3152 suos

224 3193 320 3247 Sub
371 3193 500 3247 alas
542 3192 923 3261 coiigregantis
949 3232 965 3254 ,
1011 3190 1338 3261 eosdemque
1386 3190 1636 3254 foventis,
1666 3205 1824 3260 quam

1927 1987 2185 2052 comedit,
2225 1986 2698 2042 circumstantibus
2727 1990 2896 2042 Amen
2920 1986 3355 2041 acclamantibus.
3387 1985 3518 2054 Qua:

1926 2081 2106 2133 omnia
2154 2082 2207 2134 in
2243 2079 2596 2134 EuchariStize
2627 2080 2755 2134 olim
2782 2079 3178 2134 ministratione
3209 2080 3367 2132 solita
3398 2092 3516 2132 ser-

1924 2174 2034 2226 vari
2095 2183 2272 2228 nonus
2313 2184 2394 2228 est
2439 2192 2468 2228 e
2511 2174 2742 2244 plurium
2777 2174 3116 2242 antiquorum
3169 2171 3514 2235 testimoniis,

1929 2276 1983 2320 et
2015 2267 2182 2320 sancti
2219 2269 2512 2334 praesertim
2569 2265 2836 2320 Ambrosii
2864 2308 2876 2327 ,
2901 2280 3058 2335 quam
3087 2275 3142 2318 ttt
3163 2263 3516 2318 demonstrari

1927 2359 2166 2428 pluribus
2213 2374 2350 2427 opus
2395 2360 2483 2413 sit.
2518 2361 2675 2414 Certe
2702 2360 2768 2413 de
2813 2375 2910 2413 usu
2943 2359 3314 2412 Africanarum
3343 2358 3520 2412 eccle-

1927 2451 2125 2504 siarum
2158 2451 2501 2518 peculiariter
2519 2459 2728 2504 constat
2753 2492 2766 2514 ,
2799 2452 2986 2505 solitas
3013 2466 3103 2504 eas
3127 2450 3517 2504 Eucltaristiam

1928 2545 2234 2599 ministrare
2284 2544 2689 2598 confessoribus
2719 2545 2769 2597 in
2814 2544 3055 2615 martyrii
3086 2544 3360 2613 procint-tu
3389 2557 3520 2597 con-

1928 2637 2162 2692 stitutis:
2196 2636 2355 2705 idque
2407 2640 2472 2692 ita
2530 2637 2894 2692 necessarium
2944 2637 3231 2690 arbitratas
3277 2650 3428 2699 esse,
3464 2644 3522 2688 ut

1929 2732 2052 2786 inde
2101 2740 2476 2800 argumenttnn
2527 2733 2857 2800 sumpserint
2901 2730 3168 2784 scribendi
3199 2728 3262 2782 ad
3315 2730 3514 2783 Cornea

1929 2826 2058 2880 liutn
2088 2841 2223 2879 rom.
2258 2823 2592 2892 pontificem,
2626 2837 2788 2877 tnantt
2820 2822 3032 2892 quidem
3061 2831 3113 2876 et
3159 2821 3365 2876 calamo
3397 2835 3520 2874 san-

1929 2921 1998 2974 cti
2026 2919 2302 2990 Cypriani,
2352 2920 2568 2974 nomine
2610 2928 2785 2972 autem
2815 2916 3040 2971 aliorum
3075 2930 3286 2986 quoque
3315 2923 3519 2983 septem

1929 3022 1982 3066 et
2006 3011 2220 3080 triginta
2267 3011 2648 3079 episc0porum
2705 3009 3101 3072 Africanorum,
3138 3017 3191 3060 ut
3221 3008 3356 3076 aequi
3389 3021 3521 3059 con-

1930 3105 2150 3170 suleret,
2180 3105 2404 3174 gratiam
2451 3102 2564 3157 ﬁeri
2596 3103 2723 3171 legis
2751 3102 2895 3170 prius
2927 3100 3149 3153 sancitte
3186 3099 3252 3152 de
3276 3113 3383 3152 non
3428 3097 3521 3151 ad-

1929 3198 2207 3253 mittendis
2243 3213 2494 3267 umquam
2532 3196 2596 3250 ad
2638 3195 2891 3250 Ecclesim
2919 3204 2969 3250 et
2998 3193 3350 3248 Eucharistia:
3375 3206 3524 3246 com-

223 3285 650 3358 benignissimus
691 3287 970 3351 Dominus,
1013 3287 1190 3355 captui
1214 3299 1272 3339 se
1303 3293 1490 3340 nostra
1517 3300 1823 3339 accommo-

1929 3293 2236 3347 munionetn
2281 3293 2343 3346 iis
2390 3293 2476 3361 qui
2530 3292 2693 3346 semel
2728 3292 2777 3345 in
2808 3290 3180 3360 persecutione
3222 3288 3355 3358 lapsi
3391 3287 3521 3340 fuis-

228 3378 380 3443 dans,
409 3381 644 3434 minime
694 3380 901 3447 reSpuit
925 3379 949 3434 ?
976 3379 1042 3433 Et
1064 3393 1194 3432 sane
1234 3378 1536 3433 imminenti
1567 3378 1826 3448 martyrio

225 3472 627 3541 praefigurando
653 3471 796 3526 nulla
829 3471 999 3543 magis
1026 3470 1375 3541 apta-ﬁgura,
1408 3485 1566 3539 quam
1598 3470 1826 3539 pastoris

225 3578 349 3619 ores
371 3565 695 3634 mulgentis.
727 3563 840 3633 Qua
885 3565 1030 3620 enim
1061 3565 1334 3619 alacritate
1389 3574 1570 3632 pastor
1598 3579 1628 3618 e
1658 3579 1827 3617 mam—

228 3657 329 3710 mis
359 3659 547 3712 ovium
592 3657 676 3711 lac
727 3656 1024 3727 exprimit,
1076 3656 1261 3710 eadem
1286 3671 1317 3710 e
1340 3656 1492 3709 venis
1531 3665 1824 3727 martyrum

230 3750 558 3816 sanguinem
575 3748 818 3806 Christus
839 3749 1014 3805 bonus
1040 3759 1218 3818 pastor
1231 3749 1462 3818 excepit.
1660 3730 1674 3742 ’

311 3841 374 3897 ΙΙ.
411 3843 571 3896 Circa
597 3843 874 3898 secundam
927 3842 1295 3898 difficultatem
1329 3857 1492 3912 pauca
1526 3843 1640 3898 htcc
1669 3844 1830 3898 habet

225 3933 372 3989 idem
405 3932 499 3989 Cl.
540 3933 842 3990 Holstenius
873 3952 885 3988 :
918 3954 938 3986 ι
976 3933 1139 3990 Multa
1187 3935 1292 3990 dici
1345 3946 1560 4005 possent
1615 3936 1681 3990 de
1727 3951 1826 3990 usu

218 4027 372 4081 laetis
395 4038 456 4082 et
507 4027 684 4083 mellis
733 4028 1030 4100 symbolice
1059 4028 1460 4084 catechumenis
1501 4029 1615 4082 dari
1646 4030 1824 4093 solito,

218 4134 279 4174 ex
309 4120 621 4192 Hesychia,
651 4121 705 4173 in
734 4120 976 4175 Exodum
1007 4137 1124 4190 pag.
1155 4121 1281 4189 257,
1321 4131 1377 4176 et
1407 4121 1740 4176 Tertulliano
1761 4123 1828 4178 de

217 4211 456 4276 Corona,
493 4227 625 4282 pag.
671 4212 792 4278 t2i,
826 4212 966 4269 Edit.
1002 4213 1220 4283 Rigalt.,
1255 4215 1341 4267 ubi
1373 4213 1497 4268 dicit
1535 4231 1546 4265 :
1581 4214 1753 4270 Laetis
1776 4225 1830 4271 et

215 4307 391 4361 mellis
417 4307 781 4363 concordiam
814 4318 1221 4380 praegustamus.
1246 4308 1378 4365 Vide
1406 4305 1823 4381 Albaspintcuin,

215 4395 288 4452 lib
317 4414 377 4461 tt,
403 4399 702 4456 Observat.
736 4399 940 4454 ultima.

289 4494 402 4549 Sed
430 4496 521 4550 his
560 4496 736 4548 multo
753 4495 899 4564 plura
929 4495 1074 4550 addit
1097 4495 1147 4550 in
1170 4495 1591 4566 Paralipomenis
1614 4497 1678 4552 ad
1703 4497 1832 4553 Hol-

215 4589 378 4640 stenii
429 4597 594 4644 notas
632 4588 826 4643 Petrus
871 4589 1164 4653 Pessinus,
1193 4605 1418 4658 quaetpte
1470 4591 1629 4644 etiatn
1661 4591 1830 4660 magis

1930 3396 2070 3449 sent,
2106 3385 2354 3454 quoniam
2390 3392 2514 3437 tunc
2544 3385 2698 3438 exiis
2743 3383 2892 3436 multi
2929 3383 2978 3436 in
3008 3380 3380 3453 paenitentiam
3422 3393 3522 3432 nu-

1929 3492 2081 3532 mero
2113 3477 2320 3546 scripti,
2352 3492 2379 3530 a
2409 3477 2566 3531 novis
2593 3475 3026 3544 persecutoribus
3073 3473 3518 3543 periclitarentur,

1929 3577 2004 3635 et,
2035 3578 2091 3623 ut
2118 3583 2205 3623 res
2230 3585 2287 3624 se
2337 3569 2621 3636 habebant,
2639 3569 2784 3623 brevi
2815 3583 2914 3638 pro
2957 3565 3154 3621 Citriin
3191 3565 3525 3620 confessione

1931 3661 2284 3716 interficiendi
2311 3662 2624 3716 viderentur
2653 3679 2666 3722 ς
2701 3660 2893 3729 quibus
2925 3660 2975 3712 in
3011 3659 3290 3728 procinctu
3341 3656 3525 3725 agonia

1933 3756 2143 3825 positis,
2172 3755 2425 3824 denegari
2472 3765 2788 3808 enttsueltttn
2814 3752 3063 3805 viaticum
3097 3751 3340 3820 corporis
3367 3747 3524 3802 Chri-

1931 3848 1996 3901 sti
2018 3847 2176 3900 nimis
2203 3854 2318 3900 erat
2367 3846 2740 3898 inhumanum.
2774 3844 2848 3897 Ex
2894 3844 2994 3898 hac
3022 3842 3267 3912 epistola,
3296 3854 3414 3908 qme
3441 3853 3500 3892 se

1931 3938 2104 3992 cunila
2134 3937 2223 3992 lib.
2259 3937 2442 4005 tapud
2487 3935 2812 4005 Cyprianum
2858 3944 2978 3998 est,
3030 3933 3272 4002 quardatn
3321 3930 3527 3984 adscri-

1932 4032 2076 4090 bam,
2115 4030 2178 4083 ad
2206 4029 2366 4083 fidem
2395 4030 2469 4082 rei
2493 4043 2651 4097 quam
2686 4035 2978 4080 tractamus
3007 4023 3300 4078 faciendam
3335 4037 3527 4086 Oppor—

1934 4134 2056 4179 tuna
2096 4145 2108 4178 :
2140 4141 2158 4174 t
2188 4123 2290 4177 Sed
2342 4137 2463 4176 cum
2491 4163 2504 4182 ,
2532 4121 2796 4190 inquiunt,
2843 4117 3114 4172 rideamus
3151 4116 3292 4169 diem
3344 4129 3527 4168 rursus

1931 4216 2149 4270 alterius
2193 4213 2545 4268 infestationis
2580 4212 3006 4281 appropinquare
3036 4207 3287 4276 coepisse,
3329 4213 3383 4259 et
3411 4219 3529 4258 cre«

1932 4310 2044 4366 bris
2076 4317 2233 4380 atque
2263 4307 2490 4362 assiduis
2518 4305 2915 4361 ostensionibus
2939 4302 3349 4366 admoneamur,
3381 4307 3436 4354 ut
3460 4298 3526 4352 ad

1933 4413 2227 4467 certamen,
2259 4399 2398 4470 quod
2457 4399 2607 4452 nobis
2661 4397 2832 4451 hostis
2894 4395 3102 4456 indicit,
3134 4395 3332 4448 armati
3358 4401 3410 4447 et
3438 4407 3529 4461 pa-

1933 4496 2033 4550 rati
2065 4497 2276 4549 simus:
2333 4493 2541 4563 plebem
2598 4493 2760 4546 etiam
2817 4489 2972 4544 nobis
3017 4489 3197 4543 divina
3223 4486 3530 4557 dignatione

1933 4588 2274 4643 connnissam
2314 4585 2778 4641 exhortationibus
2823 4584 3025 4638 nostris
3060 4595 3447 4653 pra-paremus,
3477 4587 3532 4632 et

219 4677 527 4732 conferunt
555 4681 620 4734 ad
666 4680 980 4733 solvendam
1008 4680 1274 4749 objectam
1329 4682 1482 4736 nobis
1511 4697 1539 4734 a
1572 4682 1834 4751 Basnagio
1858 4683 1910 4741 D
1937 4695 2126 4736 omnes
2169 4681 2389 4735 omnino
2430 4680 2627 4733 milites
2653 4678 2854 4733 Christi
2903 4679 2989 4747 qui
3023 4692 3169 4731 arma
3197 4674 3526 4737 desiderant,

219 4768 622 4826 difficultatem:
651 4791 670 4825 ι
693 4771 846 4827 Etde
873 4781 1170 4837 caseo,etc.
1196 4792 1214 4825 ι
1246 4773 1323 4827 Ad
1353 4773 1466 4827 haec
1488 4773 1828 4842 verba,qnod

217 4873 481 4917 notatum
539 4865 592 4919 in
646 4866 911 4920 llolstenii
965 4865 1185 4920 schedia
1211 4867 1385 4935 reperi
1429 4867 1497 4922 de
1529 4867 1664 4922 lacte
1686 4877 1832 4922 cate-

218 4956 517 5012 chumenis
544 4958 660 5013 dari
691 4960 871 5023 solito,
900 4975 1004 5013 non
1051 4959 1248 5013 sufficit
1287 4958 1352 5012 ad
1381 4961 1701 5014 sententiam
1728 4959 1830 5014 loci

216 5050 636 5116 declarandam,
668 5061 724 5106 et
776 5052 879 5105 alia
917 5052 999 5104 his
1035 5050 1410 5120 adjuncturum
1441 5051 1604 5107 fuisse
1649 5059 1842 5107 aucto-'

212 5157 359 5208 rem,
390 5145 438 5197 si
471 5144 723 5198 ultimam
758 5145 880 5198 huic
906 5145 1056 5214 operi
1106 5160 1324 5198 manum
1364 5145 1625 5213 potuisset
1656 5147 1827 5216 impu-

215 5251 374 5299 nere,
405 5236 660 5290 declarat
682 5237 915 5306 spatium
947 5252 1094 5306 parte
1128 5237 1331 5292 charta:
1361 5237 1430 5290 ab
1459 5253 1524 5292 eo
1553 5238 1608 5293 in
1637 5239 1832 5292 adver-

213 5331 399 5394 sariis,
453 5337 586 5398 post
613 5327 726 5383 ha-c
752 5345 869 5398 qua:
899 5329 1278 5397 descripsimus
1328 5339 1525 5383 sanctae
1556 5330 1834 5398 l'erpetute

214 5423 410 5484 verba,
443 5421 725 5487 relictum,
755 5422 956 5476 ultimis
1003 5421 1253 5476 videlicet
1297 5421 1440 5475 curis
1483 5420 1831 5490 extvlendum.

220 5513 632 5580 Explicandin
663 5515 873 5570 scilicet
915 5513 1174 5579 restabat,
1205 5513 1474 5583 quomodo
1494 5530 1560 5569 ex
1591 5515 1687 5570 hac
1711 5529 1836 5584 por-

229 5604 502 5660 rectione
543 5604 780 5661 buccellae
809 5620 908 5676 per
930 5605 1100 5659 visum
1157 5605 1489 5670 ministratus,
1514 5617 1829 5674 experrecta

237 5692 595 5751 intellexerit
634 5708 811 5752 sancta
865 5697 1123 5766 Perpetua
1148 5737 1163 5764 ,
1215 5697 1447 5767 itemque
1490 5697 1654 5752 frater
1690 5697 1828 5768 ejus,

225 5799 537 5864 postquam
567 5787 610 5839 ei
637 5805 748 5845 rem
781 5791 1035 5858 narravit,
1058 5790 1408 5862 significatum
1438 5791 1714 5855 divinitus,
1738 5808 1832 5848 eos

225 5886 326 5956 qui
359 5894 601 5938 carcere
622 5882 981 5940 attinebantur
1027 5897 1359 5955 nequaquam
1413 5883 1538 5943 inde
1561 5884 1834 5946 dimitten-

1936 4785 1989 4831 et
2015 4775 2251 4845 pra-lium
2271 4775 2532 4842 flagitant,
2566 4776 2700 4826 intra
2727 4784 2899 4826 castra
2933 4770 3141 4825 Domini
3172 4766 3483 4837 colligamus
3513 4781 3526 4828 ;

1938 4867 2264 4922 necessitate
2315 4874 2541 4935 cogente
2585 4865 2894 4920 censuimus
2921 4863 2998 4916 eis
3043 4862 3132 4924 qui
3170 4858 3236 4912 de
3288 4857 3524 4911 Ecclesia

1939 4958 2147 5013 llomini
2182 4973 2288 5012 non
2320 4965 2694 5019 recesserunt,
2729 4955 2822 5009 sed
2867 4952 3231 5021 ptenitentiam
3262 4963 3443 5018 agere,
3477 4955 3527 5001 et

1933 5051 2245 5114 lamentari,
2301 5065 2361 5101 ac
2413 5050 2698 5101 Dominum
2750 5045 3082 5114 deprecaria
3125 5041 3298 5111 primo
3349 5041 3528 5108 lapsus

1935 5147 2016 5201 sui
2046 5145 2133 5198 die
2186 5160 2290 5197 non
2341 5143 2681 5203 destiterunt,
2712 5155 2894 5210 pacem
2927 5136 3156 5191 dandam
3183 5149 3324 5201 esse,
3353 5143 3405 5188 et
3435 5149 3528 5186 eos

1937 5236 2002 5290 ad
2036 5234 2277 5304 prtclium
2323 5232 2465 5300 quod
2505 5233 2747 5285 imminet
2790 5230 2986 5283 armari
3034 5237 3088 5283 et
3131 5227 3323 5282 instrui
3372 5239 3532 5294 opor-

1938 5337 2067 5381 tere.
2089 5325 2184 5378 »Ει
2207 5324 2364 5394 paulo
2392 5335 2512 5391 post
2545 5337 2558 5375 :
2591 5325 2690 5376 «At
2717 5337 2842 5376 vero
2865 5337 3010 5376 nunc
3038 5335 3141 5374 non
3169 5315 3529 5381 inflrntis,sed

1937 5419 2166 5474 fortibus
2197 5431 2302 5487 pax
2331 5417 2629 5469 necessaria
2662 5426 2765 5482 est,
2796 5429 2896 5469 nec
2922 5412 3296 5478 morientibus,
3325 5410 3417 5464 sed
3451 5410 3530 5464 vi-

1937 5510 2186 5565 ventibus
2239 5510 2659 5565 communicatio
2686 5529 2714 5566 a
2744 5511 2899 5566 nobis
2945 5507 3120 5564 danda
3166 5515 3276 5570 est,
3303 5515 3359 5558 ut
3398 5517 3534 5573 quos

1938 5605 2237 5660 excitamus
2263 5614 2314 5658 et
2341 5605 2700 5660 exhortamur
2729 5605 2792 5660 ad
2850 5604 3115 5675 prtulium,
3143 5616 3248 5654 non
3297 5599 3535 5652 inermes

1935 5707 1988 5755 et
2019 5698 2188 5755 nudos
2221 5699 2624 5769 relinquamus,
2672 5699 2767 5755 sed
2822 5696 3157 5770 protectione
3194 5689 3441 5760 corporis
3485 5698 3546 5744 et

1936 5793 2215 5867 sanguinis
2241 5791 2438 5850 Christi
2469 5793 2776 5848 muniamus
2810 5811 2823 5848 :
2857 5801 2906 5848 et
2940 5805 3064 5844 cum
3095 5787 3164 5843 ad
3185 5786 3286 5840 hoc
3317 5782 3413 5840 fiat
3440 5782 3527 5838 Eu

1941 5888 2238 5964 charistia,
2281 5896 2340 5945 ut
2384 5888 2554 5966 possit
2598 5885 2992 5959 accipientibus
3033 5896 3158 5941 esse
3196 5877 3386 5948 tutela,
3420 5886 3582 5954 quos
