4218 6268
579 416 684 476 127

580 629 863 685 dominicae
897 626 1188 682 saturitatis
1233 641 1524 682 armemus.
1557 627 1689 683 Nam
1719 626 1988 697 quomodo
2016 625 2178 681 doce—

581 735 704 776 mus
728 728 821 774 aut
853 732 1206 787 provocamus
1227 734 1322 774 eos
1349 719 1402 773 in
1426 717 1768 774 confessione
1796 718 2029 772 nominis
2054 732 2178 771 san-

580 813 796 883 guinem
827 827 981 865 suum
1031 809 1277 878 fundere,
1319 813 1362 866 si
1385 811 1465 867 eis
1494 811 1802 866 militaturis
1821 811 2019 865 Christi
2047 825 2175 864 san-

580 907 798 978 guinem
829 905 1192 975 denegamus?
1216 906 1322 960 Aut
1346 905 1617 976 quomodo
1642 905 1707 959 ad
1743 906 1984 977 martyrii
2016 919 2179 974 pocu-

581 997 693 1054 lum
745 997 969 1054 idoneos
1001 997 1246 1066 facimus,
1279 999 1321 1052 si
1352 1015 1458 1053 non
1505 1013 1600 1054 eos
1624 1003 1690 1053 ad
1721 998 2008 1054 bibendum
2034 998 2179 1069 prius

581 1094 637 1150 in
680 1093 921 1150 Ecclesia
963 1095 1214 1165 poculum
1247 1095 1492 1168 Domini,
1505 1097 1625 1166 jure
1677 1092 2180 1152 communicationis

581 1189 965 1245 admittimus?
1017 1188 1290 1259 Siquidem
1335 1189 1437 1262 (ut
1458 1189 1731 1259 aliquanto
1763 1197 1884 1258 post
1939 1183 2177 1254 additur)

582 1283 810 1337 idoneus
837 1296 959 1336 esse
1008 1297 1114 1335 non
1155 1292 1330 1351 potest
1361 1282 1426 1336 ad
1477 1282 1817 1353 martyrium,
1847 1279 1934 1349 qui
1992 1279 2058 1332 ab
2087 1277 2184 1332 Ec-

585 1376 750 1431 clesia
799 1390 906 1429 non
959 1382 1197 1429 armatur
1251 1374 1318 1428 ad
1350 1375 1589 1442 praelium
1635 1381 1735 1429 :et
1779 1385 1930 1426 mens
1964 1368 2178 1436 'delicit,

585 1483 744 1540 quam
791 1483 896 1522 non
926 1476 1144 1535 recepta
1175 1466 1510 1522 Eucharistia
1541 1467 1698 1536 erigit
1723 1476 1777 1520 et
1804 1462 2102 1520 accendit.»

657 1561 784 1616 Haec
834 1575 954 1616 esse
985 1577 1090 1614 non
1143 1559 1324 1614 abnuo
1368 1559 1629 1630 praéclare
1658 1568 1819 1627 atque
1856 1557 2061 1626 optime
2088 1571 2182 1608 cx-

585 1653 840 1724 cogitata,
864 1662 921 1708 et
946 1669 1063 1723 qua:
1090 1653 1298 1723 possint
1320 1650 1566 1722 Basnagii
1595 1649 1847 1718 scrupulo
1874 1646 2184 1718 pleniSsime

585 1745 921 1813 satisfacere,
941 1745 1117 1815 aliqua
1169 1754 1347 1799 tamen
1399 1744 1646 1812 adjiciam
1677 1741 1761 1797 Cl.
1786 1741 1903 1796 viro
1945 1757 2051 1795 non
2082 1741 2182 1794 ob—

587 1849 800 1894 servata
829 1855 950 1908 quae
977 1852 1194 1892 Oillllcm
1221 1837 1290 1890 ab
1335 1835 1439 1890 hoc
1466 1836 1586 1890 loco
1603 1833 1957 1890 oﬂ‘ettsionem
2002 1848 2182 1888 remo-

1741 416 2191 476 l)lSSERTATlO
2229 416 2707 474 APOLOGETICA

583 544 727 592 tutos
751 548 872 592 esse
921 540 1104 588 contra
1149 530 1518 588 adversarium
1548 533 1814 601 volumus,
1841 534 2176 588 munimento
2203 536 2256 594 Α

3779 413 3882 472 128

2352 533 2437 593 ill.
2473 535 2708 590 Alteram
2741 533 3024 605 Perpetuos
3051 533 3315 589 visionem
3357 533 3408 589 in
3460 533 3716 590 invidiam
3744 534 3877 589 Bas-

2282 629 2470 699 nagius
2517 637 2671 683 vocat
2716 627 2801 682 his
2851 627 3077 684 verbis:
3111 646 3131 680 ‹
3189 627 3490 684 Notabilius
3541 628 3695 694 illud,
3735 631 3883 701 quod

2281 735 2398 790 cap.
2426 720 2513 784 Ill,
2543 719 2646 792 §2,
2674 719 2936 790 Perpetua
2956 731 3156 776 narrat.
3189 740 3211 772 ι
3242 721 3427 776 Exivit
3452 722 3668 793 quidam
3691 729 3881 778 contra

2281 811 2586 884 Egyptius,
2618 811 2794 868 foedus
2841 812 3042 882 Specie,
3099 828 3220 867 cum
3273 812 3616 882 adjutoribus
3641 814 3754 868 suis
3781 830 3886 884 pu-

2279 917 2538 975 guaturus
2567 921 2795 960 mecum.
2824 904 3059 960 Veniunt
3087 915 3142 960 et
3171 903 3236 960 ad
3269 921 3355 960 me
3378 905 3756 962 adolescentes
3783 907 3880 960 de-

2281 997 2415 1061 cori,
2447 997 2722 1065 adjutores
2748 1007 2801 1052 et
2852 996 3109 1052 favitores
3136 997 3240 1052 mei
3271 1015 3284 1050 :
3315 1007 3370 1052 et
3397 999 3692 1070 exspoliata
3737 1013 3879 1069 sum,

2282 1099 2336 1145 et
2363 1090 2499 1143 facta
2550 1105 2670 1144 sum
2727 1090 3016 1144 masculus.
3053 1109 3071 1143 ι
3106 1090 3358 1146 Procedit
3380 1091 3544 1162 igitur
3569 1107 3690 1147 eum
3714 1091 3885 1164 Egy-

2282 1183 2395 1253 ptio
2422 1183 2487 1238 ad
2510 1199 2744 1255 pugnam
2778 1184 3040 1253 Perpetua
3073 1199 3206 1239 sexu
3238 1194 3467 1251 mutato,
3497 1185 3736 1240 victoriae
3761 1201 3883 1256 prc-

2285 1276 2414 1330 tium
2459 1285 2743 1346 acceptura
2776 1295 2794 1328 ‹
2825 1293 3032 1332 ramum
3067 1277 3315 1341 viridem,
3348 1279 3399 1332 iu
3429 1294 3537 1348 quo
3562 1291 3718 1334 erant
3741 1282 3881 1336 mala

2283 1382 2465 1422 aurea.
2492 1368 2557 1422 Et
2581 1368 2734 1438 petiit
2783 1368 3057 1424 silentium
3089 1378 3142 1423 et
3179 1369 3316 1424 dixit
3349 1386 3361 1422 :
3390 1369 3490 1426 Hic
3518 1369 3807 1443 Aigyptius
3836 1375 3884 1429 si

2286 1459 2423 1514 hanc
2452 1460 2660 1525 vicerit,
2704 1459 2915 1516 occidet
2956 1461 3103 1514 illam
3157 1460 3381 1532 gladio;
3417 1471 3470 1516 et
3498 1463 3542 1516 si
3567 1461 3711 1518 hunc
3739 1465 3883 1520 vice-

2286 1553 2376 1619 rit,
2414 1553 2642 1622 accipiet
2673 1569 2878 1608 ramum
2904 1557 3085 1608 istum.
3114 1554 3182 1609 Et
3204 1555 3446 1611 recessit.
3479 1555 3547 1610 Et
3561 1557 3885 1614 accessimus

2286 1645 2352 1699 ad
2385 1645 2613 1700 invicem
2641 1687 2656 1710 ,
2705 1655 2761 1701 et
2789 1647 3052 1718 coepimus
3095 1648 3308 1702 mittere
3356 1663 3584 1718 pugnos.
3617 1648 3709 1705 llle
3751 1651 3884 1706 mihi

2289 1737 2452 1807 pedes
2480 1737 2889 1807 apprchendere
2928 1739 3224 1809 quaarebat,
3249 1755 3352 1811 ego
3393 1751 3574 1797 autem
3615 1742 3690 1796 illi
3721 1743 3886 1798 calci-

2289 1829 2386 1884 bus
2416 1829 2603 1886 faciem
2628 1831 2922 1887 caedebam.
2963 1852 2982 1886 ›
3019 1832 3268 1889 Harccine
3289 1845 3414 1889 sunt
3444 1835 3647 1906 Spiritu
3675 1836 3880 1894 Sancto

585 1932 810 1989 vebunt.
843 1931 1024 1986 Primo
1053 1931 1232 2001 itaque
1257 1931 1509 1993 observo,
1538 1929 1712 1984 simile
1735 1928 1863 1999 quid
1895 1940 2182 1982 occurrere
2214 1929 2260 1989 Β
2287 1923 2446 1994 digna
2475 1926 2498 1978 ?
2545 1925 2820 1983 Similiane
2871 1927 3147 1999 prephetis
3179 1931 3367 1986 obtulit
3400 1948 3650 2003 umquam
3675 1934 3698 1987 ?
3723 1934 3883 1988 Scili-

587 2025 642 2080 in
671 2025 820 2079 Actis
844 2025 1014 2079 sancti
1035 2022 1265 2093 Philippi
1292 2023 1528 2093 episc0pi
1558 2021 1921 2086 Heraclensis,
1966 2027 2022 2074 et
2042 2035 2184 2074 mar-

589 2119 745 2190 tyris,
781 2117 835 2172 in
865 2117 1058 2186 quibus
1089 2117 1317 2190 Hermes
1343 2116 1460 2186 ejus
1489 2116 1748 2170 diaconus
1795 2113 1886 2184 qui
1929 2128 2030 2168 una
2061 2128 2183 2166 cum

587 2211 705 2282 ipso
731 2210 1045 2280 martyrium
1074 2225 1170 2281 per
1213 2188 1389 2282 ignem
1412 2209 1804 2264 coiisutnmavit
1823 2249 1837 2275 ,
1868 2223 2052 2264 necem
2083 2207 2186 2263 sibi

589 2313 740 2360 certo
779 2314 1020 2374 paratam
1065 2319 1186 2360 esse
1233 2303 1354 2368 hac,
1395 2303 1468 2357 uti
1499 2312 1700 2370 narrat,
1731 2301 2063 2358 revelatione
2087 2316 2184 2356 co-

589 2396 776 2467 gnovit
798 2393 874 2465 (1)
910 2411 924 2452 :
958 2415 976 2448 ι
1007 2394 1119 2450 Hoc
1146 2409 1232 2449 me
1277 2409 1579 2464 passurum,
1612 2394 1720 2447 Deo
1743 2408 1805 2447 ac
1827 2392 2184 2461 Dominojam

589 2498 716 2546 ante
735 2489 1110 2546 aununtiaute.
1130 2503 1486 2559 cognoveram
1510 2487 1840 2543 revelatione
1861 2487 2183 2542 certissima.

589 2580 724 2636 Nam
758 2596 880 2637 cum
927 2580 1071 2635 dulci
1103 2596 1298 2651 sopore
1343 2580 1627 2635 devinctus
1649 2579 1910 2649 jacerem,
1936 2579 2187 2634 columba

590 2674 724 2731 mihi
753 2677 864 2730 visa
905 2685 988 2730 est
1014 2677 1170 2729 niveo
1201 2673 1435 2728 candore
1457 2671 1755 2744 perlucida,
1784 2671 2089 2726 cubiculum
2120 2671 2188 2724 il-

593 2767 688 2824 lud
745 2768 1014 2838 ingressa,
1067 2767 1246 2822 subito
1293 2768 1344 2822 in
1401 2763 1578 2820 medio
1617 2764 1791 2835 capite
1831 2763 2186 2819 consedisse:

591 2877 710 2933 quae
736 2871 791 2918 et
818 2862 942 2918 inde
989 2861 1320 2917 descendens
1348 2861 1399 2916 in
1432 2870 1638 2930 pectus,
1668 2874 1819 2914 escas
1844 2858 1970 2912 mihi
2000 2858 2191 2927 gratis-

596 2954 718 3009 simi
759 2954 863 3008 cibi
896 2953 1152 3019 offerens,
1187 2952 1367 3006 statim
1397 2951 1624 3023 cognovi
1644 2951 1786 3021 quod
1816 2967 1900 3005 me
1933 2951 2190 3005 Dominus

594 3058 788 3100 vocare
817 3045 1067 3116 dignatus
1097 3053 1198 3109 est,
1233 3055 1285 3099 et
1321 3043 1538 3112 dignum
1589 3042 1776 3098 habuit
1823 3043 2086 3113 passione.
2129 3062 2148 3095 ι

669 3137 921 3193 Secundo
952 3137 1206 3200 observo,
1252 3153 1357 3192 non
1398 3137 1578 3193 dicere
1622 3137 1942 3207 Perpetuam
1985 3151 2044 3191 se
2084 3135 2192 3190 fra-

597 3241 842 3301 tremque
869 3246 1025 3285 suum
1057 3246 1121 3285 ex
1154 3230 1266 3285 sola
1300 3230 1552 3287 buccellae
1572 3229 1911 3300 porrectione
1939 3229 2016 3301 (ut
2054 3228 2191 3283 Pos-

2287 2027 2369 2072 cet
2397 2032 2458 2073 ea
2481 2018 2590 2072 visa
2621 2029 2744 2073 sunt
2773 2019 2965 2090 quibus
2995 2036 3204 2076 sacrum
3234 2023 3400 2079 Joelis
3446 2027 3886 2082 accommodetur

2287 2112 2586 2167 oraculum.
2618 2111 2851 2166 Montani
2900 2113 3075 2182 potius
3104 2114 3348 2170 redolent
3375 2116 3640 2172 officinam
3673 2120 3885 2175 somnia

2289 2203 2576 2273 ejusmodi,
2607 2206 2834 2260 ecstasis
2864 2205 2979 2276 ejus
3029 2206 3298 2262 simillima
3325 2249 3339 2276 ,
3368 2224 3467 2280 qua
3514 2209 3882 2267 Tertullianus

2289 2295 2480 2366 probat
2505 2298 2738 2352 animam
2770 2313 2890 2354 esse
2911 2301 3053 2356 aerei
3075 2301 3272 2358 coloris
3295 2311 3349 2359 et
3373 2303 3558 2359 forma:
3585 2320 3682 2377 per
3697 2309 3881 2362 omnia

2289 2387 2560 2444 humanae.
2611 2409 2628 2440 ι

2363 2481 2483 2536 Tria
2509 2490 2636 2538 sunt
2679 2483 2860 2554 igitur,
2890 2502 3010 2554 qua:
3055 2488 3321 2558 prtecipue
3371 2489 3424 2543 in
3477 2489 3576 2546 hac
3607 2491 3886 2563 Perpetuae

2290 2574 2501 2629 visione
2550 2574 2872 2646 Basuagium
2921 2578 3173 2635 videntur
3201 2580 3494 2636 offendere.
3530 2581 3585 2638 1°
3613 2582 3704 2638 Illa
3729 2600 3888 2640 sexus

2294 2669 2346 2722 in
2371 2668 2631 2738 Perpetua
2663 2672 2916 2738 mutatio;
2947 2671 3006 2726 2°
3032 2672 3282 2728 Victoria:
3336 2675 3560 2743 pretium
3592 2692 3776 2732 ramus
3806 2678 3890 2732 vi-

2294 2761 2422 2815 ridis
2475 2777 2596 2817 cum
2649 2765 2805 2817 malis
2850 2765 3060 2831 aureis;
3118 2765 3175 2821 5°
3227 2765 3395 2824 Lucta
3437 2766 3716 2839 Perpetua:
3770 2785 3890 2825 cum

2293 2852 2789 2927 Egyptio.Adh:ec
2817 2856 3023 2926 singula
3047 2870 3332 2929 antequam
3363 2861 3738 2931 respondeam,
3763 2863 3891 2918 illud

2293 2947 2589 3016 generatim
2621 2946 2818 3016 dicam,
2849 2949 3107 3019 plurimas
3159 2967 3266 3008 non
3300 2953 3460 3008 modo
3484 2970 3603 3025 quae
3635 2956 3687 3009 in
3719 2957 3892 3010 since-

2295 3039 2368 3093 ris
2397 3049 2688 3112 martyrum
2712 3041 2856 3096 Actis
2874 3051 2929 3096 et
2949 3053 3256 3099 sanctorum
3281 3045 3537 3113 historiis,
3554 3047 3779 3117 aliiSque
3810 3048 3894 3102 in—

2295 3133 2470 3188 dubia:
2496 3135 2614 3189 fidei
2646 3138 3027 3202 monumentis,
3056 3139 3147 3194 sed
3181 3139 3233 3193 in
3261 3142 3427 3195 sacris
3447 3156 3663 3212 quoque
3693 3143 3891 3197 utrius-

2296 3242 2400 3296 que
2428 3227 2754 3284 Testamenti
2806 3229 2955 3284 libris
2997 3242 3366 3296 recensentur,
3391 3233 3626 3289 visiones
3648 3249 3711 3289 ac
3739 3250 3896 3290 reve-

604 3325 726 3380 sino
748 3333 802 3378 et
850 3331 1034 3393 postea
1073 3323 1333 3394 Basuagio
1379 3324 1551 3378 visum
1584 3322 1686 3394 cst)
1717 3338 1838 3376 mox
1888 3330 2190 3376 secuturam
2221 3327 2264 3389 ο
2301 3318 2527 3375 lationes
2576 3323 2904 3391 contemptui
2934 3338 3092 3392 posse
3140 3340 3203 3378 ac
3232 3325 3464 3381 ludibrio
3496 3327 3649 3382 facile
3675 3329 3892 3399 exponi,

601 3430 788 3472 necem
840 3415 1194 3471 intellexisse.
1228 3416 1417 3471 Omnia
1465 3431 1584 3485 qua:
1629 3414 1854 3477 viderat,
1887 3412 2035 3467 fratri
2069 3413 2197 3467 Pcr-

601 3519 764 3581 petua
820 3509 1046 3564 retulit:
1083 3509 1251 3563 multo
1282 3518 1458 3563 autem
1515 3507 1741 3561 clariora
1787 3507 1937 3577 signa
1990 3505 2198 3560 viderat

601 3602 794 3658 futura:
819 3603 1108 3673 passionis;
1138 3619 1201 3659 ex
1246 3602 1436 3674 quibus
1467 3601 1649 3672 quidni
1699 3602 1895 3656 clarius
1917 3599 2192 3654 intellexe-

600 3699 728 3766 rint,
754 3718 772 3751 ι
798 3700 1098 3769 passionem
1131 3712 1252 3753 esse
1272 3695 1501 3751 futuram
1527 3697 1549 3750 ?
1579 3714 1598 3746 ι
1633 3695 1852 3750 Viderat
1880 3693 2075 3748 scalam
2098 3710 2196 3747 au-

599 3805 748 3846 ream
781 3791 931 3846 mirte
979 3787 1364 3859 magnitudinis
1399 3788 1784 3857 pertingeutem
1809 3785 2060 3855 usquead
2087 3800 2198 3840 coe-

601 3883 734 3949 lum,
761 3891 816 3937 et
845 3883 896 3936 iu
935 3884 1188 3936 lateribus
1228 3879 1388 3933 scalae
1433 3870 1593 3932 amne
1620 3893 1788 3948 genus
1833 3877 2193 3932 ferramento-

599 3990 721 4030 rum
765 3975 1007 4028 inlixmu.
1051 3975 1216 4028 Erant
1273 3971 1345 4025 ibi
1395 3971 1580 4041 gladii,
1603 3971 1823 4035 lanceae,
1875 3969 2037 4034 hami,
2087 3985 2202 4024 ma-

604 4069 818 4124 clucrze.
856 4066 1075 4122 Viderat
1125 4065 1226 4120 sub
1267 4065 1379 4135 ipsa
1411 4064 1554 4119 scala
1595 4063 2199 4135 draconemcubautem

605 4141 758 4217 mira:
786 4157 1186 4231 magnitudinis,
1211 4161 1301 4227 qui
1354 4156 1768 4211 ascendentibus
1796 4152 2016 4209 insidias
2044 4167 2200 4222 para-

607 4255 697 4310 bat
727 4263 781 4307 et
809 4253 1136 4313 exterrebat,
1191 4265 1258 4303 ne
1298 4248 1676 4304 accuderent.
1708 4246 1928 4301 Viderat
1951 4245 2203 4301 Saturum

607 4345 1020 4409 ascendentem,
1054 4343 1105 4396 in
1133 4352 1293 4410 caput
1327 4340 1488 4394 scala:
1538 4340 1966 4409 pervenientem,
2000 4348 2053 4390 et
2082 4336 2207 4390 inde

609 4453 669 4493 se
710 4437 871 4490 etiam
901 4433 969 4488 ad
1020 4447 1305 4485 ascensqu
1349 4430 1687 4483 invitantem.
1739 4427 1959 4482 Viderat
2001 4442 2058 4480 se
2084 4440 2206 4479 cum

610 4530 845 4599 primum
891 4526 1050 4580 scala:
1100 4523 1324 4594 gradum
1349 4523 1636 4587 calcasset,
1669 4530 1831 4592 caput
1875 4521 2034 4575 etiam
2069 4519 2210 4574 illius

611 4619 865 4676 draconis
913 4618 1230 4672 calcantem.
1284 4615 1504 4671 Viderat
1551 4615 1781 4685 denique
1825 4613 2098 4669 Christum
2153 4615 2205 4668 in

2299 3411 2342 3464 si
2372 3412 2483 3482 ipsa
2507 3428 2602 3484 per
2630 3429 2750 3470 sese
2777 3416 3018 3487 symbola
3048 3429 3379 3487 spectentur.
3402 3429 3454 3475 et
3481 3435 3586 3474 non
3617 3436 3801 3475 eorum
3831 3421 3898 3476 ad

2300 3522 2388 3561 res
2443 3507 2650 3563 divinas
2699 3519 2752 3564 et
2779 3511 3123 3581 incorporeas
3157 3522 3314 3582 σχέσις
3351 3523 3406 3568 et
3450 3513 3723 3568 habitudo.
3779 3514 3897 3569 lino

2302 3611 2407 3653 non
2449 3598 2501 3654 in
2527 3600 2825 3657 visionibus
2853 3611 3062 3658 tantum
3101 3613 3157 3660 et
3202 3606 3426 3662 internis
3457 3605 3897 3675 revelationihus,

2301 3693 2395 3748 sed
2443 3695 2493 3748 in
2519 3695 2817 3751 actionibus
2846 3713 3057 3768 quoque
3107 3695 3430 3769 propheiicis
3468 3707 3520 3754 et
3576 3699 3711 3769 legis
3743 3714 3900 3754 ecre-

2304 3787 2496 3842 mouiis
2523 3787 2687 3842 multa
2712 3800 2855 3854 sunt,
2887 3807 3007 3857 qua:
3033 3792 3158 3846 vani
3180 3801 3233 3847 et
3258 3793 3475 3862 superbi
3505 3779 3753 3848 homines
3778 3807 3902 3847 cum

2302 3881 2412 3935 risu
2443 3882 2569 3935 olim
2617 3892 2962 3951 exceperunt,
3017 3894 3070 3939 et
3125 3886 3418 3941 etiamnum
3471 3885 3739 3953 derident,
3763 3886 3907 3958 quod

2305 3989 2397 4028 eas
2426 3990 2520 4043 per
2557 3989 2678 4032 sese
2716 3985 3027 4046 spectarunt
3084 3993 3181 4033 nec
3227 3979 3292 4033 ad
3335 3994 3517 4034 carum
3544 3979 3798 4052 mysticas
3820 3995 3910 4033 ra-

2308 4067 2482 4122 tiones
2509 4069 2872 4125 attenderunt.
2893 4069 3046 4126 Unde
3070 4069 3264 4126 factum
3297 4082 3401 4136 est,
3428 4082 3486 4127 ut
3500 4089 3617 4144 qua:
3639 4062 3756 4127 aliis
3777 4073 3906 4140 Spi-

2309 4157 2413 4213 ritu
2443 4163 2638 4228 sanCto
2659 4163 2874 4231 indigna
2897 4204 2910 4226 ,
2946 4162 3121 4233 inepta
3153 4173 3206 4217 et
3238 4164 3466 4219 ridicula
3491 4166 3602 4219 visa
3639 4173 3782 4230 sunt,
3817 4165 3909 4218 alii

2313 4250 2500 4307 honori
2532 4265 2585 4308 et
2615 4253 2954 4308 admirationi
2998 4255 3316 4320 habuerint,
3359 4265 3412 4312 et
3453 4273 3663 4312 summa
3688 4273 3916 4314 venera-

2313 4343 2458 4397 tione
2481 4346 2746 4411 prosecuti
2770 4346 2894 4412 sint,
2919 4346 3059 4416 quod
3089 4347 3160 4401 illi
3191 4347 3393 4402 scilicet
3409 4362 3514 4402 non
3545 4348 3678 4403 ultra
3703 4349 3752 4404 id
3771 4349 3915 4420 quod

2313 4434 2563 4488 sensibus
2586 4436 2854 4504 objectum
2905 4447 3010 4503 est,
3043 4441 3278 4493 animum
3314 4439 3667 4508 intenderint,
3701 4441 3755 4496 hi
3787 4457 3917 4496 vero

2315 4527 2536 4582 latentia
2580 4545 2793 4601 quoque
2824 4532 2874 4586 in
2910 4532 3057 4588 hisce
3089 4531 3269 4600 figuris
3315 4534 3570 4605 mysteria
3620 4535 3917 4589 seduloin-

2313 4619 2726 4688 vestigaverint.
2758 4621 2812 4676 ld
2854 4624 2998 4694 quod
3042 4625 3202 4680 etiam
3231 4623 3474 4680 videmus
3505 4625 3556 4681 in
3607 4626 3709 4682 hac
3747 4628 3919 4682 inter-

613 4714 802 4770 habitu
849 4713 1080 4782 pastoris
1125 4726 1253 4767 oves
1313 4709 1639 4780 mulgcutem
1666 4750 1681 4774 ,
1727 4719 1835 4765 etc.
1871 4710 2060 4762 Annon
2094 4707 2210 4764 haec
2238 4722 2288 4784 D
2318 4714 2574 4781 pretanda
2641 4715 2921 4785 Perpetua:
2989 4717 3318 4774 revelatione
3383 4719 3693 4790 contigisse.
3763 4718 3918 4788 Quod

615 4807 796 4861 omnia
849 4806 999 4875 signa
1031 4812 1187 4858 erant
1237 4810 1502 4859 secutura:
1548 4801 1699 4856 necis
1730 4800 2210 4855 manifestissima?

614 4900 722 4956 Cur
748 4915 876 4970 ergo
908 4898 1174 4963 volumus,
1206 4912 1270 4952 ex
1300 4897 1412 4952 sola
1439 4895 1782 4964 porrectione
1809 4894 2061 4949 buccella:
2084 4910 2212 4948 san-

616 5005 734 5051 ctos
764 5002 1031 5065 martyres
1085 4990 1414 5046 intellexisse
1451 4989 1554 5043 sibi
1606 4998 1836 5042 mortem
1887 4988 2215 5044 imminere?

616 5087 897 5159 Subjuugit
953 5083 1190 5156 quidem,
1235 5093 1292 5136 ut
1335 5082 1592 5136 Possinus
1643 5081 1917 5145 observat,
1951 5090 2072 5150 post
2127 5079 2215 5134 illa

616 5184 802 5244 verba,
836 5199 854 5232 ‹
894 5188 947 5235 et
975 5179 1043 5234 de
1064 5193 1246 5244 caseo,
1272 5175 1414 5248 quod
1444 5174 1734 5244 mulgebat,
1772 5183 1903 5238 etc.,
1942 5193 1962 5226 ›
1993 5172 2216 5243 subjun—

617 5278 714 5348 git,
747 5277 986 5344 inquam,
1017 5273 1275 5342 Perpetua
1311 5288 1322 5322 :
1364 5289 1384 5323 ‹
1413 5271 1476 5326 Et
1501 5269 1660 5324 retuli
1681 5269 1861 5324 statim
1889 5266 2039 5323 fratri
2072 5281 2215 5332 meo,

623 5381 671 5425 et
707 5369 1067 5426 intelleximus
1099 5367 1403 5437 passionem
1432 5379 1554 5420 esse
1600 5362 1857 5418 futuram.
1891 5381 1910 5414 ι
1940 5365 2006 5417 At
2029 5377 2220 5432 quem-

630 5459 919 5517 admodum
951 5475 1056 5512 non
1099 5457 1150 5512 id
1184 5467 1386 5511 tantum
1437 5457 1620 5511 retulit
1663 5455 1812 5510 fratri
1862 5455 2001 5524 quod
2032 5456 2220 5508 ultimo

626 5556 747 5611 loco
775 5553 1002 5619 viderat,
1041 5552 1235 5622 porrigi
1267 5565 1459 5619 nempe
1481 5549 1584 5604 sibi
1613 5549 1912 5605 bttccellam
1940 5549 2114 5615 lactis,
2147 5549 2220 5603 ita

625 5663 730 5703 non
759 5662 826 5704 ex
853 5645 956 5700 hoc
1005 5644 1158 5715 signo
1189 5651 1394 5697 tantum
1429 5640 1806 5697 intellexerunt
1849 5657 1868 5692 ‹
1916 5641 2219 5710 passionem

626 5757 745 5798 esse
772 5741 1023 5798 loturam.
1054 5756 1074 5791 ›

705 5939 782 6010 (1)
828 5938 977 6008 Apud
1000 5936 1243 5992 Ruinart.
1270 5935 1488 6008 in_Act.'s
1513 5939 1692 5993 sincer.
1726 5937 1753 6008 §
1784 5937 1870 5996 15.

2317 4807 2461 4862 enim
2492 4807 2652 4860 modo
2686 4807 3002 4880 Basnagium
3027 4810 3270 4876 offendit,
3301 4811 3432 4865 olim
3465 4810 3739 4882 Augustini
3770 4827 3922 4864 mcu-

2323 4910 2427 4953 tem
2458 4900 2684 4954 mirifice
2712 4900 3016 4957 delectabat
3047 4903 3124 4975 (1)
3158 4920 3171 4956 :
3212 4922 3229 4955 ι
3271 4903 3528 4968 Delectat,
3555 4903 3745 4974 inquit,
3779 4904 3919 4972 piam

2322 5004 2554 5048 tuentem
2589 4994 2696 5050 tale
2745 4995 3109 5064 spectaculum
3151 4999 3417 5061 contueri,
3442 4997 3601 5066 quale
3625 4997 3724 5051 sibi
3765 4997 3922 5050 beata

2321 5084 2583 5156 Perpetua
2625 5085 2695 5141 de
2731 5102 2790 5141 se
2831 5087 2942 5157 ipsa
2997 5087 3287 5142 revelatum
3316 5103 3435 5142 esse
3465 5088 3718 5151 narravit,
3748 5089 3925 5140 virum

2321 5194 2381 5234 se
2404 5179 2595 5234 faciant
2623 5189 2860 5235 certasse
2889 5196 3009 5234 cum
3039 5179 3273 5234 diabolo.
3298 5179 3393 5234 Illo
3415 5182 3610 5250 quippe
3629 5181 3927 5234 certamine

2323 5275 2375 5328 in
2404 5275 2578 5328 virum
2607 5273 2902 5343 perfectum
2922 5273 3082 5328 etiam
3109 5273 3220 5342 ipsa
3246 5271 3517 5334 currebat,
3544 5272 3594 5325 in
3616 5286 3926 5325 mensuram

2324 5371 2504 5423 :etatis
2531 5367 2881 5439 plenitudinis
2905 5365 3128 5421 Christi.
3163 5385 3182 5419 ι
3231 5367 3298 5421 Et
3325 5367 3376 5421 in
3425 5365 3533 5420 alio
3567 5380 3816 5420 sermone
3859 5364 3929 5418 ad

2325 5462 2574 5519 eamdem
2623 5460 2900 5530 Perpetua:
2937 5459 3198 5513 visionem
3237 5459 3501 5522 alludens,
3537 5458 3730 5512 similia
3765 5471 3928 5526 repe-

2328 5555 2390 5609 tit
2431 5553 2536 5624 (2).
2574 5573 2592 5604 ι
2628 5553 2766 5621 Quid
2799 5552 2941 5606 enim
2975 5551 3259 5622 gloriosius
3287 5551 3370 5605 his
3397 5549 3632 5614 feminis,
3671 5564 3805 5619 quas
3827 5547 3929 5602 viri

2330 5650 2593 5702 mirantur
2634 5646 2840 5701 facilius
2909 5660 3070 5716 quam
3120 5643 3446 5698 imitantur?
3485 5641 3590 5697 Sed
3633 5641 3736 5696 hoc
3784 5640 3930 5694 illius

2331 5730 2669 5810 potissimum
2716 5737 2832 5792 laus
2866 5746 2969 5802 est,
3007 5737 3059 5791 in
3088 5752 3245 5808 quem
3275 5737 3573 5801 credentes,
3608 5734 3736 5790 etin
3776 5733 3931 5804 cujus

2405 5855 2484 5926 (l)
2515 5855 2692 5913 Serm.
2721 5857 2847 5920 981,
2880 5859 2953 5915 al.
2985 5858 3052 5913 de
3079 5857 3327 5922 diversis,
3356 5857 3479 5912 104.

2408 5928 2488 5999 (2)
2508 5928 2684 5985 Serm.
2712 5930 2843 5999 €80,
2865 5930 2937 5986 al.
2967 5930 3039 5986 de
3056 5929 3307 5994 diversis,
3339 5929 3462 5984 105.
