4218 6268
300 234 407 295 129

1170 234 1308 295 PRO
1335 236 1433 295 SS.
1478 232 1864 300 PERPETUA,
1906 230 2316 291 FELICITATE
2355 232 2448 291 ET
2479 234 2717 295 SOCIIS.

3502 241 3605 299 150

300 350 523 407 nomine
566 347 707 406 fideli
744 349 924 405 studio
967 361 1376 418 concurrentes,
1425 352 1719 408 secundum
1771 352 1909 405 inte-
1935 348 1986 408 A
2013 348 2303 405 mandante
2355 350 2559 421 Spiritu
2582 358 2768 405 sancto
2814 357 3082 418 suscepta,
3112 347 3179 404 ab
3220 349 3500 421 impiorum
3530 355 3605 409 ir-

304 445 507 498 riorem
536 442 807 498 hominem
837 458 937 499 nec
955 444 1226 499 masculus
1256 460 1354 499 nec
1383 443 1576 499 femina
1625 445 1907 499 inveniun-

304 544 418 601 tur,
450 544 505 589 ut
531 536 687 591 etiam
720 536 774 589 in
803 536 887 590 his
914 552 1034 606 qua:
1058 546 1185 591 sunt
1224 537 1437 591 femina:
1464 552 1713 607 corpore,
1737 537 1906 591 virtus

300 632 505 685 mentis
529 645 713 685 sexum
736 630 914 685 carnis
940 630 1256 696 abscondat,
1286 640 1338 686 et
1371 632 1421 685 in
1454 632 1710 686 membris
1735 632 1909 702 pigeat

300 723 564 792 cogitare,
597 721 738 791 quod
769 721 823 775 in
857 720 1012 776 factis
1042 736 1150 777 non
1182 722 1351 792 potuit
1374 736 1653 791 apparere.
1706 743 1724 775 ι

376 815 487 869 Cur
513 829 639 870 vero
670 814 940 886 Basnagio
983 814 1323 885 displicuerit
1356 816 1596 869 victoriae
1629 814 1906 885 prmmium

297 925 455 965 ramo
480 909 636 964 viridi
666 908 827 965 malis
853 909 1033 964 aureis
1058 917 1252 964 ornato
1277 909 1569 980 designari,
1598 909 1726 963 satis
1754 908 1906 978 cqui-

299 1001 426 1058 dem
455 1001 738 1073 percipere
782 1017 890 1057 non
947 1017 1189 1072 possum.
1238 1003 1429 1057 Annon
1478 1002 1620 1056 enim
1672 1000 1909 1056 Joannes

299 1095 634 1165 evangelista
663 1095 714 1149 in
749 1106 1043 1167 martyrum
1078 1095 1329 1150 manibus
1352 1095 1559 1166 palmas
1588 1094 1759 1149 vidit?
1797 1114 1814 1147 ι
1846 1094 1913 1149 Et

302 1188 505 1261 palma:
532 1232 547 1255 ,
592 1190 798 1259 inquit,
832 1189 883 1243 in
943 1191 1191 1244 manibus
1242 1205 1449 1245 eorum.
1485 1210 1503 1243 ι
1548 1190 1603 1246 Si
1657 1192 1911 1247 victorias

302 1290 603 1352 martyrum
633 1281 685 1334 in
712 1281 901 1351 palmis
930 1280 1267 1336 adumbravit
1300 1282 1529 1353 Spiritus
1554 1294 1789 1347 sanctus,
1815 1300 1913 1339 cur

300 1388 489 1430 ramus
516 1373 703 1429 viridis
725 1374 964 1444 ejusdem
994 1375 1232 1430 victoria:
1260 1385 1413 1447 typus
1443 1392 1562 1430 esse
1590 1392 1693 1431 non
1721 1379 1915 1446 potuit?

380 1465 495 1520 Non
526 1476 644 1520 erat
669 1465 831 1522 etiam
881 1482 977 1521 cur
1031 1466 1308 1535 Perpetua'
1352 1469 1491 1523 lucta
1538 1484 1658 1524 cum
1700 1468 1915 1527 diabolo

308 1557 446 1614 adeo
477 1558 777 1629 Basnagius
823 1557 1207 1627 offenderetur,
1240 1569 1297 1614 ut
1340 1560 1432 1631 qui
1480 1560 1667 1615 Jacobi
1714 1561 1913 1618 lnctam

308 1668 432 1729 cum
484 1653 677 1723 angelo
725 1654 921 1723 saepius
954 1652 1161 1724 legerit.
1196 1657 1388 1709 Annon
1431 1656 1607 1723 enim,
1637 1656 1682 1711 si
1709 1672 1813 1712 non
1846 1655 1915 1712 ad

2010 443 2302 501 risionibus
2354 455 2612 509 tueretur,
2646 444 2877 499 similem
2930 452 2986 500 et
3012 460 3107 499 nos
3131 458 3343 513 semper
3372 456 3425 501 et
3452 448 3607 503 facile

2010 537 2434 606 cxcogitabimus
2475 538 2539 593 ad
2570 538 2850 608 Perpetua:
2880 537 3141 593 visionem
3188 540 3257 594 ab
3279 539 3443 608 ipsius
3475 539 3609 595 Bas-

2012 629 2151 697 nagii
2211 630 2642 685 cavillationibus
2697 630 3066 684 vindicandam
3102 648 3113 683 :
3146 631 3247 685 nisi
3280 633 3413 687 forte
3445 635 3613 703 majo-

2013 738 2125 777 rem
2177 711 2229 777 iu
2289 724 2611 779 dormientis
2690 724 2934 795 quamvis
2990 723 3319 795 propheticis
3363 727 3610 794 somniis,

2012 830 2170 884 quam
2202 816 2253 869 in
2289 817 2619 886 vigilantium
2650 815 2978 886 propheticis
3017 818 3144 871 item
3188 816 3487 872 actionibus
3512 817 3610 873 de-

2011 910 2244 963 centiam
2270 911 2695 979 gravitatemque
2724 909 2982 979 requirat.

2085 998 2419 1069 Quamquam
2442 1009 2497 1055 et
2528 1000 2658 1055 illud
2686 1000 2905 1055 minime
2935 1001 3472 1071 praetermittendum,
3508 1003 3611 1056 im-

2014 1091 2309 1163 prudenter
2332 1102 2513 1162 petere
2529 1092 2869 1164 Basnagium,
2898 1104 2952 1147 ut
2974 1094 3095 1147 huic
3110 1093 3389 1163 Perpetuze
3415 1093 3609 1149 visioni

2014 1183 2173 1237 aliam
2201 1184 2422 1239 omnino
2464 1185 2697 1240 similem
2730 1186 2784 1239 in
2814 1185 2985 1241 sacris
3032 1186 3184 1242 libris
3233 1187 3609 1242 exhibeamus.

2016 1274 2129 1330 Hoc
2184 1278 2325 1331 enim
2377 1289 2692 1348 argumento
2733 1295 2923 1335 omnes
2952 1279 3123 1335 ferme
3164 1280 3215 1334 in
3246 1281 3610 1351 suspicionem

2016 1368 2285 1423 adducere
2320 1370 2514 1443 poterit
2540 1383 2850 1427 sanctorum
2882 1373 3113 1428 visiones
3143 1388 3262 1443 qua:
3295 1375 3347 1427 in
3379 1374 3616 1430 historiis

2017 1461 2395 1516 ecclesiasticis
2450 1462 2774 1518 referuntur.
2806 1464 2921 1519 Non
2970 1464 3163 1519 multas
3201 1466 3343 1520 enim
3382 1468 3617 1537 reperiet

2020 1557 2304 1611 recensitis
2354 1557 2404 1610 in
2461 1558 2632 1613 sacris
2670 1559 2817 1613 libris
2847 1560 3069 1613 omnino
3119 1559 3343 1615 similes.
3370 1561 3615 1616 Oblatam

2019 1659 2207 1702 sancto
2227 1647 2499 1719 Cypriano
2531 1650 2691 1704 futuri
2728 1650 2970 1722 martyrii
2999 1652 3383 1707 revelationem
3415 1654 3466 1708 in
3499 1655 3616 1724 ejus

312 1746 569 1816 njyalicas
602 1744 763 1816 huius
794 1745 919 1802 facti
969 1747 1203 1803 ηιίοηεδ
1231 1748 1587 1813 attendamus,
1622 1751 1790 1821 magis
1821 1751 1913 1806 ab.
1944 1749 1991 1810 B
2020 1739 2140 1794 Vita
2180 1740 2402 1795 PtJlIlluS
2432 1741 2691 1796 diaconus
2720 1745 2905 1810 relert,
2940 1744 3027 1798 cui
3064 1745 3262 1799 nullam
3293 1747 3514 1801 omnino
3544 1747 3618 1802 εἰ·

314 1840 538 1895 surdum
566 1840 736 1896 videri
782 1841 997 1911 poterit.
1031 1841 1302 1897 hominem
1338 1859 1443 1897 non
1473 1843 1790 1908 insomniis,
1820 1844 1913 1899 sed

312 1934 645 2005 vigilantem,
672 1942 834 1988 totam
883 1943 1098 1989 noctem
1144 1935 1333 1989 luctari
1376 1951 1498 1991 cum
1531 1936 1672 1991 bono
1702 1937 1911 2008 angelo,

316 2044 481 2098 quam
508 2038 742 2083 sanctam
782 2028 1038 2083 feminam
1071 2029 1261 2084 luctari
1294 2030 1344 2084 in
1390 2031 1617 2085 somniis
1647 2047 1767 2086 cum
1798 2032 1913 2086 dia-

316 2123 488 2180 bolo?
517 2123 665 2189 Quod
712 2124 753 2177 si
783 2139 889 2179 non
915 2124 1191 2194 indignum
1227 2123 1323 2179 fuit
1350 2125 1551 2195 Spiritu
1582 2136 1792 2193 sancto,
1835 2127 1919 2183 Iu-

317 2225 402 2270 cta
451 2215 630 2271 Jacobi
679 2210 798 2270 cum
838 2217 1031 2287 angelo
1080 2218 1364 2288 mysticum
1395 2217 1520 2288 quid
1547 2218 1868 2275 adumbrare
1896 2262 1912 2287 ,

315 2326 413 2366 cur
431 2312 625 2380 quatrit
656 2309 946 2381 Basnagius
977 2326 1044 2364 an
1085 2311 1244 2382 digna
1288 2312 1446 2367 fuerit
1494 2311 1696 2383 Spiritu
1731 2324 1918 2370 sancto

318 2403 493 2458 oblata
526 2404 803 2471 Perpetua:
830 2404 983 2469 visio,
1015 2419 1119 2475 qua
1174 2405 1275 2459 sibi
1326 2406 1609 2461 videbatur
1656 2408 1918 2462 adversus

321 2496 591 2551 diabolum
643 2496 967 2551 decertare?
1018 2496 1126 2551 Cur
1169 2498 1328 2552 etiam
1357 2499 1550 2568 qtnerit
1611 2516 1676 2552 an
1725 2500 1917 2554 similia

319 2602 570 2658 umquam
605 2589 882 2659 prophetis
933 2587 1164 2658 Spiritus
1193 2590 1331 2644 idem
1372 2604 1589 2647 sanctus
1620 2592 1921 2647 obtulerit?

317 2680 520 2734 Obtulit
550 2681 717 2744 enim,
750 2688 807 2735 ut
848 2681 1097 2736 vidimus.
1122 2682 1259 2751 Quid
1314 2684 1456 2738 enim
1516 2684 1765 2749 interest,
1794 2684 1921 2739 dor-

318 2773 535 2828 miendo
563 2788 629 2826 an
678 2772 945 2844 vigilando
970 2774 1202 2830 Jacobus
1230 2785 1282 2831 ct
1303 2777 1564 2846 Perpetua
1597 2778 1779 2833 luctati
1809 2778 1921 2833 fue-

320 2866 450 2931 rint,
482 2866 573 2921 ille
600 2881 721 2921 cum
754 2867 965 2937 angelo,
1000 2868 1085 2923 illa
1134 2884 1254 2923 cum
1312 2870 1528 2926 diabolo
1557 2873 1578 2923 ?
1609 2872 1807 2927 Iiamus
1838 2873 1917 2926 vi-

321 2957 457 3012 ridis
503 2969 753 3029 tanquam
797 2960 1038 3017 victorize
1084 2962 1313 3031 pretium
1363 2964 1641 3032 Perpetua:
1690 2967 1918 3035 oblatus,

324 3052 505 3107 simile
535 3053 656 3123 quid
685 3052 845 3108 etiam
878 3054 1057 3115 habet,
1089 3064 1145 3109 ut
1174 3054 1401 3110 vidimus
1463 3058 1514 3111 in
1546 3059 1822 3114 canonicis
1870 3070 1923 3116 et

2019 1831 2201 1885 mitem
2252 1832 2533 1902 prophetis
2579 1832 2771 1888 obtulit
2801 1848 3055 1904 umquam
3104 1836 3335 1905 Spiritus
3373 1845 3615 1893 sanctus.

2019 1921 2166 1978 I’Ianc
2216 1924 2377 1994 igitur
2420 1925 2472 1978 in
2521 1926 2825 1994 exemplum
2880 1925 3189 1981 adducam:
3227 1945 3244 1977 ι
3286 1927 3363 1982 Eo
3400 1929 3487 1984 die
3511 1945 3617 2000 quo

2019 2016 2250 2085 primum
2282 2022 2330 2070 in
2361 2018 2506 2072 exilii
2534 2019 2653 2074 loco
2677 2020 2971 2074 mansimus
2999 2019 3143 2091 (nam
3162 2030 3214 2075 et
3240 2036 3325 2076 me
3356 2022 3495 2077 inter
3516 2023 3617 2077 do-

2020 2110 2273 2165 mesticos
2324 2112 2551 2167 comites
2594 2113 2832 2183 dignatio
2878 2112 3156 2167 charitatis
3185 2113 3301 2185 ejus
3341 2115 3621 2187 delegerat

2021 2204 2234 2258 exulem
2283 2204 2679 2272 voluntarium,
2731 2205 2874 2275 quod
2924 2207 3127 2261 utinam
3173 2215 3229 2262 et
3283 2207 3334 2263 in
3368 2210 3619 2279 passione

2023 2293 2264 2351 licuisset
2296 2297 2308 2349 !
2344 2298 2388 2365 ),
2426 2298 2672 2368 apparuit
2729 2298 2856 2353 mihi
2882 2340 2896 2365 ,
2949 2302 3138 2370 inquit,
3172 2302 3407 2356 nondum
3444 2304 3618 2359 somni

2021 2386 2200 2455 quiete
2230 2388 2441 2457 sopito,
2494 2389 2706 2458 juvenis
2754 2390 2891 2445 ultra
2944 2393 3159 2447 modum
3207 2396 3491 2449 enormis:
3528 2397 3619 2467 qui

2022 2498 2142 2537 cum
2189 2498 2275 2539 me
2315 2486 2468 2554 quasi
2498 2486 2564 2539 ad
2590 2488 2899 2555 praatorium
2948 2486 3189 2553 duceret,
3229 2489 3446 2544 videbar
3484 2492 3618 2546 mihi

2025 2580 2276 2634 tribunali
2326 2581 2563 2636 sedentis
2610 2592 2717 2635 tum
2770 2584 3105 2652 proconsulis
3154 2584 3450 2641 admoveri.
3483 2586 3531 2642 Is
3564 2596 3623 2644 ut

2024 2675 2076 2728 iu
2106 2689 2194 2729 me
2236 2676 2491 2745 respexit,
2526 2684 2786 2731 annotare
2816 2676 2997 2731 statim
3025 2677 3185 2747 οωρίι
3214 2678 3265 2731 in
3297 2679 3473 2733 tabula
3496 2696 3620 2735 sen-

2024 2768 2245 2820 tentiam
2289 2782 2446 2837 quam
2480 2784 2586 2822 non
2633 2768 2889 2823 sciebam.
2922 2768 3065 2823 Nihil
3092 2771 3234 2824 enim
3258 2769 3433 2825 deme
3462 2773 3619 2829 solita

2026 2859 2442 2931 interrogatione
2495 2860 2800 2931 quaesierat.
2856 2861 2960 2917 Sed
3016 2864 3158 2917 enim
3208 2863 3440 2932 juvenis,
3470 2865 3620 2936 quia

2028 2961 2174 3022 tergo
2204 2952 2323 3023 ejus
2350 2954 2550 3022 stabat,
2587 2954 2875 3009 admodum
2921 2957 3167 3012 curiosus
3208 2957 3331 3029 legit
3363 2959 3621 3032 quidquid

2026 3048 2204 3106 fuerat
2252 3062 2583 3107 annotatum.
2624 3053 2690 3107 Et
2718 3054 2841 3124 quia
2870 3053 2993 3109 inde
3027 3055 3203 3111 verbis
3226 3058 3467 3126 proferre
3515 3075 3622 3115 non

320 3145 571 3216 genuinis
584 3146 808 3216 Spiritus
824 3148 994 3203 sancti
1023 3148 1456 3217 revelationibus,
1480 3152 1679 3221 palmas
1701 3154 1922 3222 scilicet,

2036 3154 2263 3212 poterat,
2298 3156 2429 3199 nutu
2484 3146 2789 3201 declarante
2839 3149 3175 3214 monstravit,
3202 3149 3327 3220 quid
3354 3150 3625 3206 inlitteris

320 3254 455 3309 quas
487 3238 539 3291 in
570 3240 817 3294 manibus
853 3251 1150 3313 martyrum
1180 3240 1415 3297 Joannes
1446 3244 1596 3298 vidit.
1628 3245 1800 3300 Sexus
1828 3245 1920 3302 dc-

322 3331 481 3401 nique
510 3334 737 3387 mutatio
770 3333 901 3387 nihil
929 3334 1069 3389 aliud
1113 3334 1354 3402 denotat,
1387 3346 1443 3390 ut
1474 3340 1798 3408 Augustinus
1826 3341 1922 3396 ob-

321 3435 523 3487 servat,
551 3442 711 3495 quam
742 3426 886 3497 quod
930 3428 1220 3498 Apostolus
1272 3430 1485 3500 scripsit
1518 3448 1530 3483 :
1567 3450 1585 3483 ι
1620 3430 1672 3485 In
1708 3433 1920 3490 Christo

322 3518 474 3587 Jesu,
505 3539 677 3593 neque
698 3526 994 3580 masculum
1023 3542 1145 3581 esse
1174 3543 1346 3598 neque
1388 3527 1673 3593 feminam;
1699 3548 1717 3579 ι
1738 3536 1791 3583 et
1813 3544 1920 3583 non

320 3616 497 3669 solum
529 3617 815 3682 masculos,
839 3616 933 3673 sed
964 3618 1124 3674 etiam
1159 3618 1385 3674 feminas
1435 3619 1666 3675 evadere
1694 3636 1789 3690 per
1816 3621 1921 3675 vir-

324 3706 451 3759 tutis
497 3708 962 3775 exercitationem,
993 3728 1010 3760 ‹
1056 3709 1354 3765 secundum
1412 3710 1719 3766 interiorem
1750 3713 1923 3767 homi-

324 3815 456 3855 nem
490 3801 541 3854 in
562 3802 727 3856 virum
762 3802 1076 3871 perfectum,
1107 3804 1158 3857 in
1202 3818 1506 3858 mensuram
1550 3806 1722 3861 aetatis
1754 3805 1927 3875 pleni-

329 3891 537 3946 tudinis
562 3891 774 3947 Christi.
818 3896 898 3949 An
930 3910 1059 3965 ergo
1084 3895 1356 3966 indignum
1389 3896 1483 3950 fuit
1510 3896 1710 3967 Spiritu
1740 3910 1926 3954 sancto

327 3985 560 4055 mystica
592 3984 785 4039 visione
809 3988 1110 4056 significare
1138 3988 1278 4058 quod
1322 3989 1562 4059 utySticis
1584 3990 1760 4046 verbis
1786 3990 1926 4045 Pau-

324 4079 410 4133 Ius
466 4080 853 4148 expresserat?
880 4080 983 4135 Sed
1027 4096 1205 4135 annon
1256 4081 1394 4138 idem
1438 4082 1667 4153 Spiritus
1708 4092 1928 4140 sanctus

324 4168 467 4239 quod
503 4186 597 4239 per
636 4169 824 4224 Isaiam
856 4170 923 4226 de
952 4173 1189 4241 gentium
1222 4176 1575 4230 conversione
1621 4175 1721 4229 sub
1748 4176 1930 4232 diver-

326 4265 401 4318 sis
456 4264 727 4318 variorum
785 4266 1094 4320 animalium
1148 4266 1335 4337 figuris
1367 4311 1381 4334 ,
1438 4267 1930 4339 metaphoricisque

325 4357 512 4413 verbis
565 4356 921 4427 praedixerat,
975 4360 1314 4429 postmodum
1367 4360 1751 4431 Apostolorum
1782 4363 1929 4432 prin-

326 4452 457 4523 cipi,
478 4452 647 4507 linteo
673 4453 774 4523 ipsi
804 4453 859 4507 in
884 4453 1088 4508 visione
1113 4454 1352 4509 exhibito
1394 4456 1568 4510 omnis
1595 4457 1809 4527 generis
1832 4458 1930 4512 im-

2026 3235 2218 3290 tabula:
2264 3236 2405 3292 illius
2437 3238 2744 3295 haberetur.
2780 3240 2935 3295 Manu
2964 3243 3107 3297 enim
3140 3259 3374 3314 expansa
3396 3257 3449 3300 et
3470 3261 3623 3302 com-

2025 3329 2234 3399 planata
2265 3331 2333 3385 ad
2376 3342 2543 3402 spata:
2595 3335 2834 3399 modum,
2868 3337 3029 3392 ictum
3061 3339 3233 3394 solita:
3279 3342 3623 3399 animadver-

2024 3422 2191 3478 sionis
2221 3425 2478 3492 imitatus,
2515 3428 2657 3497 quod
2707 3428 2926 3485 volebat
2980 3430 3227 3503 intelligi,
3262 3433 3329 3487 ad
3359 3435 3526 3489 instar
3556 3436 3622 3489 li-

2025 3516 2173 3586 quidi
2223 3520 2488 3572 sermonis
2535 3522 2820 3591 expressit.
2855 3520 3105 3578 Intellexi
3134 3526 3464 3580 sententiam
3502 3542 3627 3597 pas—

2026 3610 2194 3664 sionis
2241 3610 2498 3666 futuram.
2550 3612 2765 3685 Rogare
2799 3617 2937 3687 cmpi
2968 3628 3023 3673 et
3056 3632 3238 3688 petere
3267 3620 3545 3688 continuo,
3571 3631 3629 3677 ut

2026 3702 2212 3757 dilatio
2258 3705 2388 3759 mihi
2429 3705 2512 3761 vel
2544 3708 2701 3762 unius
2748 3708 2854 3763 diei
2902 3696 3304 3780 prorogaretur,
3337 3713 3508 3768 donec
3539 3728 3627 3769 res

2030 3814 2176 3854 meas
2205 3799 2437 3870 legitima
2453 3800 2787 3857 ordinatione
2814 3803 3177 3873 disponerem.
3203 3805 3270 3859 Et
3294 3820 3416 3861 cum
3443 3821 3629 3876 preces

2030 3891 2341 3961 frequenter
2391 3895 2697 3955 iterassem,
2732 3911 2916 3950 rursus
2968 3896 3021 3950 in
3062 3898 3240 3953 tabula
3266 3910 3504 3969 cmperat
3532 3914 3628 3955 ne-

2029 3984 2142 4038 scio
2169 3984 2296 4042 quid
2345 3997 2627 4042 annotare.
2662 3988 2818 4042 Sensi
2870 3996 3057 4043 tamen
3090 3990 3157 4045 de
3190 3991 3366 4046 vultus
3416 3993 3628 4048 sereni-

2033 4073 2352 4143 tatejudicis
2374 4088 2608 4131 mentem
2638 4081 2789 4148 quasi
2817 4079 2960 4149 justa
2992 4082 3249 4148 petitione
3281 4092 3626 4139 commotam.

2030 4165 2133 4221 Sed
2166 4175 2220 4220 et
2250 4166 2340 4221 ille
2364 4167 2598 4237 juvenis,
2628 4169 2718 4239 qui
2745 4170 3057 4239 jamdudum
3087 4172 3154 4227 de
3196 4174 3460 4241 passionis
3488 4175 3630 4230 indi-

2031 4260 2135 4324 cio,
2168 4270 2321 4331 gestu
2350 4262 2545 4330 potius,
2575 4278 2735 4333 quam
2793 4278 3043 4319 sermone
3095 4266 3401 4336 prodiderat
3430 4285 3444 4334 ;
3474 4268 3629 4325 clan-

2031 4351 2245 4408 destino
2274 4353 2565 4410 identidem
2588 4366 2721 4411 nutu
2753 4372 3063 4413 concessam
3093 4360 3404 4416 dilationem
3438 4378 3555 4432 quae
3574 4362 3629 4419 in

2036 4448 2333 4503 crastinum
2381 4448 2681 4519 petebatur,
2710 4451 2970 4507 contortis
3018 4464 3141 4523 post
3198 4454 3423 4510 invicem
3452 4455 3631 4527 digitis

329 4547 544 4602 mundis
594 4548 914 4602 animalibus
940 4548 1139 4604 referto
1166 4548 1535 4617 signiﬁcavit?
1574 4553 1768 4606 Annon
1823 4568 1922 4606 sae-

2035 4540 2338 4611 significare
2369 4544 2695 4612 properavit.
2728 4562 2747 4596 ›
2777 4543 2912 4599 lluic
2936 4546 3156 4601 omnim
3177 4548 3407 4603 similem
3434 4550 3632 4606 frustra

330 4639 452 4710 pius
482 4640 625 4693 idem
654 4641 872 4709 spiritus
912 4651 1130 4695 sanctus
1151 4683 1165 4705 ,
1200 4643 1337 4712 quod
1372 4658 1468 4712 per
1500 4643 1787 4713 prophetas
1816 4661 1934 4700 ver-

332 4732 420 4786 bis
461 4732 746 4800 aliquando
779 4733 1045 4801 praadixit,
1071 4734 1210 4788 idem
1242 4743 1296 4788 et
1339 4735 1663 4805 propheticis
1702 4738 1931 4793 actioni-

336 4823 443 4878 bus
474 4823 829 4890 atlumbravit,
860 4841 984 4895 qua:
1013 4825 1186 4895 primo
1225 4835 1441 4895 aspectu
1476 4844 1579 4883 non
1612 4828 1741 4882 satis
1766 4828 1933 4885 videri

336 4922 574 4986 possunt
599 4930 715 4969 cum
744 4915 989 4972 decentia
1017 4917 1181 4972 fuisse
1214 4918 1583 4988 gravitateque
1612 4919 1936 4989 conjuncta?

336 5006 408 5062 Ut
440 5023 562 5061 cum
592 5007 751 5064 Isaias
781 5008 1189 5079 nudusjubetur
1224 5009 1517 5074 ambulare,
1556 5010 1807 5067 Ezechiel
1840 5028 1932 5082 pa-

335 5117 464 5156 nem
515 5101 821 5164 comedere,
878 5112 968 5156 aut
1015 5113 1260 5174 opertum
1288 5120 1306 5154 ι
1342 5112 1579 5158 stercore
1610 5102 1751 5173 quod
1778 5118 1933 5174 egre-

333 5196 482 5249 ditur
509 5194 577 5249 de
608 5195 850 5259 homine,
884 5216 901 5245 ›
937 5205 1026 5248 aut
1076 5198 1127 5249 in
1160 5196 1315 5250 boum
1346 5194 1472 5249 fimo
1506 5192 1849 5263 confectum;
1883 5206 1937 5251 et

333 5288 476 5342 Osce
502 5302 721 5341 sumere
760 5287 860 5341 sibi
905 5304 1129 5341 uxorem
1183 5288 1545 5353 fornicariam,
1589 5298 1643 5342 et
1673 5288 1810 5342 ﬁlios
1833 5289 1935 5343 sibi

334 5381 515 5437 facere
564 5378 1000 5435 fornicationum.
1034 5378 1171 5447 Quid
1219 5378 1571 5449 responderet
1618 5378 1931 5450 Basnagius,

334 5476 379 5529 si
413 5474 609 5529 atbeus
643 5473 839 5543 aliquis
884 5474 1058 5541 ipsum
1106 5473 1499 5542 interrogaret:
1535 5472 1784 5526 Hmccinc
1814 5482 1939 5527 sunt

339 5570 545 5638 Spiritu
600 5575 789 5621 sancto
832 5565 1042 5637 digna?
1083 5564 1319 5620 hieccine
1362 5566 1455 5620 tibi
1511 5565 1759 5620 videntur
1808 5565 1938 5619 satis

343 5678 471 5717 cum
502 5665 757 5732 gravitate
779 5661 1131 5730 decentiaque
1157 5660 1439 5731 conjuncta
1466 5660 1489 5713 ?
1534 5662 1942 5729 Quamcumque

337 5757 508 5830 igitur
535 5758 790 5815 rationem
818 5755 1149 5828 excogitaret
1172 5763 1231 5813 ut
1271 5753 1583 5826 prephetica
1636 5751 1751 5810 haec
1791 5760 1940 5824 gesta

2034 4633 2273 4702 requiret
2294 4632 2584 4704 Basuagius
2610 4635 2749 4691 inter
2768 4636 3111 4707 prepheticas
3135 4654 3255 4694 cum
3276 4646 3489 4710 veteris,
3519 4651 3633 4700 tum

2034 4723 2168 4778 Novi
2205 4724 2534 4780 Testamenti
2564 4728 2941 4800 revelationes.
2966 4727 3257 4800 Scripturae
3290 4732 3407 4789 loca
3436 4734 3634 4804 quibus

2039 4831 2159 4871 eum
2214 4816 2329 4871 haec
2357 4817 2613 4889 Cypriani
2668 4820 2803 4875 visio
2832 4822 3062 4893 aliquam
3096 4824 3306 4879 videtur
3333 4824 3529 4882 habere
3556 4829 3631 4882 si-

2040 4908 2400 4963 militudinem
2434 4911 2636 4966 notavit
2680 4911 2942 4979 Pontius;
2974 4914 3066 4970 sed
3100 4930 3205 4969 non
3262 4914 3398 4970 adeo
3450 4919 3635 4973 al‘tinia

2040 5012 2166 5054 sunt
2214 5010 2270 5054 ut
2312 5016 2434 5071 qua:
2482 5006 2728 5071 superius
2776 5006 3147 5060 aunotavimus
3175 5022 3297 5060 cum
3343 5022 3402 5061 ca
3435 5009 3501 5062 de
3530 5024 3633 5078 qua

2040 5107 2183 5147 nunc
2215 5096 2443 5164 agimus,
2468 5096 2753 5166 Perpetua:
2778 5101 3136 5167 revelationc;
3165 5101 3241 5156 sic
3269 5102 3411 5156 enim
3440 5103 3633 5159 habet:

2047 5203 2066 5237 ι
2103 5185 2241 5253 Quid
2286 5188 2385 5242 hac
2422 5189 2759 5245 revelatione
2812 5191 3145 5248 manifestius
3177 5194 3200 5247 ’ἰ
3250 5195 3375 5266 quid
3426 5195 3526 5253 hac
3556 5197 3638 5254 di-

2040 5280 2298 5350 gnatione
2342 5280 2772 5338 felicius?Aute
2826 5283 2904 5338 illi
2960 5286 3215 5354 praedicta
3271 5298 3396 5343 sunt
3433 5290 3635 5359 omnia,

2040 5388 2392 5443 quaecumque
2416 5376 2754 5445 postmodum
2784 5376 3071 5433 subsecuta
3100 5390 3243 5435 sunt.
3275 5381 3419 5437 Nihil
3449 5386 3515 5438 de
3542 5384 3638 5441 Dei

2040 5468 2219 5521 verbis
2274 5468 2638 5537 imminutum,
2672 5469 2805 5524 nihil
2834 5470 2903 5528 de
2935 5484 3042 5526 tam
3074 5486 3257 5530 saneta
3282 5477 3639 5546 promissione

2044 5562 2369 5617 mutilatum.
2404 5562 2627 5635 Singula
2660 5565 2890 5637 denique
2915 5569 3211 5625 secundum
3250 5572 3393 5641 quod
3421 5587 3637 5629 osreusa

2045 5666 2189 5720 sunt,
2217 5657 2605 5729 recognoscite.
2633 5657 2955 5716 Dilationem
2986 5663 3119 5731 petit
3147 5677 3388 5734 crastini,
3416 5682 3538 5722 cum
3567 5669 3638 5722 de

2047 5749 2312 5823 passionis
2338 5753 2600 5807 sententia
2628 5754 2973 5826 cogitaretur,
2998 5755 3277 5827 postulans
3298 5766 3358 5817 ut
3402 5774 3489 5821 res
3509 5774 3637 5822 suas
