4156 6282
547 181 642 243 151

1686 167 2143 238 DISSEBTATIO
2179 167 2655 230 APOLOGETICA

3739 154 3845 216 l3!

547 304 634 358 die
681 301 776 358 illo
803 315 962 371 quem
995 301 1377 372 impetraverat
1415 297 1708 355 ordinaret.
1739 299 1834 356 llic
1861 299 1977 352 dies
2005 310 2142 350 unus
2171 304 2216 363 Α
2248 289 2596 345 militudines.
2638 280 2952 341 Audiendus
3006 279 3166 352 igitur
3221 277 3384 349 longe
3437 289 3551 348 prae
3575 274 3845 346 Basnagio

551 395 889 466 significabat
909 409 1106 447 annum
1138 408 1242 462 quo
1277 393 1365 448 ille
1411 401 1528 461 post
1559 392 1815 449 visionem
1849 399 2060 445 acturus
2092 389 2142 442 in

554 488 752 542 smculo
778 485 967 539 fuerat.
997 483 1128 538 Nam
1155 494 1211 537 ut
1241 482 1573 538 mauifcsdus
1596 483 1792 547 dicant,
1823 497 1890 536 eo
1916 481 2004 536 die
2028 488 2146 550 post

552 592 800 635 exactum
829 593 1025 634 annum
1072 587 1362 632 coronatus
1387 586 1496 640 est,
1523 591 1629 645 quo
1653 575 1752 628 hoc
1804 575 1876 628 illi
1901 584 2024 626 ante
2052 588 2146 626 an-

554 691 678 730 num
712 673 883 728 fuerat
925 682 1222 726 ostensum.
1255 672 1404 726 Dicin
1430 682 1610 724 autem
1647 669 1876 734 Domini,
1908 667 2005 721 etsi
2041 681 2146 720 non

553 785 750 824 annum
786 767 841 822 in
872 765 1067 828 divinis
1099 767 1291 823 litteris
1323 767 1568 837 legimus,
1597 762 1941 835 promissioni
1967 771 2146 815 tamen

557 862 855 914 futurorum
902 860 1140 915 debitum
1188 860 1319 916 illud
1378 869 1587 928 tempus
1632 857 1944 927 accipimus.
1997 853 2150 910 Unde

558 952 687 1007 nihil
725 953 948 1008 interest
973 954 1016 1008 si
1042 968 1184 1008 nunc
1207 952 1305 1007 sub
1325 935 1431 1018 diei
1455 951 1849 1021 significatione
1877 947 2027 1002 solus
2055 961 2152 999 an-

558 1061 659 1100 nus
683 1056 928 1099 ostensns
956 1054 1039 1101 est
1058 1089 1072 1112 ,
1102 1046 1224 1116 quia
1275 1043 1401 1098 illud
1429 1044 1636 1114 plenius
1678 1041 1837 1096 debet
1860 1056 1981 1095 esse
2009 1036 2152 1108 quod

559 1136 730 1207 majus
764 1146 864 1192 cst.
890 1138 1044 1204 Quod
1095 1152 1224 1193 vero
1267 1147 1398 1192 nutu
1453 1137 1648 1204 potius,
1675 1145 1729 1189 et
1758 1150 1864 1188 non
1905 1145 2154 1186 sermone

559 1233 900 1300 explanatum
932 1242 1034 1297 est,
1067 1231 1526 1302 vepracsentationi
1559 1229 1815 1299 temporis
1843 1227 2155 1283 servabatur

560 1326 828 1380 sermonis
859 1326 1155 1394 expressio.
1175 1325 1480 1382 Soleten'uu
1511 1333 1636 1377 tunc
1662 1322 1838 1375 verbis
1855 1318 2153 1388 quodcum-

562 1434 668 1486 que
691 1419 936 1486 proferri,
976 1417 1223 1486 quotiens
1253 1415 1512 1486 quidquid
1542 1414 1825 1481 profertur,
1876 1411 2154 1480 impletur.

562 1508 696 1563 Nam
725 1519 777 1564 ct
810 1525 936 1564 vere
974 1524 1132 1564 nemo
1173 1509 1423 1578 cognovit
1462 1522 1627 1575 quare
1673 1505 1774 1558 hoc
1802 1505 1848 1557 ei
1879 1515 2154 1558 ostensum

567 1603 774 1667 luisset,
811 1601 911 1656 nisi
941 1601 1062 1671 quia
1095 1609 1216 1670 post
1240 1601 1429 1656 eodem
1460 1599 1570 1662 die,
1599 1615 1706 1667 quo
1734 1597 1788 1652 id
1815 1598 2038 1658 viderat,
2068 1611 2160 1652 co-

2247 382 2586 440 commodior
2636 379 2857 448 hujusce
2904 376 3128 431 visionis
3153 389 3216 430 ac
3246 373 3527 444 benignior
3580 371 3846 438 interpres

2251 476 2578 546 Augustinus
2608 471 2690 544 (l)
2724 489 2737 525 :
2773 489 2793 522 ε
2830 469 3023 525 Sancta
3063 468 3327 537 Perpetua
3368 466 3482 518 visa
3537 463 3637 518 sibi
3668 473 3750 516 est
3793 461 3846 516 in

2255 569 2462 625 somnis
2489 582 2609 622 cum
2637 564 2870 636 quodatn
2901 561 3155 633 Egyptio
3184 560 3236 614 in
3267 559 3440 613 virum
3483 570 3742 612 conversa
3770 555 3851 610 lu-

2253 666 2404 718 clari.
2453 661 2587 730 Quis
2633 670 2812 716 autem
2844 658 3071 722 dubitet,
3100 656 3156 710 in
3204 655 3294 710 illa
3333 652 3684 708 similitudine
3733 665 3852 707 cor-

2254 758 2400 828 poris
2442 754 2676 811 animam
2703 753 2818 824 ejus
2846 752 3035 816 fuisse,
3067 765 3173 806 non
3207 749 3450 820 corpus?
3487 746 3639 816 Quod
3671 748 3852 816 utique

2255 854 2307 906 in
2338 866 2438 908 suo
2469 849 2699 904 femineo
2746 863 2880 903 sexu
2909 859 3155 907 manens,
3214 843 3402 912 sopitis
3446 841 3693 896 sensibus
3735 855 3854 894 ma-

2257 945 2420 1000 nebat
2449 945 2500 998 in
2533 942 2737 1007 stratis,
2762 939 2976 1010 quando
3003 937 3182 992 anima
3208 935 3326 1006 ejus
3354 936 3405 989 in
3431 933 3517 990 illa
3545 933 3714 989 virilis
3736 948 3854 988 cor-

2260 1038 2402 1107 poris
2429 1034 2784 1090 similitudine
2807 1032 3129 1088 luctabatur.
3168 1047 3189 1081 ι

2331 1130 2396 1186 ν.
2425 1129 2754 1199 Temperare
2783 1126 2871 1182 hic
2912 1125 3041 1181 mihi
3072 1139 3178 1180 non
3206 1137 3445 1195 possum,
3477 1123 3603 1192 quin
3635 1137 3696 1176 ea
3723 1134 3856 1190 quo-

2259 1238 2364 1292 que
2409 1222 2648 1277 breviter
2688 1220 2950 1284 refellam,
2989 1233 3110 1290 qua:
3156 1218 3222 1272 ad
3253 1217 3519 1272 celebrem
3551 1216 3690 1269 illam
3723 1214 3858 1270 Per-

2263 1326 2437 1386 petua:
2461 1315 2527 1370 de
2577 1315 2740 1370 fratre
2788 1330 2888 1370 suo
2930 1315 3217 1368 Dinocrate
3246 1311 3630 1367 revelationem
3661 1309 3861 1363 Basna-

2262 1409 2380 1480 gius
2395 1415 2632 1462 annotat.
2670 1409 2999 1477 Quamquam
3028 1405 3171 1460 enim
3200 1404 3266 1458 ad
3299 1401 3712 1474 impngnandam
3744 1413 3862 1455 san-

2265 1509 2473 1555 ctorum
2541 1510 2834 1570 martyrum
2881 1497 3255 1552 orthodoxiam
3321 1503 3695 1566 argumentum
3739 1491 3864 1547 inde

2266 1611 2373 1652 non
2401 1595 2576 1664 capiat
2603 1611 2617 1660 ;
2644 1609 2710 1648 ex
2758 1593 2872 1664 ejus
2916 1602 3096 1647 tamen
3143 1589 3610 1647 observationibus
3662 1587 3861 1642 illibata

566 1705 786 1748 renatus
838 1703 940 1748 est.
979 1693 1152 1749 Medio
1182 1692 1528 1747 nihilominus
1578 1701 1818 1760 tempore
1877 1674 2238 1742 immineosB
2267 1688 2582 1758 sinceraque
2645 1687 2946 1758 Martyrum
2985 1685 3118 1740 fides
3169 1686 3459 1739 admodum
3511 1681 3860 1753 periclitatur.

574 1788 752 1857 passio
783 1802 880 1856 pro
906 1797 1056 1842 certo
1095 1787 1162 1842 ab
1188 1785 1435 1840 omnibus
1458 1784 1724 1837 sciebatur
1749 1801 1762 1834 :
1785 1783 2052 1852 passionis
2082 1791 2162 1835 ta-

567 1898 688 1936 men
721 1880 838 1936 dies
865 1891 1046 1935 certus
1073 1879 1142 1934 ab
1173 1879 1363 1935 iisdem
1415 1878 1663 1932 omnibus
1691 1877 1843 1946 quasi
1873 1876 2165 1945 ignoranti-

567 1974 667 2028 bus
697 1974 995 2028 tacebatur.
1031 1972 1179 2027 Sane.
1195 1981 1248 2026 et
1277 1972 1328 2025 in
1357 1970 1647 2039 Scripturis
1669 1969 1772 2023 tale
1788 1969 1988 2038 aliquid
2018 1969 2163 2022 inve-

570 2068 677 2122 nio.
715 2065 848 2120 Nam
901 2066 1190 2122 Zacharias
1213 2065 1490 2131 sacerdos,
1521 2065 1785 2134 promisso
1804 2064 1904 2117 sibi
1947 2079 2041 2134 per
2069 2079 2164 2117 an-

567 2159 745 2229 gelum
775 2156 902 2221 filio,
936 2157 1060 2226 quia
1093 2173 1196 2210 non
1244 2155 1550 2212 crediderat
1575 2199 1590 2222 ,
1623 2156 1928 2221 obmutuit;
1984 2157 2052 2210 ita
2107 2167 2167 2212 ut

572 2250 662 2304 lilii
713 2266 904 2303 nomen
952 2252 1248 2319 scripturus
1279 2250 1460 2320 potius
1506 2266 1668 2320 quam
1701 2251 1989 2315 relaturus,
2017 2260 2164 2305 metu

570 2343 778 2398 tabulas
831 2343 1146 2414 postularet.
1201 2342 1391 2399 Merito
1432 2353 1486 2399 ct
1530 2344 1634 2408 hic,
1667 2345 1760 2405 ubi
1801 2345 1893 2399 Dei
1947 2347 2166 2402 nuntius

571 2439 876 2510 passionem
901 2438 1155 2493 antistitis
1184 2438 1552 2492 imminentem
1599 2445 1730 2491 nutu
1753 2438 1930 2506 potius
1950 2453 2167 2507 expres-

570 2530 674 2593 sit,
713 2539 761 2583 et
824 2528 981 2583 fidem
1039 2529 1356 2595 admonuit,
1385 2539 1438 2584 et
1489 2529 1824 2585 sacerdotem
1855 2529 2099 2584 munivit.
2140 2549 2160 2580 ι

573 2620 697 2675 "LUC
749 2620 936 2676 habuit
964 2623 1190 2676 omnino
1223 2623 1465 2689 Pontius,
1498 2633 1556 2679 ut
1599 2623 1933 2694 Cyprianicaz
1961 2625 2167 2680 revela-

573 2713 733 2769 tionis
762 2714 920 2769 [idem
947 2725 1188 2774 tueretur
1224 2725 1276 2772 et
1309 2716 1655 2786 dignitatem;
1689 2717 1884 2787 quibus
1911 2733 2014 2770 non
2039 2717 2165 2770 mihi

575 2809 764 2862 videor
793 2824 887 2878 pro
918 2808 1196 2878 Perpetua:
1224 2809 1558 2866 revelatione
1601 2810 1776 2863 minus
1807 2819 2166 2864 consentanea

572 2898 914 2970 produxisse.
949 2900 1054 2954 Aut
1103 2915 1231 2970 ergo
1286 2909 1567 2970 utramque
1614 2899 1812 2969 pariter
1843 2900 2164 2970 repudiabit,

577 3002 632 3045 ut
677 2992 876 3061 Spiritu
909 3003 1095 3048 sancto
1131 2994 1353 3048 minime
1391 2995 1603 3066 dignam
1634 3012 1648 3060 ;
1678 3006 1765 3048 aut
1789 3006 1935 3051 certe
1965 3006 2168 3050 utram-

2271 1783 2364 1836 list
2392 1791 2572 1836 autem
2623 1780 2890 1850 ejusmodi
2923 1780 3057 1834 visio
3087 1793 3104 1832 ε
3139 1798 3157 1830 ¢
3189 1778 3359 1832 Video
3404 1777 3739 1830 Diuocratcm
3771 1789 3868 1827 cx-

2269 1883 2482 1930 euntem
2514 1873 2583 1928 de
2618 1874 2734 1927 loco
2791 1874 3094 1936 tenebroso,
3127 1872 3218 1926 ubi
3256 1881 3308 1925 et
3353 1868 3654 1938 complures
3686 1872 3862 1930 erant,

2269 1979 2586 2024 aestuantem
2611 1976 2667 2022 et
2691 1968 2961 2021 sitientem
2991 1963 3167 2032 valde,
3191 1962 3409 2017 sordido
3437 1961 3584 2014 vultu
3609 1969 3660 2013 ct
3683 1958 3866 2013 colore

2272 2061 2490 2133 pallido,
2523 2073 2578 2116 et
2617 2061 2809 2115 vulnus
2840 2061 2892 2113 in
2922 2058 3058 2114 facie
3088 2060 3225 2127 ejus,
3258 2056 3537 2125 quodcum
3566 2062 3871 2108 moreretur

2271 2159 2682 2214 habuit.....Pro
2710 2159 2811 2213 hoc
2841 2171 2974 2226 ergo
2997 2159 3296 2212 orationem
3327 2153 3556 2210 feceram
3589 2170 3603 2208 :
3632 2159 3686 2207 et
3726 2152 3870 2206 inter

2272 2268 2356 2307 me
2382 2262 2437 2307 et
2464 2251 2610 2306 illum
2637 2251 2842 2320 grande
2899 2259 3016 2304 erat
3047 2248 3290 2304 diadema
3326 2246 3428 2318 (vel
3477 2245 3760 2314 diastema)
3791 2244 3868 2308 ita

2272 2358 2328 2400 ut
2379 2357 2602 2416 uterque
2630 2345 2694 2398 ad
2724 2343 2954 2398 invicem
2987 2343 3242 2398 accedere
3267 2357 3369 2396 non
3409 2356 3706 2412 possemus.
3731 2337 3870 2392 Erat

2269 2436 2463 2493 deinde
2511 2438 2562 2490 in
2628 2438 2742 2506 ipso
2797 2436 2918 2490 loco
2963 2435 3048 2489 ubi
3100 2435 3415 2488 Dinocrates
3475 2442 3624 2496 erat,
3662 2429 3868 2500 piscina

2274 2533 2428 2603 plena
2481 2547 2639 2602 aqua,
2672 2532 2917 2586 altiorem
2976 2530 3268 2599 marginem
3323 2527 3529 2582 habens
3561 2541 3720 2596 quam
3752 2530 3869 2579 erat

2271 2637 2471 2681 statura
2503 2629 2688 2694 pueri,
2719 2635 2772 2680 et
2817 2624 3142 2681 extendebat
3167 2639 3226 2678 se
3255 2623 3569 2678 Dinocrates
3599 2620 3748 2690 quasi
3779 2621 3867 2674 bi-

2271 2719 2497 2776 biturus.
2521 2720 2634 2790 Ego
2653 2720 2920 2785 dolebam,
2950 2717 3090 2788 quod
3121 2726 3176 2772 et
3206 2719 3408 2788 piscina
3434 2716 3521 2770 illa
3553 2730 3740 2785 aquam
3767 2712 3869 2767 ha-

2272 2815 2451 2879 bebat,
2485 2824 2538 2868 et
2568 2825 2744 2869 tamen
2771 2824 2989 2884 propter
3023 2812 3358 2868 altitudinem
3387 2811 3640 2881 marginis
3667 2809 3868 2862 bibitu-

2274 2925 2366 2964 rus
2393 2923 2501 2963 non
2530 2915 2693 2962 BSSt.‘l.
2721 2908 2785 2962 Et
2813 2918 3128 2977 experrecta
3156 2921 3297 2972 sum,
3318 2913 3369 2959 et
3398 2903 3621 2974 cognovi
3653 2901 3868 2955 fratrem

2275 3016 2452 3057 meum
2484 2999 2747 3055 laborare.
2776 2997 2880 3054 Sed
2920 2997 3256 3054 conlidebam
3310 2994 3641 3065 profuturam
3672 2993 3872 3048 oratio-

575 3102 678 3156 que
711 3088 954 3157 recipiet,
984 3099 1037 3142 et
1068 3088 1316 3144 eumdem
1348 3088 1604 3157 Spiritum
1622 3104 1898 3144 auctorem
1917 3089 2169 3145 habuisse
2196 3069 2240 3131 (ἶ
2276 3075 2399 3148 nem
2451 3107 2627 3146 meam
2674 3090 2844 3146 labori
2875 3090 3012 3160 ejus,
3066 3101 3114 3144 et
3147 3089 3365 3143 orabam
3389 3102 3488 3158 pro
3516 3102 3582 3142 eo
3621 3079 3873 3140 omnibus

578 3181 848 3236 fatebitur.
905 3182 1179 3251 Praecipue
1229 3183 1353 3253 quia
1391 3184 1533 3253 quod
1577 3183 1644 3238 de
1671 3182 1920 3255 Cypriani
1967 3185 2176 3238 revela-

579 3273 722 3329 tione
778 3274 1003 3330 sollicite
1052 3275 1552 3339 osteiuiitPontius,
1589 3277 1725 3331 idem
1769 3287 1823 3332 et
1875 3293 1972 3331 nos
1999 3277 2175 3346 capite

581 3371 825 3437 sequenti
886 3368 952 3424 de
1001 3369 1294 3440 Perpetua:
1318 3369 1739 3428 revelationibus
1780 3370 2176 3425 demonstrabi-

580 3475 733 3524 mus;
762 3476 854 3516 cas
875 3461 1128 3516 nimirum
1163 3461 1326 3518 fuisse
1359 3463 1519 3518 rebus
1547 3461 1678 3532 ipsis
1709 3472 1764 3518 et
1787 3465 1986 3518 secutis
2013 3478 2176 3518 even-

581 3551 717 3608 tibus
747 3553 1143 3623 comprobatus.

655 3644 740 3700 IV’.
777 3645 928 3713 Quod
962 3648 1123 3702 etiam
1174 3647 1320 3702 addit
1370 3647 1664 3719 Basnagius
1691 3667 1701 3702 :
1733 3649 1965 3704 Montani
2023 3651 2182 3704 redo-

582 3737 693 3792 lcrc
723 3738 990 3793 officinam
1020 3740 1295 3808 Perpeturc
1327 3742 1554 3804 somnia,
1586 3753 1638 3796 et
1666 3743 1896 3800 exstasis
1921 3745 2036 3812 ejus
2059 3758 2181 3798 esse

583 3834 855 3890 simillima
903 3875 919 3900 ,
979 3851 1079 3905 qua
1139 3834 1499 3890 Tcrtnllianus
1542 3835 1730 3906 probat
1778 3838 2012 3891 animam
2062 3852 2182 3892 esse

589 3943 608 3978 ‹
649 3928 792 3982 aerei
853 3927 1085 3992 coloris,
1144 3936 1199 3981 et
1244 3926 1428 3982 formae
1487 3944 1580 3998 per
1623 3929 1801 3984 omnia
1855 3928 2122 3994 humanm,
2156 3948 2178 3982 ι

585 4037 736 4090 teque
761 4021 958 4091 poterit
980 4019 1230 4080 omnibus
1254 4021 1552 4076 visiOnihus
1572 4021 1966 4078 accommodari
1989 4023 2039 4075 in
2063 4022 2184 4091 qui-

587 4115 684 4168 bus
711 4125 800 4168 aut
822 4114 1023 4180 anima,
1055 4125 1147 4168 aut
1187 4115 1430 4186 angelus,
1455 4116 1534 4170 vel
1564 4115 1679 4185 ipse
1713 4115 1851 4172 Deus
1877 4115 1976 4169 sub
2006 4129 2183 4169 rerum

587 4208 950 4276 corporalium
978 4207 1160 4278 figuris
1213 4218 1692 4276 repraesentantur.
1725 4211 1803 4261 An
1844 4223 2032 4277 reapse
2060 4207 2186 4260 Per-

591 4309 746 4368 petua
778 4299 1007 4353 credidit
1046 4299 1096 4372 in
1127 4297 1360 4352 humano
1383 4299 1576 4367 spiritu
1595 4314 1756 4352 sexus
1780 4297 2185 4354 diversitatem?

591 4395 672 4446 An
727 4407 876 4446 suam
915 4391 1148 4445 animum
1197 4392 1249 4444 in
1280 4391 1487 4446 virilem
1526 4407 1712 4446 sexum
1751 4391 1980 4446 credidit
2025 4391 2188 4446 fuisse

2275 3186 2464 3241 diebus
2490 3201 2772 3257 quousque
2822 3186 3172 3240 transivimus
3221 3184 3576 3238 incarcerem
3622 3192 3871 3237 eaStren-

2277 3295 2412 3336 sem.
2445 3279 2665 3335 Munere
2705 3279 2848 3334 enim
2898 3279 3161 3334 castrensi
3191 3277 3406 3332 eramus
3434 3277 3737 3346 pugnaturi,
3766 3272 3874 3328 Na-

2279 3373 2387 3427 tale
2430 3383 2552 3425 tunc
2581 3370 2730 3427 Getae
2779 3372 3046 3436 Caesaris;
3079 3378 3134 3425 et
3181 3369 3280 3424 feci
3316 3384 3413 3439 pro
3462 3367 3550 3421 illo
3576 3367 3876 3420 orationem

2279 3466 2366 3522 die
2392 3477 2446 3521 et
2473 3473 2629 3520 nocte
2649 3479 2872 3536 gemens
2891 3478 2946 3520 et
2966 3465 3294 3536 lacrymans,
3327 3472 3383 3517 ut
3410 3462 3536 3517 mihi
3559 3460 3875 3516 donaretur.

2285 3560 2378 3614 Die
2403 3570 2613 3624 autem,
2645 3573 2750 3628 quo
2799 3558 2851 3612 in
2896 3572 3062 3611 nervo
3109 3557 3432 3620 mansimus,
3483 3564 3756 3610 ostensum
3793 3559 3882 3607 est

2283 3652 2412 3706 mihi
2443 3650 2563 3706 hoc.
2593 3650 2762 3705 Video
2808 3650 2986 3704 locum
3014 3649 3186 3716 illum,
3211 3664 3369 3720 quem
3427 3646 3665 3702 videram
3720 3656 3880 3701 tene-

2285 3743 2527 3809 brosum,
2563 3757 2684 3798 esse
2739 3742 2972 3797 lucidum
3001 3759 3014 3806 ;
3047 3753 3101 3797 et
3157 3742 3496 3796 Dinocratcm
3525 3738 3728 3794 mundo
3755 3753 3881 3794 cor-

2287 3851 2438 3904 pore,
2492 3835 2627 3889 bene
2687 3834 2939 3889 vestitum
2963 3875 2977 3900 ,
3008 3835 3434 3905 refrigerantem,
3465 3841 3569 3888 etc.
3602 3830 3756 3887 Tunc
3796 3831 3881 3885 in-

2287 3929 2474 3986 tellexi
2500 3931 2816 3984 translatum
2849 3944 2970 3984 eum
3001 3943 3120 3984 esse
3145 3928 3212 3982 de
3241 3943 3416 3998 poena.

2360 4025 2448 4080 Vi.
2475 4025 2612 4079 Male
2646 4024 2802 4079 habet
2843 4024 2927 4077 hic
2959 4024 3108 4078 locus
3157 4030 3531 4090 protestantes,
3567 4029 3621 4074 ut
3651 4035 3754 4090 quo
3775 4018 3882 4074 Ec-

2287 4119 2472 4173 clesia»
2517 4131 2752 4172 romana:
2809 4115 2940 4170 ﬁdes
2988 4116 3056 4170 de
3087 4116 3412 4186 purgatorio,
3441 4123 3497 4168 ct
3549 4113 3614 4168 de
3643 4113 3884 4168 virorum

2289 4210 2538 4280 precibus
2589 4224 2682 4278 pro
2709 4209 2975 4263 defunctis
3006 4209 3352 4262 invictissime
3383 4207 3662 4272 astruitur,
3723 4205 3886 4258 adco-

2291 4319 2394 4372 que
2446 4319 2550 4356 non
2600 4303 2815 4366 mirum,
2847 4303 2890 4355 si
2920 4302 3037 4370 ejus
3068 4304 3440 4356 auctoritatem
3470 4299 3764 4369 Basnagius
3787 4314 3888 4351 nu-

2289 4397 2374 4466 gis
2407 4396 2648 4465 pluribus
2693 4405 2745 4449 et
2789 4393 3222 4448 cavillationibus
3247 4403 3470 4447 conatus
3500 4403 3584 4447 est
3626 4391 3838 4446 elevare
3871 4406 3887 4442 :

592 4483 890 4537 mutatam?
918 4485 998 4535 An
1028 4498 1186 4551 quam
1216 4483 1344 4538 γωιι
1372 4467 1880 4554 Egviitii'liirmtitii,
1914 4485 2184 4553 propriam
2207 4473 2266 4536 1)
2298 4508 2315 4540 ε
2358 4489 2430 4543 De
2457 4504 2558 4556 qua
2613 4489 2817 4541 visione
2842 4529 2856 4549 ,
2891 4487 3060 4557 inquit
3089 4486 3168 4558 (3)
3207 4485 3506 4540 audiendus
3532 4497 3615 4539 est
3645 4483 3896 4554 Augusti-

595 4572 855 4627 darmonis
882 4573 1083 4641 putavit
1115 4588 1236 4629 esse
1282 4573 1546 4645 ﬁgurant?
1574 4578 1654 4628 An
1697 4575 1970 4631 Christum
2005 4592 2192 4631 verum

595 4677 716 4717 esse
748 4662 1016 4730 lanistam,
1045 4676 1101 4719 et
1125 4666 1360 4736 Angelos
1397 4682 1520 4722 esse
1566 4667 1792 4724 decoros
1822 4668 2194 4724 adolescentes

596 4757 955 4812 existimavit?
985 4774 1051 4813 an
1075 4760 1409 4830 sejudicavit
1443 4763 1548 4824 isse
1580 4778 1764 4818 revera
1791 4779 1912 4816 cum
1940 4763 2106 4833 gloria
2125 4764 2195 4818 ad

597 4860 804 4920 portam
831 4851 1232 4906 Sanativariam
1251 4871 1266 4908 :
1287 4853 1735 4922 quemadmodum
1757 4857 1938 4908 insana
1965 4855 2048 4907 illa
2074 4854 2199 4910 Ter-

597 4943 801 4997 tulliani
833 4944 1172 5011 muliercula,
1211 4945 1444 4999 animam
1465 4962 1590 5002 vere
1615 4960 1738 5002 esse
1767 4946 1995 5001 credidit
2037 4956 2087 5000 ct
2118 4946 2195 5000 af-

597 5037 828 5090 firmavit
859 5037 1032 5092 (aerei
1055 5036 1254 5092 coloris
1275 5049 1327 5094 et
1347 5037 1530 5092 formae
1555 5054 1651 5108 per
1667 5040 1842 5096 omnia
1869 5040 2147 5094 humanae?
2167 5057 2190 5091 ι

597 5126 736 5196 Quid
779 5144 907 5200 ergo
952 5145 1238 5184 cou‘tmune
1291 5130 1451 5186 habet
1490 5131 1765 5201 Perpetua.
1794 5131 1928 5187 visio
1947 5147 2067 5186 cum
2099 5132 2195 5187 de-

599 5220 712 5275 liraa
774 5219 995 5290 hujusce
1051 5223 1261 5278 femina:
1303 5223 1612 5289 insomniis,
1666 5233 1724 5278 ut
1773 5223 1961 5280 borum
2001 5223 2090 5278 illa
2121 5223 2197 5277 si-

602 5315 820 5369 millima
849 5331 971 5371 esse
997 5315 1243 5372 dicatur?
1270 5316 1408 5373 Cum
1428 5328 1532 5372 tam
1563 5319 1682 5373 sine
1711 5333 1870 5373 causa
1922 5318 2196 5373 existime-

604 5415 710 5470 tur,
756 5408 1052 5463 crcdidisse
1083 5409 1402 5478 Perpetuam
1431 5425 1553 5470 esse
1599 5426 1784 5468 revera
1819 5412 1870 5466 in
1898 5410 2071 5464 auiina
2102 5427 2200 5465 no-

605 5509 716 5555 stra
759 5517 917 5556 sevus
943 5503 1329 5571 diversitatem,
1381 5521 1539 5576 quam
1587 5506 1706 5560 sine
1733 5521 1890 5561 causa
1930 5506 2201 5575 judicare-

610 5604 692 5651 tur
707 5597 1046 5653 existimasse
1075 5599 1216 5653 illam
1267 5611 1485 5659 extera.
1513 5616 1629 5668 qua:
1661 5614 1767 5654 tum
1796 5600 1947 5665 vidit,
1974 5615 2061 5656 res
2084 5615 2204 5657 esse

609 5689 772 5774 ipsas,
803 5708 910 5749 non
955 5702 1134 5750 autem
1167 5709 1342 5752 rerum
1370 5702 1424 5748 et
1456 5691 1756 5750 futurorum
1801 5703 2082 5754 eventuum
2133 5695 2205 5750 εἰς

2295 4595 2395 4634 nus
2422 4577 2500 4651 (5)
2532 4597 2543 4631 :
2588 4597 2607 4630 ι
2648 4578 2723 4632 De
2763 4578 2927 4632 fratre
2958 4589 3136 4633 autem
3166 4588 3365 4632 sanet-:e
3417 4575 3694 4648 Perpetua!
3730 4574 3897 4628 Dine-

2303 4690 2320 4722 ς
2360 4681 2538 4733 crate,
2570 4685 2668 4724 nec
2695 4670 2955 4738 scriptura
2992 4671 3104 4739 ipsa
3143 4671 3397 4725 canonica
3428 4679 3508 4724 est
3530 4711 3544 4734 ,
3574 4683 3672 4724 nec
3703 4667 3787 4721 illa
3817 4667 3898 4721 sic

2306 4783 2324 4816 ι
2365 4765 2598 4833 scripsit,
2630 4763 2711 4818 vel
2743 4764 3066 4834 quicumque
3097 4765 3223 4819 illud
3247 4765 3480 4833 scripsit,
3502 4774 3556 4818 ut
3581 4763 3729 4816 illum
3760 4776 3899 4831 pue-

2306 4876 2324 4911 r
2368 4874 2482 4912 rum
2502 4856 2593 4927 qui
2612 4858 2884 4927 septennis
2903 4869 3143 4913 mortuus
3168 4859 3357 4922 fuerat,
3377 4857 3494 4913 sine
3516 4857 3778 4926 baptismo
3808 4853 3900 4908 di-

2308 4970 2326 5002 c
2366 4961 2510 5007 ceret
2544 4952 2704 5004 fuisse
2736 4951 3048 5006 defunctum
3101 4969 3114 5004 :
3169 4965 3268 5020 pro
3316 4965 3421 5020 quo
3459 4949 3546 5003 illa
3583 4947 3902 5002 imminente

2305 5061 2322 5095 ι
2359 5045 2635 5114 martyrio,
2661 5043 2896 5099 creditur
2925 5043 3196 5111 exaudita,
3218 5054 3312 5098 uta
3330 5042 3499 5114 pinnis
3520 5041 3906 5097 transferretur

2304 5154 2322 5188 ι
2358 5137 2422 5190 ad
2453 5139 2712 5206 requiem.
2747 5137 2877 5190 Nam
2911 5137 3050 5192 illius
3081 5139 3254 5191 artatis
3287 5137 3456 5208 pueri,
3491 5147 3545 5191 ct
3576 5133 3812 5199 mentiri,
3844 5143 3910 5186 ct

2306 5250 2333 5283 «ε
2363 5247 2549 5286 verum
2577 5232 2738 5302 loqui,
2772 5243 2825 5286 et
2850 5231 3112 5298 confiteri,
3146 5243 3198 5285 et
3223 5246 3416 5301 negare
3435 5229 3544 5301 jam
3570 5237 3810 5299 possunt.
3833 5225 3910 5280 Et

2306 5343 2324 5376 ‹
2363 5323 2482 5379 ideo
2503 5339 2624 5378 cum
2656 5323 3011 5393 baptizanlur,
3032 5324 3140 5392 jam
3167 5332 3217 5378 et
3242 5321 3544 5394 symbolum
3569 5319 3820 5382 reddunt,
3848 5326 3912 5372 et

2307 5433 2328 5470 ι
2365 5418 2461 5488 ipsi
2495 5431 2588 5486 pro
2607 5432 2664 5471 se
2681 5416 2746 5470 ad
2771 5418 3090 5487 interrogata
3113 5418 3457 5486 respondent.
3481 5415 3610 5482 Quis
3627 5414 3784 5485 igitur
3804 5411 3913 5468 scit

2382 5548 2459 5622 (1)
2490 5549 2606 5604 Lib.
2634 5566 2685 5622 Iv
2714 5550 2776 5604 de
2806 5547 2951 5622 Orig.
2981 5549 3196 5615 Animw,
3230 5565 3346 5619 cap.
3379 5549 3464 5602 l8.

2381 5621 2458 5686 ('3)
2493 5625 2643 5674 Anno
2663 5621 2788 5683 Q05,
2813 5621 2959 5676 num.
2990 5637 3080 5676 vn.

2385 5692 2463 5767 (3)
2488 5694 2604 5749 Lib.
2631 5694 2694 5749 de
2717 5693 2962 5750 Anima-et
2992 5695 3100 5768 ejus
3125 5693 3339 5766 origine,
3369 5705 3488 5768 cap.
3520 5691 3604 5748 1'0.
