4218 6268
303 297 414 374 {53

1199 289 1334 362 Ριιο
1369 303 1462 361 ss.
1510 285 1897 364 vemimus,
1932 282 2336 352 ["ELICITA'I‘E
2377 284 2462 350 ET
2509 287 2740 350 secus.

3512 279 3534 342 ll
3547 287 3611 342 3i

315 451 336 486 ι
374 438 551 487 utrum
585 440 718 499 puer
749 425 837 480 ille
875 429 993 494 post
1013 420 1337 490 baptismum
1362 414 1748 488 persecutionis
1779 424 1914 468 tem—
1940 413 1992 470 Α
2021 408 2073 462 in
2116 408 2428 461 memoriam
2448 422 2698 462 revocare
2721 405 2998 468 doctrinm,
3024 417 3179 474 quam
3204 401 3398 472 saepius
3421 401 3616 472 legisse

317 546 336 577 ι
380 539 512 597 pore
538 539 567 576 a
587 533 740 592 patre
771 518 933 589 impio
966 533 1058 587 per
1080 514 1434 571 idololatriam
1467 511 1628 567 fuerit
1653 511 1914 564 alienatus

315 637 338 671 ο
375 636 404 675 a
421 618 660 681 Christo,
687 623 906 685 propter
923 610 1062 680 quod
1087 607 1545 664 indamnationem
1568 601 1909 668 mortisierit,

317 730 338 764 ι
378 725 477 767 nec
495 709 620 765 inde
641 707 743 762 nisi
773 721 869 776 pro
896 703 1109 760 Christo
1136 701 1408 756 moritura:
1435 698 1638 753 sororis
1663 694 1912 766 precibus

315 823 338 857 ‹
373 797 852 859 donatusexierit?
892 815 911 850 ι
953 795 1280 865 Baptismum
1303 807 1408 846 non
1449 791 1700 857 adeptum
1751 788 1913 842 fuisse

306 897 675 961 Dinocratem,
703 893 796 964 qui
829 889 1106 960 septennis
1124 887 1231 942 fato
1260 886 1466 941 functus
1487 892 1625 949 erat,
1655 898 1719 937 eo
1749 882 1914 950 liquet

306 990 451 1061 quod
480 999 538 1045 et
571 1002 730 1044 soror
755 985 871 1056 ejus
893 984 1004 1054 jam
1031 993 1214 1052 nupta,
1233 981 1344 1051 jam
1391 993 1562 1033 annos
1588 977 1722 1033 duos
1751 987 1803 1032 et
1829 975 1911 1028 vi-

307 1084 445 1156 ginti
470 1092 617 1148 nata,
653 1091 833 1136 tamen
875 1085 994 1134 erat
1045 1075 1184 1130 inter
1213 1064 1646 1132 catechumenos,
1679 1079 1733 1125 et
1762 1079 1913 1139 pater

311 1191 346 1232 a
375 1177 632 1246 religione
663 1171 958 1230 christiana
998 1170 1135 1224 l‘oret
1183 1168 1411 1221 alienus.
1442 1163 1560 1233 Quo
1587 1178 1713 1219 casu
1739 1163 1911 1233 preci-

319 1268 424 1324 bus
444 1269 724 1338 Perpetua:
757 1264 1068 1319 Dinocrates
1103 1259 1316 1314 liberari
1350 1273 1457 1312 non
1486 1257 1677 1326 potuit.
1714 1255 1913 1311 Deinde

311 1379 378 1420 ex
421 1362 525 1418 hac
568 1361 781 1415 visione
833 1355 1174 1427 purgatorins
1224 1352 1359 1422 ignis
1395 1350 1744 1420 extinguitur.
1797 1349 1912 1402 Non

311 1459 368 1512 in
396 1455 652 1519 flammis,
680 1452 776 1507 sed
799 1451 852 1505 in
881 1451 999 1503 loco
1025 1447 1308 1502 tenebroso
1323 1453 1626 1498 versantem
1659 1442 1913 1495 Dinocrao

315 1559 423 1604 tem
451 1546 586 1602 vidit
621 1545 912 1613 Perpetua,
944 1540 1044 1594 soli
1076 1553 1269 1607 paruas,
1311 1552 1429 1603 qute
1454 1533 1635 1588 damni
1662 1543 1744 1588 est
1768 1576 1782 1598 ,
1807 1548 1912 1586 non

313 1658 506 1699 sensus
555 1639 852 1695 subditum.
884 1635 1067 1704 itaque
1119 1632 1438 1687 Rninartum
1476 1630 1546 1682 nil
1589 1635 1740 1696 Juvat
1781 1626 1914 1679 visio

317 1736 438 1791 haec
471 1731 746 1805 probando
796 1739 1038 1784 mortuos
1069 1741 1225 1796 posse
1268 1740 1298 1777 a
1340 1723 1512 1793 pinnis
1539 1736 1670 1790 quas
1701 1719 1911 1788 patiun-

2019 498 2264 553 existimo
2305 498 2445 567 apud
2470 499 2758 553 nobiliores
2789 497 3068 567 theologos
3089 539 3102 561 ,
3144 503 3198 550 ct
3226 494 3616 550 catholicarum

2020 593 2247 660 partium
2287 593 2578 646 acerrimos
2608 591 2922 645 defensores
2949 608 2962 643 :
2992 589 3184 659 dognta
3217 588 3338 642 lidei
3364 603 3467 641 non
3497 602 3618 641 esse

2020 682 2210 753 igneae
2243 698 2522 752 corporeo,
2555 700 2621 738 an
2653 683 2774 737 aliis
2813 683 3004 752 pretiis,
3041 683 3276 738 tenebris
3306 693 3450 750 puta,
3486 693 3619 734 inte-

2017 788 2139 829 rore
2158 817 2171 839 ,
2199 776 2412 828 tristitia
2440 777 2762 837 crucientur,
2793 776 2986 844 quibus
3015 789 3132 829 cum
3163 790 3231 830 ex
3267 775 3364 830 hac
3383 777 3486 831 vita
3518 773 3620 827 de-

2017 866 2251 930 cedunt,
2283 869 2482 939 aliquid
2527 878 2774 938 superest
2816 869 2864 921 in
2907 867 3081 921 futura
3113 868 3219 921 vita
3258 871 3616 939 purgandum.

2017 957 2156 1012 Sane
2186 959 2236 1012 in
2260 961 2487 1014 concilio
2515 960 2826 1014 Florentino
2867 959 3008 1012 nulla
3038 961 3205 1014 ferme
3235 960 3454 1014 Latinos
3483 962 3621 1016 inter

2017 1061 2070 1105 et
2115 1049 2332 1106 Graecos
2361 1051 2431 1108 de
2457 1053 2772 1124 Purgatorio
2800 1055 3164 1108 controversia
3209 1053 3342 1118 fuit,
3376 1057 3619 1126 quamvis

2016 1140 2209 1208 Graeci,
2234 1161 2254 1194 ι
2275 1145 2777 1214 Purgatorintn,nou
2799 1147 2995 1216 ignem,
3015 1146 3107 1200 sed
3129 1146 3415 1201 obscurum
3434 1164 3622 1217 quem-

2016 1235 2140 1289 dam
2171 1235 2348 1289 locutu
2394 1255 2456 1292 ac
2483 1240 2723 1293 laborum
2749 1241 2962 1308 plenum
2989 1254 3110 1293 esse
3146 1247 3430 1295 censerent
3461 1260 3470 1293 :
3515 1260 3532 1292 ι
3566 1250 3622 1297 et

2018 1330 2144 1385 dum
2170 1329 2538 1400 Purgatoriuin
2562 1333 2928 1398 admitterent,
2954 1333 3032 1402 (l)
3061 1351 3079 1382 ‹
3113 1334 3228 1387 sive
3267 1336 3427 1404 ignis,
3455 1336 3582 1390 illud
3603 1377 3619 1403 ,

2017 1425 2130 1479 sive
2159 1423 2482 1492 obscuritas,
2513 1429 2627 1479 sive
2656 1427 2831 1489 turbo,
2875 1427 2985 1480 sive
3016 1426 3066 1479 id
3095 1441 3264 1494 genus
3287 1427 3430 1480 aliud
3463 1428 3551 1492 sit,
3583 1446 3602 1480 ι

2020 1535 2126 1573 non
2141 1521 2339 1575 rcl‘erre
2357 1528 2624 1588 putarent.
2642 1517 2798 1584 Quod
2809 1519 2968 1573 etiam
2989 1535 3092 1570 non
3109 1517 3396 1573 admodum
3415 1518 3619 1576 referre

2018 1627 2166 1667 sacra
2203 1614 2313 1683 ipsa
2344 1613 2581 1684 synodus
2612 1614 2822 1666 censuit
2845 1659 2857 1679 ,
2891 1626 3012 1666 cum
3045 1612 3096 1664 in
3129 1612 3439 1668 deﬁnitione
3470 1613 3619 1681 fidei,

2018 1706 2103 1762 cui
2141 1709 2383 1762 ecclesiae
2426 1708 2703 1775 utriusque
2738 1707 3004 1760 antistites
3031 1707 3485 1776 subscripserunt,
3519 1709 3623 1768 hoc

323 1841 408 1885 ιω,
440 1797 532 1900 P'el.
573 1828 818 1882 νίτοηηη
868 1817 1312 1894 ρτθεεεῃιηηι-ί,
1345 1816 1555 1872 Etenim
1597 1829 1659 1869 ει
1695 1813 1912 1868 Latino.
1942 1811 1989 1871 Β
2021 1807 2221 1850 tantum
2245 1798 2478 1851 l'ueritde
2496 1797 3209 1866 Purgatoriodecretum.....
3231 1799 3313 1870 (2)
3343 1817 3362 1850 ι
3399 1801 3625 1858 Animas

318 1939 435 1979 rum
466 1919 735 1977 sententia
756 1931 916 1988 pinna
941 1927 1131 1969 sensus
1158 1913 1247 1981 qui
1280 1909 1607 1979 Baptismum
1639 1903 1913 1960 consecuti

317 2025 449 2072 sunt
493 2014 597 2069 soli
639 2026 732 2081 per
754 2009 998 2065 vivorum
1041 2004 1291 2075 suffragia
1341 2003 1654 2058 liberantur.
1687 1999 1838 2066 Quod
1870 1999 1914 2052 si

322 2113 449 2178 pnst
490 2103 810 2174 Baptismum
846 2100 1158 2154 Dinocrates
1205 2093 1503 2150 idololatria
1537 2091 1768 2160 pollutus
1794 2087 1912 2152 fuit,

324 2210 384 2254 ut
424 2198 596 2253 innuit
644 2193 990 2265 Augustinus,
1034 2189 1229 2243 nullius
1263 2201 1394 2241 sane
1437 2183 1688 2255 precibus
1713 2182 1918 2236 meritis

318 2293 496 2364 pernis
533 2289 698 2347 exi-mi
748 2288 937 2357 potuit.
972 2283 1209 2352 Denique
1257 2281 1576 2336 tenebrosus
1620 2277 1709 2331 ille
1742 2277 1913 2340 locus,

317 2385 410 2440 ubi
467 2384 781 2438 Dinocrates
835 2376 1228 2438 includebatur,
1259 2390 1289 2427 a
1319 2371 1636 2445 Purgatorio
1694 2384 1916 2440 prorsus

322 2479 574 2534 diversus
598 2488 942 2532 communem
971 2471 1117 2526 illum
1148 2482 1420 2523 carcerem
1461 2473 1640 2530 sonat,
1672 2464 1726 2519 in
1754 2477 1914 2532 quem

321 2586 512 2629 omnes
557 2581 754 2641 praeter
795 2575 1093 2636 martyrum
1144 2563 1354 2617 animas
1395 2559 1624 2630 conjici,
1671 2557 1920 2612 Patribus

319 2665 456 2721 bene
482 2664 666 2718 multis
708 2657 1152 2728 Montanistisqee
1187 2653 1472 2712 creditum.
1503 2653 1635 2705 lline
1659 2651 1918 2719 scriptum

320 2756 687 2814 Tertulliano:
721 2753 856 2810 Tota
885 2750 1117 2822 paradisi
1166 2748 1334 2803 clavis
1389 2753 1513 2800 tuus
1559 2743 1776 2813 sanguis
1813 2751 1919 2796 est.

322 2852 389 2907 Et
411 2852 560 2920 ipsos
587 2847 920 2919 patriarchas
966 2842 1193 2900 inferius
1235 2840 1462 2896 detineri
1493 2837 1718 2909 putavit,
1747 2836 1922 2890 donec

321 2961 352 3001 a
381 2945 599 3001 Christo
642 2943 1017 2998 liberarentur.
1049 2938 1104 2993 In
1131 2952 1204 2992 eo.
1225 2949 1462 2999 carcere,
1485 2949 1642 3004 quem
1673 2930 1920 2985 Limbum

327 3037 656 3093 recentiores
673 3036 876 3100 dicunt,
904 3034 1212 3087 Dinocrates
1242 3028 1493 3084 collocari
1528 3027 1867 3082 censebatur.
1887 3042 1918 3077 -ι

407 3125 515 3183 Vll.
551 3125 650 3182 Tot
667 3139 833 3196 nugas
861 3137 1173 3192 numquam,
1207 3131 1355 3191 puto,
1387 3119 1467 3173 vir
1491 3119 1678 3174 doctus
1695 3115 1921 3170 eﬂ‘ntiis-

2021 1893 2191 1960 pinnis
2217 1891 2533 1960 purgatortis
2565 1901 2684 1959 post
2710 1903 2938 1944 mortem
2967 1892 3200 1960 purgari,
3234 1902 3284 1946 et
3308 1903 3415 1946 uta
3449 1896 3621 1964 poenis

2020 1985 2324 2054 hnjusmodi
2355 1984 2659 2039 releventur
2681 2026 2696 2050 ,
2749 1986 3008 2053 prodesse
3038 1986 3115 2039 eis
3149 1987 3389 2041 vivorum
3431 1989 3623 2043 suffra-

2017 2079 2101 2147 gia
2129 2119 2142 2143 ,
2176 2078 2457 2131 missarum
2490 2078 2694 2130 scilicet
2722 2076 2981 2130 sacrilicia
3008 2119 3022 2142 ,
3073 2079 3346 2133 orationes
3396 2088 3448 2133 et
3477 2082 3622 2135 eice-

2018 2185 2310 2241 ntosynas,
2351 2179 2453 2223 etc.
2494 2188 2513 2221 ι
2567 2168 2650 2223 Nil
2672 2185 2802 2239 ergo
2847 2170 3044 2223 faceret
3082 2170 3150 2224 ad
3191 2170 3347 2240 hujus
3376 2171 3480 2227 loci
3514 2175 3621 2228 vim

2019 2263 2331 2318 elevandum
2354 2264 2600 2334 Basnagi-i
2621 2265 2943 2330 observatio,
2974 2265 3095 2319 licet
3120 2265 3276 2320 nullis
3300 2266 3618 2324 Dinocrates

2020 2361 2290 2429 corporeis
2308 2358 2538 2413 flammis
2557 2360 2775 2412 ars-isset
2799 2376 2812 2410 :
2839 2375 2959 2413 cum
2991 2359 3142 2414 locus
3164 2361 3253 2415 ille
3275 2363 3614 2429 tenebrosus,

2023 2451 2074 2504 in
2103 2467 2212 2522 quo
2233 2468 2354 2506 eum
2381 2472 2400 2502 ‹
2423 2461 2736 2506 ustuantem
2763 2452 2916 2506 valde
2939 2461 2992 2507 et
3013 2452 3284 2509 sitientem
3307 2473 3325 2507 ι
3356 2455 3621 2526 Perpetua

2024 2545 2155 2598 vidit
2179 2588 2192 2610 ,
2225 2547 2426 2614 optime
2453 2554 2710 2616 congruat
2746 2560 2866 2599 cuni
2903 2547 3244 2617 Purgatorio,
3273 2549 3413 2616 quod
3446 2549 3622 2605 Graeci

2024 2638 2075 2690 in
2100 2636 2404 2692 Florentina
2424 2640 2653 2710 synodo,
2674 2637 2879 2694 Latinis
2896 2655 3228 2710 nequaquam
3247 2645 3621 2699 contradicen-

2025 2731 2164 2784 tibus
2187 2772 2202 2796 ,
2227 2732 2575 2786 admiserunt.
2621 2731 2688 2787 Et
2716 2735 2960 2803 quamvis
2987 2733 3296 2788 Latinorum
3328 2735 3392 2789 de
3421 2751 3619 2805 corpo-

2026 2826 2132 2879 reis
2151 2823 2458 2894 Pnrgatorii'
2473 2824 2700 2878 ﬂammis
2721 2827 2902 2896 opinio
2921 2867 2936 2890 ,
2960 2836 3017 2880 ut
3040 2826 3394 2882 Bellartninus
3414 2829 3483 2883 ait
3517 2829 3618 2902 ('5),

2026 2913 2451 2986 probabilissima
2480 2917 2568 2981 sit,
2603 2917 2744 2970 ineo
2771 2926 2980 2983 tamen,
3012 2928 3067 2970 ut
3097 2915 3237 2972 idem
3271 2918 3622 2975 Belial-minus

2026 3009 2180 3064 docet
2205 3008 2308 3081 (4),
2361 3007 2485 3064 ﬁdei
2515 3025 2722 3064 summa
2755 3026 2861 3065 non
2884 3012 3144 3066 vertitur:
3178 3023 3231 3067 et
3255 3029 3372 3068 cun
3404 3013 3623 3070 Latino-

2027 3119 2142 3157 rum
2186 3103 2438 3172 opinione
2477 3103 2756 3174 Perpetua:
2787 3105 2947 3160 verba
2975 3148 2990 3173 ,
3037 3116 3094 3162 ut
3145 3109 3453 3165 observavit
3491 3109 3624 3165 llol-

323 3229 428 3286 set,
455 3217 555 3272 nisi
600 3215 987 3274 causidicorum
1029 3214 1277 3285 dogmata
1329 3207 1671 3280 impugnandi
1702 3206 1923 3261 libidine
1949 3209 1994 3272 ί]
2029 3196 2249 3258 Sleltitls,
2284 3199 2524 3267 apprime
2551 3208 2866 3279 congruunt,

323 3322 472 3369 actus
504 3312 693 3367 finiaset
721 3311 773 3364 in
820 3323 1077 3379 praeceps.
1111 3307 1341 3378 Liquere
1367 3303 1630 3374 imprimis
1658 3300 1918 3371 pntatad-

325 3420 513 3460 versus
543 3402 830 3474 Augustini
860 3401 1192 3470 opinionem,
1213 3398 1552 3452 Dinocratem
1584 3394 1672 3464 qui
1713 3402 1927 3462 septen-

327 3497 412 3552 nis
435 3496 585 3559 obiit,
630 3495 964 3564 Baptismnm
1021 3509 1125 3547 non
1187 3491 1350 3546 fuisse
1391 3490 1680 3560 adeptum,
1707 3486 1846 3558 quod
1873 3492 1930 3541 et

331 3590 535 3646 sororis
563 3589 813 3659 exemplo
855 3587 1064 3658 probat,
1095 3594 1150 3641 et
1179 3601 1243 3641 ex
1287 3600 1354 3640 eo
1390 3582 1533 3654 quod
1561 3594 1712 3652 pater
1741 3597 1770 3634 a
1799 3581 1928 3636 reli-

325 3685 486 3756 gione
519 3683 817 3740 christiana
870 3680 1014 3738 foret
1061 3681 1288 3735 alienus.
1346 3679 1457 3750 Ego
1501 3687 1678 3732 autem
1723 3677 1928 3747 liquere

330 3789 488 3849 puto,
520 3777 848 3832 salutaribus
875 3774 1034 3830 undis
1066 3775 1408 3828 Dinocratem
1436 3772 1604 3826 luisse
1630 3769 1923 3838 perfusum;

332 3869 482 3940 quod
511 3884 633 3924 cum
681 3877 787 3922 tota
815 3867 1098 3937 Perpetua
1137 3864 1358 3930 familia,
1407 3872 1468 3917 ut
1511 3863 1629 3932 ipsa
1649 3861 1931 3932 perspicue

335 3970 590 4024 testatur,
605 3958 796 4016 Christi
809 3960 1121 4031 religionem
1135 3958 1333 4014 coleret
1344 3999 1359 4023 ,
1379 3955 1684 4014 verosimile
1707 3970 1812 4008 non
1835 3953 1924 4018 sit,

330 4055 596 4110 sollicitos
625 4069 720 4109 eos
769 4069 866 4107 non
910 4053 1097 4116 fuisse,
1131 4061 1186 4105 ut
1222 4065 1392 4123 puero
1447 4047 1802 4118 periclitanti,
1830 4060 1932 4116 per

329 4147 584 4217 baptismi
613 4156 1027 4208 sacramentum,
1059 4154 1344 4214 antequam
1395 4139 1701 4201 decederet,
1734 4138 1933 4193 subve-

331 4240 556 4294 niretur.
591 4237 746 4296 Unde
775 4238 982 4293 nullum
1010 4246 1094 4292 est
1134 4238 1354 4291 omnino
1383 4243 1757 4305 argumentum
1792 4230 1932 4300 quod

331 4349 398 4390 ex
441 4333 648 4388 sororis
693 4331 946 4400 exemplo
988 4329 1224 4384 coniicit.
1278 4327 1473 4383 Fateor
1503 4327 1668 4391 enim,
1703 4324 1929 4379 dilatutn

331 4428 515 4484 multis
559 4427 689 4484 olim
746 4425 916 4480 fuisse
958 4424 1284 4496 Baptismum
1305 4464 1318 4486 ,
1350 4409 1450 4476 nisi
1485 4421 1608 4475 vitie
1639 4419 1934 4488 periculum

334 4523 642 4578 immineret
673 4537 687 4574 :
715 4527 774 4574 at
801 4519 888 4578 tibi
920 4518 972 4573 in
1015 4518 1262 4588 proximo
1298 4515 1610 4571 discrimine
1624 4513 1937 4568 versabatur

2101 3290 2230 3344 Illud
2257 3291 2424 3360 magis
2447 3291 2770 3357 mirandum,
2799 3277 2949 3362 quod
2978 3292 3273 3366 Basnagius
3315 3295 3623 3352 immediate

2027 3383 2330 3452 subjnngit:
2357 3384 2672 3452 Perpetuam
2699 3385 2792 3438 soli
2821 3399 3015 3454 ponite,
3040 3403 3158 3456 quae
3176 3388 3358 3442 damni
3385 3400 3486 3449 est,
3520 3405 3626 3446 non

2028 3490 2220 3530 sensus
2242 3517 2256 3539 ,
2288 3476 2558 3530 subditum
2587 3475 2783 3532 vidisse
2805 3477 3166 3534 Dinocratem.
3195 3481 3330 3546 Quid
3359 3483 3528 3552 ergo?
3557 3493 3634 3538 te-

2031 3569 2232 3636 nebrae,
2256 3571 2372 3625 sitis
2393 3613 2407 3637 ,
2451 3583 2612 3626 aestus
2632 3615 2644 3638 ,
2679 3573 2926 3627 sordidus
2957 3574 3165 3641 vultus,
3200 3576 3350 3630 color
3380 3575 3640 3645 pallidus,

2029 3663 2224 3717 vulnus
2248 3665 2300 3717 in
2328 3664 2464 3738 facie
2489 3705 2505 3729 ,
2537 3674 2643 3719 etc.
2672 3708 2687 3731 ,
2721 3666 2784 3720 ad
2832 3681 3043 3736 pretium
3069 3709 3082 3732 ,
3130 3683 3248 3738 qum
3297 3667 3477 3723 damni
3513 3677 3631 3734 est,

2031 3770 2137 3809 non
2155 3769 2364 3819 sensus,
2381 3757 2649 3826 pertinere
2662 3758 2759 3812 sibi
2776 3759 3044 3814 videntur?
3061 3759 3223 3815 Pinna
3243 3760 3424 3815 damni
3441 3780 3466 3812 ιι
3488 3762 3640 3816 theo-

2033 3847 2166 3916 logis
2191 3849 2444 3902 delinitur
2470 3867 2484 3901 :
2516 3848 2739 3918 privatio
2769 3851 2963 3907 divinae
2990 3853 3231 3918 visionis;
3259 3870 3325 3908 an
3354 3855 3507 3909 istam
3541 3870 3634 3908 so-

2035 3939 2142 3992 lutn
2178 3941 2490 3997 Dinocrates
2517 3945 2849 3999 sustinebat?
2881 3945 2937 4000 Si
2965 3946 3039 4000 ita
3065 3959 3182 4011 est;
3213 3962 3341 4018 ergo
3367 3963 3487 4003 cum
3517 3963 3642 4016 pos-

2038 4042 2118 4087 tea
2143 4032 2402 4102 Perpetua
2427 4035 2687 4090 intellexit
2706 4039 3017 4091 translatum
3041 4053 3162 4092 eum
3186 4039 3348 4094 fuisse
3366 4028 3433 4094 de
3457 4054 3635 4109 pinna,

2035 4124 2216 4179 divitia
2264 4127 2467 4180 visione
2507 4138 2778 4180 recreatus
2815 4137 2916 4181 est.
2957 4129 3108 4194 Quod
3151 4140 3298 4184 certe
3343 4131 3639 4199 Basnagius

2039 4233 2143 4273 non
2171 4220 2446 4285 admittet;
2472 4236 2615 4285 cum,
2641 4230 2696 4275 ut
2723 4229 2894 4288 notat,
2921 4221 3381 4288 Montanistarum,
3408 4242 3635 4296 quorum

2041 4311 2260 4366 nefariae
2276 4323 2437 4367 sectte
2459 4316 2772 4383 Perpetuam
2793 4312 3008 4379 addicit,
3031 4316 3272 4370 doctrina
3299 4317 3476 4384 fuerit,
3494 4318 3639 4374 solos

2041 4415 2166 4458 ante
2189 4404 2330 4458 diem
2351 4405 2536 4474 jttdicii
2560 4407 2816 4462 solemnis
2841 4407 2890 4462 iit
2916 4408 3112 4465 caelum
3132 4419 3393 4481 martyres
3419 4401 3607 4483 recipi.

2113 4496 2241 4551 lllttd
2270 4499 2429 4552 etiam
2464 4499 2622 4569 longe
2651 4501 2946 4555 mirabilius
2966 4543 2981 4569 ,
3037 4501 3178 4572 quod
3221 4503 3535 4559 ltuinartuni
3565 4505 3642 4560 nil

336 4613 572 4670 hominis
595 4612 744 4666 salus
778 4611 942 4681 “lu-,5
989 4619 1194 4665 unum
1243 4606 1509 4664 ρνεάηιίη
1555 4607 1750 4660 familia
1793 4589 2182 4664 chri..Ditallc
2231 4591 2488 4675 visionem
2544 4592 2738 4661 jnvare
2804 4595 2948 4649 dicat
3003 4598 3281 4666 probando
3341 4616 3360 4651 ι
3401 4615 3642 4656 mortuos

338 4708 512 4759 stiana
538 4703 824 4768 desidiam,
858 4710 913 4757 ut
945 4701 1087 4757 nulla
1117 4717 1211 4756 eos
1238 4700 1385 4770 pueri
1420 4699 1472 4752 in
1499 4697 1757 4752 extremis
1776 4711 1939 4766 agen-

347 4799 420 4854 tis
445 4814 575 4853 cura
602 4799 857 4869 tetigerit,
885 4797 1087 4852 nullam
1131 4795 1352 4852 omnino
1377 4791 1790 4849 sollicitudinem
1822 4804 1943 4861 ges-

344 4889 538 4955 serint,
573 4902 631 4946 ut
656 4891 1071 4961 regenerationis
1100 4889 1314 4944 lavacro
1342 4887 1394 4942 in
1449 4895 1700 4941 extremo
1751 4883 1939 4938 saltem

344 4983 564 5053 spiritu,
595 4983 680 5038 vel
701 4984 864 5040 invito
894 4991 1064 5054 patre,
1091 4980 1546 5053 perfunderetur?

423 5075 625 5130 Deinde
677 5076 752 5130 ait
811 5075 1180 5146 purgatorium
1232 5073 1332 5128 hac
1392 5072 1673 5142 Perpetuos
1739 5071 1945 5126 visione

341 5168 521 5240 ignem
551 5167 813 5239 extingui.
845 5166 961 5222 Non
994 5167 1065 5222 ita
1095 5167 1270 5222 visum
1299 5173 1382 5220 est
1415 5166 1478 5220 Cl
1503 5203 1518 5218 .
1553 5163 1830 5220 Holstenio
1854 5165 1943 5234 qui

339 5262 408 5317 ad
439 5262 553 5317 haec
597 5260 886 5331 Perpetua
911 5261 1108 5316 verba:
1150 5278 1171 5312 ι
1202 5258 1538 5314 Estuantem
1569 5258 1758 5324 valde,
1789 5267 1844 5313 et
1869 5259 1944 5312 si-

345 5355 589 5421 tientem,
619 5372 642 5405 ι
674 5352 811 5408 hanc
838 5352 969 5410 satis
999 5351 1242 5422 apposite
1271 5359 1454 5405 notam
1474 5349 1750 5419 adiunxit:
1793 5370 1811 5402 ι
1836 5352 1944 5418 Ap-

344 5447 518 5518 prime
537 5449 966 5516 ha'ccongruunt
987 5460 1112 5502 cum
1127 5445 1376 5500 doctrina
1389 5443 1645 5498 Ecclesia
1663 5443 1729 5497 de
1753 5443 1950 5512 Purga-

354 5539 496 5594 torio
519 5580 532 5600 ,
560 5540 650 5595 ubi
687 5548 822 5600 aestu
847 5547 902 5595 et
922 5539 1044 5608 igne
1074 5536 1264 5596 animm
1294 5544 1627 5606 torquentur.
1659 5552 1678 5584 ι
1726 5533 1946 5595 Deinde,

352 5633 478 5701 quia
506 5647 612 5684 non
635 5632 699 5687 ad
723 5630 1141 5701 extinguendum
1174 5629 1333 5682 modo
1357 5627 1716 5697 purgator-ium
1748 5625 1944 5694 ignem,

353 5722 450 5778 sed
477 5723 648 5792 ipsum
666 5739 876 5794 quoque
895 5721 1266 5790 Purgatorium
1289 5719 1656 5782 evertendum,
1684 5715 1797 5771 hzuc
1826 5717 1950 5771 Bas-

355 5816 547 5894 uagius
576 5817 855 5887 observat,
887 5829 1070 5893 operae
1096 5815 1326 5890 pretium
1357 5813 1462 5870 erit
1485 5854 1500 5883 ,
1528 5809 1672 5869 illius
1708 5811 1946 5872 animum

2049 4696 2204 4752 posse
2241 4699 2270 4735 a
2303 4685 2509 4753 pmnis,
2542 4701 2673 4755 quas
2702 4685 2992 4756 patiuntur,
3037 4705 3131 4758 per
3169 4692 3410 4746 vivorum
3455 4707 3646 4762 preces

2047 4776 2280 4831 liberari.
2319 4796 2338 4828 ι
2371 4775 2510 4832 Cum
2532 4793 2590 4832 se
2619 4778 2881 4850 Perpetua
2917 4783 3095 4836 verbis
3137 4783 3273 4838 adeo
3311 4783 3527 4838 disertis
3566 4784 3646 4837 af-

2045 4871 2221 4925 firmet
2270 4871 2383 4925 suis
2412 4871 2658 4942 precibus
2689 4873 3008 4941 impetrasse
3030 4916 3043 4936 ,
3079 4884 3135 4928 ut.
3159 4876 3225 4928 de
3252 4876 3424 4944 pomis
3451 4877 3649 4946 quibus

2046 4965 2428 5036 torquebatur,
2483 4965 2798 5021 Dinocrates
2842 4966 3223 5021 transferretur
3247 5007 3261 5031 ,
3291 4970 3485 5022 mirum
3521 4984 3647 5037 pro-

2048 5057 2191 5115 fecto
2233 5071 2315 5114 est
2376 5058 2646 5128 quomodo
2687 5058 3004 5112 Ruinartum
3059 5058 3130 5111 nil
3177 5059 3327 5126 juvet
3367 5060 3501 5112 visio
3529 5060 3644 5113 lucc

2052 5151 2364 5222 probando:
2403 5167 2420 5200 ‹
2454 5158 2694 5204 mortuos
2725 5163 2883 5220 posse
2912 5165 2942 5204 a
2965 5150 3162 5216 pinnis,
3197 5160 3302 5204 etc.
3356 5169 3377 5201 r
3411 5150 3509 5205 Hic
3531 5150 3645 5220 jam

2123 5307 2202 5380 (ί)
2245 5315 2355 5364 Εἴτε
2388 5313 2480 5375 πῦρ
2501 5311 2790 5381 femineae
2803 5307 2940 5381 ςόφρς
2966 5314 3051 5359 καὶ
3072 5312 3258 5375 θύελλα,
3282 5312 3378 5363 εἴτε
3401 5333 3450 5364 τι
3474 5315 3648 5381 ἕτερον,

2055 5385 2106 5433 αὖ
2132 5373 2465 5448 διᾷφτρόμεθα...
2495 5376 2640 5430 SCSS.

2126 5450 2207 5519 (‘2)
2247 5457 2347 5509 Τὰς
2374 5456 2524 5517 ψυχὰς
2560 5452 2870 5516 καθαρτικαῖς
2909 5459 3158 5519 τιμωρίαις
3191 5459 3494 5522 καθαίρεσθαι
3525 5459 3654 5522 μετὰ.

2054 5529 2270 5577 θένα-τον.
2302 5531 2419 5574 ὥστε
2451 5526 2498 5572 δὲ
2526 5526 2929 5588 αποκουῖιίςεσθιι
2956 5525 3105 5583 αὕη-ἀς
3129 5539 3222 5576 τῶν
3248 5532 3476 5580 ταιούτων
3498 5549 3650 5595 τιμω-

2052 5611 2162 5665 ριῶν
2197 5598 2451 5646 λυσιτελεῖν
2494 5594 2662 5653 uincti;
2695 5602 2776 5654 τὰς
2805 5611 2892 5648 τῶν
2918 5602 3096 5655 ζώντων
3142 5613 3317 5651 πιττῶν
3351 5594 3650 5665 immugit!“

2056 5667 2271 5738 anitatem
2298 5672 2384 5738 fruit;
2405 5673 2537 5738 i597};
2577 5673 2752 5738 Quoia.“
2778 5671 2862 5718 ita.)
2890 5668 3054 5734 ιῦχὰς,
3083 5679 3161 5718 καὶ
3185 5656 3652 5738 ἐ>.εημοσὺνας,ἐις,

2130 5735 2207 5813 (ἒξ)
2250 5735 2370 5813 I_._ib.
2401 5734 2534 5790 ll’dc
2568 5734 2786 5810 Purgat.
2813 5753 2968 5813 capp.
2999 5737 3141 5795 libet
3177 5739 3261 5799 ll-_.

2130 5805 2208 5884 (4)
2249 5805 2386 5864 Ibid.
