4156 6282
556 300 663 356 155

1702 284 2151 345 DISSERTATIO
2191 280 2664 339 APOLOGETICA

3752 278 3864 335 156

554 413 818 487 profecto,
848 411 931 468 vel
960 410 1218 468 Actorum
1244 412 1497 481 pactam;
1519 449 1533 473 ,
1556 414 1647 462 aut
1674 405 1925 477 martyris
1949 402 2080 457 fides
2108 401 2159 455 in
2189 400 2241 460 Α
2270 398 2465 452 tudinis
2488 397 2775 467 longinquo
2798 409 2890 464 per
2918 394 3231 450 immensam
3261 393 3403 447 illam
3442 390 3749 455 distantiam
3781 407 3870 448 su-

560 506 981 563 controversiam
1001 512 1243 559 vocatur.
1272 501 1602 556 Ruinartium
1628 516 1797 569 neque
1815 499 1881 553 de
1906 500 2158 552 Actorum

559 598 889 659 sinceritate,
929 610 1102 664 neque
1131 593 1199 649 de
1233 592 1485 663 martyris
1529 590 1631 645 fide
1657 590 1893 660 suspicio
1920 590 2022 643 ulla
2046 596 2160 642 tan-

559 691 741 762 gebat.
791 688 1079 758 Basnagius
1110 694 1285 741 autem
1316 727 1329 749 ,
1367 684 1458 755 qui
1486 684 1683 739 nullam
1715 683 1783 737 de
1810 683 1956 737 Actis
1984 694 2158 750 quaes-

557 784 756 836 tionem
782 788 979 845 movet,
1006 778 1283 833 videamus
1304 777 1500 848 quibus
1530 776 1861 847 argumentis
1884 774 2161 843 Perpetua:

558 873 718 929 fidem
748 872 1005 942 abrogare
1053 880 1315 926 conetur:
1353 889 1371 921 ι
1415 870 1494 923 Ex
1523 868 1835 923 Latinorum
1869 865 2157 931 sententia,

555 967 760 1039 inquit,
808 982 962 1037 poena
1001 980 1196 1021 sensus
1223 966 1313 1035 qui
1342 965 1668 1036 Baptismum
1697 964 1967 1019 consecuti
1997 971 2156 1027 sunt,

559 1061 657 1116 Soli
685 1075 779 1129 per
803 1059 1048 1113 vivorum
1087 1057 1335 1127 suffragia
1383 1057 1696 1112 liberantur.
1742 1075 1759 1107 ι
1792 1058 1858 1110 At
1890 1071 2007 1119 nos,
2030 1052 2161 1123 bap-

561 1155 778 1212 tizatum
810 1152 971 1209 fuisse
1001 1152 1339 1207 Dinocratem
1358 1195 1372 1218 ,
1405 1167 1525 1206 cum
1556 1151 1860 1221 Augustino
1888 1166 1985 1219 pro
2010 1158 2162 1203 certo

562 1248 841 1312 habemus,
866 1255 920 1301 et
944 1260 1114 1315 paena:
1136 1260 1326 1300 sensus
1359 1243 1523 1298 fuisse
1548 1242 1839 1305 subditum,
1864 1242 2162 1296 clarissime

556 1338 1066 1395 demonstravimus.
1122 1356 1139 1387 ι
1170 1336 1322 1403 Quod
1345 1338 1412 1402 si,
1458 1334 1728 1404 subjungit
1753 1374 1767 1399 ,
1810 1342 1931 1403 post
1960 1331 2162 1401 Baptis-

558 1448 702 1489 mum
725 1433 1030 1487 Dinocrates
1050 1430 1352 1485 idololatria
1373 1429 1600 1499 pollutus
1616 1427 1733 1492 fuit,
1784 1426 2025 1481 utinnuit
2055 1427 2163 1480 Au-

559 1526 805 1598 gustinus
826 1567 842 1593 ,
894 1524 1092 1579 nullius
1116 1539 1248 1579 sane
1280 1522 1530 1593 precibus
1558 1520 1766 1576 meritis
1791 1518 1967 1588 pinnis
1995 1517 2163 1572 eximi

563 1622 754 1693 potuit.
788 1640 807 1673 ι
842 1622 912 1675 At
950 1620 1031 1686 si,
1076 1620 1312 1688 inquam,
1345 1628 1465 1687 post
1488 1615 1819 1686 Baptismum
1854 1614 2163 1669 Dinocrates

559 1717 860 1773 idololatria
892 1714 1124 1785 pollutus
1176 1713 1314 1779 fuit,
1370 1720 1427 1767 ut
1457 1711 1629 1765 innuit
1677 1709 2028 1779 Augustinus,
2062 1707 2161 1762 soli

560 1826 756 1881 pmnze,
787 1823 906 1878 qua:
941 1826 959 1859 ι
991 1805 1174 1859 damni
1200 1813 1304 1871 est,
1332 1819 1438 1858 ιιοιι
1466 1816 1689 1867 sensus,
1721 1820 1740 1851 ι
1776 1800 2020 1855 subditus
2044 1812 2166 1853 esse
2194 1796 2241 1855 B

560 1918 665 1956 non
700 1900 889 1971 potuit.
925 1897 1124 1955 Deibde
1156 1912 1258 1950 tton
1281 1894 1392 1965 jam
1426 1894 1515 1948 hic
1542 1892 1717 1963 agitur
1758 1892 1824 1947 de
1858 1892 2119 1960 Perpetua
2145 1933 2160 1959 ,

561 1994 655 2049 sed
682 1993 749 2048 de
782 1992 1060 2063 Augustini
1089 1991 1361 2061 opinione.
1393 1988 1582 2043 Fuisse
1608 1987 1675 2041 ab
1701 1986 1864 2054 impio
1894 1993 2043 2053 patre
2072 2000 2165 2052 per

563 2087 920 2141 idololatriam
951 2086 1242 2140 alienatum
1272 2098 1301 2136 a
1327 2081 1565 2144 Christo,
1596 2090 1651 2134 et
1680 2078 1745 2132 ad
1768 2078 2045 2148 gentilium
2070 2093 2163 2132 sa-

565 2179 780 2249 crilegia
839 2186 1145 2233 revocatum
1176 2216 1189 2243 ,
1246 2184 1298 2229 ut
1350 2172 1681 2241 Augustinus
1712 2171 1902 2234 innuit,
1938 2169 2026 2223 illa
2061 2185 2164 2222 non

565 2272 801 2341 scripsit.
830 2270 991 2325 Multa
1018 2278 1142 2324 sunt
1166 2267 1267 2321 alia
1300 2275 1539 2337 peccata,
1570 2274 1629 2317 ut
1650 2262 1791 2317 idem
1836 2262 2167 2332 Augustinus

563 2366 853 2425 observat,
882 2362 951 2417 ob
992 2377 1109 2432 quae
1136 2374 1255 2415 esse
1288 2357 1459 2427 potuit
1497 2356 1807 2410 Dinocrates
1846 2354 2167 2424 purgatoriis

564 2457 740 2529 poenis
765 2455 1010 2511 addictus
1044 2472 1056 2508 :
1087 2452 1300 2507 mentiri
1330 2450 1521 2521 potuit,
1553 2449 1732 2513 irasci,
1766 2446 1948 2502 ludere
1973 2457 2167 2517 praeter

566 2550 820 2605 decorum
840 2590 854 2611 ,
887 2557 991 2601 etc.
1020 2545 1386 2614 Quacumque
1427 2550 1604 2596 autem
1634 2539 1830 2595 fuerint
1859 2555 1924 2593 ex
1958 2542 2163 2609 Augus-

567 2641 659 2696 tini
690 2639 963 2709 Opinione,
995 2635 1062 2691 de
1079 2651 1181 2707 qua
1208 2634 1367 2690 modo
1396 2633 1663 2687 disserere
1692 2647 1800 2685 non
1829 2632 1975 2693 libet,
2002 2630 2166 2685 Dino-

569 2733 730 2787 cratis
758 2740 994 2801 peccata,
1025 2738 1119 2784 aut
1147 2728 1575 2799 quibuscumque
1604 2727 1775 2795 pinnis
1805 2737 2163 2793 torqueretur,

571 2842 677 2882 non
707 2825 915 2881 dubitat
942 2836 1159 2879 sanctus
1198 2822 1421 2885 doctor,
1455 2822 1581 2892 quin
1620 2839 1637 2871 ι
1674 2819 1795 2874 inde
1828 2835 1924 2889 pro
1951 2818 2168 2874 Christo

567 2919 843 2973 moriturae
867 2918 1070 2972 sororis
1094 2914 1340 2984 precibus
1367 2914 1594 2967 donatus
1617 2912 1827 2966 exierit.
1858 2930 1877 2963 ι
1909 2912 2167 2980 Adeoque

570 3025 675 3065 non
719 3010 913 3075 video,
958 3021 1125 3078 quare
1171 3005 1485 3059 Ruiuartum
1538 3018 1642 3057 non
1688 3002 1837 3072 juvct
1879 3000 2014 3053 visio
2052 3001 2166 3054 lucc

569 3102 846 3174 probando
868 3144 882 3165 ,
916 3110 1153 3155 mortuos
1184 3112 1341 3169 posse
1392 3114 1420 3150 a
1456 3097 1628 3167 pmnis
1654 3136 1669 3164 ,
1709 3109 1840 3166 quas
1871 3094 2162 3164 patiuntur,

570 3210 664 3266 per
694 3195 932 3247 vivorum
962 3207 1149 3262 preces
1174 3188 1406 3246 liberari.

646 3285 775 3340 Vlll.
819 3286 907 3341 Ait
951 3284 1181 3355 denique
1239 3269 1563 3352 Basuagius,
1625 3281 1966 3336 tenebrosum
2019 3280 2167 3334 illum

572 3384 793 3448 locum,
845 3381 933 3438 ubi
987 3381 1298 3436 Dinocrates
1343 3378 1757 3443 includebatur,
1805 3392 1834 3430 a
1866 3376 2171 3447 purgatorio

572 3492 794 3548 prorsus
809 3474 1103 3541 diversum,
1128 3488 1467 3529 communem
1494 3471 1643 3525 illum
1660 3485 1934 3525 carcerem
1956 3485 2169 3537 sonare,

574 3572 627 3625 in
658 3585 814 3639 quem
843 3584 1033 3625 omnes
1057 3576 1252 3637 praeter
1279 3575 1572 3636 martyrum
1602 3565 1805 3619 animas
1828 3564 2017 3634 conjici
2035 3564 2171 3628 ,Pa-

574 3664 749 3717 tribus
776 3663 911 3718 bene
938 3661 1158 3726 multis,
1198 3657 1641 3729 Montanistisque
1688 3657 1975 3711 creditum.
2019 3655 2173 3711 Circa

574 3756 871 3811 animarum
896 3796 909 3820 ,
942 3764 998 3810 ut
1042 3762 1254 3820 vocant,
1286 3752 1652 3822 receptacula,
1685 3766 1789 3805 ιιοιι
1821 3765 1921 3803 una
1958 3762 2174 3817 semper

576 3846 871 3919 eademque
915 3846 1015 3901 fuit
1067 3845 1381 3901 Tertulliani
1428 3845 1714 3899 sententia.
1744 3843 1800 3897 In
1850 3842 1985 3897 libro
2027 3841 2170 3895 enim

575 3942 643 3999 de
665 3944 855 3998 Anima
888 3940 967 4014 (1)
994 3957 1060 3995 ex
1088 3939 1370 4005 Paracleti,
1400 3938 1501 3993 hoc
1531 3948 1612 3993 est
1640 3936 1877 3991 Montani
1908 3935 2171 4000 doctrina,

583 4051 815 4091 «onines
861 4035 1067 4089 animas
1114 4047 1277 4103 penes
1316 4032 1517 4086 inferos
1548 4050 1565 4081 ι
1613 4029 1860 4092 collocat,
1919 4046 1936 4078 ι
1966 4037 2020 4082 et
2066 4026 2175 4080 illic

575 4131 834 4202 supplicia
879 4129 1091 4185 interim
1117 4170 1131 4193 ,
1165 4137 1220 4183 et
1271 4126 1581 4197 refrigeria:
1611 4124 1719 4178 (iur
1742 4125 1920 4186 enim,
1968 4123 2171 4192 inquit.

576 4240 682 4279 non
740 4234 894 4295 putes
924 4221 1155 4275 animam
1186 4230 1237 4276 et
1276 4220 1483 4290 puniri,
1507 4228 1563 4273 et
1593 4215 1760 4273 foveri
1795 4216 1847 4270 in
1880 4214 2062 4269 inferis
2090 4214 2175 4267 in-

578 4319 730 4374 terim
759 4316 857 4373 sub
879 4316 1282 4386 eXSpectatione
1315 4315 1591 4383 utriusque
1621 4310 1809 4381 judicii
1850 4310 1901 4364 in
1946 4308 2177 4380 quadam

578 4410 923 4481 usurpatione
953 4419 1006 4463 et
1034 4407 1260 4462 candida
1292 4405 1446 4474 ejus?
1473 4403 1577 4459 Sed
1606 4403 1730 4457 alibi
1756 4405 1892 4457 hanc
1924 4402 1998 4456 uti
2040 4401 2176 4455 Mar-

577 4504 750 4558 cionis
778 4502 1086 4570 opinionem
1140 4497 1424 4563 scripturae
1447 4495 1769 4550 auctoritate
1807 4494 2049 4549 confutat
2082 4491 2161 4565 ('2)

2266 490 2545 545 blimitatis
2566 499 2619 543 et
2648 486 3043 558 profunditatis.
3076 485 3226 541 Unde
3252 494 3475 554 apparet
3501 482 3729 553 sapienti
3752 483 3867 537 cui-

2265 602 2407 656 que,
2462 585 2550 656 qui
2606 582 2888 653 aliquando
2935 581 3147 653 Elysios
3178 579 3441 642 audierit,
3484 592 3605 631 esse
3634 577 3869 647 aliquam

2267 682 2493 737 localem
2520 678 3023 735 determinationem
3050 692 3168 746 qua:
3191 675 3340 729 sinus
3359 673 3500 728 dicta
3526 674 3595 727 sit
3613 672 3867 741 Abrahre,

2267 774 2332 827 ad
2362 772 2697 842 reripiendas
2728 771 2935 825 animas
2966 769 3197 822 filiorum
3224 767 3340 836 ejus
3364 767 3523 821 etiam
3550 782 3613 820 ex
3641 766 3867 821 nationi-

2267 870 2510 925 bus......
2557 867 2684 921 Eam
2724 868 2901 937 itaque
2933 866 3205 935 regionem
3245 864 3420 918 sinum
3455 863 3578 917 dico
3615 862 3869 930 Abrahm,

2266 965 2365 1019 etsi
2383 980 2486 1018 non
2509 964 2805 1025 emlestent,
2823 960 3186 1017 sublimiorem
3218 970 3393 1013 tamen
3416 957 3622 1023 inferis,
3654 958 3871 1014 interim

2266 1058 2601 1129 refrigerium
2618 1057 2956 1127 pra:bituram
2972 1056 3251 1111 animabus
3266 1056 3735 1124 justorum,donec
3748 1072 3874 1112 con-

2266 1155 2552 1207 suuuuatio
2578 1169 2755 1207 rerum
2792 1153 3243 1209 resurrectionem
3273 1152 3511 1207 omnium
3541 1152 3873 1222 plenitudine

2266 1247 2533 1302 mercedis
2564 1256 2865 1315 expungat,
2898 1255 3023 1299 tunc
3047 1246 3351 1315 apparitura
3394 1246 3603 1300 caelesti
3645 1246 3875 1315 promis-

2266 1340 2437 1401 sione,
2463 1350 2565 1393 etc.
2590 1339 2748 1393 Salva
2770 1354 2831 1393 ea
2858 1338 3235 1408 promissione,
3260 1353 3355 1393 Ctll‘
3376 1354 3482 1393 non
3506 1340 3874 1407 capiatsiuum

2267 1433 2498 1489 Abraba:
2538 1433 2641 1489 dici
2668 1476 2682 1497 ,
2728 1432 3018 1501 temporale
3046 1432 3258 1501 aliquod
3299 1432 3597 1486 animarum
3634 1434 3871 1488 fidelium

2267 1526 2700 1595 receptaculum,
2736 1527 2786 1579 in
2820 1542 2923 1595 quo
2956 1526 3064 1593 jam
3096 1524 3387 1578 dchnictur
3424 1524 3587 1578 futuri
3618 1526 3790 1595 imago
3811 1540 3874 1581 ac

2268 1620 2493 1674 candida
2543 1620 2788 1691 quaedam
2858 1619 3135 1688 utriusque
3177 1618 3363 1687 judicii
3411 1620 3808 1689 prospiciatur?
3848 1640 3866 1671 ι

2268 1713 2424 1769 Juxta
2477 1714 2616 1769 hanc
2644 1712 2932 1769 secundam
2973 1712 3282 1781 opinionem
3324 1711 3428 1767 dici
3460 1727 3565 1765 non
3595 1721 3765 1780 poteSt
3797 1722 3877 1767 te~

2272 1810 2559 1863 nebrosum
2595 1807 2743 1861 illum
2777 1806 2971 1871 locum,
3000 1807 3049 1859 in
3082 1822 3189 1876 quo
3218 1806 3533 1861 Dinocrates
3565 1807 3873 1865 includeba-

2272 1913 2376 1967 tur,
2397 1918 2735 1957 communem
2762 1902 2991 1972 aliquem
3016 1901 3178 1955 fuisse
3198 1917 3471 1956 carcerem
3498 1903 3547 1955 in
3571 1918 3726 1971 quem
3750 1919 3865 1958 out-

2271 2012 2365 2050 nes
2394 2005 2587 2065 praeter
2618 2005 2915 2065 martyrum
2941 1995 3146 2047 animas
3173 1994 3365 2062 conjici
3388 2035 3402 2059 ,
3446 1994 3691 2050 Patribus
3730 1996 3869 2051 bene

2271 2089 2455 2143 multis
2483 2087 2928 2156 Montanistisque
2953 2087 3213 2141 creditum
3241 2105 3253 2139 :
3288 2090 3611 2147 cunusinutn
3641 2088 3868 2145 Abrahae

2270 2180 2336 2235 ad
2364 2180 2694 2249 recipiendas
2725 2180 2930 2233 animas
2972 2179 3200 2232 filiorum
3241 2178 3356 2248 ejus
3397 2178 3746 2244 destinatum,
3780 2195 3871 2235 re-

2270 2274 2477 2344 gionem
2512 2271 2675 2326 fuisse
2704 2272 2894 2326 doceat
2919 2271 3297 2336 Tertullianus,
3318 2272 3413 2325 etsi
3434 2286 3537 2326 non
3560 2272 3860 2339 cmlestem,

2270 2368 2635 2422 sublimiorem
2666 2376 2843 2421 tamen
2873 2366 3089 2431 inferis,
3127 2367 3337 2421 interim
3367 2367 3697 2437 refrigerium
3726 2382 3868 2437 pra:-

2272 2461 2506 2516 bituram
2550 2460 2830 2515 animabus
2852 2460 3140 2530 justorum.
3172 2459 3277 2516 Sed
3302 2459 3448 2529 juxta
3477 2459 3703 2529 primaut
3735 2473 3866 2513 sen-

2273 2555 2526 2619 tentiam,
2603 2554 2756 2608 sicuti
2819 2568 2984 2622 penes
3046 2553 3246 2607 inferos
3301 2561 3356 2607 et
3404 2551 3661 2621 supplicia
3713 2559 3871 2605 erant

2272 2657 2326 2702 et
2360 2647 2634 2717 refrigeria
2660 2662 2674 2709 ;
2721 2646 2790 2700 ita
2815 2660 2981 2717 penes
3013 2644 3213 2700 inferos
3237 2654 3355 2700 erat
3384 2656 3437 2699 et
3459 2645 3827 2714 Purgatorium
3851 2661 3869 2697 :

2270 2740 2509 2809 adeoque
2554 2740 2711 2793 statui
2764 2755 2869 2794 non
2909 2748 3083 2808 potest
3133 2739 3307 2795 locum
3344 2739 3494 2793 illum
3524 2738 3869 2793 tenebrosum

2273 2836 2324 2888 in
2347 2850 2451 2903 quo
2480 2834 2797 2888 Dinocrates
2824 2832 3217 2899 includebatur,
3247 2849 3273 2885 a
3310 2832 3624 2903 Purgatorio
3651 2847 3873 2901 prorsus

2272 2926 2436 2981 fuisse
2479 2925 2769 2981 diversum.
2818 2925 3026 2979 Etenim
3056 2924 3358 2996 Purgatorii
3403 2927 3619 2980 nomine
3650 2925 3873 2979 alterius

2271 3018 2391 3073 vita:
2420 3034 2603 3085 poenas
2630 3017 2976 3089 intelligimus
3006 3018 3162 3088 justis
3194 3027 3313 3088 post
3338 3018 3554 3089 aliquod
3584 3028 3793 3089 tempus
3816 3019 3873 3072 in

2273 3111 2605 3180 refrigerium
2638 3110 3068 3165 commutandus:
3113 3126 3286 3181 neque
3328 3111 3393 3164 ad
3441 3111 3559 3166 fidei
3589 3111 3776 3181 dogma
3804 3110 3876 3166 de

2193 3196 2235 3258 C
2270 3203 2586 3273 Purgatorio
2634 3202 2857 3272 quaestio
2910 3204 2994 3256 illa
3029 3205 3292 3273 pertinet,
3320 3220 3389 3258 an
3430 3204 3547 3260 loco
3586 3206 3652 3259 ab
3693 3206 3878 3261 inferis

2277 3306 2552 3365 scparetur
2584 3292 2679 3366 (l).
2724 3294 2855 3348 Cum
2890 3295 3046 3366 igitur
3090 3296 3361 3350 Dinocrati
3403 3296 3553 3353 locus
3601 3298 3689 3351 ille
3720 3309 3875 3353 tene-

2276 3387 2470 3443 brosus
2502 3388 2552 3441 in
2595 3404 2701 3457 quo
2728 3388 2899 3458 ipsum
2949 3398 3263 3443 aestuantem
3297 3389 3449 3444 valde
3503 3399 3560 3445 et
3606 3391 3875 3446 sitientem

2279 3481 2537 3552 Perpetua
2566 3480 2695 3534 vidit
2721 3524 2735 3546 ,
2772 3480 2929 3551 paulo
2962 3490 3081 3551 post
3118 3481 3169 3534 in
3200 3481 3431 3535 lucidum
3463 3481 3620 3537 fuerit
3643 3499 3882 3538 commu-

2279 3581 2439 3638 tatus,
2468 3576 2519 3628 iu
2539 3590 2643 3644 quo
2665 3590 2785 3629 eum
2811 3575 3144 3629 sanctissima
3169 3589 3326 3629 soror
3356 3594 3374 3624 ι
3404 3576 3603 3630 mundo
3627 3591 3874 3646 corpore,

2277 3666 2413 3722 bene
2444 3668 2692 3722 vestitum
2743 3676 2797 3722 et
2840 3666 3244 3738 refrigerantetn
3279 3686 3296 3715 δ
3341 3668 3579 3738 aspexit,
3606 3669 3780 3723 adhuc
3807 3683 3876 3723 ex

2279 3768 2521 3814 veterum
2562 3758 2913 3828 quorumdam
2941 3759 3157 3814 Patrum
3184 3769 3237 3814 et
3278 3759 3716 3815 Montanistarum
3752 3776 3881 3817 sen-

2280 3854 2443 3907 tentia
2470 3852 2723 3907 aflirmari
2754 3852 2903 3907 nullo
2929 3852 3089 3907 modo
3118 3861 3313 3923 potest,
3344 3852 3519 3907 locmn
3550 3851 3703 3909 illum
3728 3863 3885 3909 tene-

2280 3944 2497 3999 brosum
2520 3986 2534 4009 ,
2568 3944 2617 3998 in
2658 3962 2764 4011 quo
2793 3946 3021 4014 primum
3056 3945 3370 4000 Dinocrates
3406 3945 3806 4014 includebatur,
3846 3962 3880 4001 a

2279 4036 2592 4105 Purgatorio
2622 4052 2838 4108 prorsus
2871 4036 3033 4093 fuisse
3059 4038 3350 4094 diversum.

2350 4132 2409 4188 Si
2457 4142 2567 4187 rata
2620 4144 2763 4187 esset
2803 4142 2856 4187 et
2904 4143 3051 4188 certa
3088 4131 3167 4188 Cl.
3200 4132 3458 4188 Holstenii
3489 4133 3677 4198 lectio;
3719 4148 3876 4189 com-

2282 4226 2458 4281 munis
2490 4226 2862 4297 theologorum
2895 4225 2963 4280 de
3006 4226 3359 4297 receptaculis
3404 4226 3701 4281 animarum
3744 4242 3878 4282 sen-

2283 4319 2443 4375 tentia
2471 4362 2485 4384 ,
2526 4319 2769 4390 egregie,
2810 4326 2867 4373 ut
2912 4319 3168 4373 Possinus
3194 4319 3443 4374 observat
3473 4318 3589 4393 (2),
3622 4318 3723 4374 hac
3750 4319 3886 4374 Per-

2284 4423 2458 4484 petua:
2489 4414 2693 4468 visione
2723 4414 3154 4469 confirmaretur.
3206 4413 3280 4469 lta
3312 4416 3456 4471 enim
3488 4416 3646 4471 habet
3677 4434 3690 4470 :
3730 4434 3748 4467 ι
3782 4415 3881 4471 Vi-

2281 4507 2383 4562 deo
2412 4508 2747 4562 Dinocratem
2772 4518 3053 4564 exeuntem
3083 4508 3152 4565 de
3183 4509 3299 4564 loco
3346 4510 3632 4565 tenebroso
3654 4553 3667 4575 ,
3696 4510 3785 4565 ubi
3828 4520 3885 4566 et

585 4618 604 4652 ι
635 4598 739 4654 Sed
764 4597 995 4651 Marcion
1020 4595 1272 4649 aliorsum
1297 4592 1457 4663 Cogit,
1486 4591 1692 4647 scilicet
1721 4598 2000 4659 utramque
2037 4605 2179 4644 mer-
2204 4596 2258 4656 D
2285 4601 2558 4670 complura
2587 4610 2739 4654 erant
2767 4600 2880 4654 ιοω
2913 4602 3215 4665 tenebrosa,
3243 4610 3347 4655 εις,
3385 4621 3404 4654 ,
3449 4602 3654 4657 Ducem
3674 4603 3884 4659 scilicet

579 4692 768 4747 cedem
814 4689 1096 4753 creatoris,
1137 4688 1251 4743 sive
1280 4685 1551 4751 tormenti,
1582 4685 1695 4739 sive
1737 4682 1997 4754 refrigerii
2037 4681 2176 4751 apud

582 4789 801 4850 inferos.
833 4786 1158 4843 determinat
1184 4786 1263 4841 eis
1291 4784 1515 4854 positam
1538 4824 1552 4846 .
1581 4782 1670 4852 qui
1704 4780 1829 4851 Legi
1858 4788 1912 4835 et
1937 4779 2174 4848 PrOphe‘

582 4886 649 4941 tis
676 4884 988 4941 obedirent:
1014 4881 1230 4938 Christo
1260 4889 1453 4935 veroet
1477 4878 1570 4934 Dei
1592 4878 1673 4933 sui
1700 4879 1975 4933 caelestem
1996 4875 2180 4931 deﬁnit

580 4980 754 5035 sinum
798 4988 852 5035 et
870 4986 1105 5049 portum.
1138 4972 1621 5046 Respondebimus,
1656 4980 1711 5027 et
1741 4972 1839 5025 hac
1867 4970 1977 5039 ipsa
2000 4967 2181 5038 Scrip-

582 5084 698 5130 tura
745 5074 1054 5129 revinceute
1098 5072 1282 5126 oculos
1306 5069 1443 5138 ejus,
1487 5084 1606 5138 quae
1644 5068 1711 5121 ab
1753 5066 1939 5121 inferis
1979 5065 2179 5121 discer-

584 5166 662 5220 nit
696 5164 926 5221 Abralne
970 5164 1145 5218 sinum
1192 5161 1434 5233 pauperi.
1483 5159 1639 5214 Aliud
1683 5159 1827 5213 enim
1887 5156 2079 5221 inferi,
2125 5167 2181 5211 ut

586 5266 713 5327 puto
737 5300 751 5323 ,
781 5256 920 5310 aliud
949 5269 1163 5326 quoque
1189 5253 1419 5308 Abrabm
1447 5252 1617 5307 sinus.
1651 5249 1781 5305 Nam
1814 5259 1867 5304 et
1890 5265 2139 5321 magnum
2162 5291 2177 5317 ,

583 5354 675 5419 ait,
693 5354 1023 5410 intercedere
1046 5350 1289 5421 regiones
1310 5349 1436 5403 istas
1458 5345 1802 5418 profundum,
1828 5355 1879 5401 et
1899 5345 2178 5399 transitum

587 5446 835 5515 utrinque
866 5445 1174 5513 prolubere.
1206 5442 1315 5499 Sed
1354 5458 1451 5498 nec
1478 5442 1762 5497 allevasset
1796 5444 1947 5495 dives
1978 5439 2179 5511 oculos,

588 5546 643 5593 et
671 5537 883 5607 quidem
917 5537 986 5593 de
1026 5536 1341 5607 longinquo,
1378 5535 1481 5591 nisi
1508 5536 1561 5591 in
1589 5534 1866 5605 superiora
1889 5543 1944 5589 et
1964 5531 2033 5589 de
2062 5530 2185 5587 alti-

659 5710 740 5785 (l)
760 5710 891 5785 Cap.
920 5711 1008 5766 57.
1043 5711 1149 5767 vid.
1170 5721 1237 5785 _e_t
1264 5726 1381 5785 cap.
1413 5710 1481 5766 55
1502 5720 1555 5766 et
1575 5710 1665 5785 56.

662 5783 743 5860 (‘2)
770 5784 887 5841 Lib.
921 5799 971 5839 tv
996 5794 1131 5838 cont.
1158 5783 1441 5851 Marciam,
1473 5797 1590 5854 cap.
1615 5784 1706 5840 54.

2286 4691 2553 4762 theologi,
2602 4701 2831 4761 quatuor
2860 4708 2983 4747 esse.
3025 4692 3123 4748 sub
3154 4702 3294 4747 terra
3327 4694 3474 4749 locos
3514 4693 3798 4750 distinctos
3828 4696 3882 4750 in

2284 4788 2476 4857 quibus
2518 4788 2711 4840 anima:
2760 4797 3093 4841 mortuorum
3142 4787 3450 4843 detinentur
3484 4805 3498 4842 :
3532 4804 3727 4859 nempe
3765 4804 3886 4843 om-

2284 4877 2430 4932 nium
2462 4878 2702 4933 infimum
2733 4877 2823 4932 ubi
2845 4878 3119 4934 dannones
3138 4881 3394 4933 etanimm
3414 4879 3887 4950 damnatrc;supra

2286 4973 2448 5039 hunc,
2478 4971 2876 5043 Purgatorium,
2895 4972 2979 5026 ubi
3000 4974 3190 5026 anima:
3209 4981 3501 5043 purgantur
3529 4973 3596 5027 ad
3630 4982 3879 5043 tempus;

2285 5066 2478 5123 deinde
2524 5066 2771 5122 Limbum
2818 5083 3105 5139 puerorum
3170 5081 3276 5137 quo
3326 5066 3633 5123 detinentur
3690 5068 3889 5122 anima:

2284 5170 2614 5216 mortuorum
2648 5162 2699 5214 in
2730 5161 2849 5216 solo
2880 5171 3097 5229 peccato
3124 5160 3403 5231 originali;
3436 5169 3710 5230 postremo
3730 5160 3888 5215 Lim-

2284 5255 2405 5311 bum
2440 5255 2675 5318 Patrum,
2723 5270 2866 5309 nunc
2904 5269 3131 5308 vacuum
3158 5270 3187 5307 a
3228 5263 3469 5323 tempore
3499 5254 3687 5309 mortis
3712 5260 3767 5307 et
3793 5265 3893 5307 re-

2284 5349 2636 5405 surrectionis
2682 5347 2915 5414 Christi,
2949 5360 3055 5403 etc.
3098 5347 3259 5414 llaec,
3293 5348 3567 5418 subjungit
3604 5346 3889 5415 Possinus,

2291 5442 2455 5496 fuisse
2487 5441 2732 5496 videntur
2759 5440 2849 5494 illa
2876 5441 3153 5511 complura
3186 5441 3300 5497 loca
3324 5441 3607 5497 tenebrosa
3626 5482 3640 5506 ,
3673 5456 3792 5512 qua:
3820 5455 3893 5496 se

2296 5535 2494 5592 vidisse
2539 5534 2768 5591 laudatis
2798 5534 2977 5591 verbis
3020 5546 3206 5591 sancta
3244 5534 3506 5607 Perpetua
3538 5544 3782 5591 testatur.
3816 5537 3899 5594 At

2370 5714 2450 5847 (lg
2474 5711 2593 5769 Vid.
2623 5672 2937 5797 Bellarmiu.
2969 5713 3061 5769 lib.
3094 5730 3152 5779 ιι,
3185 5716 3248 5770 de
3275 5713 3517 5788 Purgat.,
3545 5732 3665 5790 cap.
3698 5716 3752 5774 6.

2371 5786 2424 5847 (2
2472 5782 2940 5847 Paralipomeu.ad
2969 5784 3203 5843 Ηοιειεη.
3236 5798 3403 5846 notas.

2371 5782 2448 5855 (ἓ)
2472 5782 2940 5857 Paralipomeu.ad
2969 5784 3203 5843 Ηοιειεη.
3236 5782 3403 5846 notas:
