4218 6268
284 337 389 395 157

1211 332 1347 388 PRO
1375 331 1467 389 SS.
1501 326 1891 398 PERPETUA,
1936 328 2348 388 FELICITATE
2386 328 2477 389 ET
2515 331 2748 391 SOCIIS.

3496 344 3601 401 158

288 452 589 507 Ruinartus
616 448 777 503 habet
810 466 822 501 :
877 467 894 499 ε
935 448 1036 505 Ubi
1068 456 1122 503 et
1149 450 1457 517 complures
1482 458 1653 503 erant.
1687 467 1705 500 ι
1740 447 1893 516 Quod
1921 447 1974 508 Α
2001 446 2176 503 adhuc
2205 462 2299 503 sua
2331 458 2489 503 aztatc
2519 450 2787 518 vigentem
2833 446 3068 505 refutare
3092 464 3395 521 aggressus,
3430 469 3599 525 pecu-

283 544 537 615 equidem
565 542 629 596 ad
659 541 989 595 inclusorum
1017 540 1432 604 multitudinem,
1465 555 1621 608 quam
1651 540 1717 594 ad
1750 540 1893 595 loco-

281 654 407 694 rum
449 638 813 693 diversitatem
836 635 1011 705 aptius
1032 635 1281 689 refertur.
1313 635 1570 701 Quamvis
1599 635 1740 689 varia
1770 650 1892 690 esse

281 731 392 787 sub
434 739 574 785 terra
621 730 920 783 animarum
968 728 1343 799 receptacula,
1389 744 1563 799 neque
1602 728 1685 783 his
1717 730 1893 784 verbis

280 823 549 891 Perpetua
582 832 781 893 neget:
809 821 902 876 sed
931 820 998 874 de
1029 820 1127 874 hac
1158 829 1360 875 sancta:
1405 821 1657 892 martyris
1686 820 1894 877 visione

278 913 481 969 iterum
505 914 682 981 capite
712 913 947 982 septimo
973 926 1154 967 sermo
1181 910 1398 967 redibit.

918 1024 1146 1081 CAPUT
1174 1026 1266 1080 Vl.

283 1135 578 1178 MARTYRUM
609 1133 929 1175 NOSTRORUM
958 1134 1225 1174 VIBTUTES
1243 1159 1259 1185 ,
1287 1134 1355 1173 ετ
1384 1134 1630 1174 VISIONUM
1656 1134 1895 1175 FRUCTUS

365 1230 693 1280 OSTENDUNT,
747 1228 925 1283 »ινιΝο
964 1227 1111 1267 ILLOS
1139 1226 1317 1266 FUISSE
1362 1227 1566 1267 SPIRITU
1604 1229 1892 1278 AFFLATOS,

361 1324 430 1363 ΕΤ
458 1322 635 1363 Εοιιυι
666 1320 1069 1362 ΒενΕιΑτιοΝεδ
1094 1320 1198 1360 DEO
1230 1319 1354 1360 ESSE
1384 1321 1732 1362 TRIBUENDAS.

360 1401 402 1455 I.
446 1400 513 1455 In
536 1402 667 1457 veris
692 1400 950 1473 praphetis
979 1417 1010 1453 a
1031 1399 1176 1470 falsis
1203 1399 1567 1466 discernendis,
1599 1416 1771 1454 eorum
1797 1401 1895 1454 im-

287 1494 464 1566 primis
490 1509 690 1546 morum
718 1490 1004 1547 habendam
1022 1506 1129 1545 esse
1156 1491 1429 1545 rationem.

360 1584 423 1639 II.
466 1585 652 1651 Aliqua
678 1583 920 1638 Actorum
948 1584 1079 1650 loca,
1108 1582 1162 1636 in
1189 1582 1369 1653 quibus
1394 1592 1676 1653 martyrum
1700 1594 1899 1639 nostro-

300 1697 416 1733 rum
435 1680 639 1733 virtutes
659 1677 903 1750 graphice
932 1675 1303 1730 describuntur.

372 1773 459 1829 Ill.
502 1771 651 1825 Nihil
670 1787 775 1825 esse
797 1771 852 1823 in
871 1786 1044 1824 eorum
1072 1769 1294 1831 moribus
1322 1768 1743 1836 animadvertere,
1763 1771 1899 1839 quod

299 1868 537 1923 Montani
562 1866 789 1920 redoleat
810 1863 1192 1919 institutionem.

367 1960 456 2016 IV.
507 1960 812 2031 Perpetuam
841 1959 1103 2028 sociasque
1132 1966 1381 2029 martyres
1416 1966 1613 2012 natura:
1642 1958 1776 2027 leges
1806 1958 1903 2011 mi-

294 2055 436 2109 nime
463 2052 696 2118 violasse,
724 2052 919 2123 lgnatii
948 2051 1025 2106 Μ.
1055 2050 1285 2121 exemplo
1324 2051 1719 2105 demonstratur.

362 2148 402 2201 V
413 2188 426 2201 .
436 2146 661 2200 Aliorum
674 2155 950 2215 martyrum
970 2160 1063 2215 pro
1076 2144 1306 2214 martyrii
1320 2160 1508 2199 corona
1520 2160 1693 2215 preces
1710 2152 1753 2198 et
1766 2153 1897 2198 vota.

374 2238 461 2293 VI.
500 2237 657 2303 Alios,
688 2245 872 2308 ρνωιετ
897 2236 1224 2307 Perpetuam,
1255 2246 1502 2306 martyres
1529 2244 1617 2289 aut
1641 2236 1821 2290 bestias
1850 2237 1906 2289 in

292 2350 348 2388 se
378 2333 517 2398 ipsos
544 2333 830 2387 concitasse
848 2374 861 2399 ,
897 2341 985 2385 aut
1016 2332 1354 2384 instrumenta
1378 2331 1692 2386 crudelitatis
1722 2331 1790 2385 ad
1819 2347 1905 2385 ac-

295 2425 625 2481 celerandum
654 2425 961 2495 martyrium
987 2422 1122 2476 ultro
1150 2422 1461 2477 adhibuisse.

370 2520 485 2576 VII.
538 2518 773 2573 Veterum
800 2518 1205 2573 Christianorum
1230 2517 1461 2585 exempla
1485 2518 1573 2587 qui
1604 2518 1683 2571 vel
1713 2518 1906 2587 seipsos

296 2623 480 2685 sponte
525 2612 821 2668 obtulerunt
844 2601 868 2678 ,l
905 2610 982 2665 vel
1017 2610 1296 2679 praesidum
1325 2610 1570 2664 saevitiam
1614 2611 1669 2663 in
1694 2626 1747 2664 se
1771 2609 1906 2664 ultro

298 2715 659 2778 provocarunt,
694 2703 963 2773 Perpetua:
993 2708 1183 2774 factum
1214 2713 1476 2759 excusant.

368 2800 503 2855 VIII.
549 2799 862 2855 Sanctorum
905 2798 1187 2852 Andronici
1226 2807 1271 2853 et
1318 2797 1541 2852 Tarachi
1580 2798 1908 2853 memorabile

300 2894 526 2965 facinus.

370 2985 469 3041 IX.
514 2984 777 3057 Perpetua:
806 2992 854 3038 et
894 2983 1147 3037 sociorum
1185 2990 1467 3052 martyrum
1514 2980 1724 3050 spiritus
1752 2997 1907 3052 quam

301 3079 463 3149 fuerit
491 3094 524 3130 α
551 3077 977 3132 Montanistarum
1000 3076 1185 3145 spiritu
1212 3076 1360 3146 longe
1389 3074 1618 3128 diversus
1648 3091 1711 3128 ea:
1735 3073 1906 3129 diver-

300 3171 373 3226 sis
402 3170 667 3239 utriusque
694 3168 956 3237 effectibus
988 3168 1381 3223 demonstratur.

372 3263 443 3319 X.
487 3262 757 3333 Perpetua:
777 3270 822 3317 et
854 3260 1033 3316 Saturi
1058 3261 1417 3315 reuelationem
1445 3259 1641 3314 honesti
1658 3268 1705 3313 et
1731 3258 1909 3329 optimi

301 3361 519 3429 fructus.

372 3451 415 3507 Ι.
481 3450 861 3522 Superioribus
906 3448 1168 3518 capitibus
1227 3455 1539 3518 argumenta
1599 3444 1909 3501 labefactavi

301 3556 423 3615 qua:
439 3542 730 3612 Basnagius
751 3556 815 3597 ex
841 3540 970 3611 ipsis
982 3554 1170 3595 eorum
1190 3539 1338 3594 Actis
1359 3537 1619 3592 adversus
1646 3548 1911 3609 martyres

302 3634 538 3691 conficit.
568 3633 827 3688 Praesenti
849 3640 903 3686 et
923 3631 1168 3703 sequenti
1190 3629 1366 3700 capite
1391 3638 1705 3699 argumenta
1724 3630 1776 3683 in
1798 3643 1912 3684 me—

301 3730 453 3785 dium
480 3728 794 3799 producam,
834 3741 953 3796 quae
996 3740 1092 3795 pro
1130 3725 1332 3780 sanctis
1362 3724 1689 3795 martyribus
1724 3739 1793 3779 ex
1822 3723 1911 3778 iis-

310 3820 439 3876 dem
458 3819 605 3873 Actis
630 3818 839 3889 collegi,
861 3826 914 3872 et
940 3816 1137 3887 quibus
1158 3816 1529 3880 invictissime,
1560 3826 1620 3870 ut
1648 3826 1796 3886 puto,
1821 3829 1913 3869 eo-

308 3926 437 3966 rum
467 3908 781 3964 orthodosia
805 3908 1123 3973 vindicatur,
1152 3918 1212 3964 ut
1241 3907 1691 3979 quemadmodum
1722 3907 1913 3962 adver-

308 4005 492 4059 sarius
519 4013 576 4059 et
605 4003 851 4069 externis,
884 4011 941 4057 ut
959 4010 1185 4069 vocant,
1216 4004 1543 4073 argumentis
1590 4012 1643 4057 et
1690 4002 1913 4056 internis

306 4098 569 4154 adversus
601 4106 857 4168 martyres
877 4096 1069 4151 militat
1096 4115 1109 4149 :
1142 4096 1212 4149 ita
1238 4110 1337 4150 nos
1360 4110 1456 4164 pro
1486 4094 1613 4159 illis,
1632 4102 1913 4163 postquam

306 4190 534 4263 hujusce
584 4190 977 4246 dissertationis
1002 4189 1176 4258 capite
1215 4188 1389 4258 primo
1412 4194 1630 4243 externa
1660 4184 1915 4255 produxi-

304 4299 425 4339 mus
440 4291 756 4354 argumenta
781 4297 846 4337 ex
870 4281 1126 4337 Ecclesiae
1151 4288 1460 4336 etveterum
1487 4279 1704 4333 Patrum
1733 4285 1915 4332 aucto-

304 4378 463 4433 ritate
508 4376 669 4446 petita
689 4420 703 4443 ,
740 4375 965 4430 internis
995 4374 1279 4444 postremis
1312 4372 1393 4425 bis
1422 4370 1631 4426 duobus
1654 4368 1916 4439 capitibus

305 4469 667 4535 decertemus,
701 4482 823 4538 quae
839 4466 993 4522 nobis
1021 4481 1087 4522 ex
1119 4465 1251 4536 ipsis
1279 4478 1468 4521 eorum
1498 4464 1645 4520 Actis
1670 4462 1916 4519 luculen-

305 4564 510 4618 tissima
540 4570 855 4632 suppetunt.

381 4654 622 4709 Primum
663 4664 817 4722 esto,
853 4653 994 4724 quod
1047 4669 1111 4709 ex
1184 4653 1462 4723 Perpetuae
1538 4652 1917 4721 sociorumque

309 4756 613 4817 martyrum
664 4747 897 4804 heroicis
969 4746 1276 4812 virtutibus,
1362 4745 1615 4816 patientia
1645 4787 1659 4812 ,
1718 4744 1915 4814 pietate

312 4841 730 4908 moderatione,
822 4840 1087 4896 cbaritate
1121 4880 1135 4907 ,
1219 4837 1532 4895 fortitudine
1603 4847 1657 4892 et
1734 4849 1916 4891 rerum

310 4932 558 4988 omnium
613 4930 961 4988 humanarum
1015 4939 1326 5001 contemptu
1400 4938 1590 5000 sponte
1652 4928 1917 4997 promicat

308 5033 475 5094 atque
502 5022 812 5080 efﬂorescit.
841 5023 901 5079 ln
933 5024 1172 5079 moribus
1200 5021 1583 5094 pr0phetarum
1608 5020 1677 5076 ad
1706 5034 1863 5075 veros
1882 5033 1913 5074 a

303 5118 464 5173 falsis
490 5116 899 5183 discernendos,
919 5118 1147 5174 multum
1178 5118 1357 5173 inesse
1384 5117 1674 5181 momenti,
1701 5124 1915 5170 veteres

308 5213 707 5268 existimarunt.
746 5211 897 5268 Unde
922 5212 1227 5284 Apollonius
1253 5210 1621 5266 ecclesiasticus
1652 5209 1745 5264 ille
1776 5207 1917 5278 apud

316 5303 634 5360 Eusebiiuni
671 5305 795 5377 (l):
838 5326 855 5358 ι
891 5306 1142 5375 scriptor,
1175 5304 1633 5377 Catapbrygarum
1666 5303 1916 5359 haeresim

384 5417 577 5487 (lyra;
609 5423 657 5470 at
677 5424 853 5472 ΚΑΤΑ
878 5426 1107 5473 optma
1121 5426 1641 5488 καλουμένηςαῖρέσεως
1666 5404 1920 5469 nutrim-

311 5494 474 5549 λώνιος
523 5492 919 5553 ἐκιλησιιστικὸς
964 5499 1240 5561 συγγραφεὺς
1291 5495 1598 5559 ἀκμαζούσης
1626 5493 1773 5561 citrier
1818 5496 1925 5539 τότε

310 5568 443 5613 κοιτὰ
474 5571 561 5613 τοῖν
594 5570 797 5632 Φρυγίαν
834 5570 1019 5632 ἔλεγχον
1071 5568 1430 5629 ἐνττησὲμενος,
1475 5565 1594 5615 ἴδιον
1629 5559 1735 5613 κατ’
1770 5561 1922 5611 αὐτῶν

310 5640 578 5691 «cursim-ou
599 5638 905 5703 «unum.
943 5640 1027 5696 τὰς
1056 5644 1140 5701 μὲν
1177 5642 1431 5704 φερομένας
1452 5635 1605 5685 αὐτῶν
1633 5638 1921 5700 προφητείας

312 5706 500 5777 ψευδεῖς
528 5708 663 5765 οὔσας
683 5712 809 5758 κατὰ.
829 5713 909 5770 λέξ
918 5730 956 5757 ιν
976 5711 1187 5769 ιῦθὺνων,
1214 5716 1292 5759 τὸν
1308 5710 1355 5777 ξὲ
1367 5716 1475 5777 βίον
1501 5717 1687 5777 τῶχῖῆς
1702 5706 1919 5777 σεζρεσξως

310 5776 541 5899 ἀρχηγῗέ
566 5778 721 5835 ὁποῖὸς
745 5802 816 5839 τις
844 5784 997 5847 γέγονε
1026 5780 1293 5845 διελέγχων,
1323 5770 1437 5833 LII).
1483 5790 1515 5827 ν
1552 5771 1689 5828 Hist.
1720 5770 1917 5828 Eccles.

313 5858 441 5900 ca”.
472 5872 476 5875 ‘
548 5884 559 5896 .

388 5861 441 5915 ρ.
472 5861 559 5899 ιδ.

562 5916 845 5982 ΡΑτιιοι..
899 5917 1012 5980 III.

1997 540 2130 595 Iiare
2154 541 2417 597 adversus
2453 556 2547 597 eos
2577 543 2826 597 volumen
2868 542 3127 609 condidit,
3157 554 3267 599 tum
3301 545 3457 601 falsas
3480 564 3605 617 pro-

1998 636 2205 703 phetias
2230 677 2243 698 ,
2278 652 2397 705 qua:
2437 636 2505 690 ab
2555 635 2659 690 illis
2699 636 3167 705 circumferuntur,
3216 638 3475 694 verbatim
3509 658 3603 697 ex-

1997 727 2268 797 pendens,
2314 736 2424 781 tum
2472 727 2633 781 vitam
2680 742 2966 799 moresque
3014 744 3201 785 eorum
3244 733 3332 799 qui
3378 732 3603 789 lueresis

1998 820 2145 874 illius
2168 828 2415 875 auctores
2438 819 2671 887 fuerunt,
2702 819 3016 876 discutiens.
3055 842 3074 874 ι
3102 824 3291 893 Aliqua
3318 824 3513 880 deinde
3533 841 3603 881 ex

1999 912 2102 967 hoc
2132 927 2294 981 opere
2311 912 2603 983 fragmenta
2622 913 2845 983 profert,
2876 913 3137 985 inquibus
3156 932 3347 986 pravos
3364 917 3605 975 Montani

1998 1014 2050 1059 et
2072 1004 2503 1059 muliercularum
2524 1006 2660 1075 ejus,
2679 1005 3023 1061 Themisonis
3043 1008 3203 1062 etiam
3234 1019 3288 1063 et
3310 1010 3606 1066 Alexandri

1998 1112 2177 1152 mores
2190 1096 2465 1159 describit,
2488 1113 2550 1152 ac
2567 1110 2752 1167 postea
2781 1098 3057 1171 subjungit
3083 1100 3161 1173 (l)
3187 1120 3199 1155 :
3238 1121 3256 1153 ι
3279 1102 3447 1159 Actus
3480 1122 3608 1175 pro-

1999 1189 2438 1261 phetmtanquam
2456 1190 2660 1246 fructus
2688 1193 3029 1248 examinandi
3061 1206 3206 1249 sunt.
3231 1197 3308 1250 Ex
3341 1197 3607 1256 fructibus

2000 1287 2198 1357 quippe
2238 1286 2400 1341 arbor
2436 1289 2800 1357 cognoscitur.
2840 1309 2857 1339 ι
2892 1290 2955 1343 Et
2987 1301 3107 1360 post
3140 1308 3307 1361 pauca
3340 1294 3418 1365 (2)
3448 1316 3460 1350 :
3497 1316 3515 1347 ι
3546 1296 3606 1353 Si

2002 1389 2199 1450 negant
2244 1380 2535 1449 prophetas
2590 1396 2716 1436 suos
2746 1398 2968 1437 munera
2989 1386 3285 1454 accepisse,
3314 1388 3416 1443 hoc
3448 1391 3610 1460 igitur

2002 1470 2295 1537 fateantur,
2331 1486 2436 1525 non
2483 1487 2601 1527 esse
2627 1473 2747 1527 illos
2779 1474 3090 1544 prophetas,
3124 1477 3167 1530 si
3196 1494 3418 1535 munera
3449 1498 3609 1539 acce-

2004 1564 2148 1634 pisse
2192 1565 2422 1620 convicti
2448 1574 2592 1619 sunt.
2626 1562 2832 1621 Actum
2857 1568 3073 1623 demum
3101 1582 3355 1628 sexcenta
3378 1576 3494 1644 ejus
3530 1578 3612 1633 rei

2003 1658 2324 1715 documenta
2373 1674 2435 1713 ac
2462 1658 2768 1714 testimonia
2802 1662 3158 1730 proferemus.
3184 1664 3417 1723 Necesse
3447 1684 3609 1738 porro

2004 1759 2087 1805 est
2110 1762 2167 1804 ut
2193 1764 2383 1805 omnes
2411 1749 2684 1819 propheta:
2711 1752 2915 1806 fructus
2940 1763 3100 1823 atque
3119 1766 3268 1811 actus
3291 1759 3609 1828 probentur.

1931 1846 1978 1905 B
2007 1841 2101 1897 Dic
2126 1842 2254 1896 mihi
2279 1887 2292 1909 ,
2328 1842 2552 1913 tingitne
2600 1844 2824 1907 capillos
2874 1847 3171 1914 propheta?
3197 1865 3264 1903 an
3295 1851 3455 1906 stibio
3484 1869 3615 1909 ocu-

2007 1934 2088 1989 los
2112 1934 2275 1988 linit?
2304 1949 2370 1988 an
2407 1933 2588 1990 studet
2624 1936 2848 1990 ornari?
2874 1937 3201 2007 prophetane
3244 1941 3421 1997 tabula
3454 1944 3611 2013 ludit,

2005 2037 2059 2082 et
2076 2027 2329 2083 tesseris?
2350 2042 2418 2081 an
2458 2029 2735 2097 pecuniam
2750 2029 2891 2084 locat
2912 2032 3132 2087 fcenorit
3157 2034 3390 2106 lngeuue
3414 2037 3616 2095 fatean-

2005 2129 2111 2185 tur,
2140 2137 2202 2176 ac
2229 2123 2624 2192 respondeant,
2672 2135 2847 2179 utrtnn
2876 2126 2989 2181 hanc
3016 2142 3176 2198 agere
3222 2130 3399 2198 liceat,
3423 2148 3488 2187 an
3522 2150 3613 2189 se-

2007 2215 2145 2269 cus?
2178 2216 2289 2286 Ego
2318 2233 2447 2272 vero
2476 2216 2591 2273 haec
2620 2218 2760 2289 apud
2782 2219 2927 2287 ipsos
2954 2230 3067 2277 acta
3090 2237 3210 2279 esse
3230 2228 3605 2282 convincama

2077 2306 2141 2361 Il.
2174 2308 2228 2362 In
2262 2309 2346 2365 his
2373 2322 2549 2366 autem
2587 2311 2869 2381 Perpetua:
2889 2354 2902 2375 ,
2935 2313 3228 2370 Felicitatis
3256 2327 3312 2373 et
3342 2320 3616 2378 sociorum

2007 2409 2308 2470 martyrum
2340 2402 2472 2455 actis
2503 2403 2638 2455 mira
2672 2402 2868 2472 ubique
2905 2404 3252 2474 resplendent
3292 2408 3615 2467 christiana—

2008 2507 2128 2546 rum
2159 2492 2396 2546 omnium
2429 2493 2687 2547 virtutum
2719 2495 2998 2565 exempla;
3028 2498 3099 2550 ita
3132 2508 3187 2553 ut
3212 2498 3469 2555 aflirmari
3497 2520 3615 2559 me-

2008 2583 2113 2639 rito
2145 2583 2344 2653 possit,
2378 2594 2509 2654 quot
2536 2585 2589 2637 in
2619 2585 2892 2651 Montano,
2926 2586 3210 2641 Maximilla
3232 2630 3247 2653 ,
3285 2590 3616 2653 Themisone

2009 2683 2063 2730 et
2106 2674 2416 2730 Alexandro
2463 2676 2776 2745 Apollonius
2824 2678 2950 2731 vitia
3000 2679 3381 2748 reprehendit,
3433 2694 3511 2738 tot
3559 2687 3615 2741 in

2009 2769 2210 2826 sanctis
2242 2769 2390 2824 hisce
2442 2769 2770 2841 martyribus
2814 2785 2877 2825 ac
2918 2770 3180 2842 Perpetua
3210 2776 3524 2843 praesertim,
3561 2786 3619 2833 et

2010 2863 2180 2917 multo
2205 2864 2366 2918 etiam
2403 2862 2552 2932 plura
2575 2904 2589 2929 ,
2623 2863 2877 2917 virtutum
2923 2864 3161 2917 omnium
3206 2865 3401 2922 decora
3445 2868 3614 2924 reful-

2008 2970 2156 3025 gere.
2176 2956 2365 3026 Aliqua
2381 2958 2639 3011 Actorum
2664 2955 2779 3010 loca
2795 2971 2912 3025 quae
2932 2957 3101 3025 magis
3140 2957 3206 3012 ad
3238 2974 3350 3013 rem
3386 2958 3609 3030 faciunt,

2010 3048 2062 3103 in
2082 3048 2356 3118 specimen
2388 3046 2635 3103 indicabo
2658 3062 2778 3117 cap.
2809 3063 2847 3114 ι,
2880 3047 2907 3119 §
2931 3048 2987 3101 2.
3011 3048 3171 3104 «Cum
3188 3050 3383 3118 adhuc,
3415 3052 3610 3124 inquit,

2010 3154 2132 3194 cum
2164 3139 2597 3209 persecutoribus
2626 3154 2900 3207 essemus,
2927 3148 3088 3197 etme
3110 3153 3263 3212 pater
3290 3156 3534 3202 avertere
3560 3157 3617 3203 ct

1936 3238 1980 3300 C
2014 3232 2247 3303 dejicere
2265 3248 2360 3303 pro
2373 3247 2468 3287 sua
2486 3232 2770 3288 affectione
2785 3244 3181 3304 perseveraret,
3197 3237 3445 3305 etc.,dixi
3463 3240 3554 3294 ei..
3568 3279 3609 3296 ..

2013 3326 2127 3395 Ego
2169 3324 2315 3379 aliud
2365 3339 2452 3379 me
2491 3324 2673 3380 dicere
2708 3318 2821 3380 ‘non
2867 3341 3119 3396 possum,
3169 3329 3270 3384 nisi
3316 3330 3460 3400 quod
3489 3346 3611 3386 sum

2012 3416 2325 3472 christiana.
2366 3416 2518 3471 Tunc
2546 3426 2698 3486 pater
2726 3428 2902 3472 motus
2930 3419 2982 3473 in
3011 3418 3114 3473 hoc
3164 3422 3354 3489 verbo,
3386 3424 3533 3478 misit
3558 3439 3618 3480 se

2012 3511 2067 3565 in
2098 3525 2185 3565 me
2211 3519 2269 3565 ut
2295 3509 2483 3565 oculos
2510 3511 2639 3564 mihi
2668 3520 2913 3577 erueret;
2937 3511 3034 3567 sed
3064 3514 3275 3567 vexavit
3303 3524 3531 3583 tantum,
3560 3526 3618 3573 ct

2012 3602 2287 3674 profectus
2328 3614 2412 3658 est
2455 3603 2625 3658 victus
2670 3619 2792 3659 cum
2837 3608 3172 3675 argumentis
3212 3607 3433 3663 diaboli.
3464 3610 3616 3669 Tunc

2017 3695 2201 3766 paucis
2228 3694 2449 3761 diebus,
2479 3695 2620 3765 quod
2665 3697 2957 3751 caruissem
3003 3709 3187 3767 patre,
3224 3699 3452 3755 Domino
3487 3719 3614 3773 gra-

2013 3790 2115 3844 tias
2145 3789 2260 3859 egi,
2284 3798 2339 3843 et
2363 3788 2697 3859 refrigeravit
2723 3791 2964 3846 absentia
2993 3792 3159 3848 illius.
3199 3793 3256 3848 In
3292 3795 3409 3864 ipso
3440 3798 3615 3866 spatio

2016 3897 2304 3954 paucorum
2334 3881 2543 3937 dierum
2572 3882 2824 3953 baptizati
2866 3899 3084 3951 sumus;
3115 3886 3244 3941 mihi
3281 3900 3461 3942 autem
3496 3888 3618 3959 Spic

2015 3976 2149 4030 ritus
2189 3974 2441 4041 dictavit,
2491 3974 2624 4028 nihil
2673 3974 2819 4029 aliud
2865 3978 3153 4044 petendum
3203 3981 3253 4032 in
3297 3996 3468 4050 aqua,
3511 3983 3616 4037 nisi

2015 4064 2381 4121 sufferentiam
2423 4065 2621 4120 carnis.
2653 4064 2783 4121 Post
2826 4080 3025 4134 paucos
3068 4067 3187 4122 dies
3228 4071 3520 4139 recipimur
3559 4075 3617 4129 in

2015 4174 2320 4223 carcerem,
2363 4167 2419 4213 et
2454 4159 2676 4228 expavi,
2706 4159 2829 4229 quia
2867 4174 3157 4229 numquam
3199 4174 3418 4232 esperta
3464 4181 3617 4222 erant

2019 4252 2152 4307 tales
2190 4251 2512 4306 tenebras...
2547 4251 2661 4321 Ego
2691 4249 2947 4305 infantem
2987 4250 3249 4306 lactabam
3285 4253 3395 4323 jam
3437 4255 3614 4310 inedia

2017 4343 2304 4399 defectum.
2328 4341 2566 4398 Sollicita
2592 4356 2689 4412 pro
2716 4356 2781 4397 eo
2806 4340 3118 4411 alloquebar
3141 4351 3384 4404 matrem.
3416 4356 3469 4400 et
3494 4361 3618 4402 con-

2017 4436 2280 4496 fortabam
2306 4436 2548 4504 fratrem,
2571 4434 3014 4491 commendabam
3036 4436 3612 4509 filium.Tabescebam,

2018 4528 2141 4584 ideo
2164 4527 2307 4599 quod
2340 4528 2463 4583 illos
2491 4528 2765 4583 tabescere
2792 4525 3031 4582 videram
3060 4528 3164 4583 mei
3196 4527 3480 4587 beneficio.
3514 4532 3619 4589 Ta-

1939 4632 1994 4693 D
2021 4622 2101 4678 les
2126 4620 2516 4677 sollicitudines
2543 4618 2726 4674 multis
2769 4618 2959 4674 diebus
2986 4634 3141 4689 passa
3180 4636 3298 4678 sum
3320 4667 3334 4689 ,
3366 4634 3421 4680 et
3457 4642 3616 4681 usur-

2017 4714 2138 4786 pavi
2182 4721 2242 4767 ut
2267 4727 2475 4767 mecum
2506 4711 2682 4766 infans
2710 4712 2765 4765 in
2789 4725 3006 4767 carcere
3051 4725 3323 4782 maneret;
3350 4727 3406 4772 et
3434 4720 3616 4773 statim

2018 4808 2294 4876 convalui,
2336 4815 2391 4862 et
2425 4805 2662 4862 relevata
2701 4820 2821 4861 sum
2850 4820 2881 4860 a
2910 4804 3092 4861 labore
3141 4817 3195 4861 et
3256 4809 3617 4867 sollicitudine

2019 4899 2272 4963 infantis;
2311 4907 2367 4955 et
2405 4896 2576 4955 factus
2606 4906 2690 4953 est
2717 4895 2846 4951 mihi
2874 4910 3061 4951 carcer
3088 4896 3265 4953 subito
3294 4899 3445 4968 quasi
3475 4916 3617 4971 pra:-

2094 5195 2173 5271 (1)
2212 5198 2297 5248 Δεῖ
2320 5196 2416 5271 γὰρ
2451 5196 2561 5271 “rain;
2595 5194 2803 5271 rapaci);
2847 5188 3190 5271 δοκιμάζεσθαι
3231 5195 3315 5245 τοῦ
3352 5207 3617 5263 προφήτου*

2021 5262 2119 5323 ἀπὸ
2136 5262 2337 5338 ιίᾶριτοῧ
2357 5262 2551 5338 γὶαρποῧ
2582 5270 2633 5338 τε)
2657 5262 2835 5338 δένδρῳ
2862 5264 3154 5326 γινώσκεται.

2099 5325 2177 5411 (Ξ)
2200 5325 2317 5391 ’ἐὰν
2341 5325 2573 5404 ἀρῶ-»ται
2604 5334 2732 5399 δῶρα
2756 5325 2870 5411 top;
2891 5341 3135 5411 πεοφὴῖας
3164 5334 3317 5387 «ora.»
3354 5337 3617 5407 εἰληφέναι,

2023 5401 2169 5467 ,τοῦξά
2192 5401 2634 5476 ὁμολογῂσιὶτωσαν,
2667 5406 2757 5476 ὃτιΔ
2790 5403 2871 5476 ideo
2919 5401 3200 5476 ἐλεγχθῶσιν
3240 5401 3500 5474 εἰληφότεξ,
3537 5401 3620 5466 οὐδὲ

2026 5488 2119 5535 εἱσι
2142 5472 2405 5551 πρὸφῆται,
2434 5478 2512 5527 καὶ
2540 5482 2713 5542 μυρίας
2733 5472 2998 5551 ἀποδείξειε
3021 5474 3195 5526 τοῦντων
3236 5472 3616 5549 «spargam,-

2028 5544 2283 5618 ἀναγκᾎιῖὸν
2313 5551 2359 5599 δέ
2390 5552 2490 5600 ἔστι
2519 5548 2696 5602 πάντας
2742 5549 2945 5610 καρποὺς
2976 5544 3318 5610 δοκιμάζεσθαιὶ
3353 5544 3618 5623 προφτίτοω

2026 5640 2284 5694 προφήτης,
2313 5623 2416 5671 εἰπὲ
2445 5640 2550 5683 μοι,
2577 5622 2862 5694 βάπτετειςς
2896 5626 3140 5694 προφήτης
3164 5621 3472 5694 φξλοκοσμεῖξ
3503 5647 3621 5693 προ-

2022 5690 2414 5764 φίήτῇςητᾶιβλαοις
2436 5696 2517 5742 καὶ
2538 5690 2703 5757 κῦβοις
2727 5693 2916 5750 παίζεις
2946 5691 3188 5764 «fortnam
3205 5690 3435 5764 8mg“;
3465 5690 3622 5751 ταῦτα

2023 5763 2474 5834 apale-Inarimen,
2522 5767 2713 5829 πότερον
2747 5764 2924 5824 ἔξεστιν
2951 5763 2993 5828 ,ἢ
3030 5766 3125 5825 μὴ
3155 5765 3241 5825 ἐγὼ
3278 5763 3325 5813 δὲ
3361 5767 3437 5818 ὃτι
3466 5773 3622 5836 γένυος

2025 5838 2137 5913 παρ’
2166 5841 2324 5899 αὺτοῖς
2353 5838 2508 5903 δείξω.
3038 5898 3077 5963 5
3526 5844 3536 5855 ⁸
