4156 6282
594 313 704 372 139

1777 297 2234 368 DISSERTATIO
2262 303 2748 368 APOLOGETICA

3789 309 3899 370 MO

588 427 805 495 torium,
829 430 888 480 ut
913 423 985 482 ibi
1012 423 1226 482 mallem
1253 436 1375 480 esse
1401 436 1558 494 quam
1586 425 1767 482 alibi.»
1797 427 1939 496 Quot
1967 428 2052 484 hic
2079 428 2182 483 vir-
2212 427 2267 488 A
2291 443 2477 498 corpus
2523 445 2690 484 meum
2720 436 2775 484 ut
2803 427 3049 496 ardeam,
3079 436 3186 486 etc.
3214 445 3228 496 ;
3277 427 3372 487 sed
3415 429 3550 487 tales
3592 443 3731 502 quos
3770 444 3898 489 vere

585 527 730 575 tutes
768 517 1030 574 emicant!
1077 515 1387 572 Constantia
1417 515 1675 572 adversus
1707 520 1871 588 patris
1903 519 2104 586 minas,
2137 527 2192 575 et

586 613 905 678 blanditias;
936 615 1231 669 constantia
1278 614 1403 668 item
1431 613 1688 670 adversus
1719 615 1978 671 lmmanas
2005 631 2191 672 omnes

587 703 902 762 aﬂ‘ectiones
925 747 938 770 ,
976 705 1145 776 pictas
1175 722 1301 778 erga
1333 715 1616 777 parentes,
1663 719 1901 765 materna
1942 726 2040 779 pro
2084 710 2191 764 ﬁlio

584 798 920 863 sollicitudo,
954 799 1006 854 in
1033 801 1266 856 carceris
1293 802 1649 858 incommodis
1677 803 1969 859 tolerandis
1995 803 2191 859 invicta

586 891 880 966 patientia:
912 893 1314 966 hypocritarum
1349 912 1535 967 more,
1581 899 1750 955 stoica
1779 900 2050 970 gravitate
2093 899 2190 955 hu-

583 1001 778 1045 manos
802 987 1024 1044 affectus
1055 1005 1158 1045 non
1193 989 1516 1057 dissimulat,
1549 992 1643 1047 sed
1674 993 1964 1048 christiana
1995 992 2191 1049 virtute

585 1090 806 1154 superat
831 1097 894 1138 ac
922 1081 1266 1139 moderatur:
1295 1083 1523 1138 Domino
1551 1085 1750 1155 gratias
1779 1085 1920 1156 agit,
1953 1085 2190 1140 divinam

586 1191 743 1247 opem
778 1176 1066 1246 implorat,
1099 1177 1304 1232 alienas
1346 1177 1516 1247 magis
1552 1178 1828 1249 angustias
1864 1194 2022 1250 quam
2066 1194 2190 1235 suas

587 1269 764 1333 dolet,
794 1269 933 1324 miro
965 1268 1246 1352 religionis
1276 1269 1330 1322 in
1367 1270 1532 1325 Deum
1564 1279 1617 1326 et
1645 1271 1888 1326 caritatis
1922 1270 1972 1324 in
2007 1271 2192 1339 proxi-

584 1378 732 1418 mum
750 1363 1090 1417 documento.
1115 1361 1330 1427 Eazdem
1347 1362 1575 1419 virtutes
1593 1363 1644 1417 in
1672 1363 1792 1417 aliis
1823 1378 2035 1434 quoque
2061 1363 2192 1419 locis

585 1454 953 1524 reSplendent,
980 1469 1100 1525 cap.
1118 1470 1176 1518 η,
1201 1453 1228 1525 §
1255 1456 1336 1510 1.(
1363 1454 1706 1526 Postpaucos
1737 1455 1854 1510 dies
1883 1471 2066 1510 rumor
2093 1470 2191 1510 cu-

585 1547 787 1612 currit,
820 1556 877 1600 ut
899 1545 1229 1600 audiremur.
1259 1545 1582 1614 Supervenit
1603 1556 1782 1602 autem
1805 1557 1860 1601 et
1883 1547 1951 1602 de
1976 1548 2192 1604 civitate

582 1649 735 1714 pater
765 1655 918 1695 meus
943 1648 1296 1709 consumptus
1326 1640 1507 1705 tmdio,
1539 1641 1783 1696 ascendit
1808 1640 1874 1695 ad
1907 1655 1992 1697 me
2023 1650 2080 1696 ut
2106 1656 2193 1698 me
2236 1685 2244 1694 .

583 1733 861 1804 dejiceret,
885 1732 1099 1789 dicens:
1124 1733 1411 1800 Miserere,
1437 1734 1565 1797 ﬁlia,
1589 1735 1739 1789 canis
1757 1735 1912 1800 meis,
1937 1745 2042 1791 etc.
2069 1735 2193 1790 llrec

2291 521 2492 578 Christi
2521 531 2577 578 et
2605 523 2850 582 veritatis
2878 525 3075 580 caritas
3107 523 3426 594 perduceret
3461 524 3528 580 ad
3555 526 3894 595 passionem:

2290 616 2417 687 quid
2440 617 2519 672 eis
2542 616 2784 674 fecerunt
2809 619 3213 688 persecutiones
3236 618 3614 674 saevientium?
3638 618 3894 689 Majorem

2293 711 2608 766 violentiam
2645 712 2946 767 habuerunt
2971 712 3110 768 oculi
3143 712 3385 768 flentium
3425 727 3648 767 suorum
3671 753 3688 775 ,
3733 728 3895 783 quam

2291 803 2698 874 persecutiones
2727 805 3124 859 insectantinm.
3153 804 3324 872 Quam
3356 805 3556 860 multos
3583 805 3726 860 enim
3756 814 3898 863 tene-

2291 896 2422 951 bant
2451 898 2580 965 ﬁlii,
2625 914 2693 953 ne
2739 899 3090 968 paterentur?
3119 898 3290 964 Quam
3341 897 3634 952 multorum
3671 898 3898 966 genibus

2292 993 2751 1064 provolvebantur
2797 1008 3035 1058 uxores,
3087 1008 3155 1049 ne
3197 991 3370 1048 vidua:
3412 992 3897 1062 relinquerentur?

2292 1086 2462 1154 Quam
2494 1085 2691 1141 multos
2721 1095 2973 1153 parentes
2999 1084 3108 1155 ",filii
3143 1084 3502 1154 prohibebant
3549 1086 3684 1141 mori
3712 1126 3729 1150 ,
3758 1086 3899 1142 sicut

2294 1179 2540 1232 novimus
2561 1179 2820 1248 etlegitur
2836 1179 2890 1232 in
2912 1177 3168 1247 passione
3189 1193 3379 1234 auara;
3391 1177 3716 1234 PEI‘PETUE?
3730 1177 3896 1234 Facta

2294 1279 2418 1324 sunt
2470 1271 2592 1324 ista.
2647 1269 2755 1324 Sed
2807 1269 3060 1340 lacrymm
3118 1268 3504 1340 quanta-libet,
3551 1278 3608 1326 et
3669 1278 3896 1341 quanto-

2295 1360 2635 1430 libctimpetu
2653 1360 2898 1427 ﬂuerent,
2916 1360 3131 1433 quando
3154 1363 3404 1418 ardorem
3422 1360 3700 1418 charitatis
3722 1363 3897 1418 extin-

2295 1459 2584 1528 guerent?»
2604 1473 2781 1527 cap.v,
2798 1457 2892 1529 §2,
2913 1456 3067 1526 plura
3091 1457 3244 1513 nobis
3266 1457 3550 1514 confertim
3576 1456 3900 1514 exhibentur

2297 1562 2492 1617 mutuae
2544 1551 2823 1606 charitatis
2853 1551 2967 1620 spei
3017 1562 3072 1606 et
3123 1552 3579 1622 magnanimitatis
3606 1551 3891 1622 exempla:

2302 1665 2320 1694 ‹
2353 1647 2506 1700 Circa
2538 1645 2873 1700 Felicitatem
2906 1660 3034 1700 vero
3067 1644 3234 1719 (nam
3261 1654 3315 1700 et
3351 1645 3430 1700 illi
3473 1647 3644 1716 gratia
3686 1646 3896 1702 Domini

2296 1738 2559 1810 ejusmodi
2605 1738 2902 1813 contigit),
2954 1756 3076 1796 cum
3119 1751 3242 1798 octo
3279 1742 3391 1811 jam
3432 1743 3696 1798 mensium
3738 1757 3893 1798 suum

579 1825 796 1882 dicebat
822 1835 973 1896 pater
1001 1840 1099 1896 pro
1130 1841 1224 1880 sua
1256 1825 1452 1894 pietate
1479 1825 1697 1880 basians
1721 1827 1852 1882 mihi
1885 1842 2072 1881 manus
2093 1869 2106 1892 ,
2135 1836 2190 1883 et
2219 1824 2267 1886 B
2298 1842 2537 1887 ventrem
2568 1834 2792 1888 haberet
2819 1832 2964 1906 (nam
2999 1848 3280 1906 prmgnans
3308 1832 3477 1890 fuerat
3505 1836 3893 1906 apprehensa),
3975 1857 3984 1862 ·

581 1931 642 1973 se
672 1917 739 1972 ad
771 1916 937 1988 pedes
977 1930 1126 1972 meos
1159 1916 1406 1986 jactans,
1449 1925 1505 1971 et
1544 1916 1797 1987 lacrymis
1834 1934 1942 1973 non
1980 1918 2142 1973 ﬁliam
2167 1961 2182 1985 ,

578 2009 675 2065 sed
705 2008 976 2063 dominam
1006 2023 1092 2063 me
1118 2009 1365 2063 vocabat.
1400 2007 1470 2063 Et
1497 2023 1596 2079 ego
1625 2009 1875 2064 dolebam
1905 2025 2071 2066 canos
2097 2027 2190 2082 pa-

577 2105 676 2160 tris
708 2105 852 2172 mei,
881 2105 1022 2175 quod
1055 2104 1201 2159 solus
1241 2103 1310 2158 de
1339 2105 1586 2173 passione
1617 2120 1736 2160 mea
1766 2107 2051 2176 gavisurus
2081 2122 2187 2162 non

578 2206 722 2255 esset
749 2198 816 2254 de
840 2207 951 2252 toto
970 2212 1170 2268 genere
1188 2213 1310 2252 meo
1333 2216 1346 2253 :
1369 2206 1424 2253 et
1448 2198 1747 2254 confortavi
1779 2216 1906 2256 eum
1929 2242 1944 2267 ,
1975 2201 2184 2256 dicens:

577 2291 693 2347 Hoc
738 2292 830 2346 ﬁet
871 2291 924 2346 in
966 2291 1056 2347 illa
1096 2298 1336 2356 catasta,
1384 2292 1528 2362 quod
1573 2293 1716 2349 Deus
1756 2295 2007 2350 voluerit.
2041 2295 2188 2351 Scito

580 2386 724 2441 enim
768 2400 869 2442 nos
913 2401 1018 2440 non
1059 2385 1112 2442 in
1153 2396 1338 2442 nostra
1384 2395 1653 2457 potestate
1683 2403 1804 2444 esse
1831 2391 2186 2465 constitutos,

581 2479 678 2534 sed
709 2479 762 2534 in
795 2478 953 2535 Dei.»
1001 2478 1208 2534 Similia
1252 2488 1307 2535 et
1347 2478 1525 2534 ﬁlialis
1570 2495 1695 2550 erga
1741 2490 1950 2550 patrem
1991 2483 2182 2538 obser-

576 2572 772 2626 vantite
794 2611 810 2635 ,
851 2579 906 2626 et
943 2571 1251 2626 christiana:
1292 2570 1618 2626 fortitudinis
1647 2573 1892 2642 exempla
1924 2573 2192 2630 habentur

587 2664 617 2737 ᾗ
647 2664 702 2730 2,
729 2664 822 2736 qui
851 2672 995 2720 totus
1022 2665 1269 2736 quamvis
1307 2663 1698 2722 describendas
1737 2676 1916 2731 esset,
1964 2667 2081 2724 haec
2124 2681 2189 2724 ex

584 2773 652 2815 eo
682 2766 862 2815 tamen
894 2773 1064 2828 pauca
1094 2758 1410 2830 subjiciam:
1448 2778 1467 2812 ‹
1498 2759 1566 2814 Ει
1597 2760 1900 2816 llilarianus
1930 2776 2189 2832 procura-

582 2859 688 2908 tor.
711 2889 726 2904 .
750 2890 764 2904 .
785 2867 978 2922 parce,
1013 2852 1217 2922 inquit,
1246 2852 1397 2907 canis
1418 2854 1583 2922 patris
1615 2857 1688 2910 tui
1712 2873 1728 2921 ;
1758 2870 1920 2925 parce
1949 2855 2190 2912 infantia)

581 2945 754 3016 pueri.
785 2946 894 3000 Fac
921 2960 1135 3000 sacrum
1180 2959 1279 3015 pro
1318 2946 1493 3002 salute
1533 2947 1942 3016 lmperatorum.
1987 2949 2053 3006 Et
2089 2965 2191 3020 ego

579 3037 864 3110 respondi:
893 3036 1016 3091 Non
1037 3038 1190 3108 facio.
1222 3037 1525 3094 Hilarianus
1545 3058 1558 3095 :
1582 3039 1874 3096 Christiana
1893 3042 1982 3096 es?
2006 3043 2070 3096 Et
2090 3056 2190 3112 ego

578 3131 864 3199 respondi:
895 3130 1189 3185 Christiana
1217 3147 1352 3186 sum.
1385 3131 1450 3186 Et
1480 3147 1600 3186 cum
1630 3142 1795 3187 staret
1827 3142 1976 3202 pater
2003 3133 2072 3187 ad
2103 3147 2191 3189 me

584 3220 976 3292 dejiciendum,
1015 3222 1196 3290 jussus
1224 3230 1308 3278 est
1337 3222 1404 3278 ab
1434 3222 1704 3278 llilariano
1733 3225 1889 3293 dejici
1916 3265 1931 3293 ,
1962 3235 2017 3282 et
2043 3226 2188 3297 virga
2216 3215 2262 3280 C

583 3328 869 3386 percussus
886 3323 988 3368 est.
1009 3313 1074 3369 Et
1092 3315 1260 3370 doluit
1275 3315 1406 3370 mihi
1428 3331 1582 3369 casus
1601 3318 1768 3384 patris
1786 3318 1910 3383 mei,
1930 3319 2080 3388 quasi
2097 3333 2197 3390 ego

584 3409 802 3465 fuissem
834 3424 1114 3480 percussa:
1160 3410 1238 3466 sic
1263 3410 1408 3464 dolui
1437 3425 1537 3480 pro
1573 3421 1786 3466 senecta
1818 3413 1935 3481 ejus
1975 3413 2193 3468 misera.

585 3502 737 3558 Tunc
763 3518 862 3558 nos
884 3507 1165 3561 universos
1211 3505 1517 3572 pronuntiat
1550 3513 1604 3558 et
1631 3505 1846 3560 damnat
1875 3505 1940 3559 ad
1973 3506 2190 3572 bestias,

585 3606 639 3653 et
666 3596 862 3652 hilares
888 3596 1264 3652 descendimus
1292 3595 1358 3652 ad
1383 3612 1711 3654 carcerem.»
1748 3599 1892 3652 llanc
1915 3600 2196 3670 Perpetua

588 3689 805 3744 ﬁlialem
833 3704 958 3760 erga
975 3698 1177 3758 patrem
1208 3689 1602 3746 observantiam
1637 3689 1720 3744 his
1750 3703 1963 3746 sanctus
1988 3695 2195 3763 Angus-

587 3783 730 3839 tinus
751 3783 932 3838 verbis
952 3783 1294 3838 commendat
1315 3782 1421 3855 (i):
1453 3803 1471 3836 ‹
1488 3782 1660 3838 Doluit
1683 3783 1766 3838 illa
1790 3784 1935 3840 senis
1958 3786 2196 3855 parentis

584 3876 858 3946 injuriam;
880 3876 1035 3933 etcni
1065 3891 1170 3930 non
1186 3875 1414 3947 praebuit
1440 3890 1739 3942 assensum,
1767 3879 2005 3932 servavit
2034 3877 2192 3934 affec-

585 3975 719 4024 tum.
762 3967 962 4023 Oderat
995 3969 1194 4038 quippe
1230 3969 1282 4022 in
1308 3967 1402 4028 illo
1425 3968 1725 4034 stultitiam,
1771 3983 1876 4023 non
1922 3979 2191 4037 naturam,

589 4069 644 4116 et
669 4060 785 4132 ejus
810 4061 1214 4127 inﬁdelitatem,
1243 4074 1352 4116 non
1381 4061 1641 4139 originem
1668 4075 1841 4116 suam.
1871 4061 2071 4132 Majore
2098 4063 2195 4135 igi-

591 4161 678 4208 tur
697 4153 868 4224 gloria
899 4163 1005 4209 tam
1034 4153 1290 4209 dilectum
1314 4163 1518 4222 patrem
1543 4153 1681 4208 male
1704 4153 2017 4209 suadentem
2045 4155 2195 4210 forti-

590 4256 671 4301 ter
693 4247 911 4317 repulit,
931 4261 1092 4316 quem
1112 4247 1455 4314 vapulantem
1480 4245 1662 4300 videre
1688 4246 1806 4301 sine
1827 4261 2061 4302 niterore
2086 4263 2190 4302 non

588 4342 782 4410 potuit.
819 4339 1050 4394 Proinde
1077 4347 1132 4393 et
1160 4338 1317 4394 dolor
1347 4339 1437 4392 ille
1462 4337 1596 4392 nihil
1624 4337 1847 4393 retraxit
1873 4339 2055 4392 robori
2085 4339 2194 4394 for-

586 4433 863 4497 titudinis,
896 4442 949 4487 et
979 4429 1175 4497 aliquid
1203 4430 1409 4484 addidit
1429 4428 1677 4484 laudibus
1709 4428 2009 4499 passionis;
2043 4450 2062 4481 ›
2097 4429 2191 4482 Di-

587 4524 864 4596 ligentibus
919 4524 1053 4576 enim
1096 4520 1262 4576 Deum
1310 4523 1482 4576 omnia
1525 4533 1866 4592 coeperantut
1894 4522 1946 4574 iit
1980 4523 2188 4578 bonum.

590 4614 920 4669 Earumdem
949 4614 1206 4667 virtutum
1221 4614 1522 4683 aliud.cap.
1545 4612 2184 4682 ut,§l,occurritexem-
2217 4614 2269 4675 D

594 4707 738 4777 plum
765 4723 779 4758 :
817 4725 836 4758 ι
861 4706 929 4763 Ut
953 4715 1134 4762 autem
1163 4708 1484 4777 proximavit
1512 4707 1629 4764 dies
1660 4712 1936 4768 muneris.
1972 4710 2188 4765 intravit

588 4800 658 4856 ad
688 4815 774 4856 me
800 4809 951 4870 pater
975 4815 1127 4854 meus
1147 4809 1500 4869 consumptus
1527 4799 1704 4863 ta:dio.
1720 4803 1948 4872 etcmpit
1965 4802 2187 4858 barbam

589 4908 740 4949 suam
771 4895 1026 4960 evellere,
1045 4905 1098 4950 et
1128 4909 1188 4950 se
1220 4895 1272 4950 in
1304 4904 1498 4949 terram
1513 4895 1756 4960 mittere;
1779 4907 1831 4951 et
1847 4905 2189 4965 prosternere

588 5004 648 5045 se
665 4991 713 5044 in
736 4990 945 5056 faciem,
969 4999 1022 5045 et
1039 4991 1405 5060 improperare
1429 4991 1582 5044 annis
1605 4992 1736 5046 suis.
1755 5001 1809 5046 et
1833 4992 2014 5047 dicere
2042 5003 2184 5047 tatta

585 5089 747 5144 verba
774 5104 891 5159 quae
924 5097 1199 5143 moverent
1228 5089 1530 5142 universam
1554 5097 1875 5142 creaturam.
1902 5088 2016 5158 Ego
2036 5088 2187 5144 dole-

587 5180 710 5237 bam
737 5197 830 5252 pro
853 5180 1050 5236 infelici
1081 5190 1300 5236 senecta
1329 5180 1465 5250 ejus.
1494 5201 1511 5231 ι
1542 5180 1638 5234 llic
1665 5180 1859 5238 iterum
1888 5183 2186 5240 audiendus

584 5283 802 5329 sanctus
830 5273 1156 5341 Augustinus
1184 5272 1302 5344 ('3):
1340 5291 1358 5324 ι
1387 5273 1489 5331 Per
1525 5275 1807 5334 caritatem
1847 5275 1997 5328 multi
2040 5291 2184 5330 mor-

586 5368 658 5422 tui
699 5376 822 5423 sunt
862 5368 1092 5434 saeculo,
1138 5378 1192 5420 nt
1235 5369 1476 5423 viverent
1517 5367 1646 5422 Deo.
1689 5368 1798 5425 Hac
1833 5369 2055 5425 caritate
2096 5387 2186 5426 ac-

582 5461 728 5515 censi
756 5472 1045 5532 martyres,
1079 5476 1184 5515 non
1217 5461 1484 5527 simulati,
1517 5479 1620 5517 non
1657 5476 1792 5518 vana
1816 5463 1982 5533 gloria
2012 5464 2182 5519 venti-

580 5555 716 5622 lati,
750 5572 856 5610 non
885 5557 1047 5620 tales,
1079 5555 1148 5610 de
1181 5555 1377 5626 quibus
1414 5557 1615 5611 dietum
1657 5568 1769 5611 est:
1815 5557 1877 5612 Si
1925 5558 2184 5612 tradidero

573 5739 576 5744 -
648 5716 726 5790 (1)
756 5716 931 5773 Serm.
963 5716 1201 5790 284,4al.
1224 5713 1292 5767 de
1314 5713 1514 5767 divers.
1551 5713 1674 5767 104.

644 5786 723 5867 (2)
759 5793 982 5844 Enarrat
1011 5789 1061 5842 in
1086 5787 1285 5841 Psalm.
1323 5799 1490 5852 xuu,
1519 5800 1669 5841 num.
1701 5786 1784 5840 15.

2296 1928 2529 1982 inStante
2558 1926 2851 1996 Spectacnli
2881 1926 2990 1992 die,
3024 1926 3079 1981 in
3113 1942 3307 1998 magno
3333 1937 3451 1982 erat
3477 1928 3642 1996 luctu,
3675 1943 3742 1982 ne
3770 1942 3897 1999 pro-

2294 2029 2413 2089 pter
2445 2029 2690 2076 ventrem
2723 2018 3073 2085 differretur;
3109 2021 3232 2091 quia
3263 2036 3369 2078 ιιοη
3401 2021 3527 2078 licet
3557 2033 3900 2093 praegnantes

2294 2131 2466 2185 poena:
2499 2115 2908 2187 rcprmsentari,
2951 2125 3005 2170 et
3035 2130 3102 2169 ne
3133 2116 3271 2170 inter
3299 2116 3507 2186 aliquos
3549 2127 3734 2187 postea
3775 2132 3898 2173 sce-

2294 2209 2511 2275 leratos,
2543 2219 2788 2266 sanctum
2822 2219 2876 2264 et
2907 2210 3249 2265 innocentem
3281 2211 3591 2281 sanguinem
3623 2211 3894 2268 funderet.

2292 2304 2498 2362 Sed.et
2539 2313 2928 2374 connuartyres
2973 2301 3091 2372 ejus
3133 2303 3372 2372 graviter
3414 2303 3898 2373 contristabantur,

2293 2417 2361 2455 ne
2395 2410 2497 2456 tam
2532 2401 2723 2454 bonam
2755 2398 2989 2462 sociam,
3022 2399 3176 2469 quasi
3217 2399 3466 2454 comitem
3505 2397 3674 2455 solam
3717 2401 3768 2454 in
3810 2401 3901 2457 via

2293 2495 2536 2567 ejusdem
2562 2494 2676 2564 spei
2695 2492 3081 2562 relinquerent.
3099 2491 3403 2562 Conjuncto
3430 2492 3608 2562 itaque
3634 2493 3783 2547 unito
3801 2509 3900 2563 ge-

2294 2593 2426 2647 mitu
2448 2633 2461 2656 ,
2493 2577 2560 2645 ad
2594 2590 2876 2644 Dominum
2902 2589 3200 2644 orationem
3231 2586 3482 2644 fuderunt
3511 2597 3637 2646 ante
3679 2593 3901 2648 tertium

2293 2689 2435 2743 diem
2478 2687 2738 2741 muneris.
2780 2685 2972 2742 Statim
3015 2694 3135 2754 post
3171 2686 3472 2740 orationem
3517 2687 3736 2744 dolores
3773 2704 3900 2746 eam

2294 2785 2627 2840 invaserunt.
2680 2781 2745 2835 Et
2783 2795 2902 2835 cum
2955 2793 3051 2849 pro
3094 2779 3325 2833 naturali
3364 2778 3678 2835 difﬁcultate
3719 2783 3901 2840 octavi

2294 2876 2518 2937 mensis,
2552 2860 2604 2928 in
2635 2882 2790 2943 partu
2819 2871 3094 2932 laborans,
3125 2871 3351 2935 doleret,
3379 2873 3452 2926 ait
3480 2873 3555 2927 illi
3581 2875 3796 2944 quidam
3827 2891 3901 2933 ex

2295 2969 2559 3025 ministris
2584 2965 3061 3024 cami'actariorum
3081 2985 3093 3018 :
3117 2966 3243 3031 Qum
3277 2965 3356 3019 sic
3387 2968 3546 3022 modo
3572 2967 3744 3035 doles,
3767 2969 3898 3041 quid

2297 3061 2463 3120 facies
2492 3061 2702 3130 objecta
2753 3059 2938 3115 bestiis
2979 3073 3112 3128 quas
3137 3059 3508 3127 contempsisti
3532 3101 3546 3124 ,
3571 3077 3696 3118 cum
3724 3065 3900 3120 sacri-

2296 3153 2456 3208 ﬁcare
2485 3152 2701 3207 noluisti
2726 3149 2748 3203 ’ἶ
2782 3152 2849 3206 Ει
2875 3151 2962 3206 illa
3005 3151 3320 3220 respondit:
3371 3151 3530 3208 Modo
3573 3169 3674 3224 ego
3722 3159 3903 3226 patior

2299 3247 2447 3318 quod
2477 3249 2670 3317 patior;
2699 3249 2808 3305 illic
2837 3257 3017 3304 autem
3047 3248 3184 3303 alius
3212 3249 3316 3303 erit
3347 3249 3398 3302 in
3431 3264 3518 3304 me
3544 3250 3633 3320 qui
3665 3253 3902 3320 patietur

2301 3355 2400 3410 pro
2428 3355 2514 3394 me
2539 3383 2554 3407 ,
2587 3341 2708 3411 quia
2739 3349 2791 3395 et
2822 3356 2921 3412 ego
2949 3357 3044 3410 pro
3071 3341 3162 3396 illo
3195 3357 3414 3410 passura
3443 3359 3581 3398 smn.
3626 3345 3699 3398 Ita
3739 3347 3898 3403 enixa

2300 3448 2388 3494 est
2416 3438 2682 3508 puellam,
2705 3454 2866 3508 quam
2898 3439 2996 3492 sibi
3029 3438 3272 3508 qumdam
3305 3453 3461 3494 soror
3481 3440 3534 3495 in
3567 3439 3731 3495 ﬁliam
3761 3441 3896 3496 edu-

2300 3534 2463 3588 cavit.
2496 3551 2516 3584 ι
2547 3533 2727 3588 Nihilo
2751 3532 3002 3587 inferiora
3045 3543 3191 3597 sunt,
3219 3547 3394 3604 neque
3436 3535 3637 3590 minori.
3663 3535 3901 3590 admira-

2302 3628 2446 3682 tione
2495 3627 2652 3697 digna
2697 3641 2816 3696 quae
2863 3627 3240 3683 describuntur
3284 3627 3312 3698 §
3349 3629 3386 3683 ὅ
3435 3638 3488 3682 et
3527 3629 3561 3683 4
3612 3628 3899 3698 Perpetua:

2301 3731 2357 3776 et
2391 3720 2568 3776 Saturi
2610 3720 2823 3775 infracti
2864 3721 3170 3790 excelsique
3209 3721 3372 3776 animi
3409 3721 3746 3776 documenta.
3783 3721 3897 3778 Sed

2299 3829 2409 3869 non
2459 3823 2542 3869 est
2587 3814 2917 3870 omittendus
2943 3830 3062 3884 cap.
3087 3831 3161 3880 vi,
3197 3815 3224 3887 §
3257 3818 3308 3882 1,
3339 3825 3396 3870 ιιι
3420 3831 3484 3872 ex
3519 3817 3895 3872 universarum

2302 3907 2560 3961 virtutum
2587 3900 2924 3962 connexion?)
2951 3917 3006 3961 et
3033 3908 3292 3964 varietate
3307 3918 3591 3963 contextus
3621 3927 3634 3962 :
3671 3927 3691 3961 ‹
3720 3907 3902 3963 Illuxit

2299 3998 2415 4053 dies
2444 3998 2678 4053 victoriae
2710 3998 2952 4067 illorum,
2986 4009 3040 4053 et
3067 4011 3445 4068 processerunt
3475 3999 3542 4055 de
3581 4015 3800 4055 carcere
3839 4002 3898 4055 in

2298 4091 2772 4162 amphitheatrum,
2797 4092 2946 4159 quasi
2972 4091 3024 4144 in
3045 4091 3511 4169 emtumqhilares,’
3526 4091 3895 4156 vultu-decori,

2298 4185 2341 4239 si
2371 4183 2510 4238 forte
2537 4182 2732 4252 gaudio
2766 4192 3038 4250 paventes,
3065 4199 3171 4238 non
3197 4185 3408 4250 timore;
3432 4183 3748 4255 sequebatur
3762 4182 3904 4240 Per-

2298 4287 2456 4348 petua
2486 4277 2694 4347 placido
2723 4275 2870 4331 vultu
2894 4320 2908 4343 ,
2942 4287 2997 4333 et
3037 4277 3230 4349 pedum
3274 4280 3519 4346 incessu,
3553 4287 3614 4332 ut
3647 4288 3902 4332 matrona

2297 4374 2497 4430 Christi
2541 4376 2630 4430 Dei
2667 4377 2890 4440 dilecta,
2935 4376 3172 4444 vigorem
3205 4374 3479 4428 oculorum
3511 4389 3731 4428 suorum
3757 4373 3902 4441 deji-

2297 4470 2447 4524 ciens
2474 4470 2542 4523 ah
2567 4471 2806 4524 omnium
2829 4479 3142 4539 conspectu.
3167 4469 3296 4523 Item
3327 4467 3576 4522 Felicitas
3606 4467 3807 4521 salvam
3835 4481 3902 4521 se

2297 4564 2568 4634 peperisse
2592 4564 2858 4633 gaudens,
2894 4571 2947 4615 nt
2980 4560 3043 4615 ad
3074 4560 3271 4615 bestias
3300 4571 3592 4630 pugnaret,
3622 4574 3652 4614 a
3678 4558 3905 4628 sangui-

2299 4677 2394 4724 ne,
2424 4659 2491 4712 ab
2520 4660 2809 4712 obstetrice
2847 4657 2914 4710 ad
2956 4658 3232 4710 retiarium
3255 4697 3268 4718 ,
3323 4656 3494 4710 latura
3533 4666 3653 4725 post
3683 4663 3898 4723 partum

2295 4756 2561 4825 baptismo
2600 4752 2852 4807 secundo.
2901 4752 2966 4805 Et
3003 4766 3123 4805 cum
3165 4750 3326 4805 delati
3353 4761 3537 4804 essent
3566 4752 3618 4804 in
3645 4758 3894 4820 pounm,

2294 4859 2347 4901 et
2373 4854 2692 4916 cogerentur
2749 4845 2988 4899 habitum
3038 4843 3292 4906 induere,
3346 4843 3442 4896 viri
3473 4841 3686 4913 quidem
3726 4855 3907 4896 sacer-

2295 4942 2477 4995 dotmn
2502 4939 2749 5003 Saturni,
2784 4939 3016 4994 fmminae
3040 4953 3169 4993 vero
3195 4945 3527 4991 sacratorum
3553 4935 3770 4990 Cereri:
3797 4951 3903 5005 ge-

2297 5052 2487 5090 nerosa
2504 5036 2593 5089 illa
2613 5038 2662 5089 in
2678 5035 2837 5089 ﬁnem
2860 5049 3028 5104 usque
3053 5033 3350 5087 constantia
3379 5031 3716 5101 repugnavit.
3740 5029 3904 5084 Dice-

2291 5134 2417 5186 bant
2449 5133 2620 5186 enim:
2652 5130 2776 5184 Ideo
2805 5131 2872 5183 ad
2905 5130 2999 5183 hoc
3025 5143 3203 5197 sponte
3231 5129 3565 5199 pervenimus,
3600 5143 3662 5181 ne
3692 5125 3904 5182 libertas

2293 5238 2464 5279 nostra
2490 5226 2840 5280 abduceretur.
2877 5225 2980 5277 Deo
3011 5227 3209 5278 animos
3237 5234 3439 5277 nostras
3467 5222 3794 5286 addiximus,
3829 5237 3904 5275 ne

2291 5320 2391 5373 Mle
2412 5320 2606 5387 aquuid
2630 5322 2941 5389 faceremus:
2958 5319 3049 5371 hoc
3072 5317 3324 5372 vobiscum
3347 5317 3480 5386 parti
3505 5331 3698 5370 sumus.
3715 5314 3902 5384 Agno-

2289 5413 2364 5466 vit
2410 5412 2669 5482 injustitia
2704 5412 3000 5478 justitiam:
3044 5411 3315 5465 concessit
3356 5408 3635 5473 tribunus,
3665 5416 3724 5462 ut
3751 5423 3897 5478 quo-

2292 5507 2451 5560 modo
2476 5518 2622 5562 erant
2644 5548 2658 5570 ,
2689 5505 3006 5575 simpliciter
3032 5505 3430 5560 inducerentur.
3461 5504 3721 5575 Perpetua
3753 5503 3900 5571 psal-

2291 5600 2453 5665 lebat,
2487 5609 2644 5669 caput
2665 5601 2774 5669 jam
2805 5599 3036 5671 :Iigyptii
3066 5599 3299 5661 caleans.
3337 5598 3675 5662 “evocatus,
3704 5605 3758 5651 et
3787 5594 3895 5652 Sa-

2288 5695 2536 5751 turninus
2566 5706 2618 5751 et
2641 5694 2884 5761 Saturus,
2907 5695 3106 5765 populo
3133 5694 3393 5764 spectanti
3423 5691 3900 5755 committebantur

2287 5787 2354 5844 de
2404 5789 2523 5844 hoc.
2582 5787 2650 5844 Ut
2693 5788 2794 5845 sub
2851 5795 3142 5862 conspectu
3190 5787 3451 5846 Hilariaai
3503 5792 3896 5864 pervenerunt,
