4156 6282
237 269 348 326 Ml

1131 265 1268 326 PRO
1307 268 1405 328 SS.
1444 266 1836 339 PERPETUA,
1878 269 2290 330 FELICITATE
2331 273 2419 332 ET
2455 273 2690 335 SOCIIS.

3449 283 3556 340 “2

245 395 408 458 gestu
437 393 490 442 et
517 395 640 440 nutu
665 392 950 454 coeperunt
980 385 1256 442 Hilariano
1284 389 1496 444 dicere:
1521 388 1602 444 Tu
1635 405 1748 452 nos,
1778 390 1858 444 in-
1883 391 1936 450 A
1962 391 2082 446 dam
2115 394 2414 448 sanctitatis
2440 396 2684 450 umbram
2736 394 2965 460 affectet,
3002 404 3060 451 ut
3099 396 3198 451 hos
3223 399 3415 469 gestiat
3439 401 3554 456 vir-

246 480 468 551 quiunt,
504 488 548 532 te
573 489 740 532 autent
767 478 907 533 Deus
927 480 1205 548 judicabit.
1229 481 1309 536 Ad
1338 481 1438 536 hoc
1459 483 1687 551 populus
1707 497 1859 537 exas-

247 581 489 640 peratus,
511 569 726 640 ﬂagellis
747 585 840 624 eos
865 572 1046 625 vexari
1071 587 1169 640 pro
1193 571 1379 627 ordine
1401 581 1712 627 venatorum
1737 589 1860 642 pos-

248 665 460 718 tulavit.
491 664 552 718 Et
579 665 761 733 utique
789 664 861 717 illi
885 664 1136 734 gratulati
1165 674 1309 728 sunt,
1333 665 1474 734 quod
1497 665 1694 734 aliquid
1717 666 1859 720 etde

242 757 530 811 dominicis~
563 757 896 824 passionibus
928 766 1107 811 essent
1132 757 1424 811 consecuti.
1451 776 1469 808 ι
1505 756 1776 811 Videndus
1804 766 1860 813 et

239 867 361 920 cap.
396 867 470 914 vi,
507 850 532 922 ξ
563 853 620 914 5,
652 852 724 905 uti
754 860 951 918 praeter
978 850 1229 906 invictam
1257 853 1421 906 animi
1450 851 1857 920 fortitudinem,

236 959 338 1014 qua
368 959 428 997 se
444 944 794 998 ferocissimae
818 959 996 998 vacca:
1014 954 1210 1000 sancite
1243 945 1496 999 mulieres
1528 945 1856 1012 obtulerunt,

238 1038 580 1106 suscipienda
599 1039 740 1092 venit
757 1051 811 1093 et
826 1039 1103 1108 Perpeture
1120 1039 1378 1093 modestia
1396 1057 1407 1091 :
1422 1038 1652 1094 «Jactata
1669 1059 1686 1090 ι
1713 1040 1856 1093 enim

185 1149 202 1162 -
243 1129 622 1185 afer-ocissima
649 1130 817 1186 bestia
843 1131 1176 1185 (conciditin
1198 1131 1860 1200 lutnbos,etuteonspexit

247 1224 482 1276 tunicam
514 1238 542 1275 a
571 1223 742 1276 latere
771 1222 1071 1290 discissam,
1102 1223 1168 1276 ad
1200 1224 1558 1278 velamentum
1594 1225 1857 1279 femorum

240 1316 486 1380 adduxit,
522 1316 746 1384 pudoris
773 1319 948 1387 potius
967 1333 1173 1372 memor
1195 1333 1351 1388 quam
1381 1317 1636 1373 doloris.)

319 1408 408 1463 lll.
451 1408 593 1462 Nihil
621 1409 671 1462 in
703 1409 786 1463 his
812 1420 1107 1482 martyrum
1130 1411 1297 1480 gestis
1321 1412 1751 1466 animadvertere
1775 1419 1861 1466 est

242 1515 309 1554 ex
338 1499 571 1554 Montani
595 1500 775 1556 schola
807 1513 862 1555 et
885 1502 1216 1556 institutione
1238 1501 1570 1571 profectum;
1597 1502 1728 1556 nihil
1756 1502 1860 1557 sei-

246 1594 378 1648 licet
418 1594 865 1661 superstitiosum,
890 1594 1023 1648 nihil
1046 1596 1478 1664 incompositum,
1507 1596 1638 1648 nihil
1663 1595 1860 1649 tumul-

251 1695 493 1750 tunsum,
530 1685 650 1740 nihil
695 1686 988 1752 turbidum,
1040 1686 1173 1741 nihil
1213 1687 1445 1757 denique
1493 1687 1857 1743 inordinatum

1963 473 2090 541 tutis
2115 495 2266 541 actus
2291 487 2524 552 imitari;
2555 488 2648 544 sed
2677 502 2796 543 esse
2826 504 2933 542 non
2963 497 3136 559 potest
3163 498 3220 543 ut
3245 491 3551 549 absolutam

1962 579 2314 650 undequaque
2371 588 2424 634 et
2449 581 2594 634 omni
2643 595 2709 635 ex
2755 590 2911 651 parte
2941 582 3204 636 sinceram
3245 582 3555 640 christiana:

1963 673 2304 744 perfectionis
2351 675 2638 746 imaginem
2691 683 3086 746 repraesentet;
3143 690 3249 729 non
3300 675 3435 731 adeo
3485 678 3558 732 εἰς

1960 767 2010 821 bi
2041 782 2234 822 cavere
2288 777 2460 836 potest
2516 769 2840 838 hypocrisis,
2893 780 2950 823 ut
2983 783 3086 824 non
3116 769 3315 839 aliquid
3339 769 3556 827 excidat

1963 875 2070 930 qtto
2104 875 2162 916 se
2197 862 2586 932 prodatzfalsis
2615 863 2757 918 enim
2788 863 3070 918 virtutibus
3101 864 3301 935 aliquid
3337 867 3446 920 vitii
3474 864 3559 921 fa-

1961 953 2063 1008 cile
2091 955 2509 1021 intermiscetur,
2555 964 2608 1009 et
2633 955 2851 1024 spiritus
2877 956 2967 1010 ille
3009 957 3269 1026 superbiai
3310 965 3420 1012 tum
3447 974 3564 1013 ma-

1962 1047 2105 1100 xime
2131 1048 2460 1116 agnoscitur,
2491 1061 2612 1101 eum
2641 1047 2806 1101 animi
2834 1047 3214 1103 demissioncm
3244 1049 3479 1116 simulat,
3507 1057 3566 1107 et

1963 1149 2021 1192 se
2043 1139 2093 1192 in
2117 1140 2439 1194 exteriorem
2464 1140 2750 1210 quamdam
2776 1141 3053 1196 modestiae
3081 1142 3315 1210 speciem
3343 1157 3565 1213 compo-

1963 1231 2062 1286 nit.
2117 1230 2222 1287 Sed
2255 1231 2381 1301 quid
2415 1233 2576 1287 habet
2616 1233 2931 1305 Basnagius,
2965 1235 3019 1289 in
3044 1234 3124 1289 his
3153 1251 3273 1306 qua:
3291 1237 3354 1291 ad
3381 1251 3564 1294 mores

1964 1326 2253 1395 pertlnent,
2287 1325 2503 1394 quodin
2538 1319 2798 1396 Perpetua
2828 1330 3048 1398 ejusque
3075 1329 3236 1383 sociis
3268 1329 3563 1399 reprehen-

1964 1416 2095 1470 dat?
2141 1416 2284 1471 Nihil
2313 1417 2568 1482 omnino;
2603 1427 2658 1472 et
2683 1417 2939 1473 affirmari
2969 1419 3152 1488 utique
3197 1428 3370 1489 potest
3396 1421 3562 1490 quod,

1964 1511 2122 1567 sicuti
2146 1512 2288 1567 nulla
2310 1523 2392 1568 est
2412 1504 2733 1583 evangelicae
2750 1513 3048 1584 disciplina:
3064 1514 3164 1570 hac
3185 1515 3411 1570 similior
3432 1516 3566 1572 ima-

1965 1622 2052 1674 go,
2101 1607 2171 1661 ita
2197 1608 2338 1662 nulla
2376 1608 2444 1662 ab
2473 1607 2728 1664 ham-lica
2768 1607 3105 1663 institutione
3133 1610 3303 1680 magis
3333 1589 3562 1666 abludit.

1965 1697 2227 1768 Perpetua
2254 1708 2308 1755 et
2333 1699 2618 1754 Maximilla
2645 1701 2871 1755 invicem
2895 1701 3266 1766 conferantur;
3313 1710 3418 1756 tam
3443 1702 3558 1757 dis-
3623 1755 3626 1758 .

251 1794 376 1848 qua:
405 1786 546 1842 sunt,
576 1791 628 1832 ut
649 1795 715 1834 ex
739 1780 954 1834 ASlerio
985 1778 1223 1845 Urbano,
1256 1781 1567 1849 Apollonio,
1598 1779 1853 1844 Miltiade,

1974 1796 2257 1864 :repabunt
2297 1811 2481 1850 earnm
2521 1783 2720 1858 mores,
2772 1809 2933 1866 quam
2985 1810 3014 1849 a
3054 1795 3252 1849 virtute
3293 1797 3499 1863 vitium,
3531 1813 3566 1854 τι

246 1872 564 1943 Serapione,
597 1872 741 1928 :Elio
763 1873 974 1939 Publio,
1007 1883 1060 1927 et
1087 1875 1206 1928 aliis
1237 1873 1483 1928 Patribus
1511 1883 1723 1928 constat
1757 1872 1858 1942 (l),

250 1968 615 2021 montanistici
638 1968 856 2036 spiritus
869 1966 1210 2024 characteres
1239 1986 1252 2021 :
1275 1967 1368 2021 sed
1385 1967 1438 2020 in
1462 1967 1711 2020 omnibus
1732 1981 1862 2021 eon-

256 2069 342 2111 tra
375 2059 506 2111 inita
535 2058 814 2123 modestia,
840 2059 1181 2128 Compositio,
1217 2058 1519 2128 prudentia,
1543 2059 1736 2128 pietas,
1770 2073 1860 2113 re-

249 2151 403 2222 ligio,
423 2151 678 2215 Charitas,
699 2152 977 2212 fortitudo,
995 2153 1128 2207 fides
1156 2153 1526 2223 sapientiaque
1554 2151 1819 2220 refulgent
1844 2166 1860 2217 ;

248 2255 308 2301 ut
334 2261 444 2300 nou
491 2248 564 2300 sit
605 2247 752 2302 aliud
803 2256 1113 2301 sanctarum
1161 2247 1446 2302 mulierum
1497 2246 1859 2314 martyrium,

248 2342 394 2411 quod
418 2341 709 2395 illustriora
740 2343 994 2395 virtutum
1017 2341 1257 2395 omnium
1279 2341 1476 2396 decora
1506 2341 1860 2395 comitentur.

253 2434 400 2489 Fieri
428 2445 603 2490 autem
633 2435 853 2490 minime
881 2436 1116 2504 potuisse
1148 2435 1380 2501 videtur,
1411 2443 1469 2488 ut
1496 2435 1688 2489 mulier
1717 2433 1863 2487 iusa-

249 2529 338 2582 nia
365 2537 420 2582 et
445 2526 628 2583 furore
660 2529 883 2599 percita,
909 2537 965 2582 et
992 2529 1326 2584 daeinoniaeo
1354 2528 1544 2597 spiritu
1576 2537 1714 2591 acta,
1762 2541 1861 2580 cu-

245 2621 480 2691 iusmodi
503 2635 664 2676 erant
683 2621 1121 2676 Montanistarum
1156 2621 1763 2692 pseudo-prophetissa
1791 2621 1862 2673 ita

247 2714 354 2769 sibi
385 2715 439 2768 in
466 2715 723 2769 omnibus
745 2717 966 2782 caverit,
990 2716 1059 2768 ita
1083 2730 1142 2770 se
1161 2715 1410 2785 gesserit.
1438 2726 1493 2768 ut
1517 2714 1644 2768 nihil
1670 2715 1720 2767 in
1745 2712 1862 2782 ejus

250 2809 437 2865 verbis
466 2824 693 2878 procax,
724 2809 858 2863 nihil
890 2824 1170 2880 arrogans,
1201 2808 1334 2862 nihil
1365 2809 1417 2862 in
1451 2808 1682 2862 motibus
1708 2821 1861 2862 Inve«

254 2901 580 2967 recondam,
613 2901 748 2956 nihil
782 2906 832 2955 in
863 2901 1068 2956 actibus
1126 2902 1480 2972 irreligiosum
1501 2901 1595 2954 'vel
1627 2899 1863 2953 severis-

258 2994 440 3049 simus
468 3008 656 3047 censor
698 2993 1335 3063 possitanimadvertere.
1385 2990 1682 3058 Quamdam
1709 2988 1863 3059 equi-

259 3089 392 3143 dem
414 3086 742 3142 Montanist
776 3102 985 3142 merum
1013 3097 1292 3143 externam
1321 3087 1636 3156 gravitatem
1666 3100 1778 3155 prae
1805 3098 1865 3139 se

1967 1890 2086 1945 luce
2136 1889 2374 1945 tenebrae
2421 1890 2601 1961 amplo
2647 1888 2962 1944 discrimine
3012 1898 3350 1957 separantur.
3421 1887 3568 1945 Fieri

1965 1999 2092 2055 ergo
2136 2000 2242 2039 non
2277 1993 2470 2054 potest,
2504 1991 2560 2037 ιιι
2580 1981 2769 2038 eodem
2796 1981 2993 2035 furoris
3021 1989 3077 2036 et
3107 1981 3330 2035 insania:
3361 1981 3561 2050 spiritu

1963 2085 2271 2146 agerentur.
2319 2077 2461 2131 Sane
2483 2074 2527 2129 si
2551 2085 2655 2128 tam
2686 2074 2893 2128 illustre
2925 2073 3237 2144 martyrium
3271 2081 3348 2128 tot
3391 2073 3566 2128 virtu-

1966 2177 2075 2222 tum
2117 2168 2359 2239 parergis
2395 2167 2730 2230 decoratum,
2768 2167 2910 2220 inter
2947 2165 3232 2220 haereticos
3266 2163 3568 2234 perfectum

1964 2269 2046 2316 est
2070 2271 2160 2315 aut
2182 2261 2364 2330 perfici
2407 2268 2584 2329 potest
2619 2260 2701 2314 vel
2727 2259 3124 2327 peritomnino,
3150 2265 3242 2312 aut
3276 2257 3568 2313 admodum

1963 2352 2268 2408 infirmatur
2295 2354 2607 2408 christiana:
2628 2352 2906 2422 religionis
2926 2361 3324 2422 argumentum,
3348 2351 3491 2422 quod
3513 2356 3571 2408 et

1965 2463 2095 2503 sane
2141 2446 2579 2502 efficacissimum
2614 2461 2677 2498 ex
2709 2445 3011 2499 constantia
3054 2455 3107 2499 et
3139 2444 3334 2499 virtute
3362 2452 3571 2517 marty-

1964 2558 2082 2597 rum
2130 2540 2508 2611 prolieiseitur.
2566 2536 2681 2592 Non
2706 2539 2850 2592 enim
2882 2535 3312 2589 Christianorum
3363 2547 3569 2608 marty-

1964 2636 2101 2690 rium
2126 2635 2260 2689 adeo
2274 2632 2612 2688 commendat
2646 2646 2790 2684 mors
2812 2645 2907 2695 pro
2931 2628 3031 2682 fide
3045 2636 3311 2698 suscepta,
3339 2643 3459 2681 cum
3479 2629 3571 2684 alii

1966 2728 2118 2784 multi
2137 2744 2200 2781 ex
2219 2727 2469 2780 omnibus
2486 2724 2644 2779 sectis
2663 2737 2761 2793 pro
2784 2723 2894 2776 suis
2926 2733 3133 2790 supers't
3147 2719 3402 2774 itionibus
3426 2720 3569 2776 ultro

1966 2837 2024 2877 se
2041 2821 2157 2876 neci
2201 2819 2540 2883 tradiderint,
2565 2831 2724 2887 quam
2751 2826 3068 2870 eaeterarum
3111 2813 3368 2868 virtutum
3413 2829 3572 2885 appa-

1966 2925 2113 2971 ratus
2128 2929 2233 2986 quo
2247 2930 2400 2968 suum
2416 2929 2641 2984 agonem
2668 2910 2914 2965 catholici
2935 2909 3184 2980 martyris
3210 2909 3535 2963 decorarunt
3554 2926 3572 2962 :

1970 3008 2100 3063 ﬁdes
2116 3008 2340 3070 scilicet,
2360 3001 3182 3073 Spes,charitas,religio,pietas,
3199 3001 3576 3066 modestia,ex-

1967 3101 2094 3155 celsi
2115 3100 2274 3154 animi
2292 3097 2456 3153 robur
2473 3098 2878 3165 invictum,qu:e
2894 3095 3084 3148 mirum
3101 3093 3151 3148 in
3170 3093 3575 3156 modum,utos-

255 3181 526 3246 ferebant,
554 3196 676 3235 sese
700 3179 999 3249 disciplina:
1046 3179 1333 3233 severitate
1355 3177 1648 3247 jactahant,
1697 3173 1862 3227 alisti—

1974 3195 2256 3261 tendimus,
2268 3195 2317 3248 in
2333 3193 2594 3262 Perpetua
2609 3189 2874 3259 sociisque
2889 3188 3212 3259 martyribus
3226 3187 3572 3242 refulserunt.

255 3277 464 3341 nentia,
496 3275 751 3345 pudicitia
777 3284 832 3329 et
883 3277 1312 3343 persecutionum
1341 3271 1620 3326 tolerantia
1651 3284 1712 3323 se
1744 3268 1865 3337 plu-

259 3372 457 3425 rituum
481 3369 785 3423 efferebant
808 3385 820 3420 :
847 3367 940 3422 sed
961 3368 1053 3437 qui
1078 3382 1137 3422 se
1172 3367 1416 3438 graviora
1441 3364 1681 3418 instituta
1703 3377 1868 3416 evan-

260 3463 450 3532 geiicis
479 3460 904 3516 institutionibus
929 3459 1210 3527 adjecisse,
1234 3458 1409 3513 verbis
1433 3452 1866 3509 insolentissimis

260 3554 652 3625 prmdicabant,
682 3553 920 3606 moribus
949 3561 1131 3621 postea
1165 3552 1294 3620 legis
1320 3549 1646 3619 evangelica:
1669 3545 1866 3600 sancti—

261 3658 433 3702 tatem
463 3647 683 3702 minime
709 3644 1038 3709 referebant,
1069 3642 1162 3696 sed
1194 3643 1260 3697 ab
1287 3657 1349 3696 ea
1376 3657 1533 3710 quam
1559 3639 1868 3708 longissime

264 3743 519 3797 aberant.
539 3741 796 3807 Perpetua
821 3752 948 3792 vero
973 3737 1210 3806 sociique
1237 3745 1502 3806 martyres
1533 3733 1866 3803 evangelium

278 3832 528 3887 moribus
551 3830 797 3892 referunt,
860 3838 1021 3900 atque
1049 3827 1386 3883 exactissime
1413 3827 1739 3895 exprimunt.
1777 3825 1871 3878 Est

273 3937 334 3982 et
363 3923 508 3978 aliud
527 3925 577 3977 in
606 3922 782 3977 horum
813 3933 1132 3993 martyrum,
1163 3929 1217 3974 et
1244 3920 1540 3990 prmsertim
1566 3918 1866 3987 Perpetuus,

268 4021 565 4077 virtutibus
577 4019 947 4075 observatione
967 4017 1208 4087 dignum,
1226 4031 1332 4085 quo
1353 4031 1380 4065 a
1405 4013 1595 4067 fucatis
1615 4010 1836 4083 hypot-ri
1850 4041 1868 4050 -

266 4127 447 4172 tarum
481 4113 1201 4185 pseudo-prophetarumque
1231 4109 1512 4164 virtutibus
1539 4107 1771 4161 discerni
1797 4104 1874 4159 fa-

266 4212 373 4266 cile
395 4218 643 4280 possunt,
662 4205 805 4276 quod
828 4221 884 4260 se
905 4206 1080 4259 nativa
1101 4203 1331 4274 quadam
1360 4201 1700 4267 simplicitate
1719 4209 1874 4253 tuen-

269 4314 378 4369 tur,
411 4310 467 4356 et
490 4315 653 4370 quam
678 4301 733 4353 in
754 4299 833 4352 eis
858 4297 1050 4352 divina:
1073 4295 1351 4365 cujusdam
1384 4292 1662 4362 s-zpieutiie
1687 4299 1741 4345 et
1783 4305 1878 4343 cx-

266 4395 400 4449 eelsi
430 4393 599 4449 animi
626 4406 689 4445 ac
723 4392 854 4446 bene
885 4392 1046 4444 rebus
1085 4388 1334 4442 humanis
1388 4383 1623 4453 exempti
1680 4380 1876 4437 indicia

269 4489 415 4543 clara
437 4497 772 4550 cernuntur;
798 4494 901 4538 tam
928 4484 1106 4536 nativo
1128 4480 1359 4549 quodam
1382 4478 1618 4533 candore
1643 4476 1873 4546 placent,

2043 3287 2130 3343 IV.
2174 3287 2278 3345 Sed
2310 3296 2368 3340 ut
2399 3284 2527 3339 nihil
2555 3299 2742 3339 eorum
2775 3280 3063 3352 negligam,
3105 3289 3199 3334 aut
3227 3280 3342 3334 sine
3375 3277 3577 3333 refuta-

1972 3382 2117 3437 tione
2149 3381 2433 3442 dimittam,
2468 3394 2530 3432 ex
2556 3376 2745 3441 quibus
2773 3391 3020 3430 morosus
3048 3372 3240 3445 aliquis
3265 3374 3565 3440 cavillator,

1970 3475 2052 3528 vel
2082 3473 2365 3544 impudens
2387 3470 2716 3544 sycophanta
2749 3469 2949 3523 sanctis
2981 3467 3304 3538 martyribus
3333 3466 3574 3521 conflare

1971 3578 2152 3636 posset
2172 3565 2420 3620 invidiam
2442 3581 2454 3629 ;
2478 3562 2585 3617 duo
2616 3563 2668 3616 in
2687 3575 2912 3617 exemen
2931 3559 3192 3614 adducam
3212 3558 3472 3615 Actorum
3493 3558 3573 3612 lo-

1971 3678 2032 3718 ca
2077 3664 2132 3716 in
2179 3661 2371 3732 quibus
2417 3669 2620 3712 natura:
2650 3657 2794 3726 leges
2839 3654 3026 3709 violari
3059 3654 3344 3720 videntur,
3377 3651 3574 3722 quibus

1973 3771 2121 3809 suam
2145 3753 2514 3823 unusquisque
2534 3752 2696 3804 vitam
2720 3763 3046 3804 conservare
3064 3748 3318 3816 jubetur,
3353 3756 3406 3801 et
3431 3759 3577 3800 mor-

1977 3859 2080 3905 tem
2103 3864 2225 3903 eum
2247 3847 2422 3912 nobis,
2450 3855 2563 3900 tum
2587 3845 2706 3898 aliis
2728 3853 2916 3912 Optare
2938 3849 3028 3894 aut
3049 3841 3184 3894 alios
3215 3841 3268 3894 in
3298 3840 3577 3894 interitum

1975 3950 2216 3996 nostrum
2259 3954 2450 4008 urgere
2481 3937 2849 4006 prohibemur.
2906 3933 2963 3986 In
3012 3933 3111 3988 has
3141 3941 3320 3986 autem
3363 3941 3575 3987 natura:

1977 4035 2121 4102 leges
2136 4040 2398 4102 martyres
2417 4029 2584 4081 nostri
2609 4041 2860 4094 peccasse
2887 4023 3152 4086 videntur,
3185 4031 3294 4074 tum
3320 4038 3440 4090 cap.
3473 4022 3578 4091 v,§

1975 4125 2032 4192 ‘2,
2055 4123 2140 4178 ubi
2163 4119 2539 4177 communibus
2570 4117 2708 4170 votis
2738 4123 2978 4178 orarunt,
3005 4122 3061 4167 ut
3089 4114 3430 4165 immaturum
3455 4126 3580 4179 par-

1980 4227 2110 4278 tum,
2135 4236 2154 4267 ‹
2184 4217 2416 4270 instante
2439 4213 2547 4282 jam
2578 4207 2867 4278 spectaculi
2897 4206 3004 4266 die,
3031 4223 3050 4256 ι
3083 4203 3335 4259 Felicitas
3365 4201 3577 4270 ederet,

1987 4332 2006 4365 ι
2026 4327 2094 4366 ne
2123 4319 2340 4380 prepter
2361 4316 2609 4382 ventrctn
2635 4299 2960 4362 differretur,
2993 4297 3116 4368 quia
3148 4311 3252 4348 non
3278 4294 3404 4349 licet
3431 4309 3576 4363 prte-

1981 4413 2205 4476 gnantes
2235 4416 2408 4472 pinnae
2433 4393 2828 4468 repraesentari.
2861 4412 2877 4443 ι
2901 4389 3035 4444 Tum
3068 4387 3280 4458 gravius
3307 4402 3426 4456 cap.
3457 4385 3578 4458 vr,§

1985 4498 2080 4551 ult.
2109 4535 2124 4561 ,
2169 4495 2254 4549 ubi
2299 4492 2562 4560 Perpetua
2594 4485 2741 4542 necis
2782 4487 3132 4540 instrumenta
3172 4480 3236 4535 ad
3269 4479 3578 4535 acceleran-

273 4589 331 4634 et
373 4580 506 4634 nihil
542 4581 596 4632 in
647 4580 726 4631 eis
755 4577 1010 4639 locatum,
1041 4574 1169 4629 nihil
1203 4589 1295 4642 per
1317 4571 1712 4626 simulationem
1751 4583 1871 4639 ges-
1903 4578 1956 4637 1)
1983 4587 2108 4641 dum
2154 4586 2471 4656 manyrinm
2509 4584 2620 4650 ipsa
2657 4579 2767 4631 suis
2816 4574 3062 4630 manilius
3103 4573 3346 4643 amavit;
3381 4590 3400 4624 ¢
3444 4571 3580 4628 per-

281 4682 424 4734 tum,
455 4683 542 4723 aut
564 4685 658 4738 per
686 4669 1010 4740 hypocrisim
1042 4663 1464 4734 deprehenditur
1499 4677 1619 4730 quae
1658 4661 1874 4730 quidem

283 4762 601 4830 simplicitas
622 4772 676 4817 et
719 4761 933 4816 candidi
985 4760 1217 4828 pectoris
1243 4757 1408 4811 decus
1437 4757 1487 4809 in
1518 4755 1646 4822 ipsis
1667 4767 1878 4822 quoque

280 4854 570 4923 Perpetua;
594 4855 768 4910 verbis
798 4864 852 4908 et
880 4851 1149 4907 scribendi
1179 4850 1493 4904 charactere
1511 4845 1876 4916 resplendent,

279 4963 392 5018 quo
416 4963 565 5012 suos,
597 4960 657 5002 ut
681 4963 845 5017 supra
865 4956 949 5001 est
970 4946 1334 5009 observatum,
1366 4942 1631 4996 humanos
1656 4939 1880 4993 affectus

281 5058 392 5097 non
423 5042 745 5105 dissimulat,
797 5057 858 5096 se
883 5057 1041 5109 supra
1084 5041 1218 5094 alios
1249 5054 1350 5092 non
1382 5037 1567 5101 effert,
1622 5050 1708 5088 res
1756 5049 1882 5087 suas

280 5135 508 5188 minime
534 5143 845 5204 exaggerat,
887 5133 953 5188 ad
980 5133 1145 5188 Deum
1179 5132 1356 5186 omnia
1385 5131 1566 5195 refert,
1603 5129 1653 5182 in
1683 5127 1808 5190 fide,
1834 5126 1884 5178 in

283 5246 382 5299 spe
412 5230 609 5284 divinae
633 5228 1040 5292 m-iserieordizc,
1077 5230 1129 5281 in
1161 5227 1282 5281 sinu
1312 5223 1668 5280 Providentiae
1695 5233 1747 5276 et
1775 5221 1888 5291 pla-

283 5322 565 5377 cidissime
593 5321 945 5391 conquiescit,
988 5331 1042 5375 et
1067 5335 1224 5375 casus
1262 5332 1450 5372 omnes
1477 5317 1793 5381 contemnit,
1835 5322 1890 5370 et

286 5416 420 5469 nihil
457 5417 634 5477 timet,
664 5424 719 5469 et
743 5415 922 5468 omnia
961 5420 1164 5483 sperat,
1198 5419 1252 5467 et
1283 5410 1414 5464 nihil
1443 5423 1551 5463 non
1583 5407 1759 5461 audet.
1821 5405 1886 5460 Hi

293 5507 534 5577 profecto
580 5509 840 5562 virtutum
875 5506 1037 5560 flores
1082 5506 1220 5560 inter
1247 5503 1514 5558 hmresum
1540 5500 1755 5556 dumeta
1785 5514 1891 5552 non

302 5601 600 5668 geminant
629 5617 642 5666 ;
674 5599 774 5654 hos
815 5599 1020 5654 fructus
1045 5599 1206 5653 arbor
1232 5595 1371 5651 mala
1400 5611 1507 5648 non
1536 5595 1678 5648 facit.
1713 5593 1896 5647 Potest

304 5689 517 5760 quidem
538 5692 671 5759 fieri,
703 5701 764 5746 ut
791 5701 846 5747 et
865 5705 1093 5762 nequam
1122 5689 1339 5760 spiritus
1359 5685 1682 5742 exteriorem
1709 5699 1897 5756 quam—

327 5804 346 5884 (
358 5804 407 5878 ι)
424 5807 575 5882 Apud
594 5807 797 5866 Euseb.
812 5849 826 5878 ,
854 5807 944 5863 tib.
969 5823 1001 5862 v
1021 5805 1159 5862 Hist.
1181 5803 1405 5873 Ecclcs.,
1429 5816 1547 5874 cap.
1571 5799 1639 5857 16
1671 5809 1726 5857 et
1747 5814 1899 5871 seqq.

1983 4689 2141 4753 petua
2172 4688 2371 4742 autem,
2404 4681 2462 4729 ut
2489 4670 2690 4742 aliquid
2716 4669 2917 4724 doloris
2942 4676 3204 4738 gustaret,
3231 4667 3372 4719 inter
3400 4673 3584 4719 costas

1987 4782 2179 4844 puncta
2224 4768 2549 4834 exululavit,
2605 4776 2657 4819 et
2701 4771 2974 4818 errantem
3014 4759 3287 4814 dexteram
3319 4754 3577 4810 tirunculi

1986 4863 2298 4935 gladiatoris
2343 4861 2456 4929 ipsa
2490 4858 2544 4912 in
2581 4855 2821 4926 jugulum
2855 4867 3008 4906 suum
3055 4848 3255 4920 posuit.
3295 4865 3312 4897 ι
3360 4846 3486 4901 time
3527 4846 3585 4900 in

1986 4961 2249 5031 Perpetua
2280 4955 2551 5024 socii<que
2581 4948 2906 5020 martyribus
2931 4940 3249 5012 reprehendi
3281 4954 3459 5009 posse,
3483 4952 3582 4992 ne-

1991 5071 2080 5111 mo
2099 5029 2499 5116 mirabitur,qui
2522 5047 2754 5101 animum
2773 5038 3062 5095 adverterit
3088 5035 3151 5088 ad
3167 5050 3250 5099 ea,
3277 5047 3395 5102 quae
3418 5030 3488 5084 ob
3510 5029 3584 5084 si-
3665 5032 3669 5036 ’

1991 5150 2172 5206 milem
2192 5145 2411 5201 omnino
2423 5157 2666 5195 caussam
2692 5139 2741 5191 in
2758 5146 3049 5204 martyrem
3078 5129 3336 5200 lgnatium
3356 5125 3588 5180 Dallaeus

1993 5239 2194 5296 effudit.
2225 5234 2376 5304 Quod
2400 5234 2541 5287 enim
2572 5227 2942 5284 sanctissimus
2960 5235 3166 5295 martyr
3183 5222 3454 5276 Romanos
3480 5230 3577 5286 per

1995 5333 2199 5387 litteras
2247 5324 2541 5389 monuerit,
2591 5338 2657 5376 ne
2704 5327 2944 5388 optatum
2997 5315 3315 5385 martyrium
3359 5309 3472 5365 suis
3518 5306 3588 5363 ad

2002 5426 2166 5479 Deum
2198 5421 2466 5492 precibus,
2509 5426 2600 5471 aut
2627 5413 2820 5470 officiis
2867 5409 3246 5474 retardarent,
3289 5415 3345 5460 et
3387 5403 3590 5460 bestias

1999 5518 2157 5574 etiam
2187 5521 2542 5586 repugnantes
2587 5526 2646 5566 se
2679 5511 2728 5564 in
2777 5519 2934 5562 suum
2965 5502 3240 5558 interitum
3281 5497 3598 5553 adacturum

2001 5628 2119 5668 esse
2163 5605 2564 5681 significaverit,
2606 5604 2819 5660 violata:
2845 5618 2874 5656 a
2904 5597 3103 5676 pallan
3146 5592 3362 5665 pietatis
3391 5599 3445 5644 et
3471 5601 3593 5642 mo-

2002 5705 2188 5763 destiae
2217 5718 2341 5760 reus
2370 5701 2561 5771 agitur.
2618 5696 2724 5755 Sed
2759 5706 2814 5752 ut
2844 5692 3036 5749 melius
3067 5685 3400 5754 intelligatur
3429 5692 3597 5749 quam

2004 5797 2140 5856 bene
2167 5796 2266 5853 sibi
2289 5794 2515 5852 invicem
2544 5790 2596 5847 in
2621 5785 2893 5861 ejusmodi
2909 5782 3047 5839 votis
3068 5775 3316 5851 lgoatius
3334 5781 3388 5833 et
3405 5771 3610 5841 Ῥεῖ-ρει.
