  <div class='ocr_page' id='page_1' title='image "/cluster/home/n/w/nwhite01/storage/ocr_20150623/3/hvd.32044054086798/121.png"; bbox 0 0 4218 6268; ppageno 0'>
   <div class='ocr_carea' id='block_1_1' title="bbox 554 347 659 402">
    <p class='ocr_par' dir='ltr' id='par_1_1' title="bbox 554 347 659 402">
     <span class='ocr_line' id='line_1_1' title="bbox 554 347 659 402; baseline 0 -1"><span class='ocrx_word' id='word_1_1' title='bbox 554 347 659 402; x_wconf 71' lang='grc'><strong>145</strong></span> 
     </span>
    </p>
   </div>
   <div class='ocr_carea' id='block_1_2' title="bbox 1704 333 2676 396">
    <p class='ocr_par' dir='ltr' id='par_1_2' title="bbox 1704 333 2676 396">
     <span class='ocr_line' id='line_1_2' title="bbox 1704 333 2676 396; baseline -0.004 -2"><span class='ocrx_word' id='word_1_2' title='bbox 1704 333 2156 396; x_wconf 77' lang='lat' dir='ltr'><strong>DlSSERTATlO</strong></span> <span class='ocrx_word' id='word_1_3' title='bbox 2194 333 2676 393; x_wconf 74' lang='lat' dir='ltr'><strong>APOLOGETICA</strong></span> 
     </span>
    </p>
   </div>
   <div class='ocr_carea' id='block_1_3' title="bbox 3747 334 3854 395">
    <p class='ocr_par' dir='ltr' id='par_1_3' title="bbox 3747 334 3854 395">
     <span class='ocr_line' id='line_1_3' title="bbox 3747 334 3854 395; baseline 0.019 -3"><span class='ocrx_word' id='word_1_4' title='bbox 3747 334 3854 395; x_wconf 68' lang='lat' dir='ltr'><strong>1M</strong></span> 
     </span>
    </p>
   </div>
   <div class='ocr_carea' id='block_1_4' title="bbox 544 453 3850 527">
    <p class='ocr_par' dir='ltr' id='par_1_4' title="bbox 544 453 3850 527">
     <span class='ocr_line' id='line_1_4' title="bbox 544 453 3850 527; baseline -0.001 -15"><span class='ocrx_word' id='word_1_5' title='bbox 544 467 638 514; x_wconf 89' lang='lat' dir='ltr'><strong>tua</strong></span> <span class='ocrx_word' id='word_1_6' title='bbox 689 456 930 527; x_wconf 82' lang='lat' dir='ltr'><strong>sociique</strong></span> <span class='ocrx_word' id='word_1_7' title='bbox 977 463 1243 526; x_wconf 94' lang='lat' dir='ltr'><strong>martyres</strong></span> <span class='ocrx_word' id='word_1_8' title='bbox 1292 457 1578 511; x_wconf 86' lang='lat' dir='ltr'><strong>concinam</strong></span> <span class='ocrx_word' id='word_1_9' title='bbox 1599 493 1636 522; x_wconf 87' lang='grc'><strong>,-</strong></span> <span class='ocrx_word' id='word_1_10' title='bbox 1667 457 1781 527; x_wconf 90' lang='lat' dir='ltr'><strong>ipsa</strong></span> <span class='ocrx_word' id='word_1_11' title='bbox 1824 459 1910 512; x_wconf 90' lang='lat' dir='ltr'><strong>hic</strong></span> <span class='ocrx_word' id='word_1_12' title='bbox 1953 457 2143 527; x_wconf 84' lang='lat' dir='ltr'><strong>lgnatii</strong></span> <span class='ocrx_word' id='word_1_13' title='bbox 2170 459 2223 518; x_wconf 84' lang='grc' dir='ltr'><strong>Α</strong></span> <span class='ocrx_word' id='word_1_14' title='bbox 2249 463 2305 510; x_wconf 90' lang='lat' dir='ltr'><strong>et</strong></span> <span class='ocrx_word' id='word_1_15' title='bbox 2343 455 2482 509; x_wconf 91' lang='lat' dir='ltr'><strong>illius</strong></span> <span class='ocrx_word' id='word_1_16' title='bbox 2513 469 2704 510; x_wconf 85' lang='lat' dir='ltr'>nomen</span> <span class='ocrx_word' id='word_1_17' title='bbox 2729 469 2893 525; x_wconf 86' lang='lat' dir='ltr'><strong>penes</strong></span> <span class='ocrx_word' id='word_1_18' title='bbox 2936 455 3276 526; x_wconf 77' lang='lat' dir='ltr'><strong>magistratus</strong></span> <span class='ocrx_word' id='word_1_19' title='bbox 3305 454 3465 524; x_wconf 86' lang='lat' dir='ltr'><strong>huius</strong></span> <span class='ocrx_word' id='word_1_20' title='bbox 3493 453 3679 510; x_wconf 90' lang='lat' dir='ltr'><strong>mundi</strong></span> <span class='ocrx_word' id='word_1_21' title='bbox 3709 470 3850 511; x_wconf 84' lang='lat' dir='ltr'><strong>con-</strong></span> 
     </span>
    </p>
   </div>
   <div class='ocr_carea' id='block_1_5' title="bbox 549 546 2146 619">
    <p class='ocr_par' dir='ltr' id='par_1_5' title="bbox 549 546 2146 619">
     <span class='ocr_line' id='line_1_5' title="bbox 549 546 2146 619; baseline -0.001 -15"><span class='ocrx_word' id='word_1_22' title='bbox 549 550 712 604; x_wconf 88' lang='lat' dir='ltr'><strong>verba</strong></span> <span class='ocrx_word' id='word_1_23' title='bbox 743 547 1022 617; x_wconf 85' lang='lat' dir='ltr'><strong>subjiciam</strong></span> <span class='ocrx_word' id='word_1_24' title='bbox 1051 547 1169 618; x_wconf 80' lang='lat' dir='ltr'><strong>(l):</strong></span> <span class='ocrx_word' id='word_1_25' title='bbox 1210 567 1228 598; x_wconf 83' lang='grc' dir='ltr'><strong>ι</strong></span> <span class='ocrx_word' id='word_1_26' title='bbox 1280 546 1519 602; x_wconf 82' lang='lat' dir='ltr'><strong>Obsecro</strong></span> <span class='ocrx_word' id='word_1_27' title='bbox 1560 563 1677 615; x_wconf 86' lang='lat' dir='ltr'><strong>vos,</strong></span> <span class='ocrx_word' id='word_1_28' title='bbox 1712 564 1779 604; x_wconf 93' lang='lat' dir='ltr'><strong>ne</strong></span> <span class='ocrx_word' id='word_1_29' title='bbox 1803 548 2146 619; x_wconf 88' lang='lat' dir='ltr'><strong>intempesti-</strong></span> 
     </span>
    </p>
   </div>
   <div class='ocr_carea' id='block_1_6' title="bbox 550 639 2144 698">
    <p class='ocr_par' dir='ltr' id='par_1_6' title="bbox 550 639 2144 698">
     <span class='ocr_line' id='line_1_6' title="bbox 550 639 2144 698; baseline -0.003 0"><span class='ocrx_word' id='word_1_30' title='bbox 550 659 673 698; x_wconf 85' lang='lat' dir='ltr'><strong>vam</strong></span> <span class='ocrx_word' id='word_1_31' title='bbox 706 641 836 696; x_wconf 90' lang='lat' dir='ltr'><strong>mihi</strong></span> <span class='ocrx_word' id='word_1_32' title='bbox 880 639 1307 695; x_wconf 82' lang='lat' dir='ltr'><strong>benevolentiam</strong></span> <span class='ocrx_word' id='word_1_33' title='bbox 1323 639 1643 695; x_wconf 76' lang='lat' dir='ltr'><strong>exhibeatis.</strong></span> <span class='ocrx_word' id='word_1_34' title='bbox 1676 639 1846 696; x_wconf 86' lang='lat' dir='ltr'><strong>Sinite</strong></span> <span class='ocrx_word' id='word_1_35' title='bbox 1894 655 1981 695; x_wconf 92' lang='lat' dir='ltr'><strong>me</strong></span> <span class='ocrx_word' id='word_1_36' title='bbox 2004 639 2144 695; x_wconf 87' lang='lat' dir='ltr'><strong>fera-</strong></span> 
     </span>
    </p>
   </div>
   <div class='ocr_carea' id='block_1_7' title="bbox 552 731 2149 804">
    <p class='ocr_par' dir='ltr' id='par_1_7' title="bbox 552 731 2149 804">
     <span class='ocr_line' id='line_1_7' title="bbox 552 731 2149 804; baseline -0.003 -14"><span class='ocrx_word' id='word_1_37' title='bbox 552 753 672 792; x_wconf 86' lang='lat' dir='ltr'><strong>rum</strong></span> <span class='ocrx_word' id='word_1_38' title='bbox 693 734 872 788; x_wconf 87' lang='lat' dir='ltr'><strong>cibum</strong></span> <span class='ocrx_word' id='word_1_39' title='bbox 893 747 1036 799; x_wconf 90' lang='lat' dir='ltr'><strong>esse,</strong></span> <span class='ocrx_word' id='word_1_40' title='bbox 1063 749 1161 804; x_wconf 88' lang='lat' dir='ltr'><strong>per</strong></span> <span class='ocrx_word' id='word_1_41' title='bbox 1187 747 1319 803; x_wconf 90' lang='lat' dir='ltr'><strong>quas</strong></span> <span class='ocrx_word' id='word_1_42' title='bbox 1347 733 1512 788; x_wconf 92' lang='lat' dir='ltr'><strong>Deum</strong></span> <span class='ocrx_word' id='word_1_43' title='bbox 1535 734 1791 802; x_wconf 86' lang='lat' dir='ltr'><strong>consequi</strong></span> <span class='ocrx_word' id='word_1_44' title='bbox 1822 733 1966 788; x_wconf 91' lang='lat' dir='ltr'><strong>licet.</strong></span> <span class='ocrx_word' id='word_1_45' title='bbox 2010 731 2149 786; x_wconf 89' lang='lat' dir='ltr'><strong>Fru-</strong></span> 
     </span>
    </p>
   </div>
   <div class='ocr_carea' id='block_1_8' title="bbox 551 824 2152 896">
    <p class='ocr_par' dir='ltr' id='par_1_8' title="bbox 551 824 2152 896">
     <span class='ocr_line' id='line_1_8' title="bbox 551 824 2152 896; baseline -0.002 -13"><span class='ocrx_word' id='word_1_46' title='bbox 551 835 794 883; x_wconf 86' lang='lat' dir='ltr'><strong>mentum</strong></span> <span class='ocrx_word' id='word_1_47' title='bbox 825 841 944 882; x_wconf 88' lang='lat' dir='ltr'><strong>sum</strong></span> <span class='ocrx_word' id='word_1_48' title='bbox 977 825 1107 894; x_wconf 86' lang='lat' dir='ltr'><strong>Dei,</strong></span> <span class='ocrx_word' id='word_1_49' title='bbox 1151 833 1208 880; x_wconf 86' lang='lat' dir='ltr'><strong>et</strong></span> <span class='ocrx_word' id='word_1_50' title='bbox 1247 840 1345 896; x_wconf 92' lang='lat' dir='ltr'><strong>per</strong></span> <span class='ocrx_word' id='word_1_51' title='bbox 1370 824 1605 881; x_wconf 89' lang='lat' dir='ltr'><strong>ferarum</strong></span> <span class='ocrx_word' id='word_1_52' title='bbox 1638 825 1826 880; x_wconf 87' lang='lat' dir='ltr'><strong>dentes</strong></span> <span class='ocrx_word' id='word_1_53' title='bbox 1867 825 2061 891; x_wconf 90' lang='lat' dir='ltr'><strong>molor,</strong></span> <span class='ocrx_word' id='word_1_54' title='bbox 2095 836 2152 880; x_wconf 93' lang='lat' dir='ltr'><strong>ut</strong></span> 
     </span>
    </p>
   </div>
   <div class='ocr_carea' id='block_1_9' title="bbox 552 917 2148 992">
    <p class='ocr_par' dir='ltr' id='par_1_9' title="bbox 552 917 2148 992">
     <span class='ocr_line' id='line_1_9' title="bbox 552 917 2148 992; baseline -0.004 -16"><span class='ocrx_word' id='word_1_55' title='bbox 552 934 722 992; x_wconf 90' lang='lat' dir='ltr'><strong>purus</strong></span> <span class='ocrx_word' id='word_1_56' title='bbox 738 918 889 990; x_wconf 89' lang='lat' dir='ltr'><strong>panis</strong></span> <span class='ocrx_word' id='word_1_57' title='bbox 916 918 1115 975; x_wconf 88' lang='lat' dir='ltr'><strong>Christi</strong></span> <span class='ocrx_word' id='word_1_58' title='bbox 1145 917 1408 974; x_wconf 90' lang='lat' dir='ltr'><strong>inveniar.</strong></span> <span class='ocrx_word' id='word_1_59' title='bbox 1437 917 1592 974; x_wconf 89' lang='lat' dir='ltr'><strong>Feris</strong></span> <span class='ocrx_word' id='word_1_60' title='bbox 1613 918 1789 988; x_wconf 89' lang='lat' dir='ltr'><strong>potius</strong></span> <span class='ocrx_word' id='word_1_61' title='bbox 1813 917 2148 984; x_wconf 87' lang='lat' dir='ltr'><strong>blandimini,</strong></span> 
     </span>
    </p>
   </div>
   <div class='ocr_carea' id='block_1_10' title="bbox 554 1008 2153 1082">
    <p class='ocr_par' dir='ltr' id='par_1_10' title="bbox 554 1008 2153 1082">
     <span class='ocr_line' id='line_1_10' title="bbox 554 1008 2153 1082; baseline -0.004 -14"><span class='ocrx_word' id='word_1_62' title='bbox 554 1022 617 1069; x_wconf 90' lang='lat' dir='ltr'><strong>ut</strong></span> <span class='ocrx_word' id='word_1_63' title='bbox 639 1012 768 1067; x_wconf 91' lang='lat' dir='ltr'><strong>mihi</strong></span> <span class='ocrx_word' id='word_1_64' title='bbox 801 1011 1109 1082; x_wconf 82' lang='lat' dir='ltr'><strong>sepulcrum</strong></span> <span class='ocrx_word' id='word_1_65' title='bbox 1155 1010 1304 1076; x_wconf 86' lang='lat' dir='ltr'><strong>fiant,</strong></span> <span class='ocrx_word' id='word_1_66' title='bbox 1332 1009 1571 1080; x_wconf 88' lang='lat' dir='ltr'><strong>nihilque</strong></span> <span class='ocrx_word' id='word_1_67' title='bbox 1588 1010 1960 1079; x_wconf 87' lang='lat' dir='ltr'><strong>mei-corporis</strong></span> <span class='ocrx_word' id='word_1_68' title='bbox 1991 1008 2153 1064; x_wconf 89' lang='lat' dir='ltr'><strong>relin-</strong></span> 
     </span>
    </p>
   </div>
   <div class='ocr_carea' id='block_1_11' title="bbox 554 1100 2153 1176">
    <p class='ocr_par' dir='ltr' id='par_1_11' title="bbox 554 1100 2153 1176">
     <span class='ocr_line' id='line_1_11' title="bbox 554 1100 2153 1176; baseline -0.003 -18"><span class='ocrx_word' id='word_1_69' title='bbox 554 1112 757 1176; x_wconf 88' lang='lat' dir='ltr'><strong>quant,</strong></span> <span class='ocrx_word' id='word_1_70' title='bbox 828 1117 896 1158; x_wconf 92' lang='lat' dir='ltr'><strong>ne</strong></span> <span class='ocrx_word' id='word_1_71' title='bbox 949 1114 1230 1172; x_wconf 85' lang='lat' dir='ltr'><strong>postquam</strong></span> <span class='ocrx_word' id='word_1_72' title='bbox 1296 1101 1676 1168; x_wconf 91' lang='lat' dir='ltr'><strong>obdormiero,</strong></span> <span class='ocrx_word' id='word_1_73' title='bbox 1739 1103 1919 1172; x_wconf 81' lang='lat' dir='ltr'><strong>gravis</strong></span> <span class='ocrx_word' id='word_1_74' title='bbox 1991 1100 2153 1155; x_wconf 88' lang='lat' dir='ltr'><strong>alicui</strong></span> 
     </span>
    </p>
   </div>
   <div class='ocr_carea' id='block_1_12' title="bbox 552 1193 2156 1264">
    <p class='ocr_par' dir='ltr' id='par_1_12' title="bbox 552 1193 2156 1264">
     <span class='ocr_line' id='line_1_12' title="bbox 552 1193 2156 1264; baseline -0.004 -12"><span class='ocrx_word' id='word_1_75' title='bbox 552 1199 700 1252; x_wconf 85' lang='lat' dir='ltr'><strong>ﬁam.</strong></span> <span class='ocrx_word' id='word_1_76' title='bbox 723 1236 736 1250; x_wconf 98' lang='lat'><strong>.</strong></span> <span class='ocrx_word' id='word_1_77' title='bbox 761 1237 774 1249; x_wconf 98' lang='lat'><strong>.</strong></span> <span class='ocrx_word' id='word_1_78' title='bbox 793 1234 807 1249; x_wconf 94' lang='lat'><strong>.</strong></span> <span class='ocrx_word' id='word_1_79' title='bbox 830 1235 844 1249; x_wconf 96' lang='lat'><strong>.</strong></span> <span class='ocrx_word' id='word_1_80' title='bbox 863 1234 910 1249; x_wconf 94' lang='lat'><strong>..</strong></span> <span class='ocrx_word' id='word_1_81' title='bbox 957 1195 1172 1251; x_wconf 84' lang='lat' dir='ltr'><strong>Christo</strong></span> <span class='ocrx_word' id='word_1_82' title='bbox 1202 1209 1299 1264; x_wconf 91' lang='lat' dir='ltr'><strong>pro</strong></span> <span class='ocrx_word' id='word_1_83' title='bbox 1345 1211 1435 1250; x_wconf 91' lang='lat' dir='ltr'><strong>me</strong></span> <span class='ocrx_word' id='word_1_84' title='bbox 1471 1195 1788 1264; x_wconf 85' lang='lat' dir='ltr'><strong>supplicate,</strong></span> <span class='ocrx_word' id='word_1_85' title='bbox 1832 1203 1888 1248; x_wconf 92' lang='lat' dir='ltr'><strong>ut</strong></span> <span class='ocrx_word' id='word_1_86' title='bbox 1915 1208 2009 1263; x_wconf 90' lang='lat' dir='ltr'><strong>per</strong></span> <span class='ocrx_word' id='word_1_87' title='bbox 2039 1193 2156 1246; x_wconf 82' lang='lat' dir='ltr'><strong>haec</strong></span> 
     </span>
    </p>
   </div>
   <div class='ocr_carea' id='block_1_13' title="bbox 553 1283 2154 1356">
    <p class='ocr_par' dir='ltr' id='par_1_13' title="bbox 553 1283 2154 1356">
     <span class='ocr_line' id='line_1_13' title="bbox 553 1283 2154 1356; baseline -0.004 -13"><span class='ocrx_word' id='word_1_88' title='bbox 553 1289 915 1344; x_wconf 87' lang='lat' dir='ltr'><strong>instrumenta</strong></span> <span class='ocrx_word' id='word_1_89' title='bbox 960 1286 1134 1342; x_wconf 91' lang='lat' dir='ltr'><strong>hostia</strong></span> <span class='ocrx_word' id='word_1_90' title='bbox 1177 1285 1442 1342; x_wconf 86' lang='lat' dir='ltr'><strong>inveniar.</strong></span> <span class='ocrx_word' id='word_1_91' title='bbox 1479 1304 1498 1337; x_wconf 76' lang='grc' dir='ltr'><strong><em>ι</em></strong></span> <span class='ocrx_word' id='word_1_92' title='bbox 1555 1285 1708 1352; x_wconf 83' lang='lat' dir='ltr'><strong>Quod</strong></span> <span class='ocrx_word' id='word_1_93' title='bbox 1742 1301 1841 1356; x_wconf 89' lang='lat' dir='ltr'><strong>pro</strong></span> <span class='ocrx_word' id='word_1_94' title='bbox 1869 1300 1928 1338; x_wconf 91' lang='lat' dir='ltr'><strong>se</strong></span> <span class='ocrx_word' id='word_1_95' title='bbox 1963 1283 2078 1338; x_wconf 86' lang='lat' dir='ltr'><strong>ﬁeri</strong></span> <span class='ocrx_word' id='word_1_96' title='bbox 2124 1299 2154 1337; x_wconf 88' lang='lat' dir='ltr'><strong>a</strong></span> 
     </span>
    </p>
   </div>
   <div class='ocr_carea' id='block_1_14' title="bbox 552 1364 2155 1448">
    <p class='ocr_par' dir='ltr' id='par_1_14' title="bbox 552 1364 2155 1448">
     <span class='ocr_line' id='line_1_14' title="bbox 552 1364 2155 1448; baseline -0.005 -12"><span class='ocrx_word' id='word_1_97' title='bbox 552 1364 815 1436; x_wconf 79' lang='lat' dir='ltr'><strong>Romanis</strong></span> <span class='ocrx_word' id='word_1_98' title='bbox 841 1377 1062 1448; x_wconf 90' lang='lat' dir='ltr'><strong>optabat</strong></span> <span class='ocrx_word' id='word_1_99' title='bbox 1087 1376 1345 1447; x_wconf 86' lang='lat' dir='ltr'><strong>lguatius,</strong></span> <span class='ocrx_word' id='word_1_100' title='bbox 1376 1376 1428 1430; x_wconf 89' lang='lat' dir='ltr'><strong>id</strong></span> <span class='ocrx_word' id='word_1_101' title='bbox 1453 1374 1616 1429; x_wconf 91' lang='lat' dir='ltr'><strong>ofﬁcii</strong></span> <span class='ocrx_word' id='word_1_102' title='bbox 1661 1389 1786 1444; x_wconf 87' lang='lat' dir='ltr'><strong>erga</strong></span> <span class='ocrx_word' id='word_1_103' title='bbox 1822 1373 2155 1428; x_wconf 88' lang='lat' dir='ltr'><strong>Felicitatem</strong></span> 
     </span>
    </p>
   </div>
   <div class='ocr_carea' id='block_1_15' title="bbox 555 1467 2155 1540">
    <p class='ocr_par' dir='ltr' id='par_1_15' title="bbox 555 1467 2155 1540">
     <span class='ocr_line' id='line_1_15' title="bbox 555 1467 2155 1540; baseline -0.005 -10"><span class='ocrx_word' id='word_1_104' title='bbox 555 1475 729 1530; x_wconf 88' lang='lat' dir='ltr'><strong>nostri</strong></span> <span class='ocrx_word' id='word_1_105' title='bbox 764 1479 1035 1540; x_wconf 85' lang='lat' dir='ltr'><strong>martyres</strong></span> <span class='ocrx_word' id='word_1_106' title='bbox 1067 1469 1450 1540; x_wconf 61' lang='lat' dir='ltr'><strong>praestiterunt.</strong></span> <span class='ocrx_word' id='word_1_107' title='bbox 1509 1467 1736 1522; x_wconf 82' lang='lat' dir='ltr'><strong>Volebat</strong></span> <span class='ocrx_word' id='word_1_108' title='bbox 1777 1467 1870 1521; x_wconf 90' lang='lat' dir='ltr'><strong>ille</strong></span> <span class='ocrx_word' id='word_1_109' title='bbox 1899 1484 1929 1521; x_wconf 83' lang='lat' dir='ltr'><strong>:t</strong></span> <span class='ocrx_word' id='word_1_110' title='bbox 1957 1467 2155 1522; x_wconf 82' lang='lat' dir='ltr'><strong>Roma-</strong></span> 
     </span>
    </p>
   </div>
   <div class='ocr_carea' id='block_1_16' title="bbox 555 1556 2158 1632">
    <p class='ocr_par' dir='ltr' id='par_1_16' title="bbox 555 1556 2158 1632">
     <span class='ocr_line' id='line_1_16' title="bbox 555 1556 2158 1632; baseline -0.006 -11"><span class='ocrx_word' id='word_1_111' title='bbox 555 1567 641 1621; x_wconf 89' lang='lat' dir='ltr'><strong>nis</strong></span> <span class='ocrx_word' id='word_1_112' title='bbox 667 1564 980 1632; x_wconf 90' lang='lat' dir='ltr'><strong>conjunctas</strong></span> <span class='ocrx_word' id='word_1_113' title='bbox 1025 1559 1091 1614; x_wconf 89' lang='lat' dir='ltr'><strong>ad</strong></span> <span class='ocrx_word' id='word_1_114' title='bbox 1121 1560 1291 1614; x_wconf 92' lang='lat' dir='ltr'><strong>Deum</strong></span> <span class='ocrx_word' id='word_1_115' title='bbox 1329 1573 1515 1628; x_wconf 86' lang='lat' dir='ltr'><strong>preces</strong></span> <span class='ocrx_word' id='word_1_116' title='bbox 1557 1556 1780 1624; x_wconf 73' lang='lat' dir='ltr'><strong>effundi,</strong></span> <span class='ocrx_word' id='word_1_117' title='bbox 1813 1572 1921 1627; x_wconf 91' lang='lat' dir='ltr'><strong>quo</strong></span> <span class='ocrx_word' id='word_1_118' title='bbox 1961 1558 2158 1612; x_wconf 86' lang='lat' dir='ltr'><strong>bestia-</strong></span> 
     </span>
    </p>
   </div>
   <div class='ocr_carea' id='block_1_17' title="bbox 555 1651 2156 1722">
    <p class='ocr_par' dir='ltr' id='par_1_17' title="bbox 555 1651 2156 1722">
     <span class='ocr_line' id='line_1_17' title="bbox 555 1651 2156 1722; baseline -0.006 -8"><span class='ocrx_word' id='word_1_119' title='bbox 555 1673 678 1714; x_wconf 90' lang='lat' dir='ltr'><strong>rum</strong></span> <span class='ocrx_word' id='word_1_120' title='bbox 733 1653 986 1710; x_wconf 90' lang='lat' dir='ltr'><strong>dentibus</strong></span> <span class='ocrx_word' id='word_1_121' title='bbox 1037 1652 1362 1719; x_wconf 89' lang='lat' dir='ltr'><strong>moleretur,</strong></span> <span class='ocrx_word' id='word_1_122' title='bbox 1411 1660 1465 1707; x_wconf 91' lang='lat' dir='ltr'><strong>et</strong></span> <span class='ocrx_word' id='word_1_123' title='bbox 1507 1667 1600 1722; x_wconf 91' lang='lat' dir='ltr'><strong>per</strong></span> <span class='ocrx_word' id='word_1_124' title='bbox 1645 1651 1763 1706; x_wconf 86' lang='lat' dir='ltr'><strong>haec</strong></span> <span class='ocrx_word' id='word_1_125' title='bbox 1803 1652 2156 1706; x_wconf 86' lang='lat' dir='ltr'><strong>instrumenta</strong></span> 
     </span>
    </p>
   </div>
   <div class='ocr_carea' id='block_1_18' title="bbox 556 1742 2159 1808">
    <p class='ocr_par' dir='ltr' id='par_1_18' title="bbox 556 1742 2159 1808">
     <span class='ocr_line' id='line_1_18' title="bbox 556 1742 2159 1808; baseline -0.004 -3"><span class='ocrx_word' id='word_1_126' title='bbox 556 1749 758 1805; x_wconf 88' lang='lat' dir='ltr'><strong>Christi</strong></span> <span class='ocrx_word' id='word_1_127' title='bbox 801 1746 1109 1802; x_wconf 89' lang='lat' dir='ltr'><strong>efficeretur</strong></span> <span class='ocrx_word' id='word_1_128' title='bbox 1155 1743 1372 1808; x_wconf 90' lang='lat' dir='ltr'><strong>hostia;</strong></span> <span class='ocrx_word' id='word_1_129' title='bbox 1405 1742 1458 1798; x_wconf 92' lang='lat' dir='ltr'><strong>id</strong></span> <span class='ocrx_word' id='word_1_130' title='bbox 1490 1758 1621 1798; x_wconf 88' lang='lat' dir='ltr'><strong>vero</strong></span> <span class='ocrx_word' id='word_1_131' title='bbox 1659 1742 1953 1798; x_wconf 87' lang='lat' dir='ltr'><strong>Felicitatis</strong></span> <span class='ocrx_word' id='word_1_132' title='bbox 1998 1743 2159 1798; x_wconf 83' lang='lat' dir='ltr'><strong>sociis</strong></span> 
     </span>
    </p>
   </div>
   <div class='ocr_carea' id='block_1_19' title="bbox 2251 546 3852 619">
    <p class='ocr_par' dir='ltr' id='par_1_19' title="bbox 2251 546 3852 619">
     <span class='ocr_line' id='line_1_19' title="bbox 2251 546 3852 619; baseline 0.002 -18"><span class='ocrx_word' id='word_1_133' title='bbox 2251 546 2472 611; x_wconf 85' lang='lat' dir='ltr'><strong>fessum,</strong></span> <span class='ocrx_word' id='word_1_134' title='bbox 2504 557 2606 602; x_wconf 88' lang='lat' dir='ltr'><strong>etc.</strong></span> <span class='ocrx_word' id='word_1_135' title='bbox 2645 567 2664 598; x_wconf 74' lang='grc' dir='ltr'><strong>ι</strong></span> <span class='ocrx_word' id='word_1_136' title='bbox 2711 548 2778 601; x_wconf 85' lang='grc' dir='ltr'>Ει</span> <span class='ocrx_word' id='word_1_137' title='bbox 2805 546 2980 602; x_wconf 83' lang='lat' dir='ltr'><strong>infra:</strong></span> <span class='ocrx_word' id='word_1_138' title='bbox 3017 567 3035 599; x_wconf 77' lang='grc' dir='ltr'><strong>ι</strong></span> <span class='ocrx_word' id='word_1_139' title='bbox 3083 548 3171 604; x_wconf 88' lang='lat' dir='ltr'><strong>Sic</strong></span> <span class='ocrx_word' id='word_1_140' title='bbox 3209 559 3430 604; x_wconf 88' lang='lat' dir='ltr'><strong>coronet</strong></span> <span class='ocrx_word' id='word_1_141' title='bbox 3461 561 3532 615; x_wconf 90' lang='lat' dir='ltr'><strong>te,</strong></span> <span class='ocrx_word' id='word_1_142' title='bbox 3564 550 3716 619; x_wconf 92' lang='lat' dir='ltr'><strong>cujus</strong></span> <span class='ocrx_word' id='word_1_143' title='bbox 3749 564 3852 604; x_wconf 91' lang='lat' dir='ltr'><strong>no-</strong></span> 
     </span>
    </p>
   </div>
   <div class='ocr_carea' id='block_1_20' title="bbox 2253 640 3853 714">
    <p class='ocr_par' dir='ltr' id='par_1_20' title="bbox 2253 640 3853 714">
     <span class='ocr_line' id='line_1_20' title="bbox 2253 640 3853 714; baseline 0.001 -20"><span class='ocrx_word' id='word_1_144' title='bbox 2253 655 2374 695; x_wconf 90' lang='lat' dir='ltr'><strong>men</strong></span> <span class='ocrx_word' id='word_1_145' title='bbox 2397 640 2672 696; x_wconf 83' lang='lat' dir='ltr'><strong>confessus</strong></span> <span class='ocrx_word' id='word_1_146' title='bbox 2701 657 2847 697; x_wconf 90' lang='lat' dir='ltr'><strong>es...</strong></span> <span class='ocrx_word' id='word_1_147' title='bbox 2996 642 3144 706; x_wconf 85' lang='lat' dir='ltr'><strong>Pete,</strong></span> <span class='ocrx_word' id='word_1_148' title='bbox 3177 653 3233 697; x_wconf 92' lang='lat' dir='ltr'><strong>ut</strong></span> <span class='ocrx_word' id='word_1_149' title='bbox 3260 644 3362 698; x_wconf 91' lang='lat' dir='ltr'><strong>sim</strong></span> <span class='ocrx_word' id='word_1_150' title='bbox 3395 643 3587 714; x_wconf 89' lang='lat' dir='ltr'><strong>dignus</strong></span> <span class='ocrx_word' id='word_1_151' title='bbox 3617 658 3853 698; x_wconf 86' lang='lat' dir='ltr'><strong>corona-</strong></span> 
     </span>
    </p>
   </div>
   <div class='ocr_carea' id='block_1_21' title="bbox 2253 734 3851 792">
    <p class='ocr_par' dir='ltr' id='par_1_21' title="bbox 2253 734 3851 792">
     <span class='ocr_line' id='line_1_21' title="bbox 2253 734 3851 792; baseline 0.001 -5"><span class='ocrx_word' id='word_1_152' title='bbox 2253 734 2299 788; x_wconf 91' lang='lat' dir='ltr'><strong>ri</strong></span> <span class='ocrx_word' id='word_1_153' title='bbox 2322 749 2442 789; x_wconf 91' lang='lat' dir='ltr'><strong>cum</strong></span> <span class='ocrx_word' id='word_1_154' title='bbox 2477 750 2700 790; x_wconf 84' lang='lat' dir='ltr'><strong>numero</strong></span> <span class='ocrx_word' id='word_1_155' title='bbox 2722 743 2921 790; x_wconf 91' lang='lat' dir='ltr'><strong>vestro.</strong></span> <span class='ocrx_word' id='word_1_156' title='bbox 2963 755 2982 788; x_wconf 85' lang='grc'><strong>›</strong></span> <span class='ocrx_word' id='word_1_157' title='bbox 3023 736 3087 790; x_wconf 86' lang='lat' dir='ltr'><strong>Et</strong></span> <span class='ocrx_word' id='word_1_158' title='bbox 3111 752 3362 792; x_wconf 85' lang='lat' dir='ltr'><strong>rursum:</strong></span> <span class='ocrx_word' id='word_1_159' title='bbox 3404 754 3422 788; x_wconf 78' lang='grc' dir='ltr'><strong>ι</strong></span> <span class='ocrx_word' id='word_1_160' title='bbox 3461 736 3506 790; x_wconf 91' lang='grc' dir='ltr'>Ο</span> <span class='ocrx_word' id='word_1_161' title='bbox 3534 747 3584 791; x_wconf 91' lang='lat' dir='ltr'><strong>te</strong></span> <span class='ocrx_word' id='word_1_162' title='bbox 3608 735 3851 792; x_wconf 90' lang='lat' dir='ltr'><strong>felicem!</strong></span> 
     </span>
    </p>
   </div>
   <div class='ocr_carea' id='block_1_22' title="bbox 2255 828 3854 898">
    <p class='ocr_par' dir='ltr' id='par_1_22' title="bbox 2255 828 3854 898">
     <span class='ocr_line' id='line_1_22' title="bbox 2255 828 3854 898; baseline 0.003 -18"><span class='ocrx_word' id='word_1_163' title='bbox 2255 828 2529 896; x_wconf 88' lang='lat' dir='ltr'><strong>suscipere</strong></span> <span class='ocrx_word' id='word_1_164' title='bbox 2565 835 2683 881; x_wconf 91' lang='lat' dir='ltr'><strong>vota</strong></span> <span class='ocrx_word' id='word_1_165' title='bbox 2721 837 2829 894; x_wconf 89' lang='lat' dir='ltr'><strong>tua,</strong></span> <span class='ocrx_word' id='word_1_166' title='bbox 2870 843 2988 898; x_wconf 62' lang='lat' dir='ltr'><strong>qua:</strong></span> <span class='ocrx_word' id='word_1_167' title='bbox 3023 844 3239 898; x_wconf 89' lang='lat' dir='ltr'><strong>semper</strong></span> <span class='ocrx_word' id='word_1_168' title='bbox 3274 828 3616 895; x_wconf 89' lang='lat' dir='ltr'><strong>desiderasti,</strong></span> <span class='ocrx_word' id='word_1_169' title='bbox 3667 830 3751 884; x_wconf 84' lang='lat' dir='ltr'><strong>vel</strong></span> <span class='ocrx_word' id='word_1_170' title='bbox 3798 829 3854 885; x_wconf 90' lang='lat' dir='ltr'><strong>in</strong></span> 
     </span>
    </p>
   </div>
   <div class='ocr_carea' id='block_1_23' title="bbox 2255 922 3856 993">
    <p class='ocr_par' dir='ltr' id='par_1_23' title="bbox 2255 922 3856 993">
     <span class='ocr_line' id='line_1_23' title="bbox 2255 922 3856 993; baseline 0.001 -17"><span class='ocrx_word' id='word_1_171' title='bbox 2255 931 2398 978; x_wconf 89' lang='lat' dir='ltr'><strong>terra</strong></span> <span class='ocrx_word' id='word_1_172' title='bbox 2428 922 2700 977; x_wconf 90' lang='lat' dir='ltr'><strong>dormiens</strong></span> <span class='ocrx_word' id='word_1_173' title='bbox 2727 923 2921 993; x_wconf 82' lang='lat' dir='ltr'><strong>Optasti</strong></span> <span class='ocrx_word' id='word_1_174' title='bbox 2949 936 3046 992; x_wconf 92' lang='lat' dir='ltr'><strong>pro</strong></span> <span class='ocrx_word' id='word_1_175' title='bbox 3090 924 3307 978; x_wconf 89' lang='lat' dir='ltr'><strong>nomine</strong></span> <span class='ocrx_word' id='word_1_176' title='bbox 3333 923 3476 978; x_wconf 90' lang='lat' dir='ltr'><strong>illius</strong></span> <span class='ocrx_word' id='word_1_177' title='bbox 3504 924 3555 978; x_wconf 89' lang='lat' dir='ltr'><strong>iu</strong></span> <span class='ocrx_word' id='word_1_178' title='bbox 3584 938 3856 980; x_wconf 91' lang='lat' dir='ltr'><strong>carcerem</strong></span> 
     </span>
    </p>
   </div>
   <div class='ocr_carea' id='block_1_24' title="bbox 2256 1014 3856 1086">
    <p class='ocr_par' dir='ltr' id='par_1_24' title="bbox 2256 1014 3856 1086">
     <span class='ocr_line' id='line_1_24' title="bbox 2256 1014 3856 1086; baseline 0.003 -18"><span class='ocrx_word' id='word_1_179' title='bbox 2256 1015 2414 1080; x_wconf 88' lang='lat' dir='ltr'><strong>mitti,</strong></span> <span class='ocrx_word' id='word_1_180' title='bbox 2445 1014 2586 1084; x_wconf 89' lang='lat' dir='ltr'><strong>quod</strong></span> <span class='ocrx_word' id='word_1_181' title='bbox 2612 1029 2753 1069; x_wconf 92' lang='lat' dir='ltr'><strong>nunc</strong></span> <span class='ocrx_word' id='word_1_182' title='bbox 2783 1014 2876 1068; x_wconf 90' lang='lat' dir='ltr'><strong>tibi</strong></span> <span class='ocrx_word' id='word_1_183' title='bbox 2925 1016 3203 1086; x_wconf 88' lang='lat' dir='ltr'><strong>contingit,</strong></span> <span class='ocrx_word' id='word_1_184' title='bbox 3254 1017 3396 1070; x_wconf 88' lang='lat' dir='ltr'><strong>sicut</strong></span> <span class='ocrx_word' id='word_1_185' title='bbox 3437 1016 3692 1086; x_wconf 89' lang='lat' dir='ltr'><strong>scriptum</strong></span> <span class='ocrx_word' id='word_1_186' title='bbox 3720 1025 3805 1072; x_wconf 90' lang='lat' dir='ltr'><strong>est</strong></span> <span class='ocrx_word' id='word_1_187' title='bbox 3842 1036 3856 1072; x_wconf 93' lang='lat'><strong>:</strong></span> 
     </span>
    </p>
   </div>
   <div class='ocr_carea' id='block_1_25' title="bbox 2258 1105 3858 1178">
    <p class='ocr_par' dir='ltr' id='par_1_25' title="bbox 2258 1105 3858 1178">
     <span class='ocr_line' id='line_1_25' title="bbox 2258 1105 3858 1178; baseline 0.003 -19"><span class='ocrx_word' id='word_1_188' title='bbox 2258 1105 2360 1159; x_wconf 81' lang='lat' dir='ltr'><strong>Det</strong></span> <span class='ocrx_word' id='word_1_189' title='bbox 2386 1107 2476 1160; x_wconf 84' lang='lat' dir='ltr'><strong>tibi</strong></span> <span class='ocrx_word' id='word_1_190' title='bbox 2505 1105 2755 1160; x_wconf 80' lang='lat' dir='ltr'><strong>Dominus</strong></span> <span class='ocrx_word' id='word_1_191' title='bbox 2771 1107 3048 1161; x_wconf 79' lang='lat' dir='ltr'><strong>secundum</strong></span> <span class='ocrx_word' id='word_1_192' title='bbox 3075 1124 3161 1161; x_wconf 88' lang='lat' dir='ltr'><strong>cor</strong></span> <span class='ocrx_word' id='word_1_193' title='bbox 3189 1118 3388 1162; x_wconf 67' lang='lat' dir='ltr'><strong>tuum.)</strong></span> <span class='ocrx_word' id='word_1_194' title='bbox 3410 1108 3538 1164; x_wconf 72' lang='lat' dir='ltr'><strong>Hmc</strong></span> <span class='ocrx_word' id='word_1_195' title='bbox 3557 1108 3858 1178; x_wconf 88' lang='lat' dir='ltr'><strong>Celeriuus,</strong></span> 
     </span>
    </p>
   </div>
   <div class='ocr_carea' id='block_1_26' title="bbox 2259 1198 3926 1270">
    <p class='ocr_par' dir='ltr' id='par_1_26' title="bbox 2259 1198 3926 1270">
     <span class='ocr_line' id='line_1_26' title="bbox 2259 1198 3926 1270; baseline 0.005 -19"><span class='ocrx_word' id='word_1_196' title='bbox 2259 1211 2288 1251; x_wconf 93' lang='lat' dir='ltr'><strong>a</strong></span> <span class='ocrx_word' id='word_1_197' title='bbox 2329 1198 2696 1253; x_wconf 87' lang='lat' dir='ltr'><strong>moderatione</strong></span> <span class='ocrx_word' id='word_1_198' title='bbox 2738 1201 3062 1270; x_wconf 66' lang='lat' dir='ltr'><strong>praesertim,</strong></span> <span class='ocrx_word' id='word_1_199' title='bbox 3112 1201 3435 1269; x_wconf 85' lang='lat' dir='ltr'><strong>humilitate,</strong></span> <span class='ocrx_word' id='word_1_200' title='bbox 3489 1204 3701 1269; x_wconf 91' lang='lat' dir='ltr'><strong>timore,</strong></span> <span class='ocrx_word' id='word_1_201' title='bbox 3732 1220 3863 1259; x_wconf 84' lang='lat' dir='ltr'><strong>cau-</strong></span> <span class='ocrx_word' id='word_1_202' title='bbox 3923 1201 3926 1210; x_wconf 89' lang='grc'><em>’</em></span> 
     </span>
    </p>
   </div>
   <div class='ocr_carea' id='block_1_27' title="bbox 2259 1291 3861 1369">
    <p class='ocr_par' dir='ltr' id='par_1_27' title="bbox 2259 1291 3861 1369">
     <span class='ocr_line' id='line_1_27' title="bbox 2259 1291 3861 1369; baseline 0.004 -24"><span class='ocrx_word' id='word_1_203' title='bbox 2259 1291 2405 1346; x_wconf 87' lang='lat' dir='ltr'><strong>tione</strong></span> <span class='ocrx_word' id='word_1_204' title='bbox 2434 1301 2489 1347; x_wconf 88' lang='lat' dir='ltr'><strong>et</strong></span> <span class='ocrx_word' id='word_1_205' title='bbox 2528 1295 2848 1349; x_wconf 80' lang='lat' dir='ltr'><strong>verecundia</strong></span> <span class='ocrx_word' id='word_1_206' title='bbox 2877 1305 3066 1350; x_wconf 84' lang='lat' dir='ltr'><strong>saneto</strong></span> <span class='ocrx_word' id='word_1_207' title='bbox 3095 1296 3364 1368; x_wconf 80' lang='lat' dir='ltr'><strong>Cypriane</strong></span> <span class='ocrx_word' id='word_1_208' title='bbox 3399 1297 3478 1369; x_wconf 89' lang='lat' dir='ltr'><strong>(-l)</strong></span> <span class='ocrx_word' id='word_1_209' title='bbox 3512 1299 3861 1354; x_wconf 86' lang='lat' dir='ltr'><strong>commenda-</strong></span> 
     </span>
    </p>
   </div>
   <div class='ocr_carea' id='block_1_28' title="bbox 2261 1383 3864 1462">
    <p class='ocr_par' dir='ltr' id='par_1_28' title="bbox 2261 1383 3864 1462">
     <span class='ocr_line' id='line_1_28' title="bbox 2261 1383 3864 1462; baseline 0.006 -25"><span class='ocrx_word' id='word_1_210' title='bbox 2261 1391 2366 1438; x_wconf 88' lang='lat' dir='ltr'><strong>tus.</strong></span> <span class='ocrx_word' id='word_1_211' title='bbox 2436 1383 2512 1438; x_wconf 90' lang='lat' dir='ltr'><strong>lta</strong></span> <span class='ocrx_word' id='word_1_212' title='bbox 2556 1387 2715 1440; x_wconf 91' lang='lat' dir='ltr'><strong>etiam</strong></span> <span class='ocrx_word' id='word_1_213' title='bbox 2790 1386 3174 1458; x_wconf 82' lang='lat' dir='ltr'><strong>Lugdunenses</strong></span> <span class='ocrx_word' id='word_1_214' title='bbox 3236 1399 3500 1462; x_wconf 86' lang='lat' dir='ltr'><strong>martyres</strong></span> <span class='ocrx_word' id='word_1_215' title='bbox 3558 1392 3864 1446; x_wconf 79' lang='lat' dir='ltr'><strong>Christianae</strong></span> 
     </span>
    </p>
   </div>
   <div class='ocr_carea' id='block_1_29' title="bbox 2260 1475 3867 1552">
    <p class='ocr_par' dir='ltr' id='par_1_29' title="bbox 2260 1475 3867 1552">
     <span class='ocr_line' id='line_1_29' title="bbox 2260 1475 3867 1552; baseline 0.005 -22"><span class='ocrx_word' id='word_1_216' title='bbox 2260 1475 2532 1546; x_wconf 82' lang='lat' dir='ltr'><strong>religionis</strong></span> <span class='ocrx_word' id='word_1_217' title='bbox 2561 1479 2885 1547; x_wconf 70' lang='lat' dir='ltr'><strong>praecipuum</strong></span> <span class='ocrx_word' id='word_1_218' title='bbox 2906 1478 3091 1546; x_wconf 88' lang='lat' dir='ltr'><strong>decus,</strong></span> <span class='ocrx_word' id='word_1_219' title='bbox 3124 1479 3228 1536; x_wconf 79' lang='lat' dir='ltr'><strong>(ide</strong></span> <span class='ocrx_word' id='word_1_220' title='bbox 3256 1491 3310 1536; x_wconf 93' lang='lat' dir='ltr'><strong>et</strong></span> <span class='ocrx_word' id='word_1_221' title='bbox 3335 1483 3595 1552; x_wconf 84' lang='lat' dir='ltr'><strong>sapientia</strong></span> <span class='ocrx_word' id='word_1_222' title='bbox 3625 1499 3729 1538; x_wconf 92' lang='lat' dir='ltr'><strong>non</strong></span> <span class='ocrx_word' id='word_1_223' title='bbox 3764 1484 3867 1547; x_wconf 84' lang='lat' dir='ltr'><strong>mi-</strong></span> 
     </span>
    </p>
   </div>
   <div class='ocr_carea' id='block_1_30' title="bbox 2261 1557 3865 1640">
    <p class='ocr_par' dir='ltr' id='par_1_30' title="bbox 2261 1557 3865 1640">
     <span class='ocr_line' id='line_1_30' title="bbox 2261 1557 3865 1640; baseline 0.005 -24"><span class='ocrx_word' id='word_1_224' title='bbox 2261 1557 2362 1616; x_wconf 86' lang='lat' dir='ltr'><strong>nus</strong></span> <span class='ocrx_word' id='word_1_225' title='bbox 2415 1576 2573 1630; x_wconf 89' lang='lat' dir='ltr'><strong>quam</strong></span> <span class='ocrx_word' id='word_1_226' title='bbox 2619 1563 2810 1619; x_wconf 86' lang='lat' dir='ltr'><strong>invicta</strong></span> <span class='ocrx_word' id='word_1_227' title='bbox 2865 1566 3028 1619; x_wconf 91' lang='lat' dir='ltr'><strong>animi</strong></span> <span class='ocrx_word' id='word_1_228' title='bbox 3075 1566 3388 1623; x_wconf 89' lang='lat' dir='ltr'><strong>fortitudine</strong></span> <span class='ocrx_word' id='word_1_229' title='bbox 3446 1569 3704 1640; x_wconf 82' lang='lat' dir='ltr'><strong>insignes,</strong></span> <span class='ocrx_word' id='word_1_230' title='bbox 3736 1585 3865 1640; x_wconf 92' lang='lat' dir='ltr'><strong>pro-</strong></span> 
     </span>
    </p>
   </div>
   <div class='ocr_carea' id='block_1_31' title="bbox 2262 1654 3869 1734">
    <p class='ocr_par' dir='ltr' id='par_1_31' title="bbox 2262 1654 3869 1734">
     <span class='ocr_line' id='line_1_31' title="bbox 2262 1654 3869 1734; baseline 0.007 -26"><span class='ocrx_word' id='word_1_231' title='bbox 2262 1654 2393 1709; x_wconf 90' lang='lat' dir='ltr'><strong>fusis</strong></span> <span class='ocrx_word' id='word_1_232' title='bbox 2424 1654 2697 1726; x_wconf 90' lang='lat' dir='ltr'><strong>lacrymis,</strong></span> <span class='ocrx_word' id='word_1_233' title='bbox 2731 1665 2790 1712; x_wconf 90' lang='lat' dir='ltr'><strong>ut</strong></span> <span class='ocrx_word' id='word_1_234' title='bbox 2818 1668 2899 1712; x_wconf 92' lang='lat' dir='ltr'><strong>est</strong></span> <span class='ocrx_word' id='word_1_235' title='bbox 2925 1658 3067 1728; x_wconf 87' lang='lat' dir='ltr'><strong>apud</strong></span> <span class='ocrx_word' id='word_1_236' title='bbox 3097 1658 3389 1716; x_wconf 90' lang='lat' dir='ltr'><strong>Eusebium</strong></span> <span class='ocrx_word' id='word_1_237' title='bbox 3418 1660 3520 1734; x_wconf 69' lang='grc'><strong>(2),</strong></span> <span class='ocrx_word' id='word_1_238' title='bbox 3560 1682 3578 1713; x_wconf 74' lang='grc' dir='ltr'><strong>ι</strong></span> <span class='ocrx_word' id='word_1_239' title='bbox 3618 1663 3869 1719; x_wconf 88' lang='lat' dir='ltr'><strong>obsecra-</strong></span> 
     </span>
    </p>
   </div>
   <div class='ocr_carea' id='block_1_32' title="bbox 2263 1746 3868 1825">
    <p class='ocr_par' dir='ltr' id='par_1_32' title="bbox 2263 1746 3868 1825">
     <span class='ocr_line' id='line_1_32' title="bbox 2263 1746 3868 1825; baseline 0.006 -23"><span class='ocrx_word' id='word_1_240' title='bbox 2263 1748 2390 1802; x_wconf 88' lang='lat' dir='ltr'><strong>bant</strong></span> <span class='ocrx_word' id='word_1_241' title='bbox 2415 1746 2629 1810; x_wconf 85' lang='lat' dir='ltr'><strong>fratres,</strong></span> <span class='ocrx_word' id='word_1_242' title='bbox 2679 1757 2737 1803; x_wconf 93' lang='lat' dir='ltr'><strong>ut</strong></span> <span class='ocrx_word' id='word_1_243' title='bbox 2774 1751 3042 1806; x_wconf 78' lang='lat' dir='ltr'><strong>continua:</strong></span> <span class='ocrx_word' id='word_1_244' title='bbox 3085 1753 3151 1806; x_wconf 92' lang='lat' dir='ltr'><strong>ad</strong></span> <span class='ocrx_word' id='word_1_245' title='bbox 3203 1754 3372 1808; x_wconf 92' lang='lat' dir='ltr'><strong>Deum</strong></span> <span class='ocrx_word' id='word_1_246' title='bbox 3409 1769 3602 1825; x_wconf 87' lang='lat' dir='ltr'><strong>preces</strong></span> <span class='ocrx_word' id='word_1_247' title='bbox 3643 1755 3868 1824; x_wconf 89' lang='lat' dir='ltr'><strong>ﬁerent,</strong></span> 
     </span>
    </p>
   </div>
   <div class='ocr_carea' id='block_1_33' title="bbox 559 1836 3872 1917">
    <p class='ocr_par' dir='ltr' id='par_1_33' title="bbox 559 1836 3872 1917">
     <span class='ocr_line' id='line_1_33' title="bbox 559 1836 3872 1917; baseline 0.001 -20"><span class='ocrx_word' id='word_1_248' title='bbox 559 1843 613 1897; x_wconf 86' lang='lat' dir='ltr'><strong>in</strong></span> <span class='ocrx_word' id='word_1_249' title='bbox 637 1841 774 1897; x_wconf 92' lang='lat' dir='ltr'><strong>votis</strong></span> <span class='ocrx_word' id='word_1_250' title='bbox 801 1848 938 1903; x_wconf 92' lang='lat' dir='ltr'><strong>erat,</strong></span> <span class='ocrx_word' id='word_1_251' title='bbox 973 1846 1029 1893; x_wconf 91' lang='lat' dir='ltr'><strong>et</strong></span> <span class='ocrx_word' id='word_1_252' title='bbox 1067 1846 1125 1892; x_wconf 94' lang='lat' dir='ltr'><strong>ut</strong></span> <span class='ocrx_word' id='word_1_253' title='bbox 1148 1836 1337 1894; x_wconf 66' lang='lat' dir='ltr'><strong>{uatum</strong></span> <span class='ocrx_word' id='word_1_254' title='bbox 1373 1837 1660 1891; x_wconf 89' lang='lat' dir='ltr'><strong>immaturo</strong></span> <span class='ocrx_word' id='word_1_255' title='bbox 1689 1845 1929 1906; x_wconf 90' lang='lat' dir='ltr'><strong>tempore</strong></span> <span class='ocrx_word' id='word_1_256' title='bbox 1949 1837 2162 1891; x_wconf 88' lang='lat' dir='ltr'><strong>emitte-</strong></span> <span class='ocrx_word' id='word_1_257' title='bbox 2193 1854 2240 1914; x_wconf 80' lang='grc' dir='ltr'>Β</span> <span class='ocrx_word' id='word_1_258' title='bbox 2269 1853 2375 1908; x_wconf 92' lang='lat' dir='ltr'><strong>quo</strong></span> <span class='ocrx_word' id='word_1_259' title='bbox 2426 1839 2640 1894; x_wconf 89' lang='lat' dir='ltr'><strong>tandem</strong></span> <span class='ocrx_word' id='word_1_260' title='bbox 2669 1840 2768 1908; x_wconf 89' lang='lat' dir='ltr'><strong>ipsi</strong></span> <span class='ocrx_word' id='word_1_261' title='bbox 2801 1842 3212 1910; x_wconf 87' lang='lat' dir='ltr'><strong>perficerentur.</strong></span> <span class='ocrx_word' id='word_1_262' title='bbox 3252 1863 3270 1896; x_wconf 71' lang='grc' dir='ltr'><strong>ι</strong></span> <span class='ocrx_word' id='word_1_263' title='bbox 3310 1844 3388 1899; x_wconf 92' lang='lat' dir='ltr'><strong>De</strong></span> <span class='ocrx_word' id='word_1_264' title='bbox 3426 1857 3612 1901; x_wconf 86' lang='lat' dir='ltr'><strong>saneto</strong></span> <span class='ocrx_word' id='word_1_265' title='bbox 3647 1845 3872 1917; x_wconf 88' lang='lat' dir='ltr'><strong>Cypria-</strong></span> 
     </span>
    </p>
   </div>
   <div class='ocr_carea' id='block_1_34' title="bbox 558 1927 2160 2001">
    <p class='ocr_par' dir='ltr' id='par_1_34' title="bbox 558 1927 2160 2001">
     <span class='ocr_line' id='line_1_34' title="bbox 558 1927 2160 2001; baseline -0.007 -10"><span class='ocrx_word' id='word_1_266' title='bbox 558 1943 668 2001; x_wconf 89' lang='lat' dir='ltr'><strong>ret,</strong></span> <span class='ocrx_word' id='word_1_267' title='bbox 707 1933 841 1988; x_wconf 89' lang='lat' dir='ltr'><strong>fusis</strong></span> <span class='ocrx_word' id='word_1_268' title='bbox 877 1930 942 1986; x_wconf 90' lang='lat' dir='ltr'><strong>ad</strong></span> <span class='ocrx_word' id='word_1_269' title='bbox 970 1930 1140 1985; x_wconf 91' lang='lat' dir='ltr'><strong>Deum</strong></span> <span class='ocrx_word' id='word_1_270' title='bbox 1172 1929 1420 2000; x_wconf 90' lang='lat' dir='ltr'><strong>precibus</strong></span> <span class='ocrx_word' id='word_1_271' title='bbox 1448 1927 1810 1998; x_wconf 88' lang='lat' dir='ltr'><strong>postulabant,</strong></span> <span class='ocrx_word' id='word_1_272' title='bbox 1859 1943 1926 1984; x_wconf 88' lang='lat' dir='ltr'><strong>ne</strong></span> <span class='ocrx_word' id='word_1_273' title='bbox 1957 1938 2160 1998; x_wconf 86' lang='lat' dir='ltr'><strong>marty-</strong></span> 
     </span>
    </p>
   </div>
   <div class='ocr_carea' id='block_1_35' title="bbox 561 2021 2160 2095">
    <p class='ocr_par' dir='ltr' id='par_1_35' title="bbox 561 2021 2160 2095">
     <span class='ocr_line' id='line_1_35' title="bbox 561 2021 2160 2095; baseline -0.006 -13"><span class='ocrx_word' id='word_1_274' title='bbox 561 2029 700 2082; x_wconf 87' lang='lat' dir='ltr'><strong>rium</strong></span> <span class='ocrx_word' id='word_1_275' title='bbox 722 2025 839 2095; x_wconf 83' lang='lat' dir='ltr'><strong>ejus</strong></span> <span class='ocrx_word' id='word_1_276' title='bbox 866 2022 1192 2087; x_wconf 82' lang='lat' dir='ltr'><strong>dilferretur,</strong></span> <span class='ocrx_word' id='word_1_277' title='bbox 1220 2022 1316 2077; x_wconf 86' lang='lat' dir='ltr'><strong>sed</strong></span> <span class='ocrx_word' id='word_1_278' title='bbox 1357 2036 1465 2076; x_wconf 89' lang='lat' dir='ltr'><strong>una</strong></span> <span class='ocrx_word' id='word_1_279' title='bbox 1500 2036 1624 2076; x_wconf 91' lang='lat' dir='ltr'><strong>cum</strong></span> <span class='ocrx_word' id='word_1_280' title='bbox 1652 2023 1772 2076; x_wconf 89' lang='lat' dir='ltr'><strong>aliis</strong></span> <span class='ocrx_word' id='word_1_281' title='bbox 1811 2021 1996 2076; x_wconf 88' lang='lat' dir='ltr'><strong>bestiis</strong></span> <span class='ocrx_word' id='word_1_282' title='bbox 2022 2021 2160 2090; x_wconf 90' lang='lat' dir='ltr'><strong>obji-</strong></span> 
     </span>
    </p>
   </div>
   <div class='ocr_carea' id='block_1_36' title="bbox 561 2113 2164 2186">
    <p class='ocr_par' dir='ltr' id='par_1_36' title="bbox 561 2113 2164 2186">
     <span class='ocr_line' id='line_1_36' title="bbox 561 2113 2164 2186; baseline -0.006 -10"><span class='ocrx_word' id='word_1_283' title='bbox 561 2129 798 2176; x_wconf 90' lang='lat' dir='ltr'><strong>ceretur.</strong></span> <span class='ocrx_word' id='word_1_284' title='bbox 831 2117 1015 2186; x_wconf 81' lang='lat' dir='ltr'><strong>Pergit</strong></span> <span class='ocrx_word' id='word_1_285' title='bbox 1036 2114 1273 2186; x_wconf 87' lang='lat' dir='ltr'><strong>lgnatius</strong></span> <span class='ocrx_word' id='word_1_286' title='bbox 1295 2123 1350 2170; x_wconf 93' lang='lat' dir='ltr'><strong>et</strong></span> <span class='ocrx_word' id='word_1_287' title='bbox 1371 2129 1479 2168; x_wconf 90' lang='lat' dir='ltr'><strong>non</strong></span> <span class='ocrx_word' id='word_1_288' title='bbox 1503 2113 1675 2168; x_wconf 90' lang='lat' dir='ltr'><strong>solum</strong></span> <span class='ocrx_word' id='word_1_289' title='bbox 1700 2114 1896 2169; x_wconf 91' lang='lat' dir='ltr'><strong>ardens</strong></span> <span class='ocrx_word' id='word_1_290' title='bbox 1919 2113 2164 2183; x_wconf 83' lang='lat' dir='ltr'><strong>martyrii</strong></span> 
     </span>
    </p>
   </div>
   <div class='ocr_carea' id='block_1_37' title="bbox 563 2206 2166 2273">
    <p class='ocr_par' dir='ltr' id='par_1_37' title="bbox 563 2206 2166 2273">
     <span class='ocr_line' id='line_1_37' title="bbox 563 2206 2166 2273; baseline -0.007 -4"><span class='ocrx_word' id='word_1_291' title='bbox 563 2212 888 2270; x_wconf 90' lang='lat' dir='ltr'><strong>desiderium</strong></span> <span class='ocrx_word' id='word_1_292' title='bbox 915 2207 1181 2273; x_wconf 92' lang='lat' dir='ltr'><strong>ostendit,</strong></span> <span class='ocrx_word' id='word_1_293' title='bbox 1212 2206 1308 2262; x_wconf 89' lang='lat' dir='ltr'><strong>sed</strong></span> <span class='ocrx_word' id='word_1_294' title='bbox 1337 2207 1534 2262; x_wconf 87' lang='lat' dir='ltr'><strong>bestias</strong></span> <span class='ocrx_word' id='word_1_295' title='bbox 1557 2247 1572 2272; x_wconf 85' lang='lat'><strong>,</strong></span> <span class='ocrx_word' id='word_1_296' title='bbox 1601 2207 1797 2260; x_wconf 90' lang='lat' dir='ltr'><strong>invitas</strong></span> <span class='ocrx_word' id='word_1_297' title='bbox 1826 2207 1988 2259; x_wconf 89' lang='lat' dir='ltr'><strong>etiam</strong></span> <span class='ocrx_word' id='word_1_298' title='bbox 2011 2214 2166 2259; x_wconf 88' lang='lat' dir='ltr'><strong>etre-</strong></span> 
     </span>
    </p>
   </div>
   <div class='ocr_carea' id='block_1_38' title="bbox 563 2299 2164 2378">
    <p class='ocr_par' dir='ltr' id='par_1_38' title="bbox 563 2299 2164 2378">
     <span class='ocr_line' id='line_1_38' title="bbox 563 2299 2164 2378; baseline -0.006 -16"><span class='ocrx_word' id='word_1_299' title='bbox 563 2314 888 2378; x_wconf 85' lang='lat' dir='ltr'><strong>puguantes,</strong></span> <span class='ocrx_word' id='word_1_300' title='bbox 906 2317 964 2357; x_wconf 90' lang='lat' dir='ltr'><strong>se</strong></span> <span class='ocrx_word' id='word_1_301' title='bbox 977 2302 1052 2356; x_wconf 90' lang='lat' dir='ltr'><strong>ait</strong></span> <span class='ocrx_word' id='word_1_302' title='bbox 1077 2300 1143 2355; x_wconf 89' lang='lat' dir='ltr'><strong>ad</strong></span> <span class='ocrx_word' id='word_1_303' title='bbox 1174 2315 1326 2356; x_wconf 88' lang='lat' dir='ltr'><strong>suam</strong></span> <span class='ocrx_word' id='word_1_304' title='bbox 1354 2299 1522 2370; x_wconf 91' lang='lat' dir='ltr'><strong>ipsius</strong></span> <span class='ocrx_word' id='word_1_305' title='bbox 1550 2313 1738 2354; x_wconf 91' lang='lat' dir='ltr'><strong>necem</strong></span> <span class='ocrx_word' id='word_1_306' title='bbox 1754 2307 2164 2368; x_wconf 84' lang='lat' dir='ltr'><strong>provocaturum</strong></span> 
     </span>
    </p>
   </div>
   <div class='ocr_carea' id='block_1_39' title="bbox 565 2389 2165 2470">
    <p class='ocr_par' dir='ltr' id='par_1_39' title="bbox 565 2389 2165 2470">
     <span class='ocr_line' id='line_1_39' title="bbox 565 2389 2165 2470; baseline -0.006 -19"><span class='ocrx_word' id='word_1_307' title='bbox 565 2397 648 2470; x_wconf 71' lang='lat'><strong>(9.)</strong></span> <span class='ocrx_word' id='word_1_308' title='bbox 677 2415 691 2451; x_wconf 93' lang='lat'><strong>:</strong></span> <span class='ocrx_word' id='word_1_309' title='bbox 731 2417 750 2447; x_wconf 77' lang='grc' dir='ltr'><strong>ι</strong></span> <span class='ocrx_word' id='word_1_310' title='bbox 789 2395 1003 2450; x_wconf 88' lang='lat' dir='ltr'><strong>Utinam</strong></span> <span class='ocrx_word' id='word_1_311' title='bbox 1036 2391 1184 2447; x_wconf 88' lang='lat' dir='ltr'><strong>fruar</strong></span> <span class='ocrx_word' id='word_1_312' title='bbox 1211 2390 1398 2445; x_wconf 88' lang='lat' dir='ltr'><strong>bestiis</strong></span> <span class='ocrx_word' id='word_1_313' title='bbox 1420 2390 1552 2444; x_wconf 92' lang='lat' dir='ltr'><strong>mihi</strong></span> <span class='ocrx_word' id='word_1_314' title='bbox 1579 2389 1915 2459; x_wconf 84' lang='lat' dir='ltr'><strong>praeparatis,</strong></span> <span class='ocrx_word' id='word_1_315' title='bbox 1947 2403 2081 2458; x_wconf 90' lang='lat' dir='ltr'><strong>quas</strong></span> <span class='ocrx_word' id='word_1_316' title='bbox 2113 2395 2165 2442; x_wconf 90' lang='lat' dir='ltr'><strong>et</strong></span> 
     </span>
    </p>
   </div>
   <div class='ocr_carea' id='block_1_40' title="bbox 563 2480 2168 2562">
    <p class='ocr_par' dir='ltr' id='par_1_40' title="bbox 563 2480 2168 2562">
     <span class='ocr_line' id='line_1_40' title="bbox 563 2480 2168 2562; baseline -0.009 -14"><span class='ocrx_word' id='word_1_317' title='bbox 563 2499 693 2562; x_wconf 82' lang='lat' dir='ltr'><strong>Opto</strong></span> <span class='ocrx_word' id='word_1_318' title='bbox 719 2488 850 2545; x_wconf 90' lang='lat' dir='ltr'><strong>mibi</strong></span> <span class='ocrx_word' id='word_1_319' title='bbox 883 2494 1158 2558; x_wconf 90' lang='lat' dir='ltr'><strong>promptas</strong></span> <span class='ocrx_word' id='word_1_320' title='bbox 1202 2483 1454 2548; x_wconf 89' lang='lat' dir='ltr'><strong>inveniri,</strong></span> <span class='ocrx_word' id='word_1_321' title='bbox 1484 2482 1690 2553; x_wconf 57' lang='lat' dir='ltr'><strong>gquibus</strong></span> <span class='ocrx_word' id='word_1_322' title='bbox 1719 2491 1774 2537; x_wconf 89' lang='lat' dir='ltr'><strong>et</strong></span> <span class='ocrx_word' id='word_1_323' title='bbox 1809 2480 2074 2547; x_wconf 88' lang='lat' dir='ltr'><strong>blandiar,</strong></span> <span class='ocrx_word' id='word_1_324' title='bbox 2108 2487 2168 2533; x_wconf 90' lang='lat' dir='ltr'><strong>ut</strong></span> 
     </span>
    </p>
   </div>
   <div class='ocr_carea' id='block_1_41' title="bbox 569 2575 2166 2646">
    <p class='ocr_par' dir='ltr' id='par_1_41' title="bbox 569 2575 2166 2646">
     <span class='ocr_line' id='line_1_41' title="bbox 569 2575 2166 2646; baseline -0.006 -7"><span class='ocrx_word' id='word_1_325' title='bbox 569 2585 681 2639; x_wconf 90' lang='lat' dir='ltr'><strong>cito</strong></span> <span class='ocrx_word' id='word_1_326' title='bbox 710 2597 795 2637; x_wconf 90' lang='lat' dir='ltr'><strong>me</strong></span> <span class='ocrx_word' id='word_1_327' title='bbox 811 2581 1088 2644; x_wconf 87' lang='lat' dir='ltr'><strong>devorent,</strong></span> <span class='ocrx_word' id='word_1_328' title='bbox 1121 2592 1226 2632; x_wconf 89' lang='lat' dir='ltr'><strong>non</strong></span> <span class='ocrx_word' id='word_1_329' title='bbox 1255 2584 1314 2631; x_wconf 90' lang='lat' dir='ltr'><strong>ut</strong></span> <span class='ocrx_word' id='word_1_330' title='bbox 1333 2575 1590 2646; x_wconf 90' lang='lat' dir='ltr'><strong>quosdam</strong></span> <span class='ocrx_word' id='word_1_331' title='bbox 1617 2575 1802 2630; x_wconf 72' lang='lat' dir='ltr'><strong>verita:</strong></span> <span class='ocrx_word' id='word_1_332' title='bbox 1831 2588 1936 2629; x_wconf 92' lang='lat' dir='ltr'><strong>non</strong></span> <span class='ocrx_word' id='word_1_333' title='bbox 1975 2575 2166 2642; x_wconf 88' lang='lat' dir='ltr'><strong>tetige-</strong></span> 
     </span>
    </p>
   </div>
   <div class='ocr_carea' id='block_1_42' title="bbox 565 2667 2164 2752">
    <p class='ocr_par' dir='ltr' id='par_1_42' title="bbox 565 2667 2164 2752">
     <span class='ocr_line' id='line_1_42' title="bbox 565 2667 2164 2752; baseline -0.009 -18"><span class='ocrx_word' id='word_1_334' title='bbox 565 2687 781 2752; x_wconf 86' lang='lat' dir='ltr'><strong>gerunt.</strong></span> <span class='ocrx_word' id='word_1_335' title='bbox 831 2674 889 2731; x_wconf 91' lang='lat' dir='ltr'><strong>Si</strong></span> <span class='ocrx_word' id='word_1_336' title='bbox 911 2683 1090 2729; x_wconf 91' lang='lat' dir='ltr'><strong>autem</strong></span> <span class='ocrx_word' id='word_1_337' title='bbox 1119 2673 1232 2740; x_wconf 75' lang='lat' dir='ltr'><strong>illae</strong></span> <span class='ocrx_word' id='word_1_338' title='bbox 1255 2679 1616 2742; x_wconf 85' lang='lat' dir='ltr'><strong>repugnantes</strong></span> <span class='ocrx_word' id='word_1_339' title='bbox 1642 2669 1932 2734; x_wconf 88' lang='lat' dir='ltr'><strong>noluerint,</strong></span> <span class='ocrx_word' id='word_1_340' title='bbox 1979 2683 2081 2738; x_wconf 82' lang='lat' dir='ltr'><strong>ego</strong></span> <span class='ocrx_word' id='word_1_341' title='bbox 2111 2667 2164 2720; x_wconf 89' lang='lat' dir='ltr'><strong>vi</strong></span> 
     </span>
    </p>
   </div>
   <div class='ocr_carea' id='block_1_43' title="bbox 566 2761 2167 2844">
    <p class='ocr_par' dir='ltr' id='par_1_43' title="bbox 566 2761 2167 2844">
     <span class='ocr_line' id='line_1_43' title="bbox 566 2761 2167 2844; baseline -0.011 -12"><span class='ocrx_word' id='word_1_342' title='bbox 566 2773 864 2844; x_wconf 89' lang='lat' dir='ltr'><strong>impellam.</strong></span> <span class='ocrx_word' id='word_1_343' title='bbox 910 2789 930 2822; x_wconf 74' lang='grc' dir='ltr'><strong>ι</strong></span> <span class='ocrx_word' id='word_1_344' title='bbox 969 2767 1108 2823; x_wconf 82' lang='lat' dir='ltr'><strong>Nihil</strong></span> <span class='ocrx_word' id='word_1_345' title='bbox 1141 2766 1306 2822; x_wconf 85' lang='lat' dir='ltr'><strong>refert</strong></span> <span class='ocrx_word' id='word_1_346' title='bbox 1330 2764 1398 2819; x_wconf 86' lang='lat' dir='ltr'><strong>ad</strong></span> <span class='ocrx_word' id='word_1_347' title='bbox 1427 2763 1739 2835; x_wconf 83' lang='lat' dir='ltr'><strong>gladiatoris</strong></span> <span class='ocrx_word' id='word_1_348' title='bbox 1783 2761 2061 2818; x_wconf 80' lang='lat' dir='ltr'><strong>dexteram</strong></span> <span class='ocrx_word' id='word_1_349' title='bbox 2114 2761 2167 2814; x_wconf 92' lang='lat' dir='ltr'><strong>in</strong></span> 
     </span>
    </p>
   </div>
   <div class='ocr_carea' id='block_1_44' title="bbox 565 2855 2168 2936">
    <p class='ocr_par' dir='ltr' id='par_1_44' title="bbox 565 2855 2168 2936">
     <span class='ocr_line' id='line_1_44' title="bbox 565 2855 2168 2936; baseline -0.01 -13"><span class='ocrx_word' id='word_1_350' title='bbox 565 2883 723 2923; x_wconf 89' lang='lat' dir='ltr'><strong>suum</strong></span> <span class='ocrx_word' id='word_1_351' title='bbox 745 2865 1026 2936; x_wconf 90' lang='lat' dir='ltr'><strong>quisquam</strong></span> <span class='ocrx_word' id='word_1_352' title='bbox 1049 2861 1294 2932; x_wconf 85' lang='lat' dir='ltr'><strong>jugulum</strong></span> <span class='ocrx_word' id='word_1_353' title='bbox 1320 2867 1518 2930; x_wconf 90' lang='lat' dir='ltr'><strong>ponat,</strong></span> <span class='ocrx_word' id='word_1_354' title='bbox 1560 2857 1702 2928; x_wconf 91' lang='lat' dir='ltr'><strong>quod</strong></span> <span class='ocrx_word' id='word_1_355' title='bbox 1730 2856 1993 2926; x_wconf 90' lang='lat' dir='ltr'><strong>Perpetua</strong></span> <span class='ocrx_word' id='word_1_356' title='bbox 2022 2855 2168 2919; x_wconf 91' lang='lat' dir='ltr'><strong>fecit,</strong></span> 
     </span>
    </p>
   </div>
   <div class='ocr_carea' id='block_1_45' title="bbox 565 2945 2169 3020">
    <p class='ocr_par' dir='ltr' id='par_1_45' title="bbox 565 2945 2169 3020">
     <span class='ocr_line' id='line_1_45' title="bbox 565 2945 2169 3020; baseline -0.009 -6"><span class='ocrx_word' id='word_1_357' title='bbox 565 2975 634 3015; x_wconf 87' lang='lat' dir='ltr'><strong>an</strong></span> <span class='ocrx_word' id='word_1_358' title='bbox 667 2957 813 3013; x_wconf 88' lang='lat' dir='ltr'><strong>feras</strong></span> <span class='ocrx_word' id='word_1_359' title='bbox 843 2956 910 3010; x_wconf 90' lang='lat' dir='ltr'><strong>ad</strong></span> <span class='ocrx_word' id='word_1_360' title='bbox 939 2969 998 3010; x_wconf 87' lang='lat' dir='ltr'><strong>se</strong></span> <span class='ocrx_word' id='word_1_361' title='bbox 1027 2950 1397 3009; x_wconf 83' lang='lat' dir='ltr'><strong>devorandum</strong></span> <span class='ocrx_word' id='word_1_362' title='bbox 1436 2948 1696 3020; x_wconf 90' lang='lat' dir='ltr'><strong>impellat,</strong></span> <span class='ocrx_word' id='word_1_363' title='bbox 1738 2946 1884 3018; x_wconf 91' lang='lat' dir='ltr'><strong>quod</strong></span> <span class='ocrx_word' id='word_1_364' title='bbox 1912 2961 1972 3002; x_wconf 91' lang='lat' dir='ltr'><strong>se</strong></span> <span class='ocrx_word' id='word_1_365' title='bbox 2000 2945 2169 3001; x_wconf 82' lang='lat' dir='ltr'><strong>factu-</strong></span> 
     </span>
    </p>
   </div>
   <div class='ocr_carea' id='block_1_46' title="bbox 564 3043 2168 3119">
    <p class='ocr_par' dir='ltr' id='par_1_46' title="bbox 564 3043 2168 3119">
     <span class='ocr_line' id='line_1_46' title="bbox 564 3043 2168 3119; baseline -0.009 -8"><span class='ocrx_word' id='word_1_366' title='bbox 564 3069 690 3112; x_wconf 90' lang='lat' dir='ltr'><strong>rum</strong></span> <span class='ocrx_word' id='word_1_367' title='bbox 717 3050 990 3107; x_wconf 87' lang='lat' dir='ltr'><strong>scribebat</strong></span> <span class='ocrx_word' id='word_1_368' title='bbox 1027 3048 1278 3119; x_wconf 88' lang='lat' dir='ltr'><strong>Ignatius.</strong></span> <span class='ocrx_word' id='word_1_369' title='bbox 1333 3044 1491 3102; x_wconf 91' lang='lat' dir='ltr'><strong>Unde</strong></span> <span class='ocrx_word' id='word_1_370' title='bbox 1517 3053 1825 3114; x_wconf 91' lang='lat' dir='ltr'><strong>utrumque,</strong></span> <span class='ocrx_word' id='word_1_371' title='bbox 1854 3051 1945 3098; x_wconf 90' lang='lat' dir='ltr'><strong>aut</strong></span> <span class='ocrx_word' id='word_1_372' title='bbox 1977 3043 2168 3098; x_wconf 90' lang='lat' dir='ltr'><strong>iisdem</strong></span> 
     </span>
    </p>
   </div>
   <div class='ocr_carea' id='block_1_47' title="bbox 565 3137 2170 3216">
    <p class='ocr_par' dir='ltr' id='par_1_47' title="bbox 565 3137 2170 3216">
     <span class='ocr_line' id='line_1_47' title="bbox 565 3137 2170 3216; baseline -0.006 -14"><span class='ocrx_word' id='word_1_373' title='bbox 565 3142 1084 3216; x_wconf 90' lang='lat' dir='ltr'><strong>reprehensionibus</strong></span> <span class='ocrx_word' id='word_1_374' title='bbox 1106 3149 1268 3210; x_wconf 89' lang='lat' dir='ltr'><strong>patet,</strong></span> <span class='ocrx_word' id='word_1_375' title='bbox 1307 3149 1398 3194; x_wconf 89' lang='lat' dir='ltr'><strong>aut</strong></span> <span class='ocrx_word' id='word_1_376' title='bbox 1443 3138 1635 3194; x_wconf 89' lang='lat' dir='ltr'><strong>iisdem</strong></span> <span class='ocrx_word' id='word_1_377' title='bbox 1661 3147 1745 3192; x_wconf 92' lang='lat' dir='ltr'><strong>est</strong></span> <span class='ocrx_word' id='word_1_378' title='bbox 1770 3137 2016 3192; x_wconf 85' lang='lat' dir='ltr'><strong>laudibus</strong></span> <span class='ocrx_word' id='word_1_379' title='bbox 2047 3153 2170 3207; x_wconf 88' lang='lat' dir='ltr'><strong>pro-</strong></span> 
     </span>
    </p>
   </div>
   <div class='ocr_carea' id='block_1_48' title="bbox 2266 1930 3869 2002">
    <p class='ocr_par' dir='ltr' id='par_1_48' title="bbox 2266 1930 3869 2002">
     <span class='ocr_line' id='line_1_48' title="bbox 2266 1930 3869 2002; baseline 0.005 -19"><span class='ocrx_word' id='word_1_380' title='bbox 2266 1946 2336 1984; x_wconf 91' lang='lat' dir='ltr'><strong>no</strong></span> <span class='ocrx_word' id='word_1_381' title='bbox 2388 1930 2610 1985; x_wconf 91' lang='lat' dir='ltr'><strong>Pontius</strong></span> <span class='ocrx_word' id='word_1_382' title='bbox 2643 1930 2760 2002; x_wconf 92' lang='lat' dir='ltr'><strong>ejus</strong></span> <span class='ocrx_word' id='word_1_383' title='bbox 2811 1931 3110 1990; x_wconf 90' lang='lat' dir='ltr'><strong>diaconus:</strong></span> <span class='ocrx_word' id='word_1_384' title='bbox 3149 1953 3168 1986; x_wconf 83' lang='grc' dir='ltr'><strong>ι</strong></span> <span class='ocrx_word' id='word_1_385' title='bbox 3204 1935 3610 1992; x_wconf 86' lang='lat' dir='ltr'><strong>Conveniebant</strong></span> <span class='ocrx_word' id='word_1_386' title='bbox 3653 1937 3869 1992; x_wconf 87' lang='lat' dir='ltr'><strong>interim</strong></span> 
     </span>
    </p>
   </div>
   <div class='ocr_carea' id='block_1_49' title="bbox 2265 2024 3874 2096">
    <p class='ocr_par' dir='ltr' id='par_1_49' title="bbox 2265 2024 3874 2096">
     <span class='ocr_line' id='line_1_49' title="bbox 2265 2024 3874 2096; baseline 0.007 -18"><span class='ocrx_word' id='word_1_387' title='bbox 2265 2024 2448 2095; x_wconf 90' lang='lat' dir='ltr'><strong>plures</strong></span> <span class='ocrx_word' id='word_1_388' title='bbox 2489 2026 2689 2096; x_wconf 84' lang='lat' dir='ltr'><strong>egregii</strong></span> <span class='ocrx_word' id='word_1_389' title='bbox 2717 2036 2772 2081; x_wconf 91' lang='lat' dir='ltr'><strong>et</strong></span> <span class='ocrx_word' id='word_1_390' title='bbox 2821 2028 3108 2084; x_wconf 87' lang='lat' dir='ltr'><strong>clarissimi</strong></span> <span class='ocrx_word' id='word_1_391' title='bbox 3147 2029 3384 2096; x_wconf 89' lang='lat' dir='ltr'><strong>ordinis,</strong></span> <span class='ocrx_word' id='word_1_392' title='bbox 3433 2030 3532 2086; x_wconf 92' lang='lat' dir='ltr'><strong>sed</strong></span> <span class='ocrx_word' id='word_1_393' title='bbox 3581 2040 3637 2087; x_wconf 91' lang='lat' dir='ltr'><strong>et</strong></span> <span class='ocrx_word' id='word_1_394' title='bbox 3687 2033 3874 2090; x_wconf 72' lang='lat' dir='ltr'><strong>sazculi</strong></span> 
     </span>
    </p>
   </div>
   <div class='ocr_carea' id='block_1_50' title="bbox 2266 2116 3875 2190">
    <p class='ocr_par' dir='ltr' id='par_1_50' title="bbox 2266 2116 3875 2190">
     <span class='ocr_line' id='line_1_50' title="bbox 2266 2116 3875 2190; baseline 0.007 -19"><span class='ocrx_word' id='word_1_395' title='bbox 2266 2116 2544 2172; x_wconf 89' lang='lat' dir='ltr'><strong>nobilitate</strong></span> <span class='ocrx_word' id='word_1_396' title='bbox 2586 2119 2852 2187; x_wconf 87' lang='lat' dir='ltr'><strong>generosi,</strong></span> <span class='ocrx_word' id='word_1_397' title='bbox 2899 2121 2989 2190; x_wconf 72' lang='lat' dir='ltr'><strong>qui.</strong></span> <span class='ocrx_word' id='word_1_398' title='bbox 3030 2130 3247 2190; x_wconf 87' lang='lat' dir='ltr'><strong>propter</strong></span> <span class='ocrx_word' id='word_1_399' title='bbox 3269 2122 3562 2178; x_wconf 89' lang='lat' dir='ltr'><strong>amicitiam</strong></span> <span class='ocrx_word' id='word_1_400' title='bbox 3595 2139 3875 2182; x_wconf 89' lang='lat' dir='ltr'><strong>secessum</strong></span> 
     </span>
    </p>
   </div>
   <div class='ocr_carea' id='block_1_51' title="bbox 2268 2209 3870 2283">
    <p class='ocr_par' dir='ltr' id='par_1_51' title="bbox 2268 2209 3870 2283">
     <span class='ocr_line' id='line_1_51' title="bbox 2268 2209 3870 2283; baseline 0.006 -20"><span class='ocrx_word' id='word_1_401' title='bbox 2268 2209 2494 2264; x_wconf 87' lang='lat' dir='ltr'><strong>subinde</strong></span> <span class='ocrx_word' id='word_1_402' title='bbox 2533 2209 2860 2276; x_wconf 89' lang='lat' dir='ltr'><strong>suaderent;</strong></span> <span class='ocrx_word' id='word_1_403' title='bbox 2885 2221 2940 2266; x_wconf 91' lang='lat' dir='ltr'><strong>et</strong></span> <span class='ocrx_word' id='word_1_404' title='bbox 2966 2227 3034 2267; x_wconf 91' lang='lat' dir='ltr'><strong>ne</strong></span> <span class='ocrx_word' id='word_1_405' title='bbox 3062 2228 3250 2282; x_wconf 90' lang='lat' dir='ltr'><strong>parum</strong></span> <span class='ocrx_word' id='word_1_406' title='bbox 3280 2222 3420 2268; x_wconf 85' lang='lat' dir='ltr'><strong>esset</strong></span> <span class='ocrx_word' id='word_1_407' title='bbox 3441 2215 3584 2270; x_wconf 87' lang='lat' dir='ltr'><strong>nuda</strong></span> <span class='ocrx_word' id='word_1_408' title='bbox 3621 2217 3870 2283; x_wconf 88' lang='lat' dir='ltr'><strong>suadela,</strong></span> 
     </span>
    </p>
   </div>
   <div class='ocr_carea' id='block_1_52' title="bbox 2268 2301 3875 2372">
    <p class='ocr_par' dir='ltr' id='par_1_52' title="bbox 2268 2301 3875 2372">
     <span class='ocr_line' id='line_1_52' title="bbox 2268 2301 3875 2372; baseline 0.006 -16"><span class='ocrx_word' id='word_1_409' title='bbox 2268 2301 2428 2356; x_wconf 88' lang='lat' dir='ltr'><strong>etiam</strong></span> <span class='ocrx_word' id='word_1_410' title='bbox 2472 2301 2605 2367; x_wconf 92' lang='lat' dir='ltr'><strong>loca,</strong></span> <span class='ocrx_word' id='word_1_411' title='bbox 2653 2302 2706 2356; x_wconf 94' lang='lat' dir='ltr'><strong>in</strong></span> <span class='ocrx_word' id='word_1_412' title='bbox 2736 2317 2856 2372; x_wconf 73' lang='lat' dir='ltr'><strong>qua:</strong></span> <span class='ocrx_word' id='word_1_413' title='bbox 2895 2304 3194 2370; x_wconf 89' lang='lat' dir='ltr'><strong>secederet,</strong></span> <span class='ocrx_word' id='word_1_414' title='bbox 3233 2304 3547 2362; x_wconf 77' lang='lat' dir='ltr'><strong>offerebant.</strong></span> <span class='ocrx_word' id='word_1_415' title='bbox 3603 2307 3696 2364; x_wconf 92' lang='lat' dir='ltr'><strong>llle</strong></span> <span class='ocrx_word' id='word_1_416' title='bbox 3740 2325 3875 2365; x_wconf 91' lang='lat' dir='ltr'><strong>vero</strong></span> 
     </span>
    </p>
   </div>
   <div class='ocr_carea' id='block_1_53' title="bbox 2265 2393 3874 2471">
    <p class='ocr_par' dir='ltr' id='par_1_53' title="bbox 2265 2393 3874 2471">
     <span class='ocr_line' id='line_1_53' title="bbox 2265 2393 3874 2471; baseline 0.007 -25"><span class='ocrx_word' id='word_1_417' title='bbox 2265 2395 2374 2462; x_wconf 86' lang='lat' dir='ltr'><strong>jam</strong></span> <span class='ocrx_word' id='word_1_418' title='bbox 2397 2393 2654 2448; x_wconf 91' lang='lat' dir='ltr'><strong>mundum</strong></span> <span class='ocrx_word' id='word_1_419' title='bbox 2676 2409 2934 2464; x_wconf 91' lang='lat' dir='ltr'><strong>suspensa</strong></span> <span class='ocrx_word' id='word_1_420' title='bbox 2961 2398 3028 2451; x_wconf 84' lang='lat' dir='ltr'><strong>ad</strong></span> <span class='ocrx_word' id='word_1_421' title='bbox 3068 2397 3266 2454; x_wconf 62' lang='lat' dir='ltr'><strong>coelum</strong></span> <span class='ocrx_word' id='word_1_422' title='bbox 3304 2408 3481 2454; x_wconf 89' lang='lat' dir='ltr'><strong>mente</strong></span> <span class='ocrx_word' id='word_1_423' title='bbox 3530 2401 3874 2471; x_wconf 78' lang='lat' dir='ltr'><strong>neglexerat,</strong></span> 
     </span>
    </p>
   </div>
   <div class='ocr_carea' id='block_1_54' title="bbox 2270 2486 3878 2552">
    <p class='ocr_par' dir='ltr' id='par_1_54' title="bbox 2270 2486 3878 2552">
     <span class='ocr_line' id='line_1_54' title="bbox 2270 2486 3878 2552; baseline 0.006 -10"><span class='ocrx_word' id='word_1_424' title='bbox 2270 2502 2370 2542; x_wconf 89' lang='lat' dir='ltr'><strong>nec</strong></span> <span class='ocrx_word' id='word_1_425' title='bbox 2400 2486 2634 2542; x_wconf 87' lang='lat' dir='ltr'><strong>suadelis</strong></span> <span class='ocrx_word' id='word_1_426' title='bbox 2654 2487 3054 2544; x_wconf 88' lang='lat' dir='ltr'><strong>blandientibus</strong></span> <span class='ocrx_word' id='word_1_427' title='bbox 3085 2491 3376 2547; x_wconf 90' lang='lat' dir='ltr'><strong>aunuebat.</strong></span> <span class='ocrx_word' id='word_1_428' title='bbox 3421 2492 3659 2550; x_wconf 83' lang='lat' dir='ltr'><strong>Fecisset</strong></span> <span class='ocrx_word' id='word_1_429' title='bbox 3686 2494 3878 2552; x_wconf 90' lang='lat' dir='ltr'><strong>fortas-</strong></span> 
     </span>
    </p>
   </div>
   <div class='ocr_carea' id='block_1_55' title="bbox 2271 2581 3872 2658">
    <p class='ocr_par' dir='ltr' id='par_1_55' title="bbox 2271 2581 3872 2658">
     <span class='ocr_line' id='line_1_55' title="bbox 2271 2581 3872 2658; baseline 0.006 -24"><span class='ocrx_word' id='word_1_430' title='bbox 2271 2595 2331 2634; x_wconf 91' lang='lat' dir='ltr'><strong>se</strong></span> <span class='ocrx_word' id='word_1_431' title='bbox 2361 2589 2487 2635; x_wconf 89' lang='lat' dir='ltr'><strong>tunc</strong></span> <span class='ocrx_word' id='word_1_432' title='bbox 2509 2581 2692 2646; x_wconf 91' lang='lat' dir='ltr'><strong>etiam,</strong></span> <span class='ocrx_word' id='word_1_433' title='bbox 2714 2581 2870 2655; x_wconf 72' lang='lat' dir='ltr'><strong>[quod</strong></span> <span class='ocrx_word' id='word_1_434' title='bbox 2902 2599 2931 2638; x_wconf 92' lang='lat' dir='ltr'><strong>a</strong></span> <span class='ocrx_word' id='word_1_435' title='bbox 2960 2585 3200 2654; x_wconf 89' lang='lat' dir='ltr'><strong>pluribus</strong></span> <span class='ocrx_word' id='word_1_436' title='bbox 3222 2598 3274 2642; x_wconf 88' lang='lat' dir='ltr'><strong>et</strong></span> <span class='ocrx_word' id='word_1_437' title='bbox 3302 2585 3551 2642; x_wconf 81' lang='lat' dir='ltr'><strong>fidelibus</strong></span> <span class='ocrx_word' id='word_1_438' title='bbox 3574 2589 3872 2658; x_wconf 89' lang='lat' dir='ltr'><strong>petebatur,</strong></span> 
     </span>
    </p>
   </div>
   <div class='ocr_carea' id='block_1_56' title="bbox 2272 2671 3879 2749">
    <p class='ocr_par' dir='ltr' id='par_1_56' title="bbox 2272 2671 3879 2749">
     <span class='ocr_line' id='line_1_56' title="bbox 2272 2671 3879 2749; baseline 0.006 -23"><span class='ocrx_word' id='word_1_439' title='bbox 2272 2671 2318 2727; x_wconf 90' lang='lat' dir='ltr'><strong>si</strong></span> <span class='ocrx_word' id='word_1_440' title='bbox 2343 2671 2596 2728; x_wconf 88' lang='lat' dir='ltr'><strong>etdivino</strong></span> <span class='ocrx_word' id='word_1_441' title='bbox 2623 2673 2849 2744; x_wconf 90' lang='lat' dir='ltr'><strong>imperio</strong></span> <span class='ocrx_word' id='word_1_442' title='bbox 2869 2675 3173 2744; x_wconf 89' lang='lat' dir='ltr'><strong>juberetur.</strong></span> <span class='ocrx_word' id='word_1_443' title='bbox 3213 2697 3232 2729; x_wconf 73' lang='grc' dir='ltr'><strong>ι</strong></span> <span class='ocrx_word' id='word_1_444' title='bbox 3272 2677 3404 2732; x_wconf 84' lang='lat' dir='ltr'><strong>Nam</strong></span> <span class='ocrx_word' id='word_1_445' title='bbox 3435 2689 3492 2733; x_wconf 91' lang='lat' dir='ltr'><strong>ut</strong></span> <span class='ocrx_word' id='word_1_446' title='bbox 3515 2680 3629 2749; x_wconf 91' lang='lat' dir='ltr'><strong>ipse</strong></span> <span class='ocrx_word' id='word_1_447' title='bbox 3655 2679 3879 2736; x_wconf 89' lang='lat' dir='ltr'><strong>Pontius</strong></span> 
     </span>
    </p>
   </div>
   <div class='ocr_carea' id='block_1_57' title="bbox 2271 2764 3875 2836">
    <p class='ocr_par' dir='ltr' id='par_1_57' title="bbox 2271 2764 3875 2836">
     <span class='ocr_line' id='line_1_57' title="bbox 2271 2764 3875 2836; baseline 0.006 -16"><span class='ocrx_word' id='word_1_448' title='bbox 2271 2764 2451 2832; x_wconf 89' lang='lat' dir='ltr'><strong>docet,</strong></span> <span class='ocrx_word' id='word_1_449' title='bbox 2490 2767 2741 2836; x_wconf 90' lang='lat' dir='ltr'><strong>inpriore</strong></span> <span class='ocrx_word' id='word_1_450' title='bbox 2785 2783 3024 2832; x_wconf 89' lang='lat' dir='ltr'><strong>secessu,</strong></span> <span class='ocrx_word' id='word_1_451' title='bbox 3075 2789 3094 2821; x_wconf 82' lang='grc' dir='ltr'><strong>ι</strong></span> <span class='ocrx_word' id='word_1_452' title='bbox 3142 2770 3370 2826; x_wconf 93' lang='lat' dir='ltr'><strong>Domino</strong></span> <span class='ocrx_word' id='word_1_453' title='bbox 3418 2772 3682 2828; x_wconf 81' lang='lat' dir='ltr'><strong>latebram</strong></span> <span class='ocrx_word' id='word_1_454' title='bbox 3737 2782 3875 2830; x_wconf 90' lang='lat' dir='ltr'><strong>tunc</strong></span> 
     </span>
    </p>
   </div>
   <div class='ocr_carea' id='block_1_58' title="bbox 2268 2856 3877 2938">
    <p class='ocr_par' dir='ltr' id='par_1_58' title="bbox 2268 2856 3877 2938">
     <span class='ocr_line' id='line_1_58' title="bbox 2268 2856 3877 2938; baseline 0.007 -27"><span class='ocrx_word' id='word_1_455' title='bbox 2268 2856 2493 2926; x_wconf 92' lang='lat' dir='ltr'><strong>jubente</strong></span> <span class='ocrx_word' id='word_1_456' title='bbox 2521 2859 2715 2927; x_wconf 91' lang='lat' dir='ltr'><strong>paruit.</strong></span> <span class='ocrx_word' id='word_1_457' title='bbox 2767 2878 2785 2912; x_wconf 77' lang='grc' dir='ltr'><strong>ι</strong></span> <span class='ocrx_word' id='word_1_458' title='bbox 2838 2860 3074 2930; x_wconf 89' lang='lat' dir='ltr'><strong>Populus</strong></span> <span class='ocrx_word' id='word_1_459' title='bbox 3100 2874 3280 2918; x_wconf 90' lang='lat' dir='ltr'><strong>autem</strong></span> <span class='ocrx_word' id='word_1_460' title='bbox 3315 2863 3510 2929; x_wconf 87' lang='lat' dir='ltr'><strong>ﬁdelis,</strong></span> <span class='ocrx_word' id='word_1_461' title='bbox 3557 2875 3744 2922; x_wconf 86' lang='lat' dir='ltr'><strong>sancto</strong></span> <span class='ocrx_word' id='word_1_462' title='bbox 3770 2866 3877 2938; x_wconf 85' lang='lat' dir='ltr'><strong>Cy-</strong></span> 
     </span>
    </p>
   </div>
   <div class='ocr_carea' id='block_1_59' title="bbox 2275 2949 3879 3022">
    <p class='ocr_par' dir='ltr' id='par_1_59' title="bbox 2275 2949 3879 3022">
     <span class='ocr_line' id='line_1_59' title="bbox 2275 2949 3879 3022; baseline 0.006 -20"><span class='ocrx_word' id='word_1_463' title='bbox 2275 2950 2462 3020; x_wconf 89' lang='lat' dir='ltr'><strong>priauo</strong></span> <span class='ocrx_word' id='word_1_464' title='bbox 2486 2949 2553 3006; x_wconf 88' lang='lat' dir='ltr'><strong>ad</strong></span> <span class='ocrx_word' id='word_1_465' title='bbox 2576 2951 2901 3021; x_wconf 91' lang='lat' dir='ltr'><strong>supplicium</strong></span> <span class='ocrx_word' id='word_1_466' title='bbox 2925 2953 3108 3020; x_wconf 89' lang='lat' dir='ltr'><strong>ducto,</strong></span> <span class='ocrx_word' id='word_1_467' title='bbox 3141 2964 3344 3010; x_wconf 91' lang='lat' dir='ltr'><strong>tantum</strong></span> <span class='ocrx_word' id='word_1_468' title='bbox 3372 2957 3597 3022; x_wconf 86' lang='lat' dir='ltr'><strong>aberant</strong></span> <span class='ocrx_word' id='word_1_469' title='bbox 3620 2958 3688 3014; x_wconf 89' lang='lat' dir='ltr'><strong>ab</strong></span> <span class='ocrx_word' id='word_1_470' title='bbox 3721 2973 3879 3013; x_wconf 87' lang='lat' dir='ltr'><strong>oran-</strong></span> 
     </span>
    </p>
   </div>
   <div class='ocr_carea' id='block_1_60' title="bbox 2275 3041 3880 3122">
    <p class='ocr_par' dir='ltr' id='par_1_60' title="bbox 2275 3041 3880 3122">
     <span class='ocr_line' id='line_1_60' title="bbox 2275 3041 3880 3122; baseline 0.004 -25"><span class='ocrx_word' id='word_1_471' title='bbox 2275 3041 2346 3097; x_wconf 91' lang='lat' dir='ltr'><strong>do</strong></span> <span class='ocrx_word' id='word_1_472' title='bbox 2374 3043 2563 3111; x_wconf 91' lang='lat' dir='ltr'><strong>Deum,</strong></span> <span class='ocrx_word' id='word_1_473' title='bbox 2605 3053 2662 3098; x_wconf 92' lang='lat' dir='ltr'><strong>ut</strong></span> <span class='ocrx_word' id='word_1_474' title='bbox 2695 3043 2773 3098; x_wconf 88' lang='lat' dir='ltr'><strong>illi</strong></span> <span class='ocrx_word' id='word_1_475' title='bbox 2803 3055 3133 3115; x_wconf 89' lang='lat' dir='ltr'><strong>parceretur,</strong></span> <span class='ocrx_word' id='word_1_476' title='bbox 3165 3048 3456 3118; x_wconf 87' lang='lat' dir='ltr'><strong>autquovis</strong></span> <span class='ocrx_word' id='word_1_477' title='bbox 3487 3049 3650 3105; x_wconf 90' lang='lat' dir='ltr'><strong>modo</strong></span> <span class='ocrx_word' id='word_1_478' title='bbox 3681 3060 3880 3122; x_wconf 90' lang='lat' dir='ltr'><strong>marty-</strong></span> 
     </span>
    </p>
   </div>
   <div class='ocr_carea' id='block_1_61' title="bbox 2273 3122 3877 3210">
    <p class='ocr_par' dir='ltr' id='par_1_61' title="bbox 2273 3122 3877 3210">
     <span class='ocr_line' id='line_1_61' title="bbox 2273 3122 3877 3210; baseline 0.007 -21"><span class='ocrx_word' id='word_1_479' title='bbox 2273 3135 2410 3190; x_wconf 89' lang='lat' dir='ltr'><strong>rium</strong></span> <span class='ocrx_word' id='word_1_480' title='bbox 2438 3135 2801 3206; x_wconf 90' lang='lat' dir='ltr'><strong>impedieudo,</strong></span> <span class='ocrx_word' id='word_1_481' title='bbox 2846 3122 2913 3192; x_wconf 23' lang='lat' dir='ltr'><strong>ut.</strong></span> <span class='ocrx_word' id='word_1_482' title='bbox 2932 3139 3089 3193; x_wconf 90' lang='lat' dir='ltr'><strong>simul</strong></span> <span class='ocrx_word' id='word_1_483' title='bbox 3117 3153 3238 3194; x_wconf 92' lang='lat' dir='ltr'><strong>cum</strong></span> <span class='ocrx_word' id='word_1_484' title='bbox 3262 3139 3353 3194; x_wconf 90' lang='lat' dir='ltr'><strong>illo</strong></span> <span class='ocrx_word' id='word_1_485' title='bbox 3386 3140 3565 3210; x_wconf 90' lang='lat' dir='ltr'><strong>potius</strong></span> <span class='ocrx_word' id='word_1_486' title='bbox 3618 3144 3754 3198; x_wconf 90' lang='lat' dir='ltr'><strong>mori</strong></span> <span class='ocrx_word' id='word_1_487' title='bbox 3781 3159 3877 3199; x_wconf 91' lang='lat' dir='ltr'><strong>cu-</strong></span> 
     </span>
    </p>
   </div>
   <div class='ocr_carea' id='block_1_62' title="bbox 568 3227 3877 3313">
    <p class='ocr_par' dir='ltr' id='par_1_62' title="bbox 568 3227 3877 3313">
     <span class='ocr_line' id='line_1_62' title="bbox 568 3227 3877 3313; baseline -0 -20"><span class='ocrx_word' id='word_1_488' title='bbox 568 3235 928 3308; x_wconf 90' lang='lat' dir='ltr'><strong>sequendum.</strong></span> <span class='ocrx_word' id='word_1_489' title='bbox 983 3231 1199 3286; x_wconf 86' lang='lat' dir='ltr'><strong>interim</strong></span> <span class='ocrx_word' id='word_1_490' title='bbox 1227 3244 1408 3313; x_wconf 81' lang='lat' dir='ltr'><strong>autem</strong></span> <span class='ocrx_word' id='word_1_491' title='bbox 1453 3229 1904 3300; x_wconf 87' lang='lat' dir='ltr'><strong>quemadmodum</strong></span> <span class='ocrx_word' id='word_1_492' title='bbox 1945 3229 2169 3285; x_wconf 89' lang='lat' dir='ltr'><strong>Pearso-</strong></span> <span class='ocrx_word' id='word_1_493' title='bbox 2196 3244 2241 3307; x_wconf 69' lang='grc' dir='ltr'><strong>ρ</strong></span> <span class='ocrx_word' id='word_1_494' title='bbox 2277 3237 2467 3298; x_wconf 88' lang='lat' dir='ltr'><strong>pereut</strong></span> <span class='ocrx_word' id='word_1_495' title='bbox 2491 3242 2510 3280; x_wconf 91' lang='lat'><strong>:</strong></span> <span class='ocrx_word' id='word_1_496' title='bbox 2541 3247 2559 3279; x_wconf 84' lang='grc' dir='ltr'><strong>ι</strong></span> <span class='ocrx_word' id='word_1_497' title='bbox 2606 3227 2864 3295; x_wconf 86' lang='lat' dir='ltr'><strong>Quamvis</strong></span> <span class='ocrx_word' id='word_1_498' title='bbox 2885 3232 3029 3285; x_wconf 91' lang='lat' dir='ltr'><strong>enim</strong></span> <span class='ocrx_word' id='word_1_499' title='bbox 3059 3247 3164 3285; x_wconf 89' lang='lat' dir='ltr'><strong>non</strong></span> <span class='ocrx_word' id='word_1_500' title='bbox 3198 3233 3430 3302; x_wconf 90' lang='lat' dir='ltr'><strong>potuerit</strong></span> <span class='ocrx_word' id='word_1_501' title='bbox 3459 3235 3697 3304; x_wconf 83' lang='lat' dir='ltr'><strong>evenire,</strong></span> <span class='ocrx_word' id='word_1_502' title='bbox 3737 3235 3877 3306; x_wconf 92' lang='lat' dir='ltr'><strong>quod</strong></span> 
     </span>
    </p>
   </div>
   <div class='ocr_carea' id='block_1_63' title="bbox 563 3323 2164 3400">
    <p class='ocr_par' dir='ltr' id='par_1_63' title="bbox 563 3323 2164 3400">
     <span class='ocr_line' id='line_1_63' title="bbox 563 3323 2164 3400; baseline -0.006 -13"><span class='ocrx_word' id='word_1_503' title='bbox 563 3332 686 3387; x_wconf 90' lang='lat' dir='ltr'><strong>nius</strong></span> <span class='ocrx_word' id='word_1_504' title='bbox 733 3326 921 3400; x_wconf 88' lang='lat' dir='ltr'><strong>lgnatii</strong></span> <span class='ocrx_word' id='word_1_505' title='bbox 959 3334 1082 3380; x_wconf 90' lang='lat' dir='ltr'><strong>vota</strong></span> <span class='ocrx_word' id='word_1_506' title='bbox 1131 3333 1189 3378; x_wconf 92' lang='lat' dir='ltr'><strong>ut</strong></span> <span class='ocrx_word' id='word_1_507' title='bbox 1227 3332 1413 3379; x_wconf 90' lang='lat' dir='ltr'><strong>sancto</strong></span> <span class='ocrx_word' id='word_1_508' title='bbox 1473 3335 1711 3395; x_wconf 90' lang='lat' dir='ltr'><strong>martyre</strong></span> <span class='ocrx_word' id='word_1_509' title='bbox 1755 3338 1859 3378; x_wconf 91' lang='lat' dir='ltr'><strong>non</strong></span> <span class='ocrx_word' id='word_1_510' title='bbox 1912 3323 2164 3394; x_wconf 89' lang='lat' dir='ltr'><strong>indigna,</strong></span> 
     </span>
    </p>
   </div>
   <div class='ocr_carea' id='block_1_64' title="bbox 564 3417 2168 3495">
    <p class='ocr_par' dir='ltr' id='par_1_64' title="bbox 564 3417 2168 3495">
     <span class='ocr_line' id='line_1_64' title="bbox 564 3417 2168 3495; baseline -0.006 -14"><span class='ocrx_word' id='word_1_511' title='bbox 564 3434 876 3481; x_wconf 85' lang='lat' dir='ltr'><strong>nostrorum</strong></span> <span class='ocrx_word' id='word_1_512' title='bbox 920 3428 1212 3490; x_wconf 90' lang='lat' dir='ltr'><strong>martyrum</strong></span> <span class='ocrx_word' id='word_1_513' title='bbox 1253 3417 1501 3486; x_wconf 74' lang='lat' dir='ltr'><strong>exemplo</strong></span> <span class='ocrx_word' id='word_1_514' title='bbox 1528 3417 1867 3495; x_wconf 88' lang='lat' dir='ltr'><strong>demonstrat</strong></span> <span class='ocrx_word' id='word_1_515' title='bbox 1897 3434 1911 3470; x_wconf 93' lang='lat'><strong>:</strong></span> <span class='ocrx_word' id='word_1_516' title='bbox 1962 3417 2034 3472; x_wconf 91' lang='lat' dir='ltr'><strong>ita</strong></span> <span class='ocrx_word' id='word_1_517' title='bbox 2069 3431 2168 3472; x_wconf 90' lang='lat' dir='ltr'><strong>nos</strong></span> 
     </span>
    </p>
   </div>
   <div class='ocr_carea' id='block_1_65' title="bbox 566 3507 2167 3581">
    <p class='ocr_par' dir='ltr' id='par_1_65' title="bbox 566 3507 2167 3581">
     <span class='ocr_line' id='line_1_65' title="bbox 566 3507 2167 3581; baseline -0.007 -7"><span class='ocrx_word' id='word_1_518' title='bbox 566 3513 882 3574; x_wconf 90' lang='lat' dir='ltr'><strong>eorumdem</strong></span> <span class='ocrx_word' id='word_1_519' title='bbox 932 3519 1230 3581; x_wconf 88' lang='lat' dir='ltr'><strong>martyrum</strong></span> <span class='ocrx_word' id='word_1_520' title='bbox 1284 3525 1381 3579; x_wconf 91' lang='lat' dir='ltr'><strong>pro</strong></span> <span class='ocrx_word' id='word_1_521' title='bbox 1425 3507 1704 3568; x_wconf 87' lang='lat' dir='ltr'><strong>Felicitate</strong></span> <span class='ocrx_word' id='word_1_522' title='bbox 1747 3524 1934 3577; x_wconf 90' lang='lat' dir='ltr'><strong>preces</strong></span> <span class='ocrx_word' id='word_1_523' title='bbox 1979 3508 2167 3579; x_wconf 87' lang='lat' dir='ltr'><strong>Ignatii</strong></span> 
     </span>
    </p>
   </div>
   <div class='ocr_carea' id='block_1_66' title="bbox 567 3601 2170 3678">
    <p class='ocr_par' dir='ltr' id='par_1_66' title="bbox 567 3601 2170 3678">
     <span class='ocr_line' id='line_1_66' title="bbox 567 3601 2170 3678; baseline -0.008 -11"><span class='ocrx_word' id='word_1_524' title='bbox 567 3608 818 3678; x_wconf 87' lang='lat' dir='ltr'><strong>exemplo</strong></span> <span class='ocrx_word' id='word_1_525' title='bbox 866 3605 1167 3660; x_wconf 89' lang='lat' dir='ltr'><strong>tuebimur:</strong></span> <span class='ocrx_word' id='word_1_526' title='bbox 1197 3617 1292 3657; x_wconf 91' lang='lat' dir='ltr'><strong>cur</strong></span> <span class='ocrx_word' id='word_1_527' title='bbox 1338 3603 1480 3657; x_wconf 91' lang='lat' dir='ltr'><strong>enim</strong></span> <span class='ocrx_word' id='word_1_528' title='bbox 1536 3601 1758 3672; x_wconf 78' lang='lat' dir='ltr'><strong>plebeios</strong></span> <span class='ocrx_word' id='word_1_529' title='bbox 1799 3611 2068 3672; x_wconf 78' lang='lat' dir='ltr'><strong>martyres,</strong></span> <span class='ocrx_word' id='word_1_530' title='bbox 2113 3611 2170 3655; x_wconf 92' lang='lat' dir='ltr'><strong>ut</strong></span> 
     </span>
    </p>
   </div>
   <div class='ocr_carea' id='block_1_67' title="bbox 574 3693 2168 3764">
    <p class='ocr_par' dir='ltr' id='par_1_67' title="bbox 574 3693 2168 3764">
     <span class='ocr_line' id='line_1_67' title="bbox 574 3693 2168 3764; baseline -0.006 -5"><span class='ocrx_word' id='word_1_531' title='bbox 574 3701 753 3759; x_wconf 89' lang='lat' dir='ltr'><strong>Pontii</strong></span> <span class='ocrx_word' id='word_1_532' title='bbox 779 3697 997 3754; x_wconf 88' lang='lat' dir='ltr'><strong>Diaconi</strong></span> <span class='ocrx_word' id='word_1_533' title='bbox 1010 3695 1190 3752; x_wconf 87' lang='lat' dir='ltr'><strong>verbis</strong></span> <span class='ocrx_word' id='word_1_534' title='bbox 1208 3703 1345 3758; x_wconf 87' lang='lat' dir='ltr'><strong>utar,</strong></span> <span class='ocrx_word' id='word_1_535' title='bbox 1367 3703 1422 3749; x_wconf 92' lang='lat' dir='ltr'><strong>et</strong></span> <span class='ocrx_word' id='word_1_536' title='bbox 1438 3709 1468 3748; x_wconf 91' lang='lat' dir='ltr'><strong>a</strong></span> <span class='ocrx_word' id='word_1_537' title='bbox 1487 3694 1758 3764; x_wconf 89' lang='lat' dir='ltr'><strong>Baptismo</strong></span> <span class='ocrx_word' id='word_1_538' title='bbox 1774 3703 2021 3750; x_wconf 89' lang='lat' dir='ltr'><strong>recentes</strong></span> <span class='ocrx_word' id='word_1_539' title='bbox 2043 3693 2168 3749; x_wconf 91' lang='lat' dir='ltr'><strong>inde</strong></span> 
     </span>
    </p>
   </div>
   <div class='ocr_carea' id='block_1_68' title="bbox 566 3787 2168 3868">
    <p class='ocr_par' dir='ltr' id='par_1_68' title="bbox 566 3787 2168 3868">
     <span class='ocr_line' id='line_1_68' title="bbox 566 3787 2168 3868; baseline -0.007 -16"><span class='ocrx_word' id='word_1_540' title='bbox 566 3809 880 3868; x_wconf 89' lang='lat' dir='ltr'><strong>arguemus,</strong></span> <span class='ocrx_word' id='word_1_541' title='bbox 921 3790 1062 3847; x_wconf 89' lang='lat' dir='ltr'><strong>unde</strong></span> <span class='ocrx_word' id='word_1_542' title='bbox 1091 3790 1546 3860; x_wconf 89' lang='lat' dir='ltr'><strong>sapientissimum</strong></span> <span class='ocrx_word' id='word_1_543' title='bbox 1574 3788 1908 3857; x_wconf 83' lang='lat' dir='ltr'><strong>episcopum,</strong></span> <span class='ocrx_word' id='word_1_544' title='bbox 1944 3796 1995 3842; x_wconf 92' lang='lat' dir='ltr'><strong>et</strong></span> <span class='ocrx_word' id='word_1_545' title='bbox 2024 3787 2168 3856; x_wconf 83' lang='lat' dir='ltr'><strong>Apo-</strong></span> 
     </span>
    </p>
   </div>
   <div class='ocr_carea' id='block_1_69' title="bbox 565 3881 2168 3956">
    <p class='ocr_par' dir='ltr' id='par_1_69' title="bbox 565 3881 2168 3956">
     <span class='ocr_line' id='line_1_69' title="bbox 565 3881 2168 3956; baseline -0.008 -8"><span class='ocrx_word' id='word_1_546' title='bbox 565 3891 830 3948; x_wconf 86' lang='lat' dir='ltr'><strong>stolorum</strong></span> <span class='ocrx_word' id='word_1_547' title='bbox 861 3884 1184 3956; x_wconf 88' lang='lat' dir='ltr'><strong>discipulmn</strong></span> <span class='ocrx_word' id='word_1_548' title='bbox 1211 3884 1400 3938; x_wconf 77' lang='lat' dir='ltr'><strong>honori</strong></span> <span class='ocrx_word' id='word_1_549' title='bbox 1421 3892 1474 3937; x_wconf 91' lang='lat' dir='ltr'><strong>et</strong></span> <span class='ocrx_word' id='word_1_550' title='bbox 1503 3881 1844 3936; x_wconf 89' lang='lat' dir='ltr'><strong>admirationi</strong></span> <span class='ocrx_word' id='word_1_551' title='bbox 1866 3882 2168 3936; x_wconf 79' lang='lat' dir='ltr'><strong>habemus?</strong></span> 
     </span>
    </p>
   </div>
   <div class='ocr_carea' id='block_1_70' title="bbox 641 3973 2167 4047">
    <p class='ocr_par' dir='ltr' id='par_1_70' title="bbox 641 3973 2167 4047">
     <span class='ocr_line' id='line_1_70' title="bbox 641 3973 2167 4047; baseline -0.006 -10"><span class='ocrx_word' id='word_1_552' title='bbox 641 3982 708 4037; x_wconf 83' lang='lat' dir='ltr'><strong>V.</strong></span> <span class='ocrx_word' id='word_1_553' title='bbox 752 3980 952 4036; x_wconf 75' lang='lat' dir='ltr'><strong>Verum</strong></span> <span class='ocrx_word' id='word_1_554' title='bbox 1002 3976 1255 4047; x_wconf 88' lang='lat' dir='ltr'><strong>quoniam</strong></span> <span class='ocrx_word' id='word_1_555' title='bbox 1299 3991 1364 4030; x_wconf 81' lang='lat' dir='ltr'><strong>ex</strong></span> <span class='ocrx_word' id='word_1_556' title='bbox 1391 3973 1808 4028; x_wconf 89' lang='lat' dir='ltr'><strong>Protestantimn</strong></span> <span class='ocrx_word' id='word_1_557' title='bbox 1855 3988 2016 4044; x_wconf 82' lang='lat' dir='ltr'><strong>grege</strong></span> <span class='ocrx_word' id='word_1_558' title='bbox 2060 3989 2167 4029; x_wconf 91' lang='lat' dir='ltr'><strong>non</strong></span> 
     </span>
    </p>
   </div>
   <div class='ocr_carea' id='block_1_71' title="bbox 565 4068 2171 4152">
    <p class='ocr_par' dir='ltr' id='par_1_71' title="bbox 565 4068 2171 4152">
     <span class='ocr_line' id='line_1_71' title="bbox 565 4068 2171 4152; baseline -0.006 -17"><span class='ocrx_word' id='word_1_559' title='bbox 565 4077 744 4152; x_wconf 89' lang='lat' dir='ltr'><strong>pauci,</strong></span> <span class='ocrx_word' id='word_1_560' title='bbox 777 4085 832 4132; x_wconf 91' lang='lat' dir='ltr'><strong>et</strong></span> <span class='ocrx_word' id='word_1_561' title='bbox 868 4075 923 4130; x_wconf 92' lang='lat' dir='ltr'><strong>in</strong></span> <span class='ocrx_word' id='word_1_562' title='bbox 953 4073 1037 4128; x_wconf 90' lang='lat' dir='ltr'><strong>his</strong></span> <span class='ocrx_word' id='word_1_563' title='bbox 1058 4071 1222 4127; x_wconf 89' lang='lat' dir='ltr'><strong>etiam</strong></span> <span class='ocrx_word' id='word_1_564' title='bbox 1251 4069 1571 4138; x_wconf 84' lang='lat' dir='ltr'><strong>Basnagius,</strong></span> <span class='ocrx_word' id='word_1_565' title='bbox 1610 4068 1800 4138; x_wconf 88' lang='lat' dir='ltr'><strong>lgnatii</strong></span> <span class='ocrx_word' id='word_1_566' title='bbox 1833 4069 2091 4138; x_wconf 86' lang='lat' dir='ltr'><strong>epistolas</strong></span> <span class='ocrx_word' id='word_1_567' title='bbox 2113 4079 2171 4125; x_wconf 93' lang='lat' dir='ltr'><strong>ut</strong></span> 
     </span>
    </p>
   </div>
   <div class='ocr_carea' id='block_1_72' title="bbox 568 4161 2170 4245">
    <p class='ocr_par' dir='ltr' id='par_1_72' title="bbox 568 4161 2170 4245">
     <span class='ocr_line' id='line_1_72' title="bbox 568 4161 2170 4245; baseline -0.006 -18"><span class='ocrx_word' id='word_1_568' title='bbox 568 4165 1095 4245; x_wconf 88' lang='lat' dir='ltr'><strong>pseudepigrapbum</strong></span> <span class='ocrx_word' id='word_1_569' title='bbox 1136 4172 1190 4219; x_wconf 93' lang='lat' dir='ltr'><strong>et</strong></span> <span class='ocrx_word' id='word_1_570' title='bbox 1229 4162 1590 4217; x_wconf 88' lang='lat' dir='ltr'><strong>adulterinum</strong></span> <span class='ocrx_word' id='word_1_571' title='bbox 1621 4176 1758 4232; x_wconf 90' lang='lat' dir='ltr'><strong>opus</strong></span> <span class='ocrx_word' id='word_1_572' title='bbox 1803 4161 2074 4230; x_wconf 91' lang='lat' dir='ltr'><strong>rejieiunt,</strong></span> <span class='ocrx_word' id='word_1_573' title='bbox 2115 4171 2170 4218; x_wconf 89' lang='lat' dir='ltr'><strong>et</strong></span> 
     </span>
    </p>
   </div>
   <div class='ocr_carea' id='block_1_73' title="bbox 567 4256 2166 4331">
    <p class='ocr_par' dir='ltr' id='par_1_73' title="bbox 567 4256 2166 4331">
     <span class='ocr_line' id='line_1_73' title="bbox 567 4256 2166 4331; baseline -0.008 -7"><span class='ocrx_word' id='word_1_574' title='bbox 567 4269 707 4324; x_wconf 89' lang='lat' dir='ltr'><strong>inter</strong></span> <span class='ocrx_word' id='word_1_575' title='bbox 729 4275 924 4320; x_wconf 69' lang='lat' dir='ltr'><strong>camera</strong></span> <span class='ocrx_word' id='word_1_576' title='bbox 956 4276 1075 4331; x_wconf 72' lang='lat' dir='ltr'><strong>quae</strong></span> <span class='ocrx_word' id='word_1_577' title='bbox 1099 4259 1152 4313; x_wconf 90' lang='lat' dir='ltr'><strong>in</strong></span> <span class='ocrx_word' id='word_1_578' title='bbox 1176 4259 1258 4313; x_wconf 86' lang='lat' dir='ltr'><strong>eis</strong></span> <span class='ocrx_word' id='word_1_579' title='bbox 1284 4267 1341 4312; x_wconf 92' lang='lat' dir='ltr'><strong>ut</strong></span> <span class='ocrx_word' id='word_1_580' title='bbox 1368 4258 1436 4312; x_wconf 89' lang='lat' dir='ltr'><strong>ab</strong></span> <span class='ocrx_word' id='word_1_581' title='bbox 1458 4256 1645 4326; x_wconf 86' lang='lat' dir='ltr'><strong>lguatii</strong></span> <span class='ocrx_word' id='word_1_582' title='bbox 1674 4256 1962 4310; x_wconf 88' lang='lat' dir='ltr'><strong>virtutibus</strong></span> <span class='ocrx_word' id='word_1_583' title='bbox 1989 4256 2166 4311; x_wconf 91' lang='lat' dir='ltr'><strong>aliena</strong></span> 
     </span>
    </p>
   </div>
   <div class='ocr_carea' id='block_1_74' title="bbox 567 4351 2168 4426">
    <p class='ocr_par' dir='ltr' id='par_1_74' title="bbox 567 4351 2168 4426">
     <span class='ocr_line' id='line_1_74' title="bbox 567 4351 2168 4426; baseline -0.009 -7"><span class='ocrx_word' id='word_1_584' title='bbox 567 4369 778 4426; x_wconf 89' lang='lat' dir='ltr'><strong>notant,</strong></span> <span class='ocrx_word' id='word_1_585' title='bbox 825 4357 1021 4412; x_wconf 89' lang='lat' dir='ltr'><strong>ardens</strong></span> <span class='ocrx_word' id='word_1_586' title='bbox 1061 4351 1191 4406; x_wconf 92' lang='lat' dir='ltr'><strong>illud</strong></span> <span class='ocrx_word' id='word_1_587' title='bbox 1237 4352 1476 4420; x_wconf 85' lang='lat' dir='ltr'><strong>martyrii</strong></span> <span class='ocrx_word' id='word_1_588' title='bbox 1525 4359 1707 4404; x_wconf 91' lang='lat' dir='ltr'><strong>votum</strong></span> <span class='ocrx_word' id='word_1_589' title='bbox 1737 4351 2010 4418; x_wconf 88' lang='lat' dir='ltr'><strong>sugillant,</strong></span> <span class='ocrx_word' id='word_1_590' title='bbox 2050 4351 2168 4406; x_wconf 86' lang='lat' dir='ltr'><strong>aliis</strong></span> 
     </span>
    </p>
   </div>
   <div class='ocr_carea' id='block_1_75' title="bbox 567 4439 2170 4520">
    <p class='ocr_par' dir='ltr' id='par_1_75' title="bbox 567 4439 2170 4520">
     <span class='ocr_line' id='line_1_75' title="bbox 567 4439 2170 4520; baseline -0.009 -12"><span class='ocrx_word' id='word_1_591' title='bbox 567 4449 838 4520; x_wconf 73' lang='lat' dir='ltr'><strong>exemplis</strong></span> <span class='ocrx_word' id='word_1_592' title='bbox 867 4455 923 4500; x_wconf 92' lang='lat' dir='ltr'><strong>et</strong></span> <span class='ocrx_word' id='word_1_593' title='bbox 950 4441 1291 4514; x_wconf 88' lang='lat' dir='ltr'><strong>epistolicum</strong></span> <span class='ocrx_word' id='word_1_594' title='bbox 1328 4439 1612 4508; x_wconf 86' lang='lat' dir='ltr'><strong>lgnatium,</strong></span> <span class='ocrx_word' id='word_1_595' title='bbox 1645 4448 1698 4491; x_wconf 91' lang='lat' dir='ltr'><strong>ct</strong></span> <span class='ocrx_word' id='word_1_596' title='bbox 1725 4447 1936 4494; x_wconf 90' lang='lat' dir='ltr'><strong>nostros</strong></span> <span class='ocrx_word' id='word_1_597' title='bbox 1971 4451 2170 4512; x_wconf 89' lang='lat' dir='ltr'><strong>marty-</strong></span> 
     </span>
    </p>
   </div>
   <div class='ocr_carea' id='block_1_76' title="bbox 565 4530 2169 4602">
    <p class='ocr_par' dir='ltr' id='par_1_76' title="bbox 565 4530 2169 4602">
     <span class='ocr_line' id='line_1_76' title="bbox 565 4530 2169 4602; baseline -0.008 -1"><span class='ocrx_word' id='word_1_598' title='bbox 565 4560 656 4602; x_wconf 89' lang='lat' dir='ltr'><strong>res</strong></span> <span class='ocrx_word' id='word_1_599' title='bbox 703 4556 823 4596; x_wconf 90' lang='lat' dir='ltr'><strong>cum</strong></span> <span class='ocrx_word' id='word_1_600' title='bbox 855 4533 1151 4592; x_wconf 86' lang='lat' dir='ltr'><strong>Pearsonio</strong></span> <span class='ocrx_word' id='word_1_601' title='bbox 1173 4532 1386 4586; x_wconf 90' lang='lat' dir='ltr'><strong>tuebor.</strong></span> <span class='ocrx_word' id='word_1_602' title='bbox 1444 4530 1724 4586; x_wconf 87' lang='lat' dir='ltr'><strong>Celerious</strong></span> <span class='ocrx_word' id='word_1_603' title='bbox 1778 4532 2057 4588; x_wconf 84' lang='lat' dir='ltr'><strong>confessor</strong></span> <span class='ocrx_word' id='word_1_604' title='bbox 2101 4534 2169 4588; x_wconf 91' lang='lat' dir='ltr'><strong>ad</strong></span> 
     </span>
    </p>
   </div>
   <div class='ocr_carea' id='block_1_77' title="bbox 2273 3322 3877 3400">
    <p class='ocr_par' dir='ltr' id='par_1_77' title="bbox 2273 3322 3877 3400">
     <span class='ocr_line' id='line_1_77' title="bbox 2273 3322 3877 3400; baseline 0.005 -23"><span class='ocrx_word' id='word_1_605' title='bbox 2273 3322 2530 3391; x_wconf 85' lang='lat' dir='ltr'><strong>Optabam</strong></span> <span class='ocrx_word' id='word_1_606' title='bbox 2579 3331 2701 3377; x_wconf 88' lang='lat' dir='ltr'><strong>vota</strong></span> <span class='ocrx_word' id='word_1_607' title='bbox 2741 3325 3069 3389; x_wconf 89' lang='lat' dir='ltr'><strong>communia,</strong></span> <span class='ocrx_word' id='word_1_608' title='bbox 3110 3335 3166 3379; x_wconf 94' lang='lat' dir='ltr'><strong>ut</strong></span> <span class='ocrx_word' id='word_1_609' title='bbox 3201 3327 3476 3381; x_wconf 92' lang='lat' dir='ltr'><strong>consortio</strong></span> <span class='ocrx_word' id='word_1_610' title='bbox 3507 3329 3652 3397; x_wconf 88' lang='lat' dir='ltr'><strong>paris</strong></span> <span class='ocrx_word' id='word_1_611' title='bbox 3694 3331 3877 3400; x_wconf 71' lang='lat' dir='ltr'><strong>gloriae</strong></span> 
     </span>
    </p>
   </div>
   <div class='ocr_carea' id='block_1_78' title="bbox 2274 3411 3876 3489">
    <p class='ocr_par' dir='ltr' id='par_1_78' title="bbox 2274 3411 3876 3489">
     <span class='ocr_line' id='line_1_78' title="bbox 2274 3411 3876 3489; baseline 0.006 -21"><span class='ocrx_word' id='word_1_612' title='bbox 2274 3411 2432 3468; x_wconf 86' lang='lat' dir='ltr'><strong>simul</strong></span> <span class='ocrx_word' id='word_1_613' title='bbox 2476 3412 2630 3481; x_wconf 91' lang='lat' dir='ltr'><strong>plebs</strong></span> <span class='ocrx_word' id='word_1_614' title='bbox 2655 3422 2764 3468; x_wconf 90' lang='lat' dir='ltr'><strong>t0ta</strong></span> <span class='ocrx_word' id='word_1_615' title='bbox 2805 3423 3131 3484; x_wconf 86' lang='lat' dir='ltr'><strong>pateretur;</strong></span> <span class='ocrx_word' id='word_1_616' title='bbox 3161 3417 3486 3489; x_wconf 90' lang='lat' dir='ltr'><strong>quicumque</strong></span> <span class='ocrx_word' id='word_1_617' title='bbox 3528 3420 3630 3475; x_wconf 91' lang='lat' dir='ltr'><strong>sub</strong></span> <span class='ocrx_word' id='word_1_618' title='bbox 3679 3420 3876 3477; x_wconf 81' lang='lat' dir='ltr'><strong>Christi</strong></span> 
     </span>
    </p>
   </div>
   <div class='ocr_carea' id='block_1_79' title="bbox 2271 3506 3878 3574">
    <p class='ocr_par' dir='ltr' id='par_1_79' title="bbox 2271 3506 3878 3574">
     <span class='ocr_line' id='line_1_79' title="bbox 2271 3506 3878 3574; baseline 0.006 -15"><span class='ocrx_word' id='word_1_619' title='bbox 2271 3507 2566 3574; x_wconf 89' lang='lat' dir='ltr'><strong>spectantis</strong></span> <span class='ocrx_word' id='word_1_620' title='bbox 2591 3506 2781 3574; x_wconf 91' lang='lat' dir='ltr'><strong>oculis,</strong></span> <span class='ocrx_word' id='word_1_621' title='bbox 2825 3517 2879 3562; x_wconf 92' lang='lat' dir='ltr'><strong>et</strong></span> <span class='ocrx_word' id='word_1_622' title='bbox 2906 3508 3006 3562; x_wconf 89' lang='lat' dir='ltr'><strong>sub</strong></span> <span class='ocrx_word' id='word_1_623' title='bbox 3028 3510 3246 3564; x_wconf 88' lang='lat' dir='ltr'><strong>auribus</strong></span> <span class='ocrx_word' id='word_1_624' title='bbox 3271 3511 3572 3567; x_wconf 90' lang='lat' dir='ltr'><strong>sacerdotis</strong></span> <span class='ocrx_word' id='word_1_625' title='bbox 3599 3529 3664 3567; x_wconf 80' lang='lat' dir='ltr'><strong>ex</strong></span> <span class='ocrx_word' id='word_1_626' title='bbox 3694 3516 3878 3570; x_wconf 91' lang='lat' dir='ltr'><strong>animo</strong></span> 
     </span>
    </p>
   </div>
   <div class='ocr_carea' id='block_1_80' title="bbox 2271 3595 3876 3676">
    <p class='ocr_par' dir='ltr' id='par_1_80' title="bbox 2271 3595 3876 3676">
     <span class='ocr_line' id='line_1_80' title="bbox 2271 3595 3876 3676; baseline 0.006 -26"><span class='ocrx_word' id='word_1_627' title='bbox 2271 3595 2379 3666; x_wconf 90' lang='lat' dir='ltr'><strong>pati</strong></span> <span class='ocrx_word' id='word_1_628' title='bbox 2422 3596 2607 3663; x_wconf 90' lang='lat' dir='ltr'><strong>voluit,</strong></span> <span class='ocrx_word' id='word_1_629' title='bbox 2665 3613 2761 3668; x_wconf 89' lang='lat' dir='ltr'><strong>per</strong></span> <span class='ocrx_word' id='word_1_630' title='bbox 2815 3598 3066 3655; x_wconf 90' lang='lat' dir='ltr'><strong>idoneum</strong></span> <span class='ocrx_word' id='word_1_631' title='bbox 3115 3602 3223 3655; x_wconf 92' lang='lat' dir='ltr'><strong>voti</strong></span> <span class='ocrx_word' id='word_1_632' title='bbox 3255 3603 3338 3657; x_wconf 90' lang='lat' dir='ltr'><strong>sui</strong></span> <span class='ocrx_word' id='word_1_633' title='bbox 3364 3612 3550 3658; x_wconf 89' lang='lat' dir='ltr'><strong>testem</strong></span> <span class='ocrx_word' id='word_1_634' title='bbox 3585 3604 3876 3676; x_wconf 86' lang='lat' dir='ltr'><strong>legationis</strong></span> 
     </span>
    </p>
   </div>
   <div class='ocr_carea' id='block_1_81' title="bbox 2271 3691 3876 3761">
    <p class='ocr_par' dir='ltr' id='par_1_81' title="bbox 2271 3691 3876 3761">
     <span class='ocr_line' id='line_1_81' title="bbox 2271 3691 3876 3761; baseline 0.005 -15"><span class='ocrx_word' id='word_1_635' title='bbox 2271 3691 2666 3761; x_wconf 86' lang='lat' dir='ltr'><strong>quodammodo</strong></span> <span class='ocrx_word' id='word_1_636' title='bbox 2697 3693 2905 3748; x_wconf 90' lang='lat' dir='ltr'><strong>litteras</strong></span> <span class='ocrx_word' id='word_1_637' title='bbox 2925 3693 2992 3748; x_wconf 89' lang='lat' dir='ltr'><strong>ad</strong></span> <span class='ocrx_word' id='word_1_638' title='bbox 3023 3694 3189 3749; x_wconf 92' lang='lat' dir='ltr'><strong>Deum</strong></span> <span class='ocrx_word' id='word_1_639' title='bbox 3223 3697 3390 3751; x_wconf 88' lang='lat' dir='ltr'><strong>misit.</strong></span> <span class='ocrx_word' id='word_1_640' title='bbox 3431 3717 3448 3749; x_wconf 79' lang='grc' dir='ltr'><strong>ι</strong></span> <span class='ocrx_word' id='word_1_641' title='bbox 3487 3696 3716 3753; x_wconf 90' lang='lat' dir='ltr'><strong>Sanctus</strong></span> <span class='ocrx_word' id='word_1_642' title='bbox 3746 3697 3876 3754; x_wconf 88' lang='lat' dir='ltr'><strong>Hie-</strong></span> 
     </span>
    </p>
   </div>
   <div class='ocr_carea' id='block_1_82' title="bbox 2270 3782 3876 3854">
    <p class='ocr_par' dir='ltr' id='par_1_82' title="bbox 2270 3782 3876 3854">
     <span class='ocr_line' id='line_1_82' title="bbox 2270 3782 3876 3854; baseline 0.006 -17"><span class='ocrx_word' id='word_1_643' title='bbox 2270 3797 2551 3854; x_wconf 87' lang='lat' dir='ltr'><strong>ronymus,</strong></span> <span class='ocrx_word' id='word_1_644' title='bbox 2573 3782 2641 3838; x_wconf 88' lang='lat' dir='ltr'><strong>de</strong></span> <span class='ocrx_word' id='word_1_645' title='bbox 2661 3783 2776 3837; x_wconf 81' lang='lat' dir='ltr'><strong>Vita</strong></span> <span class='ocrx_word' id='word_1_646' title='bbox 2809 3783 2955 3838; x_wconf 87' lang='lat' dir='ltr'><strong>Pauli</strong></span> <span class='ocrx_word' id='word_1_647' title='bbox 2987 3785 3272 3840; x_wconf 67' lang='lat' dir='ltr'><strong>Eremitaaz</strong></span> <span class='ocrx_word' id='word_1_648' title='bbox 3313 3807 3329 3839; x_wconf 85' lang='grc' dir='ltr'><strong>ι</strong></span> <span class='ocrx_word' id='word_1_649' title='bbox 3359 3789 3467 3843; x_wconf 89' lang='lat' dir='ltr'><strong>Sub</strong></span> <span class='ocrx_word' id='word_1_650' title='bbox 3498 3789 3657 3845; x_wconf 86' lang='lat' dir='ltr'><strong>Decio</strong></span> <span class='ocrx_word' id='word_1_651' title='bbox 3687 3799 3744 3844; x_wconf 88' lang='lat' dir='ltr'><strong>et</strong></span> <span class='ocrx_word' id='word_1_652' title='bbox 3774 3789 3876 3846; x_wconf 82' lang='lat' dir='ltr'><strong>Va-</strong></span> 
     </span>
    </p>
   </div>
   <div class='ocr_carea' id='block_1_83' title="bbox 2272 3875 3873 3949">
    <p class='ocr_par' dir='ltr' id='par_1_83' title="bbox 2272 3875 3873 3949">
     <span class='ocr_line' id='line_1_83' title="bbox 2272 3875 3873 3949; baseline 0.006 -19"><span class='ocrx_word' id='word_1_653' title='bbox 2272 3875 2478 3930; x_wconf 89' lang='lat' dir='ltr'><strong>leriano</strong></span> <span class='ocrx_word' id='word_1_654' title='bbox 2503 3877 2959 3946; x_wconf 86' lang='lat' dir='ltr'><strong>persecutoribus,</strong></span> <span class='ocrx_word' id='word_1_655' title='bbox 2983 3892 3089 3947; x_wconf 91' lang='lat' dir='ltr'><strong>quo</strong></span> <span class='ocrx_word' id='word_1_656' title='bbox 3109 3886 3349 3949; x_wconf 90' lang='lat' dir='ltr'><strong>tempore</strong></span> <span class='ocrx_word' id='word_1_657' title='bbox 3363 3877 3644 3938; x_wconf 90' lang='lat' dir='ltr'><strong>Cornelius</strong></span> <span class='ocrx_word' id='word_1_658' title='bbox 3666 3883 3873 3949; x_wconf 70' lang='lat' dir='ltr'><strong>llontae,</strong></span> 
     </span>
    </p>
   </div>
   <div class='ocr_carea' id='block_1_84' title="bbox 2272 3966 3871 4040">
    <p class='ocr_par' dir='ltr' id='par_1_84' title="bbox 2272 3966 3871 4040">
     <span class='ocr_line' id='line_1_84' title="bbox 2272 3966 3871 4040; baseline 0.005 -19"><span class='ocrx_word' id='word_1_659' title='bbox 2272 3974 2326 4021; x_wconf 90' lang='lat' dir='ltr'><strong>et</strong></span> <span class='ocrx_word' id='word_1_660' title='bbox 2351 3966 2651 4037; x_wconf 91' lang='lat' dir='ltr'><strong>Cyprianus</strong></span> <span class='ocrx_word' id='word_1_661' title='bbox 2677 3967 3005 4038; x_wconf 88' lang='lat' dir='ltr'><strong>Carthagine</strong></span> <span class='ocrx_word' id='word_1_662' title='bbox 3052 3969 3189 4025; x_wconf 84' lang='lat' dir='ltr'><strong>felici</strong></span> <span class='ocrx_word' id='word_1_663' title='bbox 3219 3985 3415 4026; x_wconf 92' lang='lat' dir='ltr'><strong>cruore</strong></span> <span class='ocrx_word' id='word_1_664' title='bbox 3443 3972 3680 4028; x_wconf 89' lang='lat' dir='ltr'><strong>damnati</strong></span> <span class='ocrx_word' id='word_1_665' title='bbox 3724 3985 3871 4040; x_wconf 91' lang='lat' dir='ltr'><strong>sunt,</strong></span> 
     </span>
    </p>
   </div>
   <div class='ocr_carea' id='block_1_85' title="bbox 2272 4058 3872 4132">
    <p class='ocr_par' dir='ltr' id='par_1_85' title="bbox 2272 4058 3872 4132">
     <span class='ocr_line' id='line_1_85' title="bbox 2272 4058 3872 4132; baseline 0.006 -21"><span class='ocrx_word' id='word_1_666' title='bbox 2272 4059 2466 4113; x_wconf 92' lang='lat' dir='ltr'><strong>multas</strong></span> <span class='ocrx_word' id='word_1_667' title='bbox 2510 4058 2651 4129; x_wconf 92' lang='lat' dir='ltr'><strong>apud</strong></span> <span class='ocrx_word' id='word_1_668' title='bbox 2705 4059 3001 4132; x_wconf 64' lang='lat' dir='ltr'><strong>Egyptum</strong></span> <span class='ocrx_word' id='word_1_669' title='bbox 3027 4073 3081 4117; x_wconf 89' lang='lat' dir='ltr'><strong>et</strong></span> <span class='ocrx_word' id='word_1_670' title='bbox 3106 4062 3382 4118; x_wconf 86' lang='lat' dir='ltr'><strong>Thebaida</strong></span> <span class='ocrx_word' id='word_1_671' title='bbox 3431 4064 3687 4120; x_wconf 87' lang='lat' dir='ltr'><strong>ecclesias</strong></span> <span class='ocrx_word' id='word_1_672' title='bbox 3733 4074 3872 4121; x_wconf 88' lang='lat' dir='ltr'><strong>tem-</strong></span> 
     </span>
    </p>
   </div>
   <div class='ocr_carea' id='block_1_86' title="bbox 2273 4154 3875 4224">
    <p class='ocr_par' dir='ltr' id='par_1_86' title="bbox 2273 4154 3875 4224">
     <span class='ocr_line' id='line_1_86' title="bbox 2273 4154 3875 4224; baseline 0.004 -18"><span class='ocrx_word' id='word_1_673' title='bbox 2273 4161 2451 4222; x_wconf 87' lang='lat' dir='ltr'><strong>pestas</strong></span> <span class='ocrx_word' id='word_1_674' title='bbox 2480 4169 2618 4207; x_wconf 76' lang='lat' dir='ltr'><strong>szeva</strong></span> <span class='ocrx_word' id='word_1_675' title='bbox 2662 4154 2918 4224; x_wconf 79' lang='lat' dir='ltr'><strong>papulata</strong></span> <span class='ocrx_word' id='word_1_676' title='bbox 2965 4165 3067 4211; x_wconf 91' lang='lat' dir='ltr'><strong>est.</strong></span> <span class='ocrx_word' id='word_1_677' title='bbox 3112 4154 3232 4210; x_wconf 79' lang='lat' dir='ltr'><strong>Voti</strong></span> <span class='ocrx_word' id='word_1_678' title='bbox 3258 4164 3382 4210; x_wconf 88' lang='lat' dir='ltr'><strong>tunc</strong></span> <span class='ocrx_word' id='word_1_679' title='bbox 3417 4155 3734 4212; x_wconf 85' lang='lat' dir='ltr'><strong>Christianis</strong></span> <span class='ocrx_word' id='word_1_680' title='bbox 3757 4166 3875 4212; x_wconf 88' lang='lat' dir='ltr'><strong>erat</strong></span> 
     </span>
    </p>
   </div>
   <div class='ocr_carea' id='block_1_87' title="bbox 2272 4244 3874 4318">
    <p class='ocr_par' dir='ltr' id='par_1_87' title="bbox 2272 4244 3874 4318">
     <span class='ocr_line' id='line_1_87' title="bbox 2272 4244 3874 4318; baseline 0.004 -20"><span class='ocrx_word' id='word_1_681' title='bbox 2272 4258 2372 4314; x_wconf 91' lang='lat' dir='ltr'><strong>pro</strong></span> <span class='ocrx_word' id='word_1_682' title='bbox 2419 4244 2619 4300; x_wconf 86' lang='lat' dir='ltr'><strong>Christi</strong></span> <span class='ocrx_word' id='word_1_683' title='bbox 2675 4246 2892 4301; x_wconf 90' lang='lat' dir='ltr'><strong>nomine</strong></span> <span class='ocrx_word' id='word_1_684' title='bbox 2937 4246 3120 4318; x_wconf 87' lang='lat' dir='ltr'><strong>gladio</strong></span> <span class='ocrx_word' id='word_1_685' title='bbox 3175 4249 3404 4317; x_wconf 90' lang='lat' dir='ltr'><strong>percuti.</strong></span> <span class='ocrx_word' id='word_1_686' title='bbox 3463 4248 3663 4305; x_wconf 81' lang='lat' dir='ltr'><strong>Verum</strong></span> <span class='ocrx_word' id='word_1_687' title='bbox 3704 4248 3874 4305; x_wconf 87' lang='lat' dir='ltr'><strong>hostis</strong></span> 
     </span>
    </p>
   </div>
   <div class='ocr_carea' id='block_1_88' title="bbox 2271 4341 3872 4416">
    <p class='ocr_par' dir='ltr' id='par_1_88' title="bbox 2271 4341 3872 4416">
     <span class='ocr_line' id='line_1_88' title="bbox 2271 4341 3872 4416; baseline 0.004 -22"><span class='ocrx_word' id='word_1_688' title='bbox 2271 4341 2520 4407; x_wconf 87' lang='lat' dir='ltr'><strong>callidus,</strong></span> <span class='ocrx_word' id='word_1_689' title='bbox 2551 4341 2700 4396; x_wconf 89' lang='lat' dir='ltr'><strong>tarda</strong></span> <span class='ocrx_word' id='word_1_690' title='bbox 2726 4341 2793 4397; x_wconf 91' lang='lat' dir='ltr'><strong>ad</strong></span> <span class='ocrx_word' id='word_1_691' title='bbox 2820 4354 3046 4398; x_wconf 90' lang='lat' dir='ltr'><strong>mortem</strong></span> <span class='ocrx_word' id='word_1_692' title='bbox 3071 4344 3330 4414; x_wconf 89' lang='lat' dir='ltr'><strong>supplicia</strong></span> <span class='ocrx_word' id='word_1_693' title='bbox 3360 4346 3710 4416; x_wconf 90' lang='lat' dir='ltr'><strong>conquirens,</strong></span> <span class='ocrx_word' id='word_1_694' title='bbox 3755 4347 3872 4400; x_wconf 90' lang='lat' dir='ltr'><strong>ani-</strong></span> 
     </span>
    </p>
   </div>
   <div class='ocr_carea' id='block_1_89' title="bbox 2274 4433 3875 4508">
    <p class='ocr_par' dir='ltr' id='par_1_89' title="bbox 2274 4433 3875 4508">
     <span class='ocr_line' id='line_1_89' title="bbox 2274 4433 3875 4508; baseline 0.003 -21"><span class='ocrx_word' id='word_1_695' title='bbox 2274 4448 2391 4488; x_wconf 89' lang='lat' dir='ltr'><strong>mas</strong></span> <span class='ocrx_word' id='word_1_696' title='bbox 2436 4433 2689 4503; x_wconf 90' lang='lat' dir='ltr'><strong>cupiebat</strong></span> <span class='ocrx_word' id='word_1_697' title='bbox 2710 4434 2976 4505; x_wconf 87' lang='lat' dir='ltr'><strong>jugulare,</strong></span> <span class='ocrx_word' id='word_1_698' title='bbox 3011 4451 3118 4491; x_wconf 92' lang='lat' dir='ltr'><strong>non</strong></span> <span class='ocrx_word' id='word_1_699' title='bbox 3149 4451 3374 4506; x_wconf 90' lang='lat' dir='ltr'><strong>corpora</strong></span> <span class='ocrx_word' id='word_1_700' title='bbox 3403 4454 3418 4503; x_wconf 88' lang='lat'>;</span> <span class='ocrx_word' id='word_1_701' title='bbox 3451 4446 3527 4504; x_wconf 87' lang='lat' dir='ltr'><strong>et,</strong></span> <span class='ocrx_word' id='word_1_702' title='bbox 3556 4447 3616 4492; x_wconf 93' lang='lat' dir='ltr'><strong>ut</strong></span> <span class='ocrx_word' id='word_1_703' title='bbox 3641 4436 3754 4506; x_wconf 90' lang='lat' dir='ltr'><strong>ipse</strong></span> <span class='ocrx_word' id='word_1_704' title='bbox 3783 4437 3875 4508; x_wconf 90' lang='lat' dir='ltr'><strong>qui</strong></span> 
     </span>
    </p>
   </div>
   <div class='ocr_carea' id='block_1_90' title="bbox 2272 4525 3871 4599">
    <p class='ocr_par' dir='ltr' id='par_1_90' title="bbox 2272 4525 3871 4599">
     <span class='ocr_line' id='line_1_90' title="bbox 2272 4525 3871 4599; baseline 0.004 -21"><span class='ocrx_word' id='word_1_705' title='bbox 2272 4525 2418 4581; x_wconf 83' lang='lat' dir='ltr'><strong>abeo</strong></span> <span class='ocrx_word' id='word_1_706' title='bbox 2436 4541 2627 4596; x_wconf 87' lang='lat' dir='ltr'><strong>passus</strong></span> <span class='ocrx_word' id='word_1_707' title='bbox 2643 4538 2726 4581; x_wconf 90' lang='lat' dir='ltr'><strong>est</strong></span> <span class='ocrx_word' id='word_1_708' title='bbox 2766 4527 3064 4599; x_wconf 89' lang='lat' dir='ltr'><strong>Cyprianus</strong></span> <span class='ocrx_word' id='word_1_709' title='bbox 3101 4529 3207 4584; x_wconf 88' lang='lat' dir='ltr'><strong>ait:</strong></span> <span class='ocrx_word' id='word_1_710' title='bbox 3232 4528 3550 4584; x_wconf 79' lang='lat' dir='ltr'><strong>Volentibus</strong></span> <span class='ocrx_word' id='word_1_711' title='bbox 3578 4530 3735 4595; x_wconf 92' lang='lat' dir='ltr'><strong>mori,</strong></span> <span class='ocrx_word' id='word_1_712' title='bbox 3763 4544 3871 4584; x_wconf 88' lang='lat' dir='ltr'><strong>non</strong></span> 
     </span>
    </p>
   </div>
   <div class='ocr_carea' id='block_1_91' title="bbox 568 4620 3873 4699">
    <p class='ocr_par' dir='ltr' id='par_1_91' title="bbox 568 4620 3873 4699">
     <span class='ocr_line' id='line_1_91' title="bbox 568 4620 3873 4699; baseline -0.004 -11"><span class='ocrx_word' id='word_1_713' title='bbox 568 4634 867 4692; x_wconf 88' lang='lat' dir='ltr'><strong>Lucianunt</strong></span> <span class='ocrx_word' id='word_1_714' title='bbox 894 4626 1261 4682; x_wconf 85' lang='lat' dir='ltr'><strong>confessorem</strong></span> <span class='ocrx_word' id='word_1_715' title='bbox 1282 4624 1505 4693; x_wconf 90' lang='lat' dir='ltr'><strong>epistola</strong></span> <span class='ocrx_word' id='word_1_716' title='bbox 1538 4624 1676 4678; x_wconf 89' lang='lat' dir='ltr'><strong>inter</strong></span> <span class='ocrx_word' id='word_1_717' title='bbox 1701 4623 2047 4696; x_wconf 87' lang='lat' dir='ltr'><strong>Cyprianicas</strong></span> <span class='ocrx_word' id='word_1_718' title='bbox 2073 4627 2164 4683; x_wconf 70' lang='grc'><strong>21.</strong></span> <span class='ocrx_word' id='word_1_719' title='bbox 2194 4639 2246 4699; x_wconf 81' lang='lat' dir='ltr'><strong>D</strong></span> <span class='ocrx_word' id='word_1_720' title='bbox 2275 4620 2681 4689; x_wconf 87' lang='lat' dir='ltr'><strong>permittebatur</strong></span> <span class='ocrx_word' id='word_1_721' title='bbox 2702 4620 2898 4676; x_wconf 86' lang='lat' dir='ltr'><strong>occidi.</strong></span> <span class='ocrx_word' id='word_1_722' title='bbox 2932 4642 2950 4673; x_wconf 88' lang='grc'><strong>›</strong></span> <span class='ocrx_word' id='word_1_723' title='bbox 2977 4621 3170 4677; x_wconf 88' lang='lat' dir='ltr'><strong>Notum</strong></span> <span class='ocrx_word' id='word_1_724' title='bbox 3193 4631 3344 4678; x_wconf 87' lang='lat' dir='ltr'><strong>estet</strong></span> <span class='ocrx_word' id='word_1_725' title='bbox 3369 4621 3500 4677; x_wconf 92' lang='lat' dir='ltr'><strong>illud</strong></span> <span class='ocrx_word' id='word_1_726' title='bbox 3519 4623 3690 4677; x_wconf 89' lang='lat' dir='ltr'><strong>sancti</strong></span> <span class='ocrx_word' id='word_1_727' title='bbox 3710 4621 3873 4694; x_wconf 89' lang='lat' dir='ltr'><strong>Poly-</strong></span> 
     </span>
    </p>
   </div>
   <div class='ocr_carea' id='block_1_92' title="bbox 573 4715 2169 4789">
    <p class='ocr_par' dir='ltr' id='par_1_92' title="bbox 573 4715 2169 4789">
     <span class='ocr_line' id='line_1_92' title="bbox 573 4715 2169 4789; baseline -0.004 -9"><span class='ocrx_word' id='word_1_728' title='bbox 573 4745 596 4780; x_wconf 77' lang='grc' dir='ltr'><strong>ι</strong></span> <span class='ocrx_word' id='word_1_729' title='bbox 644 4724 770 4780; x_wconf 74' lang='lat' dir='ltr'><strong>Hzec</strong></span> <span class='ocrx_word' id='word_1_730' title='bbox 796 4736 919 4778; x_wconf 90' lang='lat' dir='ltr'><strong>cum</strong></span> <span class='ocrx_word' id='word_1_731' title='bbox 965 4718 1060 4774; x_wconf 90' lang='lat' dir='ltr'><strong>tibi</strong></span> <span class='ocrx_word' id='word_1_732' title='bbox 1087 4717 1412 4783; x_wconf 88' lang='lat' dir='ltr'><strong>scriberem,</strong></span> <span class='ocrx_word' id='word_1_733' title='bbox 1453 4715 1670 4771; x_wconf 90' lang='lat' dir='ltr'><strong>domine</strong></span> <span class='ocrx_word' id='word_1_734' title='bbox 1705 4717 1892 4786; x_wconf 82' lang='lat' dir='ltr'><strong>frater,</strong></span> <span class='ocrx_word' id='word_1_735' title='bbox 1931 4719 2169 4789; x_wconf 87' lang='lat' dir='ltr'><strong>gaudens</strong></span> 
     </span>
    </p>
   </div>
   <div class='ocr_carea' id='block_1_93' title="bbox 565 4811 2168 4884">
    <p class='ocr_par' dir='ltr' id='par_1_93' title="bbox 565 4811 2168 4884">
     <span class='ocr_line' id='line_1_93' title="bbox 565 4811 2168 4884; baseline -0.006 -7"><span class='ocrx_word' id='word_1_736' title='bbox 565 4829 622 4878; x_wconf 92' lang='lat' dir='ltr'><strong>et</strong></span> <span class='ocrx_word' id='word_1_737' title='bbox 665 4818 834 4874; x_wconf 88' lang='lat' dir='ltr'><strong>tristis</strong></span> <span class='ocrx_word' id='word_1_738' title='bbox 863 4829 1009 4872; x_wconf 92' lang='lat' dir='ltr'><strong>eram</strong></span> <span class='ocrx_word' id='word_1_739' title='bbox 1038 4830 1050 4866; x_wconf 92' lang='lat'><strong>:</strong></span> <span class='ocrx_word' id='word_1_740' title='bbox 1080 4812 1336 4884; x_wconf 89' lang='lat' dir='ltr'><strong>gaudens,</strong></span> <span class='ocrx_word' id='word_1_741' title='bbox 1368 4826 1435 4866; x_wconf 79' lang='lat' dir='ltr'><strong>cx</strong></span> <span class='ocrx_word' id='word_1_742' title='bbox 1459 4826 1525 4866; x_wconf 88' lang='lat' dir='ltr'><strong>eo</strong></span> <span class='ocrx_word' id='word_1_743' title='bbox 1553 4811 1693 4881; x_wconf 87' lang='lat' dir='ltr'><strong>quod</strong></span> <span class='ocrx_word' id='word_1_744' title='bbox 1709 4812 1969 4867; x_wconf 90' lang='lat' dir='ltr'><strong>attdierim</strong></span> <span class='ocrx_word' id='word_1_745' title='bbox 1998 4821 2050 4868; x_wconf 91' lang='lat' dir='ltr'><strong>te</strong></span> <span class='ocrx_word' id='word_1_746' title='bbox 2070 4829 2168 4882; x_wconf 89' lang='lat' dir='ltr'><strong>pro</strong></span> 
     </span>
    </p>
   </div>
   <div class='ocr_carea' id='block_1_94' title="bbox 565 4902 2160 4969">
    <p class='ocr_par' dir='ltr' id='par_1_94' title="bbox 565 4902 2160 4969">
     <span class='ocr_line' id='line_1_94' title="bbox 565 4902 2160 4969; baseline -0.007 -2"><span class='ocrx_word' id='word_1_747' title='bbox 565 4907 781 4968; x_wconf 91' lang='lat' dir='ltr'><strong>Domini</strong></span> <span class='ocrx_word' id='word_1_748' title='bbox 828 4905 997 4962; x_wconf 91' lang='lat' dir='ltr'><strong>nostri</strong></span> <span class='ocrx_word' id='word_1_749' title='bbox 1022 4903 1150 4958; x_wconf 87' lang='lat' dir='ltr'><strong>.lesu</strong></span> <span class='ocrx_word' id='word_1_750' title='bbox 1181 4902 1379 4958; x_wconf 91' lang='lat' dir='ltr'><strong>Christi</strong></span> <span class='ocrx_word' id='word_1_751' title='bbox 1420 4902 1701 4957; x_wconf 90' lang='lat' dir='ltr'><strong>salvatoris</strong></span> <span class='ocrx_word' id='word_1_752' title='bbox 1729 4904 1899 4958; x_wconf 90' lang='lat' dir='ltr'><strong>nostri</strong></span> <span class='ocrx_word' id='word_1_753' title='bbox 1933 4913 2160 4969; x_wconf 91' lang='lat' dir='ltr'><strong>tentum,</strong></span> 
     </span>
    </p>
   </div>
   <div class='ocr_carea' id='block_1_95' title="bbox 644 5001 2162 5076">
    <p class='ocr_par' dir='ltr' id='par_1_95' title="bbox 644 5001 2162 5076">
     <span class='ocr_line' id='line_1_95' title="bbox 644 5001 2162 5076; baseline 0.001 -24"><span class='ocrx_word' id='word_1_754' title='bbox 644 5002 722 5076; x_wconf 80' lang='grc' dir='ltr'><strong>(Ι)</strong></span> <span class='ocrx_word' id='word_1_755' title='bbox 744 5008 1014 5072; x_wconf 63' lang='grc' dir='ltr'><strong>Παρακαλῶ</strong></span> <span class='ocrx_word' id='word_1_756' title='bbox 1042 5003 1184 5064; x_wconf 75' lang='grc' dir='ltr'><strong>ὑμᾶς,</strong></span> <span class='ocrx_word' id='word_1_757' title='bbox 1201 5002 1660 5076; x_wconf 38' lang='grc' dir='ltr'><strong>μὶιεΰνοιοιᾶκαιρος</strong></span> <span class='ocrx_word' id='word_1_758' title='bbox 1678 5001 1867 5066; x_wconf 56' lang='grc' dir='ltr'><strong>γέ-λησϐἐ</strong></span> <span class='ocrx_word' id='word_1_759' title='bbox 1894 5014 1999 5063; x_wconf 80' lang='grc' dir='ltr'><strong>μοι’</strong></span> <span class='ocrx_word' id='word_1_760' title='bbox 2024 5004 2162 5066; x_wconf 67' lang='grc' dir='ltr'><strong>ἄφετὲ</strong></span> 
     </span>
    </p>
   </div>
   <div class='ocr_carea' id='block_1_96' title="bbox 565 5068 2164 5146">
    <p class='ocr_par' dir='ltr' id='par_1_96' title="bbox 565 5068 2164 5146">
     <span class='ocr_line' id='line_1_96' title="bbox 565 5068 2164 5146; baseline -0.006 -16"><span class='ocrx_word' id='word_1_761' title='bbox 565 5103 624 5146; x_wconf 81' lang='grc' dir='ltr'><strong>με</strong></span> <span class='ocrx_word' id='word_1_762' title='bbox 653 5068 829 5146; x_wconf 38' lang='lat' dir='ltr'><strong>bin-piem</strong></span> <span class='ocrx_word' id='word_1_763' title='bbox 855 5073 977 5125; x_wconf 65' lang='lat' dir='ltr'><strong>eiut</strong></span> <span class='ocrx_word' id='word_1_764' title='bbox 1002 5074 1184 5141; x_wconf 64' lang='grc' dir='ltr'>βορὰν,</span> <span class='ocrx_word' id='word_1_765' title='bbox 1224 5068 1286 5118; x_wconf 86' lang='grc' dir='ltr'>δι’</span> <span class='ocrx_word' id='word_1_766' title='bbox 1315 5075 1374 5119; x_wconf 83' lang='grc' dir='ltr'>ὡν</span> <span class='ocrx_word' id='word_1_767' title='bbox 1416 5075 1587 5123; x_wconf 72' lang='grc' dir='ltr'>ἔνεστιν</span> <span class='ocrx_word' id='word_1_768' title='bbox 1624 5075 1726 5121; x_wconf 72' lang='grc' dir='ltr'><strong>οεεῦ</strong></span> <span class='ocrx_word' id='word_1_769' title='bbox 1753 5072 2011 5135; x_wconf 75' lang='grc' dir='ltr'><strong>ἐπιτυχεῖν.</strong></span> <span class='ocrx_word' id='word_1_770' title='bbox 2039 5073 2164 5130; x_wconf 78' lang='grc' dir='ltr'><strong>σῖτός</strong></span> 
     </span>
    </p>
   </div>
   <div class='ocr_carea' id='block_1_97' title="bbox 565 5139 2162 5215">
    <p class='ocr_par' dir='ltr' id='par_1_97' title="bbox 565 5139 2162 5215">
     <span class='ocr_line' id='line_1_97' title="bbox 565 5139 2162 5215; baseline -0.005 -15"><span class='ocrx_word' id='word_1_771' title='bbox 565 5139 669 5215; x_wconf 52' lang='lat' dir='ltr'><strong>si,“</strong></span> <span class='ocrx_word' id='word_1_772' title='bbox 698 5139 846 5208; x_wconf 67' lang='grc' dir='ltr'><strong>Θεοῦ,</strong></span> <span class='ocrx_word' id='word_1_773' title='bbox 882 5146 963 5197; x_wconf 76' lang='grc' dir='ltr'><strong>καὶ</strong></span> <span class='ocrx_word' id='word_1_774' title='bbox 1003 5139 1066 5192; x_wconf 16' lang='grc' dir='ltr'>*δι’</span> <span class='ocrx_word' id='word_1_775' title='bbox 1090 5143 1285 5194; x_wconf 80' lang='grc' dir='ltr'><strong>ὀδόντων</strong></span> <span class='ocrx_word' id='word_1_776' title='bbox 1317 5145 1484 5207; x_wconf 74' lang='grc' dir='ltr'><strong>Θηρίων</strong></span> <span class='ocrx_word' id='word_1_777' title='bbox 1521 5143 1789 5205; x_wconf 70' lang='grc' dir='ltr'>ἀλέοιιμαι,</span> <span class='ocrx_word' id='word_1_778' title='bbox 1834 5143 1911 5190; x_wconf 67' lang='grc' dir='ltr'><strong>ἵνα</strong></span> <span class='ocrx_word' id='word_1_779' title='bbox 1962 5144 2162 5209; x_wconf 66' lang='grc' dir='ltr'><strong>καθαρός</strong></span> 
     </span>
    </p>
   </div>
   <div class='ocr_carea' id='block_1_98' title="bbox 566 5215 2158 5288">
    <p class='ocr_par' dir='ltr' id='par_1_98' title="bbox 566 5215 2158 5288">
     <span class='ocr_line' id='line_1_98' title="bbox 566 5215 2158 5288; baseline -0.007 -17"><span class='ocrx_word' id='word_1_780' title='bbox 566 5225 710 5288; x_wconf 75' lang='grc' dir='ltr'><strong>ἄρτος</strong></span> <span class='ocrx_word' id='word_1_781' title='bbox 745 5222 911 5285; x_wconf 72' lang='grc' dir='ltr'><strong>εὑρεθῶ</strong></span> <span class='ocrx_word' id='word_1_782' title='bbox 950 5219 1034 5266; x_wconf 76' lang='grc' dir='ltr'><strong>τοῦ</strong></span> <span class='ocrx_word' id='word_1_783' title='bbox 1072 5217 1304 5280; x_wconf 49' lang='grc' dir='ltr'><strong>Χριστοῦ</strong></span> <span class='ocrx_word' id='word_1_784' title='bbox 1340 5218 1518 5288; x_wconf 61' lang='grc' dir='ltr'>μᾶξιλον</span> <span class='ocrx_word' id='word_1_785' title='bbox 1558 5215 1872 5288; x_wconf 62' lang='grc' dir='ltr'><strong>κολᾳκεὺςειτε</strong></span> <span class='ocrx_word' id='word_1_786' title='bbox 1901 5217 1966 5266; x_wconf 72' lang='grc' dir='ltr'><strong>τὰ</strong></span> <span class='ocrx_word' id='word_1_787' title='bbox 1991 5217 2158 5288; x_wconf 72' lang='grc' dir='ltr'><strong>Θηρίᾳ,</strong></span> 
     </span>
    </p>
   </div>
   <div class='ocr_carea' id='block_1_99' title="bbox 570 5283 2161 5357">
    <p class='ocr_par' dir='ltr' id='par_1_99' title="bbox 570 5283 2161 5357">
     <span class='ocr_line' id='line_1_99' title="bbox 570 5283 2161 5357; baseline -0.004 -14"><span class='ocrx_word' id='word_1_788' title='bbox 570 5283 648 5343; x_wconf 70' lang='grc' dir='ltr'><strong>ἵνα</strong></span> <span class='ocrx_word' id='word_1_789' title='bbox 677 5311 761 5356; x_wconf 87' lang='grc' dir='ltr'><strong>μοι</strong></span> <span class='ocrx_word' id='word_1_790' title='bbox 789 5283 934 5357; x_wconf 57' lang='lat' dir='ltr'><strong>ripa;</strong></span> <span class='ocrx_word' id='word_1_791' title='bbox 961 5291 1183 5354; x_wconf 68' lang='grc' dir='ltr'>’γένωνται</span> <span class='ocrx_word' id='word_1_792' title='bbox 1202 5323 1215 5346; x_wconf 87' lang='grc'><em>,</em></span> <span class='ocrx_word' id='word_1_793' title='bbox 1241 5293 1322 5336; x_wconf 71' lang='grc' dir='ltr'><strong>καί</strong></span> <span class='ocrx_word' id='word_1_794' title='bbox 1341 5285 1487 5348; x_wconf 72' lang='grc' dir='ltr'>μηδὲν</span> <span class='ocrx_word' id='word_1_795' title='bbox 1516 5283 1814 5337; x_wconf 67' lang='grc' dir='ltr'><strong>καταλίπωσι</strong></span> <span class='ocrx_word' id='word_1_796' title='bbox 1841 5293 1922 5337; x_wconf 86' lang='grc' dir='ltr'><strong>τοῦ</strong></span> <span class='ocrx_word' id='word_1_797' title='bbox 1945 5287 2161 5349; x_wconf 71' lang='grc' dir='ltr'><strong>σώματός</strong></span> 
     </span>
    </p>
   </div>
   <div class='ocr_carea' id='block_1_100' title="bbox 567 5356 2162 5428">
    <p class='ocr_par' dir='ltr' id='par_1_100' title="bbox 567 5356 2162 5428">
     <span class='ocr_line' id='line_1_100' title="bbox 567 5356 2162 5428; baseline 0.001 -22"><span class='ocrx_word' id='word_1_798' title='bbox 567 5385 680 5428; x_wconf 77' lang='grc' dir='ltr'><strong>μου,</strong></span> <span class='ocrx_word' id='word_1_799' title='bbox 712 5365 788 5412; x_wconf 71' lang='grc' dir='ltr'><strong>ἵνα.</strong></span> <span class='ocrx_word' id='word_1_800' title='bbox 813 5356 904 5425; x_wconf 71' lang='grc' dir='ltr'><strong>μὴ,</strong></span> <span class='ocrx_word' id='word_1_801' title='bbox 938 5356 1197 5421; x_wconf 77' lang='grc' dir='ltr'><strong>κοιμηθεὶς,</strong></span> <span class='ocrx_word' id='word_1_802' title='bbox 1215 5357 1367 5424; x_wconf 77' lang='grc' dir='ltr'><strong>βαρὺς</strong></span> <span class='ocrx_word' id='word_1_803' title='bbox 1383 5376 1479 5408; x_wconf 83' lang='grc' dir='ltr'>τινι</span> <span class='ocrx_word' id='word_1_804' title='bbox 1493 5361 1836 5421; x_wconf 47' lang='lat' dir='ltr'><strong>phantom&quot;...</strong></span> <span class='ocrx_word' id='word_1_805' title='bbox 1859 5359 2162 5411; x_wconf 65' lang='grc' dir='ltr'>λιτανεύσατε</span> 
     </span>
    </p>
   </div>
   <div class='ocr_carea' id='block_1_101' title="bbox 564 5427 2162 5498">
    <p class='ocr_par' dir='ltr' id='par_1_101' title="bbox 564 5427 2162 5498">
     <span class='ocr_line' id='line_1_101' title="bbox 564 5427 2162 5498; baseline -0.003 -16"><span class='ocrx_word' id='word_1_806' title='bbox 564 5427 646 5485; x_wconf 61' lang='lat' dir='ltr'><strong>Am</strong></span> <span class='ocrx_word' id='word_1_807' title='bbox 670 5429 876 5498; x_wconf 78' lang='grc' dir='ltr'><strong>Κριστὸν</strong></span> <span class='ocrx_word' id='word_1_808' title='bbox 901 5433 1011 5495; x_wconf 75' lang='grc' dir='ltr'><strong>ὑπὲρ</strong></span> <span class='ocrx_word' id='word_1_809' title='bbox 1049 5431 1193 5498; x_wconf 43' lang='grc' dir='ltr'><strong>ἐμυῢΔ</strong></span> <span class='ocrx_word' id='word_1_810' title='bbox 1229 5430 1306 5476; x_wconf 77' lang='grc' dir='ltr'><strong>ἳνα</strong></span> <span class='ocrx_word' id='word_1_811' title='bbox 1338 5427 1416 5476; x_wconf 67' lang='grc' dir='ltr'><strong>διὰ</strong></span> <span class='ocrx_word' id='word_1_812' title='bbox 1443 5428 1770 5498; x_wconf 36' lang='lat' dir='ltr'><strong>{civim-{tvm</strong></span> <span class='ocrx_word' id='word_1_813' title='bbox 1807 5432 1982 5498; x_wconf 59' lang='grc' dir='ltr'><strong>τούτων</strong></span> <span class='ocrx_word' id='word_1_814' title='bbox 2022 5433 2162 5480; x_wconf 77' lang='grc' dir='ltr'><strong>θυσία.</strong></span> 
     </span>
    </p>
   </div>
   <div class='ocr_carea' id='block_1_102' title="bbox 565 5494 2158 5570">
    <p class='ocr_par' dir='ltr' id='par_1_102' title="bbox 565 5494 2158 5570">
     <span class='ocr_line' id='line_1_102' title="bbox 565 5494 2158 5570; baseline -0.001 -16"><span class='ocrx_word' id='word_1_815' title='bbox 565 5494 754 5570; x_wconf 50' lang='lat' dir='ltr'><strong>neptes}.</strong></span> <span class='ocrx_word' id='word_1_816' title='bbox 780 5498 858 5570; x_wconf 44' lang='lat' dir='ltr'><strong>.Ea</strong></span> <span class='ocrx_word' id='word_1_817' title='bbox 888 5494 1046 5566; x_wconf 85' lang='lat' dir='ltr'><strong>epist.</strong></span> <span class='ocrx_word' id='word_1_818' title='bbox 1071 5494 1318 5570; x_wconf 82' lang='lat' dir='ltr'><strong>adRom.</strong></span> <span class='ocrx_word' id='word_1_819' title='bbox 1345 5510 1429 5562; x_wconf 92' lang='lat' dir='ltr'><strong>ap.</strong></span> <span class='ocrx_word' id='word_1_820' title='bbox 1459 5495 1618 5548; x_wconf 80' lang='lat' dir='ltr'><strong>Ruin.</strong></span> <span class='ocrx_word' id='word_1_821' title='bbox 1654 5496 1706 5548; x_wconf 90' lang='lat' dir='ltr'><strong>in</strong></span> <span class='ocrx_word' id='word_1_822' title='bbox 1733 5496 1865 5550; x_wconf 91' lang='lat' dir='ltr'><strong>actis</strong></span> <span class='ocrx_word' id='word_1_823' title='bbox 1891 5498 2026 5561; x_wconf 84' lang='lat' dir='ltr'><strong>sine,</strong></span> <span class='ocrx_word' id='word_1_824' title='bbox 2052 5508 2158 5553; x_wconf 91' lang='lat' dir='ltr'><strong>etc.</strong></span> 
     </span>
    </p>
   </div>
   <div class='ocr_carea' id='block_1_103' title="bbox 645 5557 2161 5641">
    <p class='ocr_par' dir='ltr' id='par_1_103' title="bbox 645 5557 2161 5641">
     <span class='ocr_line' id='line_1_103' title="bbox 645 5557 2161 5641; baseline 0 -18"><span class='ocrx_word' id='word_1_825' title='bbox 645 5570 720 5641; x_wconf 68' lang='grc'><strong>(9.)</strong></span> <span class='ocrx_word' id='word_1_826' title='bbox 761 5557 977 5634; x_wconf 45' lang='grc' dir='ltr'>ὀναίμνιν</span> <span class='ocrx_word' id='word_1_827' title='bbox 1019 5584 1109 5622; x_wconf 82' lang='grc' dir='ltr'>τῶν</span> <span class='ocrx_word' id='word_1_828' title='bbox 1139 5569 1314 5636; x_wconf 74' lang='grc' dir='ltr'><strong>θηρίων</strong></span> <span class='ocrx_word' id='word_1_829' title='bbox 1369 5557 1462 5641; x_wconf 56' lang='grc' dir='ltr'>’ἑῶν</span> <span class='ocrx_word' id='word_1_830' title='bbox 1506 5571 1610 5641; x_wconf 63' lang='lat' dir='ltr'><strong>imi</strong></span> <span class='ocrx_word' id='word_1_831' title='bbox 1657 5557 2044 5636; x_wconf 66' lang='grc' dir='ltr'><strong>ἡτοιμασμένων,</strong></span> <span class='ocrx_word' id='word_1_832' title='bbox 2077 5574 2161 5623; x_wconf 79' lang='grc' dir='ltr'><strong>καὶ</strong></span> 
     </span>
    </p>
   </div>
   <div class='ocr_carea' id='block_1_104' title="bbox 565 5640 2160 5711">
    <p class='ocr_par' dir='ltr' id='par_1_104' title="bbox 565 5640 2160 5711">
     <span class='ocr_line' id='line_1_104' title="bbox 565 5640 2160 5711; baseline 0.001 -20"><span class='ocrx_word' id='word_1_833' title='bbox 565 5649 775 5711; x_wconf 61' lang='grc' dir='ltr'><strong>ιῧχθμαι</strong></span> <span class='ocrx_word' id='word_1_834' title='bbox 809 5645 978 5706; x_wconf 75' lang='grc' dir='ltr'><strong>ἕτοιμά</strong></span> <span class='ocrx_word' id='word_1_835' title='bbox 1007 5661 1090 5703; x_wconf 82' lang='grc' dir='ltr'><strong>μοι</strong></span> <span class='ocrx_word' id='word_1_836' title='bbox 1121 5642 1388 5707; x_wconf 61' lang='grc' dir='ltr'><strong>εὑρεθῆναι,</strong></span> <span class='ocrx_word' id='word_1_837' title='bbox 1442 5640 1472 5684; x_wconf 71' lang='grc' dir='ltr'>ἃ</span> <span class='ocrx_word' id='word_1_838' title='bbox 1509 5640 1591 5688; x_wconf 65' lang='grc' dir='ltr'><strong>καὶ</strong></span> <span class='ocrx_word' id='word_1_839' title='bbox 1632 5643 1898 5692; x_wconf 62' lang='grc' dir='ltr'><strong>κολακεῦσω</strong></span> <span class='ocrx_word' id='word_1_840' title='bbox 1931 5645 2160 5709; x_wconf 75' lang='grc' dir='ltr'><strong>συντόμως</strong></span> 
     </span>
    </p>
   </div>
   <div class='ocr_carea' id='block_1_105' title="bbox 567 5709 2158 5782">
    <p class='ocr_par' dir='ltr' id='par_1_105' title="bbox 567 5709 2158 5782">
     <span class='ocr_line' id='line_1_105' title="bbox 567 5709 2158 5782; baseline 0.013 -4"><span class='ocrx_word' id='word_1_841' title='bbox 567 5709 959 5782; x_wconf 17' lang='grc' dir='ltr'><strong>μένκὰτσιῗαγεῖν,</strong></span> <span class='ocrx_word' id='word_1_842' title='bbox 988 5710 1086 5777; x_wconf 66' lang='grc' dir='ltr'><strong>ὦχ’</strong></span> <span class='ocrx_word' id='word_1_843' title='bbox 1107 5716 1262 5777; x_wconf 82' lang='grc' dir='ltr'><strong>ὥσπερ</strong></span> <span class='ocrx_word' id='word_1_844' title='bbox 1293 5718 1427 5762; x_wconf 82' lang='grc' dir='ltr'>τινῶν</span> <span class='ocrx_word' id='word_1_845' title='bbox 1459 5709 1780 5773; x_wconf 55' lang='lat' dir='ltr'><strong>animiam</strong></span> <span class='ocrx_word' id='word_1_846' title='bbox 1830 5712 1931 5778; x_wconf 59' lang='grc' dir='ltr'><strong>οὐχ’</strong></span> <span class='ocrx_word' id='word_1_847' title='bbox 1959 5721 2158 5782; x_wconf 44' lang='grc' dir='ltr'><strong>ᾖνψαντῆ</strong></span> 
     </span>
    </p>
   </div>
   <div class='ocr_carea' id='block_1_106' title="bbox 566 5781 2156 5852">
    <p class='ocr_par' dir='ltr' id='par_1_106' title="bbox 566 5781 2156 5852">
     <span class='ocr_line' id='line_1_106' title="bbox 566 5781 2156 5852; baseline 0.014 -34"><span class='ocrx_word' id='word_1_848' title='bbox 566 5785 652 5852; x_wconf 59' lang='grc' dir='ltr'>κᾶν</span> <span class='ocrx_word' id='word_1_849' title='bbox 679 5781 812 5852; x_wconf 19' lang='grc' dir='ltr'><strong>αὖτᾴγ</strong></span> <span class='ocrx_word' id='word_1_850' title='bbox 831 5787 881 5834; x_wconf 51' lang='grc' dir='ltr'><strong>δὲ</strong></span> <span class='ocrx_word' id='word_1_851' title='bbox 907 5789 1083 5852; x_wconf 40' lang='grc' dir='ltr'><strong>ἄξοντα</strong></span> <span class='ocrx_word' id='word_1_852' title='bbox 1109 5791 1180 5845; x_wconf 55' lang='grc' dir='ltr'><strong>μθ.</strong></span> <span class='ocrx_word' id='word_1_853' title='bbox 1200 5787 1387 5852; x_wconf 51' lang='lat' dir='ltr'><strong>sugq,</strong></span> <span class='ocrx_word' id='word_1_854' title='bbox 1424 5784 1511 5847; x_wconf 63' lang='grc' dir='ltr'><strong>ἐγὼ</strong></span> <span class='ocrx_word' id='word_1_855' title='bbox 1562 5789 1937 5852; x_wconf 74' lang='grc' dir='ltr'><strong>προςβιέισομσυ.</strong></span> <span class='ocrx_word' id='word_1_856' title='bbox 1956 5781 2156 5840; x_wconf 86' lang='lat' dir='ltr'><strong>Euseb.</strong></span> 
     </span>
    </p>
   </div>
   <div class='ocr_carea' id='block_1_107' title="bbox 569 5849 1590 5922">
    <p class='ocr_par' dir='ltr' id='par_1_107' title="bbox 569 5849 1590 5922">
     <span class='ocr_line' id='line_1_107' title="bbox 569 5849 1590 5922; baseline -0.003 -17"><span class='ocrx_word' id='word_1_857' title='bbox 569 5851 667 5912; x_wconf 80' lang='lat' dir='ltr'><strong>lib.</strong></span> <span class='ocrx_word' id='word_1_858' title='bbox 701 5868 728 5903; x_wconf 87' lang='lat' dir='ltr'><strong>v</strong></span> <span class='ocrx_word' id='word_1_859' title='bbox 765 5851 904 5907; x_wconf 75' lang='lat' dir='ltr'><strong>Hist.</strong></span> <span class='ocrx_word' id='word_1_860' title='bbox 931 5849 1098 5917; x_wconf 83' lang='lat' dir='ltr'><strong>Eccl.,</strong></span> <span class='ocrx_word' id='word_1_861' title='bbox 1123 5864 1243 5920; x_wconf 80' lang='lat' dir='ltr'><strong>cap.</strong></span> <span class='ocrx_word' id='word_1_862' title='bbox 1280 5849 1346 5907; x_wconf 78' lang='grc'><strong>16</strong></span> <span class='ocrx_word' id='word_1_863' title='bbox 1363 5858 1417 5906; x_wconf 90' lang='lat' dir='ltr'><strong>et</strong></span> <span class='ocrx_word' id='word_1_864' title='bbox 1441 5863 1590 5922; x_wconf 87' lang='lat' dir='ltr'><strong>seqq.</strong></span> 
     </span>
    </p>
   </div>
   <div class='ocr_carea' id='block_1_108' title="bbox 2273 4712 3875 4784">
    <p class='ocr_par' dir='ltr' id='par_1_108' title="bbox 2273 4712 3875 4784">
     <span class='ocr_line' id='line_1_108' title="bbox 2273 4712 3875 4784; baseline 0.001 -18"><span class='ocrx_word' id='word_1_865' title='bbox 2273 4712 2423 4781; x_wconf 90' lang='lat' dir='ltr'><strong>carpi</strong></span> <span class='ocrx_word' id='word_1_866' title='bbox 2448 4714 2699 4783; x_wconf 86' lang='lat' dir='ltr'><strong>martyris</strong></span> <span class='ocrx_word' id='word_1_867' title='bbox 2730 4713 2796 4767; x_wconf 90' lang='lat' dir='ltr'><strong>ad</strong></span> <span class='ocrx_word' id='word_1_868' title='bbox 2828 4715 3238 4784; x_wconf 89' lang='lat' dir='ltr'><strong>proconsulem,</strong></span> <span class='ocrx_word' id='word_1_869' title='bbox 3264 4729 3406 4768; x_wconf 91' lang='lat' dir='ltr'><strong>nunc</strong></span> <span class='ocrx_word' id='word_1_870' title='bbox 3437 4713 3679 4777; x_wconf 89' lang='lat' dir='ltr'><strong>bestias,</strong></span> <span class='ocrx_word' id='word_1_871' title='bbox 3728 4729 3875 4769; x_wconf 89' lang='lat' dir='ltr'><strong>nunc</strong></span> 
     </span>
    </p>
   </div>
   <div class='ocr_carea' id='block_1_109' title="bbox 2270 4803 3869 4880">
    <p class='ocr_par' dir='ltr' id='par_1_109' title="bbox 2270 4803 3869 4880">
     <span class='ocr_line' id='line_1_109' title="bbox 2270 4803 3869 4880; baseline 0.002 -22"><span class='ocrx_word' id='word_1_872' title='bbox 2270 4803 2515 4859; x_wconf 84' lang='lat' dir='ltr'><strong>flammas</strong></span> <span class='ocrx_word' id='word_1_873' title='bbox 2532 4805 2605 4859; x_wconf 82' lang='lat' dir='ltr'><strong>illi</strong></span> <span class='ocrx_word' id='word_1_874' title='bbox 2621 4806 2952 4863; x_wconf 72' lang='lat' dir='ltr'><strong>minitantem</strong></span> <span class='ocrx_word' id='word_1_875' title='bbox 2975 4811 3134 4862; x_wconf 64' lang='lat' dir='ltr'><strong>:a’cm</strong></span> <span class='ocrx_word' id='word_1_876' title='bbox 3151 4812 3600 4880; x_wconf 72' lang='grc' dir='ltr'><strong>τίβραδὺνειςςφὲρε</strong></span> <span class='ocrx_word' id='word_1_877' title='bbox 3624 4815 3648 4861; x_wconf 85' lang='grc' dir='ltr'><strong>ὃ</strong></span> <span class='ocrx_word' id='word_1_878' title='bbox 3676 4811 3869 4880; x_wconf 76' lang='grc' dir='ltr'><strong>βούλει.</strong></span> 
     </span>
    </p>
   </div>
   <div class='ocr_carea' id='block_1_110' title="bbox 2274 4896 3872 4970">
    <p class='ocr_par' dir='ltr' id='par_1_110' title="bbox 2274 4896 3872 4970">
     <span class='ocr_line' id='line_1_110' title="bbox 2274 4896 3872 4970; baseline 0.004 -24"><span class='ocrx_word' id='word_1_879' title='bbox 2274 4913 2293 4946; x_wconf 89' lang='grc'><em>‹</em></span> <span class='ocrx_word' id='word_1_880' title='bbox 2332 4896 2468 4963; x_wconf 83' lang='lat' dir='ltr'><strong>Quid</strong></span> <span class='ocrx_word' id='word_1_881' title='bbox 2495 4907 2671 4954; x_wconf 91' lang='lat' dir='ltr'><strong>autem</strong></span> <span class='ocrx_word' id='word_1_882' title='bbox 2721 4915 2897 4954; x_wconf 88' lang='lat' dir='ltr'><strong>moras</strong></span> <span class='ocrx_word' id='word_1_883' title='bbox 2927 4899 3139 4956; x_wconf 84' lang='lat' dir='ltr'><strong>trahis?</strong></span> <span class='ocrx_word' id='word_1_884' title='bbox 3168 4899 3317 4955; x_wconf 75' lang='lat' dir='ltr'><strong>Affer</strong></span> <span class='ocrx_word' id='word_1_885' title='bbox 3343 4899 3486 4970; x_wconf 88' lang='lat' dir='ltr'><strong>quod</strong></span> <span class='ocrx_word' id='word_1_886' title='bbox 3501 4901 3601 4956; x_wconf 91' lang='lat' dir='ltr'><strong>vis.</strong></span> <span class='ocrx_word' id='word_1_887' title='bbox 3641 4919 3660 4952; x_wconf 80' lang='grc' dir='ltr'><strong>ι</strong></span> <span class='ocrx_word' id='word_1_888' title='bbox 3697 4908 3872 4956; x_wconf 67' lang='grc' dir='ltr'><strong>Ταῦτα</strong></span> 
     </span>
    </p>
   </div>
   <div class='ocr_carea' id='block_1_111' title="bbox 2269 4994 3870 5066">
    <p class='ocr_par' dir='ltr' id='par_1_111' title="bbox 2269 4994 3870 5066">
     <span class='ocr_line' id='line_1_111' title="bbox 2269 4994 3870 5066; baseline 0.002 -22"><span class='ocrx_word' id='word_1_889' title='bbox 2269 4994 2349 5044; x_wconf 62' lang='grc' dir='ltr'><strong>καὶ</strong></span> <span class='ocrx_word' id='word_1_890' title='bbox 2393 4997 2518 5045; x_wconf 76' lang='grc' dir='ltr'>ἄλλα</span> <span class='ocrx_word' id='word_1_891' title='bbox 2548 5001 2740 5047; x_wconf 77' lang='grc' dir='ltr'><strong>πλείονα.</strong></span> <span class='ocrx_word' id='word_1_892' title='bbox 2784 4999 2922 5058; x_wconf 67' lang='grc' dir='ltr'><strong>λέγων</strong></span> <span class='ocrx_word' id='word_1_893' title='bbox 2968 5001 3165 5066; x_wconf 70' lang='grc' dir='ltr'><strong>θάρσους</strong></span> <span class='ocrx_word' id='word_1_894' title='bbox 3215 4997 3301 5047; x_wconf 77' lang='grc' dir='ltr'><strong>καὶ</strong></span> <span class='ocrx_word' id='word_1_895' title='bbox 3340 5003 3494 5065; x_wconf 70' lang='grc' dir='ltr'><strong>χαρᾶς</strong></span> <span class='ocrx_word' id='word_1_896' title='bbox 3521 5001 3870 5062; x_wconf 60' lang='grc' dir='ltr'><strong>ἓνεπίμπὶατοζ</strong></span> 
     </span>
    </p>
   </div>
   <div class='ocr_carea' id='block_1_112' title="bbox 2274 5083 3872 5154">
    <p class='ocr_par' dir='ltr' id='par_1_112' title="bbox 2274 5083 3872 5154">
     <span class='ocr_line' id='line_1_112' title="bbox 2274 5083 3872 5154; baseline 0.006 -20"><span class='ocrx_word' id='word_1_897' title='bbox 2274 5102 2292 5134; x_wconf 80' lang='grc' dir='ltr'><strong>ι</strong></span> <span class='ocrx_word' id='word_1_898' title='bbox 2331 5083 2457 5138; x_wconf 68' lang='grc' dir='ltr'>Ηωο</span> <span class='ocrx_word' id='word_1_899' title='bbox 2485 5094 2539 5138; x_wconf 88' lang='lat' dir='ltr'><strong>et</strong></span> <span class='ocrx_word' id='word_1_900' title='bbox 2590 5085 2738 5154; x_wconf 92' lang='lat' dir='ltr'><strong>plura</strong></span> <span class='ocrx_word' id='word_1_901' title='bbox 2771 5085 2873 5139; x_wconf 87' lang='lat' dir='ltr'><strong>alia</strong></span> <span class='ocrx_word' id='word_1_902' title='bbox 2923 5103 3043 5141; x_wconf 92' lang='lat' dir='ltr'><strong>cum</strong></span> <span class='ocrx_word' id='word_1_903' title='bbox 3085 5087 3309 5154; x_wconf 89' lang='lat' dir='ltr'><strong>diceret,</strong></span> <span class='ocrx_word' id='word_1_904' title='bbox 3364 5087 3556 5142; x_wconf 87' lang='lat' dir='ltr'><strong>ﬁducia</strong></span> <span class='ocrx_word' id='word_1_905' title='bbox 3597 5096 3652 5141; x_wconf 91' lang='lat' dir='ltr'><strong>et</strong></span> <span class='ocrx_word' id='word_1_906' title='bbox 3687 5087 3872 5143; x_wconf 67' lang='lat' dir='ltr'><strong>laetitia</strong></span> 
     </span>
    </p>
   </div>
   <div class='ocr_carea' id='block_1_113' title="bbox 2266 5178 3868 5250">
    <p class='ocr_par' dir='ltr' id='par_1_113' title="bbox 2266 5178 3868 5250">
     <span class='ocr_line' id='line_1_113' title="bbox 2266 5178 3868 5250; baseline 0.002 -18"><span class='ocrx_word' id='word_1_907' title='bbox 2266 5178 2520 5249; x_wconf 91' lang='lat' dir='ltr'><strong>impletus</strong></span> <span class='ocrx_word' id='word_1_908' title='bbox 2546 5190 2646 5247; x_wconf 91' lang='lat' dir='ltr'><strong>est,</strong></span> <span class='ocrx_word' id='word_1_909' title='bbox 2689 5199 2707 5232; x_wconf 75' lang='grc' dir='ltr'><strong>ι</strong></span> <span class='ocrx_word' id='word_1_910' title='bbox 2742 5189 2798 5235; x_wconf 93' lang='lat' dir='ltr'><strong>ut</strong></span> <span class='ocrx_word' id='word_1_911' title='bbox 2850 5180 3210 5237; x_wconf 84' lang='lat' dir='ltr'><strong>vetustissima</strong></span> <span class='ocrx_word' id='word_1_912' title='bbox 3239 5181 3356 5250; x_wconf 90' lang='lat' dir='ltr'><strong>ejus</strong></span> <span class='ocrx_word' id='word_1_913' title='bbox 3397 5183 3530 5236; x_wconf 89' lang='lat' dir='ltr'><strong>Acta</strong></span> <span class='ocrx_word' id='word_1_914' title='bbox 3581 5189 3868 5236; x_wconf 90' lang='lat' dir='ltr'><strong>testantur.</strong></span> 
     </span>
    </p>
   </div>
   <div class='ocr_carea' id='block_1_114' title="bbox 2263 5273 3870 5344">
    <p class='ocr_par' dir='ltr' id='par_1_114' title="bbox 2263 5273 3870 5344">
     <span class='ocr_line' id='line_1_114' title="bbox 2263 5273 3870 5344; baseline 0.001 -16"><span class='ocrx_word' id='word_1_915' title='bbox 2263 5273 2424 5328; x_wconf 90' lang='lat' dir='ltr'><strong>Plura</strong></span> <span class='ocrx_word' id='word_1_916' title='bbox 2463 5285 2640 5328; x_wconf 89' lang='lat' dir='ltr'><strong>autem</strong></span> <span class='ocrx_word' id='word_1_917' title='bbox 2685 5274 2793 5340; x_wconf 91' lang='lat' dir='ltr'><strong>illa,</strong></span> <span class='ocrx_word' id='word_1_918' title='bbox 2824 5291 2942 5343; x_wconf 78' lang='lat' dir='ltr'><strong>qua:</strong></span> <span class='ocrx_word' id='word_1_919' title='bbox 2975 5275 3291 5332; x_wconf 79' lang='lat' dir='ltr'><strong>fortitudine</strong></span> <span class='ocrx_word' id='word_1_920' title='bbox 3313 5284 3370 5330; x_wconf 90' lang='lat' dir='ltr'><strong>et</strong></span> <span class='ocrx_word' id='word_1_921' title='bbox 3398 5274 3729 5330; x_wconf 76' lang='lat' dir='ltr'><strong>exultatione</strong></span> <span class='ocrx_word' id='word_1_922' title='bbox 3755 5274 3870 5344; x_wconf 86' lang='lat' dir='ltr'><strong>ple—</strong></span> 
     </span>
    </p>
   </div>
   <div class='ocr_carea' id='block_1_115' title="bbox 2264 5365 3870 5435">
    <p class='ocr_par' dir='ltr' id='par_1_115' title="bbox 2264 5365 3870 5435">
     <span class='ocr_line' id='line_1_115' title="bbox 2264 5365 3870 5435; baseline 0.001 -16"><span class='ocrx_word' id='word_1_923' title='bbox 2264 5381 2364 5419; x_wconf 90' lang='lat' dir='ltr'><strong>nus</strong></span> <span class='ocrx_word' id='word_1_924' title='bbox 2407 5365 2794 5434; x_wconf 89' lang='lat' dir='ltr'><strong>pronuntiavit,</strong></span> <span class='ocrx_word' id='word_1_925' title='bbox 2828 5365 3024 5435; x_wconf 87' lang='lat' dir='ltr'><strong>qualia,</strong></span> <span class='ocrx_word' id='word_1_926' title='bbox 3059 5367 3272 5430; x_wconf 87' lang='lat' dir='ltr'><strong>amabo,</strong></span> <span class='ocrx_word' id='word_1_927' title='bbox 3310 5366 3480 5432; x_wconf 88' lang='lat' dir='ltr'><strong>fuere,</strong></span> <span class='ocrx_word' id='word_1_928' title='bbox 3505 5366 3548 5421; x_wconf 90' lang='lat' dir='ltr'><strong>si</strong></span> <span class='ocrx_word' id='word_1_929' title='bbox 3589 5365 3870 5435; x_wconf 84' lang='lat' dir='ltr'><strong>noulgna-</strong></span> 
     </span>
    </p>
   </div>
   <div class='ocr_carea' id='block_1_116' title="bbox 2265 5458 3872 5531">
    <p class='ocr_par' dir='ltr' id='par_1_116' title="bbox 2265 5458 3872 5531">
     <span class='ocr_line' id='line_1_116' title="bbox 2265 5458 3872 5531; baseline 0 -18"><span class='ocrx_word' id='word_1_930' title='bbox 2265 5458 2444 5526; x_wconf 90' lang='lat' dir='ltr'><strong>tianis,</strong></span> <span class='ocrx_word' id='word_1_931' title='bbox 2468 5459 2512 5513; x_wconf 92' lang='lat' dir='ltr'><strong>si</strong></span> <span class='ocrx_word' id='word_1_932' title='bbox 2536 5473 2643 5514; x_wconf 93' lang='lat' dir='ltr'><strong>non</strong></span> <span class='ocrx_word' id='word_1_933' title='bbox 2657 5458 2957 5528; x_wconf 72' lang='lat' dir='ltr'><strong>Perpetuus,</strong></span> <span class='ocrx_word' id='word_1_934' title='bbox 2976 5459 3271 5515; x_wconf 87' lang='lat' dir='ltr'><strong>Felicitatis</strong></span> <span class='ocrx_word' id='word_1_935' title='bbox 3293 5469 3347 5515; x_wconf 90' lang='lat' dir='ltr'><strong>et</strong></span> <span class='ocrx_word' id='word_1_936' title='bbox 3367 5460 3640 5516; x_wconf 89' lang='lat' dir='ltr'><strong>sociorum</strong></span> <span class='ocrx_word' id='word_1_937' title='bbox 3665 5467 3872 5531; x_wconf 86' lang='lat' dir='ltr'><strong>marty-</strong></span> 
     </span>
    </p>
   </div>
   <div class='ocr_carea' id='block_1_117' title="bbox 2337 5641 2956 5714">
    <p class='ocr_par' dir='ltr' id='par_1_117' title="bbox 2337 5641 2956 5714">
     <span class='ocr_line' id='line_1_117' title="bbox 2337 5641 2956 5714; baseline 0.005 -18"><span class='ocrx_word' id='word_1_938' title='bbox 2337 5642 2418 5714; x_wconf 72' lang='lat' dir='ltr'><strong>(jl)</strong></span> <span class='ocrx_word' id='word_1_939' title='bbox 2445 5641 2612 5712; x_wconf 88' lang='lat' dir='ltr'><strong>Epist.</strong></span> <span class='ocrx_word' id='word_1_940' title='bbox 2642 5641 2732 5709; x_wconf 73' lang='lat'><strong>27,</strong></span> <span class='ocrx_word' id='word_1_941' title='bbox 2762 5643 2835 5701; x_wconf 92' lang='lat' dir='ltr'><strong>al.</strong></span> <span class='ocrx_word' id='word_1_942' title='bbox 2865 5643 2956 5701; x_wconf 75' lang='lat'><strong>25.</strong></span> 
     </span>
    </p>
   </div>
   <div class='ocr_carea' id='block_1_118' title="bbox 2335 5713 3869 5788">
    <p class='ocr_par' dir='ltr' id='par_1_118' title="bbox 2335 5713 3869 5788">
     <span class='ocr_line' id='line_1_118' title="bbox 2335 5713 3869 5788; baseline 0.004 -22"><span class='ocrx_word' id='word_1_943' title='bbox 2335 5713 2414 5785; x_wconf 68' lang='grc'><strong>(2)</strong></span> <span class='ocrx_word' id='word_1_944' title='bbox 2454 5723 2600 5770; x_wconf 76' lang='grc' dir='ltr'><strong>Μετὰ</strong></span> <span class='ocrx_word' id='word_1_945' title='bbox 2639 5720 2846 5787; x_wconf 76' lang='grc' dir='ltr'><strong>δακρύων</strong></span> <span class='ocrx_word' id='word_1_946' title='bbox 2890 5725 3185 5788; x_wconf 64' lang='grc' dir='ltr'><strong>παρεκωουν</strong></span> <span class='ocrx_word' id='word_1_947' title='bbox 3233 5724 3344 5781; x_wconf 75' lang='grc' dir='ltr'><strong>τοὺς</strong></span> <span class='ocrx_word' id='word_1_948' title='bbox 3387 5723 3629 5788; x_wconf 69' lang='grc' dir='ltr'><strong>ἀδελφοὺς,</strong></span> <span class='ocrx_word' id='word_1_949' title='bbox 3659 5722 3869 5787; x_wconf 62' lang='grc' dir='ltr'><strong>δεόμενα</strong></span> 
     </span>
    </p>
   </div>
   <div class='ocr_carea' id='block_1_119' title="bbox 2265 5790 3865 5862">
    <p class='ocr_par' dir='ltr' id='par_1_119' title="bbox 2265 5790 3865 5862">
     <span class='ocr_line' id='line_1_119' title="bbox 2265 5790 3865 5862; baseline 0.006 -25"><span class='ocrx_word' id='word_1_950' title='bbox 2265 5790 2345 5862; x_wconf 46' lang='grc' dir='ltr'><strong>ἕνῇ</strong></span> <span class='ocrx_word' id='word_1_951' title='bbox 2391 5791 2592 5862; x_wconf 51' lang='grc' dir='ltr'><strong>ἔθεινε-ξς</strong></span> <span class='ocrx_word' id='word_1_952' title='bbox 2631 5792 2768 5862; x_wconf 48' lang='lat' dir='ltr'><strong>ablati</strong></span> <span class='ocrx_word' id='word_1_953' title='bbox 2807 5800 3026 5862; x_wconf 52' lang='grc' dir='ltr'>γίνωνται</span> <span class='ocrx_word' id='word_1_954' title='bbox 3081 5800 3193 5862; x_wconf 71' lang='grc' dir='ltr'><strong>τςρὸς</strong></span> <span class='ocrx_word' id='word_1_955' title='bbox 3222 5801 3278 5845; x_wconf 76' lang='grc' dir='ltr'><strong><em>τὸ</em></strong></span> <span class='ocrx_word' id='word_1_956' title='bbox 3323 5792 3629 5862; x_wconf 71' lang='grc' dir='ltr'>τελιιωθῇνειι</span> <span class='ocrx_word' id='word_1_957' title='bbox 3672 5795 3865 5854; x_wconf 76' lang='grc' dir='ltr'><strong>αὖτοὺς.</strong></span> 
     </span>
    </p>
   </div>
   <div class='ocr_carea' id='block_1_120' title="bbox 2265 5853 3142 5936">
    <p class='ocr_par' dir='ltr' id='par_1_120' title="bbox 2265 5853 3142 5936">
     <span class='ocr_line' id='line_1_120' title="bbox 2265 5853 3142 5936; baseline 0.005 -24"><span class='ocrx_word' id='word_1_958' title='bbox 2265 5853 2385 5912; x_wconf 86' lang='lat' dir='ltr'><strong>Lib.</strong></span> <span class='ocrx_word' id='word_1_959' title='bbox 2418 5855 2483 5922; x_wconf 73' lang='grc' dir='ltr'>ν,</span> <span class='ocrx_word' id='word_1_960' title='bbox 2520 5856 2661 5913; x_wconf 73' lang='lat' dir='ltr'><strong>Hist.</strong></span> <span class='ocrx_word' id='word_1_961' title='bbox 2684 5853 2918 5929; x_wconf 45' lang='lat' dir='ltr'><strong>Eccl-83.,</strong></span> <span class='ocrx_word' id='word_1_962' title='bbox 2940 5874 3058 5936; x_wconf 89' lang='lat' dir='ltr'><strong>cap.</strong></span> <span class='ocrx_word' id='word_1_963' title='bbox 3087 5853 3142 5916; x_wconf 65' lang='grc' dir='ltr'><strong>Ξ.</strong></span> 
     </span>
    </p>
   </div>
  </div>
