4218 6268
333 364 447 423 145

1234 359 1369 416 PRO
1407 358 1505 416 SS.
1547 355 1938 423 PERPETUA,
1982 354 2392 414 FELICITATE
2432 357 2522 416 ET
2551 357 2784 416 SOCIIS.

3542 357 3645 414 N6

339 500 468 541 rum
496 481 637 538 votis
665 479 900 538 similia?
944 479 1000 535 Si
1026 492 1128 533 non
1160 477 1235 533 illi
1258 479 1374 534 voci
1419 491 1677 542 consona,
1722 491 1883 546 quam
1912 491 1944 531 e
1971 472 2022 533 Α
2048 483 2107 529 ιιι
2133 475 2398 546 insignem
2441 485 2497 532 et
2526 476 2760 531 nobilem
2808 473 3071 544 imprimis
3104 480 3395 546 martyrem
3443 490 3642 545 prepo-

343 578 488 632 ccelo
517 575 748 640 audivit,
787 565 949 642 Ϊσχυε,
993 577 1075 627 καὶ
1102 576 1351 644 ἀνδρίςου,
1385 573 1692 641 Πολὺκαρπῖ.
1737 587 1756 622 ι
1799 570 1947 624 fortis

344 683 485 737 esto,
507 680 562 726 et
583 670 805 725 viriliter
831 685 948 740 age,
976 668 1288 740 Polycarpe.
1323 687 1342 719 ›
1377 667 1666 722 Notissima
1683 677 1764 722 est
1785 669 1947 722 etiam

343 765 437 821 illa
454 764 684 820 Romani
703 763 1063 817 Caesareensis
1097 761 1314 815 Diaconi
1337 777 1436 815 vox
1465 761 1764 815 Antiochiae
1794 759 1947 814 audi-

345 867 427 921 ta,
478 864 568 912 ποῦ
597 865 758 924 μοιτό
795 862 930 925 «Ep;
995 853 1214 908 Ubinam
1246 853 1370 905 mihi
1405 853 1572 923 ignis?
1615 853 1708 908 His
1729 869 1848 923 qua:
1894 853 1946 907 in

339 951 534 1022 Ignatii
589 948 968 1004 defensionem
1047 946 1370 1000 Pearsonius
1421 945 1578 1000 aﬂ‘ert
1652 945 1946 1015 exemplis,

339 1045 489 1100 aliud
535 1044 788 1115 adjiciam
835 1044 1264 1116 praecedentibus
1307 1059 1411 1100 non
1442 1045 1617 1099 minus
1645 1045 1850 1114 insigne
1881 1057 1950 1098 ex

346 1138 502 1192 Actis
527 1137 760 1193 sinceris
787 1148 1098 1194 sanctorum
1123 1138 1382 1202 Montani,
1416 1138 1586 1202 Lucii,
1627 1149 1731 1192 etc.
1788 1137 1948 1190 Dam-

350 1233 493 1288 natis
537 1233 771 1299 ceteris,
807 1232 1093 1310 Flavianus
1121 1233 1174 1286 in
1213 1247 1485 1287 carcerem
1530 1240 1813 1286 revocatus
1840 1239 1943 1296 est,

348 1335 403 1380 et
465 1327 786 1396 martyrium
835 1328 954 1397 ejus
1014 1326 1281 1381 dilatum:
1324 1326 1373 1380 id
1429 1327 1543 1395 ipse
1597 1341 1703 1379 non
1775 1325 1952 1380 minus

345 1435 507 1490 quam
534 1420 652 1490 ejus
679 1420 814 1475 socii
836 1435 978 1490 aegre
1001 1420 1275 1485 tulerunt;
1309 1419 1450 1474 unde
1479 1418 1782 1482 Montanus,
1805 1431 1948 1480 cum,

348 1521 408 1568 ut
427 1521 510 1568 est
557 1513 610 1566 in
639 1513 812 1579 Actis,
850 1531 869 1565 ‹
914 1513 1023 1582 jam
1051 1512 1291 1566 carnifex
1324 1513 1632 1566 immineret
1660 1520 1714 1564 et
1734 1509 1952 1579 gladius

349 1624 512 1678 super
549 1608 815 1663 cervicem
846 1608 964 1676 ejus
995 1607 1220 1662 libratus
1250 1606 1542 1677 penderet,
1587 1603 1840 1674 expansis
1888 1602 1954 1656 ad

353 1704 548 1760 caelum
591 1702 865 1766 manibus,
914 1716 1047 1756 voce
1084 1701 1249 1766 cla'ra,
1284 1701 1354 1754 ita
1397 1707 1456 1753 ut
1506 1713 1610 1752 non
1657 1705 1858 1750 tantum
1887 1694 1954 1747 ad

356 1812 517 1852 aures
547 1797 733 1865 plebis,
770 1797 864 1852 sed
895 1805 949 1851 et
975 1796 1201 1866 gentiles
1221 1809 1436 1866 quoque
1466 1795 1610 1863 ipsos
1637 1806 1802 1846 sonus
1824 1803 1957 1844 voce

354 1889 564 1952 feriret,
591 1889 765 1943 oravit
795 1902 993 1958 rogans
1023 1897 1072 1942 et
1104 1887 1423 1957 deprecans,

353 1999 457 2055 per
478 1981 785 2053 suffragium
813 1981 994 2053 populi
1017 1980 1086 2037 de
1109 1981 1367 2036 comitatu
1390 1993 1574 2035 eorum
1600 1984 1956 2040 remanserat,

360 2087 684 2146 sequeretur
710 2077 795 2132 die
817 2077 993 2131 tertia.
1050 2094 1068 2127 ι
1105 2074 1220 2130 Non
1253 2074 1356 2128 alia
1385 2081 1541 2128 erant
1577 2071 1762 2126 matris
1792 2069 1959 2138 ipsius

362 2169 602 2226 Flaviani
652 2166 872 2224 aﬂ‘ectus
919 2175 974 2223 et
1025 2175 1171 2233 vota,
1227 2165 1294 2221 de
1318 2180 1419 2236 qua
1481 2166 1530 2218 in
1559 2163 1706 2218 Actis
1740 2161 1961 2231 subjun-

360 2267 510 2335 gitur
543 2283 556 2318 :
596 2281 616 2316 ι
664 2261 916 2317 Haerebat
957 2261 1110 2316 lateri
1134 2260 1250 2330 ejus
1303 2255 1737 2326 incomparabilis
1767 2261 1957 2319 mater,

355 2373 478 2428 qua:
510 2364 709 2425 przeter
760 2354 941 2420 ﬁdem,
989 2369 1091 2423 qua
1139 2352 1205 2406 ad
1253 2348 1583 2421 patriarchas
1637 2345 1956 2416 pertinebat,

363 2451 418 2506 in
464 2449 569 2505 hoc
589 2450 748 2504 etiam
771 2463 831 2503 se
866 2446 1095 2502 Abrahae
1123 2445 1284 2499 ﬁliam
1307 2441 1694 2511 comprobavit,
1725 2437 1868 2510 quod
1900 2437 1962 2491 fi-

360 2543 490 2597 lium
521 2558 675 2597 suum
699 2552 753 2597 et
783 2540 1002 2609 optabat
1031 2539 1224 2603 occidi,
1268 2548 1320 2592 et
1341 2535 1480 2606 quod
1510 2534 1720 2589 interim
1748 2547 1962 2587 reman—

359 2637 542 2702 sisset,
563 2634 979 2691 contristabatur
1000 2633 1191 2688 intimo
1211 2631 1419 2686 dolore.
1451 2648 1470 2680 ι
1502 2627 1629 2696 Ipse
1647 2634 1823 2680 autem
1847 2623 1963 2678 Fla-

356 2731 545 2784 vianus
562 2729 646 2783 bis
663 2727 916 2783 afﬂictam
935 2735 1160 2780 matrem
1184 2723 1361 2778 verbis
1373 2719 1780 2776 consolabatur:
1803 2735 1820 2766 ‹
1847 2715 1963 2771 Scis

356 2835 534 2879 mater
564 2822 760 2876 merito
817 2819 1161 2883 charissima,
1198 2824 1254 2870 ut
1288 2829 1501 2883 semper
1543 2810 1862 2866 tentaverim
1910 2807 1963 2862 si

355 2916 606 2974 confiteri
636 2915 972 2984 contigisset,
1033 2910 1292 2982 martyrio
1323 2922 1444 2962 meo
1469 2905 1591 2970 frui,
1636 2914 1690 2960 et
1715 2901 1965 2971 frequen-

363 3021 451 3066 ter
493 3018 768 3065 catenatus
812 3006 1003 3071 videri,
1047 3014 1102 3060 et
1138 3019 1281 3072 saepe
1317 2999 1558 3056 ditierri?
1590 2998 1647 3053 Si
1691 3009 1820 3066 ergo
1837 3009 1963 3048 conv

365 3104 495 3174 tigit
541 3100 677 3171 quod
727 3099 929 3170 optavi,
981 3095 1320 3169 gloriandum
1364 3103 1446 3148 est
1483 3091 1660 3162 potius
1685 3103 1841 3159 quam
1869 3087 1966 3142 do-

356 3195 601 3253 lendum.
641 3214 659 3247 ι
717 3195 842 3249 Haec
868 3200 1024 3249 erant
1055 3201 1347 3263 martyrum
1386 3196 1508 3242 vota
1537 3201 1657 3256 quae
1685 3184 1728 3239 si
1761 3183 1813 3238 in
1859 3181 1967 3236 eri-

360 3309 486 3348 men
560 3299 838 3354 vocentur,
911 3287 1177 3342 innumeri
1231 3292 1391 3339 erunt
1444 3287 1708 3349 martyres
1772 3277 1965 3346 quibus

362 3384 612 3456 martyrii
649 3397 853 3438 corona
878 3377 1207 3435 detrahenda
1245 3377 1368 3432 erit.

437 3478 526 3531 Vl.
569 3477 740 3546 Major
760 3491 827 3531 ex
854 3475 1026 3530 altero
1043 3473 1221 3543 capite
1237 3472 1518 3542 Perpetua:
1541 3467 1762 3525 conﬂari
1789 3472 1966 3534 posset

361 3572 602 3637 invidia;
635 3571 732 3626 sed
777 3569 864 3624 illa
896 3569 1080 3632 etiam,
1123 3574 1180 3620 ut
1235 3565 1365 3631 dixi,
1400 3563 1586 3633 lgnatii
1611 3559 1858 3629 exemplo
1880 3559 1967 3614 de-

361 3665 600 3736 pellitur.
650 3662 764 3718 Non
796 3661 939 3716 enim
967 3659 1110 3714 aliud
1142 3659 1403 3727 Perpetua
1450 3655 1592 3720 fecit,
1633 3668 1792 3724 quam
1820 3650 1964 3721 quod

361 3773 424 3812 se
452 3757 719 3811 facturum
766 3753 949 3808 scribit
993 3751 1249 3821 Ignatius.
1283 3748 1392 3804 Sed
1438 3747 1690 3816 quoniam
1731 3745 1798 3798 de
1826 3744 1966 3797 illius

368 3850 509 3904 actis
531 3856 588 3902 et
615 3847 851 3916 epistolis
889 3842 1257 3900 controversia
1287 3848 1551 3906 movetur,
1587 3839 1690 3895 alia
1722 3837 1966 3906 exempla

372 3957 485 3997 non
533 3946 726 3995 desunt
772 3954 886 4008 quae
935 3938 1090 4008 plena
1144 3951 1302 3990 manu
1355 3934 1411 3988 in
1449 3948 1574 3988 suas
1617 3931 1964 4002 epistularum

365 4035 561 4106 lgnatii
601 4032 855 4091 vindicias
898 4031 1222 4087 Pearsonius
1249 4028 1539 4100 congessit.
1581 4025 1634 4080 In
1673 4026 1966 4095 Smyrnen-

363 4130 442 4185 sis
473 4127 736 4183 Ecclesia:
774 4126 1104 4181 vetulissima
1132 4124 1356 4194 epistola
1389 4126 1806 4191 reprmsentatur
1830 4117 1968 4172 Ger-

364 4222 630 4286 manicus,
654 4220 805 4290 quasi
831 4218 1025 4272 nobilis
1043 4225 1095 4271 et
1117 4216 1339 4286 insignis
1391 4211 1696 4276 bestiarius,
1726 4216 1968 4276 ἐπισήμως

360 4321 683 4384 θεριομαχῶν.
707 4310 845 4379 Quid
867 4318 1045 4365 autem
1075 4309 1274 4378 judicio
1300 4303 1685 4376 antiquissima:
1712 4301 1970 4357 Ecclesia:

360 4411 607 4472 ἐπίσημον,
633 4403 836 4473 insigne
863 4410 953 4455 aut
979 4400 1164 4466 nobile,
1196 4399 1250 4453 in
1303 4397 1419 4467 ejus
1451 4394 1707 4466 martyrio
1737 4393 1972 4448 breviter

364 4494 640 4565 descripto
664 4493 967 4548 invenitur?
996 4491 1110 4548 Hoc
1145 4505 1308 4544 unum
1339 4488 1480 4544 unde
1507 4489 1771 4558 Perpetua
1809 4485 1971 4541 viola-

369 4598 440 4644 ta:
490 4598 700 4643 natura:
750 4586 881 4655 legis
932 4584 1082 4654 argui
1132 4582 1357 4637 forsitan
1409 4590 1587 4651 posset
1627 4579 1750 4652 (l):
1791 4577 1969 4633 «Nam

2051 568 2158 622 suit
2196 569 2414 639 antiqua
2460 577 2517 623 et
2562 567 2792 623 celebris
2821 566 3064 621 Ecclesia
3091 566 3460 639 Smyrnensis,
3490 567 3647 637 cujus

2051 660 2122 716 ob
2161 661 2371 731 insigne
2418 660 2623 715 facinus
2662 659 2874 714 Ethnici
2905 660 3006 728 ipsi
3035 659 3366 714 nobilitatem
3402 669 3455 715 et
3479 675 3646 730 gene~

2053 755 2327 809 rositatem
2377 755 2681 809 christiana:
2707 753 2883 823 gentis
2927 751 3172 806 admirati
3200 762 3359 815 sunt,
3414 753 3465 807 id
3514 769 3636 823 erga

2051 848 2251 904 bestias
2301 847 2444 910 fecit,
2497 846 2639 918 quod
2684 861 2806 902 cum
2861 845 3160 917 gladiatore
3211 846 3522 915 Perpetua:
3559 847 3652 901 ille

2052 941 2324 1008 videlicet,
2349 941 2608 1010 martyrio
2662 940 2914 1010 ﬂagrans,
2957 958 2974 990 ι
3001 938 3229 994 bestiam
3283 937 3426 992 ultro
3479 938 3547 992 ad
3591 952 3652 992 se

2051 1036 2301 1100 attraxit;
2336 1055 2354 1087 ι
2393 1035 2507 1089 haec
2532 1041 2712 1088 autem
2738 1032 2927 1088 eodem
2963 1031 3160 1087 ardens
3185 1030 3484 1098 desiderio,
3522 1049 3541 1081 ι
3578 1031 3651 1084 ti-

2055 1128 2264 1182 runculi
2321 1125 2634 1198 gladiatoris
2677 1124 2952 1179 dexteram
2994 1123 3048 1178 in
3089 1139 3242 1178 suum
3268 1123 3380 1192 ipsa
3407 1122 3652 1193 jugulum

2058 1219 2316 1290 posuerit.
2349 1238 2367 1270 ›
2421 1217 2708 1288 Dionysius
2755 1214 3094 1274 Alexandriae
3124 1215 3407 1284 episc0pus
3438 1213 3654 1282 Apollo-

2058 1313 2201 1366 niam
2251 1311 2516 1382 virginem
2567 1323 2894 1379 magnopere
2949 1306 3147 1371 laudat,
3201 1305 3343 1376 quod
3388 1319 3510 1360 cum
3549 1304 3652 1374 ipsi

2055 1404 2356 1461 verberatis
2387 1402 2619 1456 maxillis
2639 1401 2819 1455 cuncti
2843 1400 3032 1454 dentes
3057 1398 3289 1464 excussi,
3313 1398 3654 1467 ﬂammaeque

2055 1497 2288 1551 admotae
2319 1506 2503 1549 essent
2546 1491 2647 1565 (l),
2690 1492 2981 1546 «celeriter
3031 1491 3083 1544 in
3142 1491 3317 1558 ignem
3347 1488 3553 1552 insiliit,
3596 1495 3652 1540 et

2057 1588 2428 1656 conﬂagravit.
2458 1605 2475 1633 ι
2505 1585 2736 1640 Sanctus
2768 1583 3020 1648 Hilarius,
3054 1582 3407 1636 Enarratione
3435 1584 3485 1633 in
3515 1579 3664 1633 Psal-

2061 1697 2206 1736 mum
2237 1695 2339 1734 va
2372 1698 2384 1732 :
2425 1697 2444 1730 ί
2467 1678 2567 1732 Alii
2592 1676 2734 1732 enim
2766 1675 2821 1729 in
2849 1674 3082 1728 vinculis
3117 1686 3395 1728 carcerum
3419 1671 3660 1740 glorian-

2062 1784 2164 1835 tur,
2198 1772 2285 1826 alii
2313 1770 2439 1826 οωδί
2469 1770 2522 1823 in
2552 1767 2867 1822 verberibus
2897 1765 3255 1835 gratulantur,
3281 1763 3368 1817 alii
3399 1762 3653 1832 potestati

1473 1853 1528 1939 iii
1554 1883 1839 1938 Flavianus
1869 1883 1956 1952 qui
1984 1864 2034 1926 B
2063 1865 2484 1935 irreligiosorum
2516 1857 2816 1916 desecanda
2844 1856 3078 1912 felicium
3103 1856 3335 1925 capitum
3376 1853 3512 1908 colla
3537 1853 3661 1907 sub-

2063 1957 2310 2021 mittunt;
2361 1955 2544 2024 plures
2573 1951 2627 2005 in
2650 1959 2953 2007 exstructos
2979 1961 3140 2018 rogos
3169 1954 3414 2011 currunt,
3469 1952 3524 1998 et
3549 1953 3660 1999 tre-

2065 2047 2370 2117 pidantibus
2400 2060 2571 2115 pretia:
2612 2043 2876 2098 ministris
2905 2043 3079 2112 ignem
3104 2039 3241 2094 saltu
3269 2038 3476 2094 devota:
3507 2037 3659 2092 festi-

2065 2142 2296 2197 nationis
2350 2141 2612 2194 insiliunt.
2659 2158 2677 2191 ι
2736 2137 2887 2192 Hunc
2939 2135 2990 2190 in
3046 2132 3370 2205 martyribus
3424 2131 3660 2202 patiendi

2063 2236 2310 2290 ardorem
2369 2234 2572 2304 optime
2639 2231 2896 2287 describit
2958 2237 3178 2285 sanctus
3240 2225 3660 2297 Chrysostomus

2063 2330 2304 2385 oratione
2334 2330 2385 2382 in
2426 2328 2759 2391 Romanum,
2800 2324 3071 2380 diabolum
3099 2322 3171 2375 ita
3222 2321 3530 2388 loquentem
3574 2317 3659 2371 iu-

2065 2424 2352 2480 troducens
2375 2421 2454 2492 (3)
2488 2439 2499 2474 :
2523 2441 2540 2472 (
2567 2421 2774 2475 Prunas
2790 2415 3081 2479 substravi,
3110 2413 3163 2467 hi
3183 2421 3358 2466 autem
3383 2420 3656 2480 tamquam

2064 2516 2130 2572 ad
2163 2529 2316 2569 rosas
2353 2512 2677 2575 currebant;
2713 2512 2890 2579 ignem
2938 2505 3181 2569 accendi,
3213 2505 3286 2558 illi
3340 2514 3517 2559 autem
3544 2514 3662 2555 tan-

2065 2625 2226 2682 quam
2264 2609 2315 2662 iu
2356 2606 2532 2661 fontes
2559 2619 2816 2673 aquarum
2841 2599 3148 2670 frigidarum
3180 2597 3387 2665 seipsos
3415 2595 3659 2665 projicie-

2065 2703 2260 2757 bant...
2303 2700 2375 2754 Et
2419 2710 2686 2767 tamquam
2708 2694 2762 2748 in
2791 2707 2942 2747 sacra
2965 2688 3398 2762 pompachoreas
3413 2697 3656 2755 agentes,

2066 2803 2122 2851 et
2170 2795 2221 2848 in
2269 2792 2426 2848 viridi
2483 2799 2633 2861 prato
2679 2789 2948 2852 ludentes,
2996 2786 3068 2840 ita
3111 2791 3378 2839 tormenta
3409 2781 3662 2851 'quisque

2067 2887 2311 2957 arripuit,
2353 2899 2462 2940 non
2495 2894 2746 2953 tanquam
2778 2894 2985 2950 pinnas,
3017 2876 3114 2934 sed
3140 2876 3287 2930 velut
3322 2888 3518 2929 vernos
3557 2873 3660 2926 ﬂo-

2066 2995 2156 3035 res
2209 2979 2562 3049 accipieutes,
2614 2985 2670 3031 et
2709 2973 2952 3029 coronati
3000 2981 3056 3026 et
3090 2967 3322 3039 propria:
3368 2965 3660 3021 alacritatis

2067 3089 2291 3130 excessu
2332 3080 2595 3126 tormenta
2648 3083 2765 3123 mea
2811 3064 3213 3136 prieripiebant.
3242 3081 3260 3114 ι

2139 3171 2252 3227 Vll.
2295 3169 2479 3238 Neque
2507 3168 2699 3221 mirum
2728 3172 2827 3230 est,
2855 3163 3062 3230 aliquos
3088 3159 3287 3215 bestias
3312 3157 3420 3227 jam
3449 3163 3663 3226 paratas

1991 3254 2036 3318 C
2070 3266 2137 3321 ad
2163 3279 2317 3320 suam
2342 3262 2584 3332 ipsorum
2612 3273 2797 3314 necem
2829 3269 3174 3327 provocasse,
3204 3259 3297 3307 aut
3326 3248 3663 3306 crudelitatis

2070 3363 2424 3418 instrumenta
2474 3358 2534 3419 jn
2589 3355 2864 3425 procinctu
2916 3351 3085 3420 posita
3129 3347 3197 3402 ad
3244 3342 3660 3400 accelerandum

2070 3456 2384 3526 martyrium
2412 3451 2551 3507 ultro
2580 3447 2920 3509 adhibuisse;
2965 3459 3088 3498 cum
3119 3439 3422 3497 certissime
3451 3443 3663 3491 constet

2070 3553 2121 3608 id
2152 3551 2292 3623 quod
2325 3549 2491 3603 multo
2513 3545 2686 3616 majus
2710 3554 2810 3606 est,
2837 3557 2994 3613 quam
3026 3539 3286 3609 plurimos
3306 3541 3536 3589 mortem
3566 3546 3664 3602 pro

2068 3650 2265 3708 Christi
2315 3648 2530 3702 nomine
2559 3642 2906 3714 appetivisse,
2945 3653 3066 3694 cum
3118 3637 3172 3690 in
3220 3635 3454 3690 hostium
3486 3639 3664 3701 potes—

2071 3756 2178 3801 tate
2222 3759 2328 3798 non
2372 3749 2569 3803 essent,
2622 3737 2830 3806 seipsos
2885 3731 3155 3788 indicasse
3185 3730 3472 3796 hostesque
3517 3724 3665 3794 ipsos

2071 3837 2138 3892 ad
2164 3834 2481 3904 supplicium
2514 3827 2860 3899 inﬂigendum
2890 3835 3229 3893 provocasse.
3258 3819 3332 3873 De
3347 3813 3668 3873 Christianis

2070 3933 2152 3986 sui
2181 3929 2436 3999 temporis
2462 3925 2727 3981 Lucianus
2757 3921 2810 3976 in
2832 3918 3127 3988 Peregrino
3159 3916 3237 3988 (3)
3267 3934 3281 3968 :
3318 3932 3337 3966 ε
3358 3910 3535 3968 Miseri
3568 3907 3667 3962 ho—

2071 4030 2264 4093 mines,
2314 4040 2342 4078 a
2371 4024 2562 4093 seipsis
2589 4020 2829 4092 persuasi
2860 4019 2971 4073 fore
3001 4032 3059 4071 se
3089 4017 3297 4084 integre
3316 4010 3659 4068 immortales

2072 4133 2390 4191 semperque
2428 4118 2684 4180 victuros,
2734 4121 2964 4167 mortem
2993 4115 3368 4174 contemnunt,
3401 4106 3666 4172 multique

2071 4218 2213 4272 ultro
2263 4229 2322 4268 se
2363 4212 2510 4282 ipsos
2551 4207 2772 4263 dedunt.
2813 4223 2831 4255 ›
2887 4203 3128 4259 Justinus
3184 4200 3384 4271 Martyr
3436 4198 3669 4252 fatetur.

2073 4309 2419 4366 christianum
2452 4318 2510 4357 se
2543 4301 2735 4354 factum
2766 4311 2886 4352 esse
2923 4293 3065 4366 quod
3100 4292 3149 4348 ei
3190 4305 3350 4347 nemo
3387 4288 3562 4344 malus
3587 4288 3668 4341 vi-

2075 4403 2292 4459 deretur
2323 4397 2400 4469 (4)
2431 4416 2450 4448 ι
2479 4402 2704 4450 mortem
2735 4400 2951 4461 optare;
2979 4385 3172 4441 nedum
3202 4392 3258 4437 ut
3295 4382 3575 4454 quisquam
3612 4393 3671 4432 se

2075 4497 2248 4566 ipsum
2282 4488 2577 4546 necandum
2606 4485 2749 4540 ultro
2782 4480 3032 4553 proderet
3079 4493 3142 4532 ac
3170 4475 3427 4541 deferret,
3469 4493 3489 4526 ι
3521 4470 3665 4544 quod

2075 4560 2364 4644 Christiani
2414 4594 2537 4638 tunc
2564 4576 2835 4648 Ttemporis
2879 4574 3141 4630 fecerunt.
3200 4568 3562 4626 Tertullianus
3605 4560 3674 4619 ad

369 4698 492 4768 cum
541 4679 832 4747 proconsul
878 4676 1094 4733 ﬂectere
1137 4691 1260 4731 eum
1315 4675 1497 4741 vellet,
1544 4673 1855 4742 diceretque
1909 4681 1962 4725 ut

2071 4681 2376 4751 Scapulam,
2401 4690 2520 4746 cap.
2546 4675 2570 4728 1
2601 4691 2613 4726 :
2639 4691 2658 4725 ι
2679 4671 2811 4726 Cum
2840 4669 2986 4724 omni
3008 4666 3210 4723 saevitia
3240 4673 3420 4721 vestra
3443 4678 3675 4719 concer—

376 4765 530 4830 suam
557 4774 671 4842 ipse
702 4780 914 4828 aetatem
959 4772 1336 4834 miseraretur;
1366 4768 1455 4823 ille
1481 4767 1704 4822 bestiam
1733 4765 1876 4820 ultro
1901 4765 1967 4818 ad

376 4882 438 4923 se
493 4867 732 4928 attraxit,
779 4866 936 4935 eique
987 4865 1092 4918 vim
1127 4861 1322 4917 intulit.
1356 4878 1374 4911 ι
1431 4859 1543 4914 Hoc
1587 4858 1728 4912 enim
1779 4855 1970 4911 fecisse

376 4969 646 5023 narratur,
701 4967 760 5012 ut
800 4956 1118 5030 martyrium
1165 4955 1532 5009 acceleraret:
1571 4969 1590 5002 ι
1616 4951 1851 5020 Cupiens
1881 4964 1972 5004 ve-

371 5055 547 5109 locius
582 5069 647 5109 ex
677 5053 872 5121 injusta
922 5061 976 5107 et
1014 5051 1194 5120 iniqua
1225 5064 1409 5104 eorum
1453 5046 1728 5100 hominum
1763 5045 1866 5098 vita
1895 5043 1972 5099 ef—

369 5150 573 5219 fugere.
625 5146 757 5201 lude
798 5157 977 5200 autem
1011 5144 1209 5199 factum
1242 5151 1342 5206 est,
1379 5149 1438 5196 ut
1481 5141 1737 5193 universa
1787 5136 1972 5190 multi-

373 5242 499 5296 tudo
550 5237 924 5294 fortitudinem
976 5237 1044 5307 pii
1089 5250 1152 5290 ac
1184 5233 1418 5304 religiosi
1463 5232 1679 5302 generis
1707 5228 1974 5284 Christia-

372 5346 565 5388 norum
590 5329 878 5394 admirata,
912 5338 1015 5383 etc.
1041 5349 1060 5380 ›
1112 5327 1206 5382 Ille
1232 5326 1393 5396 igitur
1414 5324 1788 5390 Germanicus,
1817 5336 1976 5391 quem

449 5511 528 5580 (1)
570 5515 863 5575 Βθυλομένου
905 5515 998 5578 γὰρ
1041 5518 1122 5563 τοῦ
1161 5511 1453 5568 ἀνθυπάτου,
1494 5504 1668 5556 πείθειν
1698 5503 1859 5556 αὐτὸν.
1897 5507 1981 5550 καὶ

379 5590 526 5650 λέγειν
556 5582 662 5646 (Vt’l
693 5580 922 5647 λέγοντος)
954 5576 1040 5634 +9»
1069 5582 1257 5638 ἡλικίαν
1279 5582 1423 5631 αὐτοῦ
1459 5576 1801 5639 κατοικτεῖραι,
1830 5576 1981 5636 ἑαυτῷ

380 5659 677 5707 lassatam-:9
698 5663 753 5703 τὸ
781 5655 940 5720 θηρίον
963 5656 1392 5720 προσβιασάμενος,
1410 5655 1576 5714 τάχιον
1601 5652 1685 5720 τεῦ
1706 5645 1873 5694 ἀδίκου
1896 5642 1979 5720 κξὶ

384 5725 564 5788 ἀνόμευ
594 5734 706 5792 βίω
737 5727 890 5777 αὖτῶν
909 5724 1252 5788 ἀπαλλαγῆναι
1291 5722 1593 5790 βιυὶόμενος.
1616 5707 1684 5768 Ex
1712 5716 1877 5766 τούτου
1907 5707 1986 5765 οὖν

384 5802 484 5847 πᾶν
511 5803 563 5846 τὸ
594 5803 762 5855 πλῆθος
789 5800 1040 5862 θαυμάσας
1061 5784 1148 5846 τιὲίν
1173 5784 1482 5859 γενναίιότησὲα
1519 5793 1606 5841 τοῦ
1639 5789 1873 5852 θεοφιλοῦς
1901 5784 1986 5836 καὶ

380 5868 618 5928 Θεσσεϐοῦς
639 5874 792 5932 γένους
811 5877 902 5920 τῶν
929 5871 1250 5951 Χριστιαιῶν,
1283 5873 1388 5917 etc.

2073 4782 2270 4838 tamus,
2318 4769 2478 4826 etiam
2527 4765 2670 4820 ultro
2693 4769 3060 4834 erumpentes,
3094 4757 3370 4829 magisque
3400 4755 3674 4821 damnati,

2149 4929 2226 5001 ('1)
2267 4931 2491 4987 Συντὸνως
2516 4928 2802 5001 ἐξεπήδησεν
2831 4927 2894 4983 εὶς
2922 4928 3139 5001 τίδ’-πῦρ,-
3158 4922 3675 5001 κοεξθκοιτιιπέφλεκται.

2078 4987 2252 5073 Epist.
2276 5001 2340 5073 ad
2371 4999 2502 5053 Fab.
2534 4996 2784 5073 Antioch.
2809 4992 2954 5073 apud
2979 4987 3178 5073 ltf‘u'seb.
3321 5001 3402 5073 vi,
3431 4987 3547 5073 cap.
3581 4989 3672 5039 .it.

2151 5074 2232 5146 (2)
2271 5060 2874 5146 ἄνθρακαςΑὖπεστὸρεσ-αν,
2914 5071 2957 5146 ei
2998 5065 3153 5146 sine;
3190 5060 3427 5146 ini‘pédx
3470 5065 3677 5144 εῗρεχον.

2079 5133 2174 5216 Πῦβ
2217 5133 2395 5212 clamaui,
2434 5149 2478 5192 oi
2518 5143 2565 5191 δὲ
2612 5145 2670 5199 ὡς
2724 5133 2789 5198 ei;
2834 5139 2991 5197 πηγὰς
3041 5134 3218 5183 ὑδάτων
3273 5137 3458 5216 ψυιχρῶν
3489 5133 3682 5186 ἑαυτοὺς

2080 5202 2480 5286 ἕρέιψαν.ν.”...’....
2523 5212 2606 5262 uti
2637 5215 2785 5277 ὥσπερ
2817 5212 2860 5258 ἓν
2891 5210 2993 5286 ἱεξᾷ
3015 5215 3183 5286 πθμιττῇ
3213 5202 3508 5286 χορεύοντεςὶ
3529 5209 3610 5251 καὶ
3640 5206 3684 5252 ἐν

2083 5276 2275 5354 irit/scivi
2332 5291 2578 5343 παίζοντες
2630 5276 2837 5347 χλοερῷ,
2889 5279 3020 5327 αὓτῶ
3076 5277 3162 5330 τὰς
3207 5280 3439 5338 τιμωρίας
3487 5276 3681 5328 ἕκαστος

2084 5346 2315 5428 ἥρέταςον,
2339 5352 2447 5407 ἀλλ’
2459 5359 2517 5412 ὡς
2534 5355 2648 5408 ἄνθη
2663 5353 2981 5416 λαμβάνοντες
2994 5348 3180 5412 ἐαρινὰ,
3196 5352 3278 5393 καλ
3298 5346 3634 5407 στεοανοὺμενο
3645 5365 3680 5400 ι,

2084 5419 2166 5482 xiii
2195 5441 2252 5499 τῇ
2273 5439 2356 5495 τῇς
2381 5428 2555 5480 eiulat;
2583 5425 2844 5489 προθυμίαις
2873 5421 3113 5485 ὑπερβολῇ
3135 5419 3224 5474 τὰς
3251 5419 3310 5479 ἐμ
3346 5439 3367 5469 ε
3393 5419 3680 5482 προξρθοινον

2080 5509 2331 5567 τιμωρίαις.
2759 5563 2771 5567 _
2841 5566 2846 5567 γ
2900 5501 2904 5505 ’

2277 5575 2542 5621 [laminam
2581 5569 2676 5640 7dr}:
2716 5563 2888 5640 curui):
2925 5566 2968 5612 οἱ
3003 5561 3342 5640 κακοδαίμρῖες
3381 5560 3434 5610 τὸ
3459 5563 3544 5623 μὲν
3578 5561 3683 5606 ὅλον

2085 5627 2271 5695 ἕσεξθᾶι
2301 5641 2381 5692 καὶ
2416 5637 2680 5707 βιώσεσθαι
2712 5641 2792 5688 τὸν
2821 5636 2897 5685 ἀεὶ
2927 5636 3107 5700 χρόνον·
3139 5627 3256 5697 παρ’
3283 5633 3308 5678 ὃ
3328 5636 3409 5678 καὶ
3436 5648 3684 5694 καταφρο-

2082 5725 2212 5766 νοῦσι
2240 5717 2324 5768 τοῦ
2350 5714 2572 5766 θανάτου,
2600 5707 2889 5762 καὶ,ἑκὸντες
2919 5707 3089 5759 αὖτοὺς
3114 5701 3406 5753 ἐπιδιδόασιν
3425 5705 3469 5750 οἳ
3498 5703 3682 5748 mild.

2157 5784 2236 5854 (4)
2278 5786 2493 5835 Θάνατον
2541 5783 2879 5842 ἀσπάζεσθαι,
2936 5772 3038 5840 οὐχ’
3081 5776 3155 5828 ὃτι
3193 5777 3362 5824 ἑαυτὸν
3402 5775 3686 5835 ieeur/75).):

2085 5856 2483 5928 φονευθησὸμινιν.
