4218 6268
347 304 461 375 “9

1120 330 1132 341 ο
1221 309 1358 370 PRO
1396 310 1491 370 SS.
1535 310 1925 383 PERPETUA,
1966 313 2379 377 FELICITATE
2419 317 2507 377 ΕΤ
2542 316 2769 379 SOCIIS.

3555 320 3660 384 150

345 432 481 506 tyrii
512 428 802 507 cupiditate
847 424 1135 501 ﬂagrantes
1161 471 1176 498 ,
1227 430 1279 485 in
1323 438 1549 485 mortem
1582 429 1667 504 (si
1711 432 1778 485 ita
1811 428 1955 502 loqui
1982 434 2035 494 Α
2060 437 2317 506 consule,
2352 437 2555 494 aditum
2587 438 2640 493 iu
2674 454 2733 495 se
2778 437 3085 495 adversario
3110 439 3318 512 Spiritui
3358 441 3658 514 przehuisse

345 524 435 581 fas
459 522 583 595 est)
615 521 918 594 praecipites
943 520 1292 587 ferebantur;
1336 520 1404 576 ad
1444 536 1605 593 quam
1648 536 1745 578 eos
1770 522 1952 579 divino

343 616 555 690 Spiritu
581 618 725 672 intus
753 614 1074 685 inspirante,
1105 610 1424 683 anhelasse,
1453 616 1537 670 vel
1583 630 1652 670 ex
1692 616 1951 672 miraculo

343 720 585 769 constat.
613 706 750 765 Cum
775 709 921 765 enim
948 708 1151 764 nemini
1174 707 1334 764 liceat
1361 706 1415 763 in
1460 722 1610 763 suam
1654 710 1949 781 perniciem

338 804 453 861 nisi
498 803 612 859 Deo
655 802 916 873 jubente,
960 801 1227 873 grassari;
1286 801 1632 855 temerarium
1680 811 1732 857 et
1778 801 1949 856 audax

340 897 556 955 facinus
585 909 880 966 numquam
910 892 1052 950 Deus
1079 892 1355 949 miraculis
1382 893 1812 965 comprobasset,
1846 895 1949 951 nisi

340 990 534 1047 fuisset
585 988 705 1060 ejus
742 987 1065 1044 auctoritate
1120 994 1449 1056 susceptum.
1499 986 1702 1042 Eodem
1742 985 1949 1059 Spiritu

342 1095 402 1141 et
426 1083 550 1139 illos
572 1091 724 1138 actos
743 1080 916 1136 fuisse
939 1122 953 1143 ,
983 1080 1074 1151 qui
1100 1094 1160 1135 se
1181 1080 1327 1150 ipsos
1354 1080 1496 1134 ultro
1520 1079 1766 1151 tyrannis
1793 1078 1950 1134 obtu-

342 1178 564 1244 lerunt,
609 1177 721 1244 vel,
753 1174 944 1245 majori
974 1184 1133 1245 quam
1164 1172 1480 1229 debuissent
1523 1172 1769 1228 libertate
1796 1184 1951 1228 utcu-

353 1283 439 1330 tes
462 1313 478 1338 ,
510 1270 579 1326 ad
605 1268 941 1325 saeviendum
982 1268 1153 1340 magis
1188 1267 1469 1338 magisque
1504 1265 1907 1324 iullammarunt
1929 1308 1945 1335 ,

344 1372 402 1421 et
447 1377 634 1419 eorum
680 1370 869 1432 postea
917 1359 1235 1417 memoriam
1267 1361 1408 1415 inter
1435 1369 1654 1415 sanctos
1683 1370 1950 1434 martyres

347 1468 566 1527 semper
602 1453 771 1510 coluit
822 1451 1064 1509 Ecclesia
1090 1494 1107 1521 ,
1147 1464 1246 1523 pro
1291 1460 1441 1507 certo
1484 1452 1778 1507 tenendum
1825 1460 1946 1520 est,

346 1548 450 1604 nisi
476 1548 793 1604 innumeros
822 1556 1088 1619 martyres
1114 1553 1146 1601 e
1182 1543 1352 1599 sacris
1388 1542 1552 1601 tusus
1600 1558 1945 1616 expungere,

346 1650 534 1696 nostro
563 1639 827 1696 arbitratu
852 1638 1102 1696 velimus.
1138 1636 1199 1694 In
1244 1638 1438 1694 horum
1486 1653 1712 1693 numero
1753 1648 1950 1712 marty-

346 1750 471 1791 rum
497 1734 604 1806 jam
633 1734 760 1790 inde
788 1734 858 1789 ab
883 1732 1074 1801 initio,
1116 1742 1172 1788 et
1217 1744 1323 1789 non
1356 1730 1664 1802 interrupta
1704 1742 1946 1803 postmo-

2055 534 2108 584 et
2134 528 2381 585 daemone
2410 531 2675 601 repletum
2704 531 2864 587 subiti
2895 533 3127 604 quodam
3157 533 3342 592 furore
3367 550 3430 592 ac
3458 540 3657 594 mentis

2054 635 2279 677 excessu
2321 624 2534 679 concuti
2584 623 2848 697 ccepisse,
2912 635 2966 681 et
3014 641 3151 681 nova
3202 629 3445 698 quaedam
3493 641 3655 702 atque

2054 712 2293 769 inaudita
2322 717 2605 787 proloqui,
2653 727 2757 773 etc.
2812 736 2833 771 ι
2876 716 2966 772 Ait
2992 718 3209 789 quidem
3241 719 3307 776 de
3350 735 3447 775 suo
3489 722 3655 779 Para-

2052 802 2195 861 cleto
2220 805 2581 864 Tertullianus
2635 808 2716 881 (l)
2760 822 2774 862 :
2828 808 3201 865 exhortatorem
3252 812 3424 882 ipsum
3492 812 3657 870 fuisse

2059 913 2081 947 ι
2113 896 2339 950 omnium
2366 898 2757 953 tolerantiarum
2774 915 2795 967 ;
2826 918 2845 953 ι
2873 899 2967 956 sed
2996 917 3095 955 nos
3117 899 3204 957 hic
3230 918 3337 957 non
3369 904 3655 960 verborum

2052 986 2179 1045 folia
2208 991 2520 1058 quaerimus,
2551 992 2646 1047 sed
2677 1004 2900 1063 Operum
2945 994 3165 1050 fruetus.
3213 995 3345 1063 Quze
3388 995 3441 1051 in
3498 1011 3656 1053 mon-

2053 1081 2265 1138 tanistis
2307 1092 2564 1153 quantum
2612 1087 2752 1141 inter
2775 1100 2834 1141 se
2860 1086 3089 1142 invicem
3119 1087 3519 1159 discreparent,
3561 1090 3651 1147 vel

2051 1186 2117 1229 ex
2135 1172 2237 1229 hoc
2265 1173 2579 1229 Tertulliani
2600 1175 2720 1231 loco
2741 1191 2860 1232 cum
2893 1177 2998 1232 alio
3026 1179 3289 1248 Apollonii
3316 1182 3510 1236 collato
3535 1197 3656 1237 ma-

2053 1265 2399 1324 nifestissime
2441 1269 2625 1336 liquet.
2655 1266 2745 1323 Sic
2773 1270 2915 1324 enim
2948 1269 3307 1327 Tertullianus
3335 1290 3349 1327 τ
3389 1293 3407 1326 ι
3439 1274 3505 1328 Et
3532 1274 3655 1330 ideo

2051 1361 2361 1415 Paracletus
2388 1361 2725 1415 necessarius
2750 1358 3010 1417 deductor
3050 1365 3288 1418 omnium
3319 1364 3604 1420 veritatum
3631 1408 3644 1433 ,

2051 1454 2366 1507 exhortator
2405 1452 2646 1507 omnium
2682 1453 3085 1509 tolerantiarum
3117 1471 3133 1510 :
3163 1471 3320 1525 quem
3364 1457 3461 1527 qui
3498 1472 3651 1512 rece-

2052 1550 2285 1616 perunt,
2310 1558 2484 1613 neque
2512 1542 2696 1616 fugere
2726 1546 3156 1615 persecutionem
3184 1560 3360 1618 neque
3388 1544 3656 1602 redimere

2052 1646 2348 1706 noverunt,
2397 1637 2658 1695 habentes
2684 1639 2877 1709 ipsum,
2913 1639 3003 1710 qui
3049 1654 3145 1709 pro
3173 1640 3328 1695 nobis
3355 1641 3480 1708 erit,
3514 1642 3654 1696 sicut

2051 1732 2324 1786 locuturus
2342 1731 2394 1786 in
2410 1731 2831 1801 interrogatione
2850 1732 2922 1786 ita
2942 1731 3225 1802 iuvaturus
3240 1732 3294 1787 in
3320 1732 3590 1801 passione.
3630 1750 3650 1785 ι

344 1827 475 1883 dum
524 1837 601 1883 tot
646 1827 968 1882 saeclorum
1019 1826 1161 1883 serie
1206 1824 1472 1896 Perpetua
1512 1825 1688 1881 locum
1735 1825 1942 1882 habuit.
1974 1828 2022 1889 B
2051 1822 2188 1894 Quid
2239 1839 2368 1879 vero
2418 1824 2485 1880 de
2541 1823 2809 1894 primariis
2832 1824 3067 1879 Montani
3097 1823 3373 1894 discipulis
3410 1833 3465 1881 et
3517 1824 3658 1879 illius

345 1919 663 1990 Undequod
686 1919 928 1989 jugulum
969 1917 1254 1990 gladiatori
1302 1917 1637 1989 praestiterit,
1669 1926 1723 1973 et
1748 1933 1939 1974 erran-

346 2022 462 2071 tem
486 2011 722 2085 gladium
748 2010 848 2067 sibi
878 2011 1255 2083 attemperarit
1274 2050 1291 2077 ,
1319 2011 1451 2067 vitio
1471 2010 1550 2067 illi
1576 2010 1812 2066 dandum
1835 2026 1942 2069 non

344 2114 456 2172 est,
488 2104 584 2160 sed
608 2103 675 2159 ad
701 2104 939 2160 divinum
961 2144 980 2171 ,
1027 2119 1134 2174 quo
1181 2104 1327 2159 intus
1352 2104 1616 2186 agebatur
1634 2146 1650 2171 ,
1682 2103 1942 2175 Spiritum

343 2195 667 2268 praeclarum
710 2194 921 2251 facinus
959 2194 1322 2251 referendum.
1361 2194 1558 2266 Aliquo
1600 2194 1747 2250 enim
1787 2195 1945 2266 spiri-

342 2298 401 2344 tu
425 2298 602 2345 actam
653 2287 818 2346 fuisse
858 2289 1178 2359 Perpetuam
1199 2329 1214 2355 ,
1260 2288 1384 2344 sine
1423 2288 1791 2345 controversia
1839 2297 1943 2344 est.

344 2383 618 2451 Quaeritur
644 2391 871 2451 tantum,
900 2382 1117 2439 bonone
1159 2398 1227 2437 an
1255 2382 1398 2436 malo
1417 2381 1610 2451 spiritu
1636 2381 1942 2436 duceretur.

344 2476 459 2533 Sed
483 2490 603 2531 cum
628 2478 683 2531 in
704 2476 828 2546 ejus
850 2476 1062 2532 actibus
1081 2474 1217 2532 nihil
1240 2472 1706 2529 animadversione
1725 2472 1946 2544 dignum

343 2576 632 2636 occurrat,
675 2567 773 2624 sed
816 2568 996 2623 omnia
1023 2567 1202 2637 potius
1242 2581 1366 2621 cum
1396 2566 1696 2636 sapientia,
1742 2573 1946 2619 etcum

341 2662 544 2717 virtute
570 2669 756 2731 gesta;
783 2660 912 2732 quin
940 2659 1329 2715 inhabitantem
1354 2658 1408 2712 in
1435 2672 1536 2713 suo
1561 2665 1780 2728 pectore
1822 2656 1949 2727 Spi-

341 2754 510 2810 ritum
558 2759 809 2808 aanctum
868 2750 1119 2808 habuerit
1164 2751 1430 2808 visionum
1460 2765 1680 2805 suarum
1702 2764 1764 2805 ac
1790 2763 1950 2805 reve-

343 2847 610 2903 lationes:
663 2855 978 2914 auctorem,
1028 2856 1202 2916 eoque
1239 2854 1522 2916 propterea
1570 2844 1714 2899 intus
1761 2842 1953 2913 impel-

344 2937 598 3006 lente,ad
617 2937 933 3010 martyrium
954 2950 1299 3009 properasse,
1320 2933 1676 2992 dubitandum
1702 2949 1809 2990 non
1831 2944 1953 2991 esse

349 3029 586 3086 videtur.

418 3124 515 3181 IX.
544 3123 650 3183 Sed
671 3133 731 3181 ut
753 3125 935 3182 omnis
962 3124 1063 3181 hac
1087 3124 1158 3181 de
1205 3140 1267 3180 re
1305 3122 1612 3195 ambigendi
1656 3121 1726 3178 de
1775 3119 1955 3177 medio

2047 1927 2229 1983 sectae,
2264 1925 2322 1971 tit
2374 1931 2433 1972 se
2489 1915 2785 1987 jactabant,
2815 1916 3179 1989 martyribus,
3231 1915 3560 1972 Themisone
3607 1924 3663 1975 et

2045 2009 2356 2067 Alexandro
2384 2009 2748 2079 Apollonius?
2775 2011 2969 2065 Annon
2998 2010 3080 2066 his
3117 2011 3340 2066 omnino
3379 2014 3653 2068 contraria

2047 2103 2187 2173 apud
2227 2102 2516 2158 Eusebium
2566 2103 2844 2159 memoria:
2894 2102 3174 2173 prodidit?
3220 2103 3291 2159 Et
3323 2103 3480 2173 paulo
3511 2108 3655 2174 poSt,

2047 2196 2220 2266 inquit
2256 2194 2522 2252 Eusebius
2550 2194 2656 2269 (2),
2712 2197 2783 2255 de
2832 2197 3065 2269 quodam
3117 2212 3186 2253 ex
3215 2212 3404 2253 eorum
3431 2208 3658 2255 numero

2048 2291 2138 2358 qui
2183 2290 2527 2346 confessores
2577 2288 2719 2360 apud
2766 2291 2915 2359 ipsos
2969 2291 3261 2359 habentur,
3310 2291 3429 2347 haec
3481 2286 3654 2348 dicit:

2056 2398 2077 2434 ι
2115 2379 2386 2437 Praeterea
2408 2376 2702 2439 Themison
2725 2384 2969 2455 speciosa
2990 2384 3213 2440 avaritia
3240 2385 3535 2453 obvelatus,
3568 2389 3659 2458 qui

2051 2471 2408 2527 confessionis
2436 2471 2648 2543 signum
2674 2486 2782 2529 nun
2812 2475 3051 2545 pertulit,
3078 2475 3174 2531 sed
3197 2491 3389 2548 magna
3413 2479 3657 2549 pecuniae

2056 2562 2108 2619 vl
2138 2574 2358 2635 erogata
2402 2564 2618 2619 vincula
2662 2564 2860 2635 abjecit
2886 2584 2900 2620 :
2931 2580 3053 2621 cum
3109 2568 3179 2623 ob
3232 2582 3353 2623 eam
3408 2582 3655 2637 caussam

2053 2650 2352 2714 modestius
2399 2654 2656 2728 deinceps
2712 2670 2775 2713 ac
2817 2656 3139 2715 submissius
3192 2674 3352 2730 agere
3394 2658 3655 2730 deberet,

2057 2756 2329 2823 tamquam
2358 2762 2563 2823 martyr
2590 2764 2712 2807 sese
2736 2752 2990 2820 eﬂ'erens,
3044 2760 3294 2808 etc.......
3327 2752 3482 2820 Quod
3525 2769 3656 2809 vero

2054 2845 2125 2900 ad
2154 2843 2524 2900 Alexandrum
2551 2830 2826 2916 pertinet,
2849 2853 2909 2899 ut
2935 2844 3137 2900 veritas
3190 2844 3442 2902 omnibus
3492 2861 3657 2903 nosse

2055 2938 2394 3010 cupientibus
2453 2937 2786 3003 innotescat,
2843 2937 3116 3010 judicatus
3161 2947 3247 2995 est
3294 2939 3364 2995 ab
3432 2938 3658 2996 JEmilio

2055 3030 2315 3088 Frontino
2346 3033 2486 3089 Asiae
2515 3033 2871 3103 proconsule,
2922 3049 3030 3089 non
3075 3033 3146 3088 ob
3174 3048 3368 3089 nomen
3414 3032 3654 3102 Christi,

2058 3132 2153 3188 sed
2199 3130 2268 3188 oh
2306 3149 2367 3188 ea
2394 3150 2514 3203 quae
2560 3141 2965 3204 perpetraverat
3009 3130 3325 3197 latrocinia,
3378 3146 3500 3188 cum
3542 3133 3655 3202 jam

345 3219 488 3276 ratio
517 3218 769 3286 tollatur,
801 3234 909 3273 non
931 3217 1105 3273 solum
1147 3215 1445 3288 generatim
1464 3256 1481 3283 ,
1523 3213 1667 3286 quod
1692 3213 1952 3269 hactenus

2057 3226 2305 3280 desertor
2334 3224 2460 3281 lldei
2496 3233 2661 3281 esset.
2697 3220 2899 3280 Deinde
2946 3238 3080 3279 vero
3125 3224 3415 3279 ementitus
3459 3238 3657 3279 nomen

346 3315 611 3383 iecimus,
639 3315 929 3387 Perpetua
963 3315 1347 3384 sociorumque
1385 3321 1680 3383 martyrum
1721 3311 1950 3365 virtutes

348 3406 540 3478 inspici
566 3409 713 3472 volo,
735 3406 833 3463 sed
860 3405 927 3461 ad
948 3420 1041 3462 eas
1062 3404 1362 3477 prmsertim
1382 3404 1620 3459 animum
1642 3402 1948 3470 advertere,

346 3519 471 3574 quae
516 3502 871 3559 inhabitantis
902 3504 954 3558 in
981 3517 1045 3558 ea
1071 3501 1291 3574 spiritus
1317 3510 1374 3557 et
1404 3500 1669 3556 visionum
1694 3515 1758 3555 ac
1797 3514 1954 3555 reve-

344 3596 610 3652 lationum
641 3595 764 3666 ejus
820 3596 1023 3651 fructus
1071 3594 1414 3651 exstiterunt.
1453 3592 1509 3649 Si
1536 3592 1679 3648 enim
1704 3607 1771 3648 ex
1804 3592 1949 3646 l'ruc.

351 3687 499 3743 tibus
524 3687 701 3758 qualis
724 3688 793 3743 sit
811 3687 975 3742 arbor
999 3689 1339 3757 agnoscitur,
1383 3701 1447 3742 ex
1476 3685 1738 3741 fructibus
1768 3685 1953 3755 utique

353 3780 534 3850 qualis
564 3780 619 3834 in
657 3779 914 3851 Perpetua
954 3778 1119 3835 fuerit
1161 3781 1414 3851 spiritus,
1462 3779 1945 3852 deprehendamus.

356 3870 538 3943 Hujus
571 3871 789 3944 spiritus
824 3874 1132 3945 magisterio
1175 3890 1298 3930 cum
1337 3872 1729 3945 baptizaretur,
1762 3873 1952 3929 edocta

352 3968 583 4037 didicit,
617 3968 748 4025 nihil
776 3968 915 4027 aliud
961 3968 1257 4027 christiano
1281 3970 1636 4042 expetendum
1664 3986 1822 4041 quam
1855 3985 1953 4040 pa-

345 4062 592 4120 tientiam
619 4062 1061 4137 toierautiamque
1084 4064 1432 4137 passionum:
1469 4082 1487 4116 ι
1530 4063 1582 4117 1η
1632 4062 1746 4134 ipso
1782 4064 1953 4132 spatio

346 4174 647 4229 paucorum
708 4160 920 4215 dierum
973 4159 1223 4231 baptizati
1288 4173 1512 4223 sumus;
1579 4155 1706 4211 mihi
1774 4166 1952 4211 autem

349 4251 590 4323 Spiritus
611 4253 869 4322 dictavit,
901 4254 1030 4309 nihil
1061 4238 1203 4309 aliud
1238 4252 1528 4324 petendum
1558 4252 1610 4306 iu
1639 4268 1773 4322 aqua
1793 4293 1809 4319 ,
1852 4250 1952 4306 nisi

348 4348 720 4419 suﬂ’erentiam
762 4351 961 4406 carnis.
995 4368 1015 4403 ›
1052 4348 1333 4418 Quodnam
1367 4350 1469 4404 isto
1512 4347 1712 4403 certius
1740 4345 1865 4401 boni
1891 4360 1954 4400 ac

351 4441 520 4497 divini
556 4441 793 4513 Spiritus
816 4441 1227 4514 argumentum?
1254 4439 1369 4497 Non
1403 4438 1454 4495 id
1476 4449 1622 4496 certe
1652 4455 1779 4494 suus
1799 4480 1812 4502 ,
1842 4436 1953 4492 for-

354 4534 516 4589 tassis
543 4535 707 4589 etiam
756 4549 878 4589 cum
936 4533 1326 4603 baptizaretur,
1373 4531 1683 4586 Montanum
1738 4526 1955 4598 Spiritus

354 4625 575 4689 docuit,
608 4636 665 4679 ut
691 4641 851 4697 quem
878 4640 907 4679 a
935 4625 1201 4696 baptismo
1225 4632 1497 4680 reCentem
1527 4619 1810 4691 impotenti
1846 4636 1958 4675 am-
1985 4617 2039 4681 D

359 4714 563 4770 bitioue
587 4759 603 4785 ,
634 4730 687 4773 et
714 4716 1068 4773 immoderata
1104 4715 1258 4786 primi
1284 4715 1387 4772 loci
1416 4712 1705 4784 cupiditate
1734 4723 1958 4769 aestuas-

358 4823 421 4864 se
441 4852 454 4874 ,
490 4818 667 4862 intrrat
692 4787 937 4865 Asterius
961 4808 1047 4884 (1)
1077 4827 1090 4862 :
1128 4828 1147 4861 ι
1187 4806 1350 4863 Vicus
1379 4806 1594 4877 quidam
1623 4821 1739 4859 esse
1768 4804 1961 4861 dicitur

359 4903 413 4959 in
450 4902 615 4976 Mysia
647 4904 978 4960 enntcrt‘nina
1025 4898 1305 4976 Phrygi-1:,
1355 4901 1573 4957 nomine
1614 4898 1863 4955 Ardaba:
1898 4897 1957 4954 In

364 5011 474 5066 quo
515 4997 661 5052 aiunt
711 4994 1027 5054 Montanum
1074 4996 1362 5069 quemdam
1402 5013 1467 5051 ex
1501 4997 1563 5050 iis
1590 4996 1679 5066 qui
1726 4990 1957 5049 ﬁdelium

357 5108 588 5148 numero
637 5108 830 5148 recens
875 5091 1132 5163 adscripti
1181 5092 1420 5158 fuerant,
1476 5090 1760 5146 immodica
1801 5089 1962 5161 primi

357 5187 460 5245 loci
490 5189 785 5262 cupiditate
813 5199 1029 5263 captum
1073 5191 1304 5262 primum
1343 5191 1443 5244 sub
1468 5190 1631 5245 Grato
1662 5190 1802 5243 Asia:
1833 5202 1960 5257 pro-

429 5322 511 5396 (i)
543 5331 705 5400 Κώμῃ
729 5350 800 5400 τις
822 5324 944 5382 εἷκε
976 5332 1161 5397 λέγεται
1186 5333 1233 5381 ἓν
1248 5338 1306 5400 τῇ
1319 5331 1445 5381 κατὰ
1464 5337 1553 5386 τὴν
1576 5332 1777 5397 Φρυγίαν
1800 5330 1967 5393 Μυσίᾳ

429 5352 511 5396 μ)
546 5352 705 5448 nupti
729 5352 800 5388 τις
822 5352 944 5382 υκαι
976 5352 1161 5397 aqua:
1186 5352 1233 5381 ιν
1248 5352 1306 5400 τῃ
1319 5352 1445 5381 κατα
1464 5352 1553 5386 την
1576 5352 1777 5397 Ψρυγιαν
1801 5352 1967 5393 tuth

354 5404 652 5476 καλευμένηᾼ
709 5394 885 5467 ρδιεᾶν
909 5404 1140 5476 τοῦνομω
1172 5404 1279 5451 ἔνθα
1304 5407 1418 5476 φασί
1451 5418 1560 5476 τινα
1602 5406 1968 5476 τᾼῶῖξ-νεοπίστᾱξν

357 5476 577 5537 «pinea,
598 5472 1080 5541 Μοντιανὸν-τοῦνομά,
1113 5477 1239 5523 κατὰ
1254 5475 1432 5541 Γρᾶτον
1448 5472 1593 5529 Aetii;
1611 5473 1891 5529 ἀνθύπατον,
1924 5472 1969 5521 ἕν

358 5543 592 5608 ἱπιουμίᾳ
630 5549 785 5608 ψυχῆς
830 5538 1018 5612 ἀμέτρῳ
1062 5538 1407 5614 praemature“;
1458 5545 1597 5595 δόντα
1647 5541 1852 5610 ’πάροδον
1901 5543 1965 5600 si;

360 5614 528 5663 ἐαυτὸν
542 5620 609 5679 τῷ
655 5621 957 5683 uariaruntin
973 5612 1230 5681 πνεύματί,
1267 5612 1624 5685 «pendimus/fre
1642 5620 1724 5662 καί
1739 5612 1976 5677 αἰφνιδίως

362 5686 412 5737 δν
444 5696 625 5752 adﬁxa
655 5707 748 5737 τινι
776 5687 859 5736 καὶ
887 5684 1477 5755 παμκπᾶσεινγενόμενον,
1495 5690 1718 5755 ἱνθυσφᾷν·
1736 5684 1972 5755 ἄρξαςθσιί

363 5757 602 5827 {alubis
629 5757 712 5807 nisi
738 5753 1027 5827 fasceatus”.
1060 5754 1215 5827 Αιδυά
1259 5753 1573 5821 Eusebium,
1623 5753 1759 5810 libro
1786 5753 1972 5825 Quinto

366 5821 512 5880 Hist.
550 5822 772 5895 Eccles.,
803 5821 922 5899 (23p.
954 5827 1042 5884 l6.

2053 3312 2288 3384 Christi,
2319 3316 2575 3372 dimissus
2599 3324 2682 3371 est
2703 3359 2718 3384 ,
2746 3330 2869 3371 cum
2899 3316 3049 3373 urbis
3089 3314 3232 3370 illius
3264 3314 3452 3372 ﬁdeles
3497 3313 3656 3370 fefel-

2054 3408 2226 3466 lisset.
2258 3408 2502 3466 Ecclesia
2542 3424 2670 3465 vero
2698 3408 2817 3480 ejus
2857 3408 2958 3464 loci
2980 3451 2994 3476 ,
3027 3408 3172 3465 unde
3200 3418 3317 3464 erat
3358 3406 3618 3464 oriundus
3640 3450 3654 3473 ,

2055 3503 2230 3576 ipsum
2260 3518 2364 3557 non
2399 3488 2643 3572 recepit,
2690 3519 2757 3558 eo
2786 3498 2929 3572 quod
2960 3499 3244 3556 latrocinia
3270 3506 3571 3556 exerceret.
3601 3498 3657 3555 Si

2055 3594 2148 3667 qui
2197 3608 2325 3650 vero
2372 3600 2543 3649 totum
2592 3592 2735 3648 illius
2788 3592 3065 3665 negotium
3121 3592 3263 3649 scire
3307 3590 3655 3658 desiderant,

2056 3695 2256 3759 prtesto
2312 3692 2395 3743 est
2444 3685 2716 3757 publicum
2768 3687 2908 3742 Asiae
2959 3684 3305 3742 tabularium.
3355 3704 3375 3738 ι
3418 3681 3486 3741 Hi
3530 3692 3659 3741 sunt

2056 3779 2449 3838 mentanisticre
2476 3789 2639 3835 secta:
2668 3787 2940 3851 martyres
2954 3788 3011 3834 et
3045 3776 3415 3843 conl‘essores;
3444 3777 3501 3831 bi
3532 3787 3658 3832 sunt

2056 3874 2250 3945 quibus
2296 3870 2608 3935 Paracletus
2661 3886 2818 3926 suum
2865 3870 3142 3926 amaverat
3186 3870 3472 3943 spiritum,
3521 3884 3657 3941 quos

2055 3962 2421 4021 Tertullianns
2449 3964 2636 4019 bu'ccis
2668 3963 2868 4018 inﬂatis
2911 3963 3201 4034 praedicat,
3248 3979 3425 4035 neque
3472 3979 3655 4034 persc-

2056 4056 2326 4113 cutionem
2358 4056 2542 4126 fugere
2574 4056 2790 4110 novisse
2813 4098 2828 4122 ,
2881 4069 3057 4125 neque
3087 4054 3378 4111 redimere.
3426 4055 3510 4111 Ab
3552 4055 3653 4110 hac

2056 4148 2218 4204 etiam
2250 4146 2557 4218 passionum
2586 4146 2870 4201 tolerantia
2925 4144 3278 4215 prophetissis
3307 4146 3421 4201 suis
3452 4161 3646 4216 sugge.

2057 4242 2222 4298 renda
2267 4240 2462 4297 Prisca:
2493 4238 2611 4313 (seu
2640 4235 2924 4311 Priscillae)
2974 4245 3028 4294 et
3075 4234 3381 4293 Maximilla:
3432 4239 3654 4310 spiritus

2058 4348 2218 4403 quam
2250 4331 2563 4405 longissime
2588 4330 2809 4397 aberat,
2838 4331 2907 4387 de
2932 4330 3127 4404 quibus
3162 4329 3304 4387 idem
3353 4329 3653 4387 audiendus

2058 4425 2382 4498 Apollonius
2408 4424 2521 4497 qui,
2550 4430 2606 4480 ut
2630 4428 2712 4480 est
2750 4420 2894 4497 apud
2934 4418 3223 4481 Eusebium
3253 4422 3359 4498 (5),
3416 4423 3485 4482 de
3505 4421 3655 4480 Mon-

2136 4600 2350 4673 (l),Lib.
2379 4601 2443 4656 de
2475 4599 2622 4673 Fuga
2648 4601 2703 4656 in
2727 4607 2954 4672 persecat
2980 4602 3033 4656 in
3061 4602 3180 4672 ﬁne.

2139 4674 2220 4742 (2)
2256 4672 2399 4736 Auri;
2453 4677 2500 4749 δὲ
2552 4672 2859 4749 bttuatur-580‘s;
2908 4685 3018 4744 mp!
3062 4696 3184 4736 τινος
3226 4692 3318 4732 τῶν
3360 4678 3467 4732 κατ’
3495 4682 3667 4743 αὖτοὺς

2062 4746 2356 4813 iunior/mdia
2384 4747 2539 4801 ταῦτά
2569 4764 2724 4818 φησιν’
2746 4746 2838 4801 En
2859 4749 2906 4798 δὲ
2919 4756 3000 4799 καὶ
3016 4750 3257 4813 Θεμίσωνδ
3278 4762 3367 4810 τὴν
3389 4752 3668 4814 ἀξιόπιστον

2060 4818 2333 4883 «laevitas
2366 4824 2694 4887 ἂμφιεσμὲνον,
2746 4824 2770 4872 ὁ
2816 4828 2887 4886 μὶ
2913 4824 3163 4887 βασι-ὅσας
3200 4832 3282 4879 τῆς
3326 4824 3577 4885 ὁμολογίας
3613 4834 3668 4879 τὸ

2062 4898 2272 4954 eulmina,
2298 4892 2427 4942 ἀλλὰ
2459 4890 2627 4949 πλιθει
2673 4895 2929 4958 χρημάτων
2954 4892 3239 4955 ἀποθέμενος
3276 4894 3340 4942 τὰ
3367 4892 3535 4957 ἓεσμάο
3569 4895 3668 4949 δέον

2061 4962 2142 5035 ἐπὶ
2168 4966 2305 5035 τοῦτο
2332 4970 2725 5029 ταπεινοφρινιίν,
2758 4968 2817 5019 ὡς
2836 4966 3018 5035 μάρτυς
3042 4966 3357 5035 χαιξχώμςγος,
3390 4971 3665 5020 etc........

2064 5020 2142 5083 itm
2168 5033 2215 5082 δὲ
2242 5036 2341 5092 rei;
2369 5020 2675 5107 pecuniam;
2696 5020 2756 5084 ’έὰ
2775 5020 2918 5107 και-τὰ..
2936 5020 3220 5107 ἀλέξανδξοῦ
3244 5034 3285 5107 ἧ⁹
3300 5020 3555 5100 γνώρισμα,
3587 5044 3668 5089 χι..

2065 5124 2228 5170 κριται
2259 5107 2347 5155 ὑπὸ
2360 5105 2583 5166 Αἰμιλίου
2611 5110 2859 5171 Φροντίνου
2887 5103 3160 5155 ἀνθυπάτου
3188 5107 3236 5155 ἐν
3255 5103 3416 5172 Ερέσῳ
3441 5107 3494 5157 εὖ
3515 5107 3595 5158 διὰ
3613 5118 3666 5162 τὸ

2065 5177 2227 5239 ὄνομα,
2254 5173 2511 5237 ἀλλδιηδθῖνς
2526 5177 2753 5239 ἰτόλμησε
2778 5175 3012 5243 λῃστείας,
3030 5178 3089 5222 ὢν
3106 5176 3197 5234 ἤδη
3222 5181 3534 5245 πωραβὰκτηςο
3558 5177 3666 5231 εἶτα

2068 5250 2432 5309 Imprudens»;
2460 5258 2524 5312 τῷ
2543 5249 2738 5309 ὀνόματι
2776 5250 2858 5297 τοῦ
2880 5250 3078 5313 Κυρίου,
3103 5246 3399 5300 circinum:
3425 5247 3667 5312 πλανῆσος

2067 5323 2173 5376 τοὺς
2201 5320 2301 5368 διιεῖ
2326 5322 2539 5377 κισ-τοὺ(
2586 5326 2669 5370 καὶ
2715 5322 2744 5373 ἡ
2778 5318 2881 5367 ἰδία.
2917 5326 3149 5384 παροικίιι
3182 5319 3331 5370 αὖθι-οῦ
3369 5321 3467 5369 ὅθεν
3500 5323 3556 5378 ἦν
3581 5324 3665 5376 οὔκ

2069 5390 2281 5451 ἐδέξατο,
2312 5390 2393 5439 διὰ
2416 5396 2470 5439 τὸ
2499 5388 2621 5440 εἶναι
2644 5389 2783 5440 αὐτὸν
2803 5393 2996 5456 Matr
3017 5390 3097 5439 καὶ
3117 5394 3163 5440 οἱ
3193 5392 3398 5449 θέλοντες
3419 5394 3582 5456 μαθεῖν
3605 5398 3666 5447 τὸ,

2071 5448 2181 5529 araer,
2208 5460 2368 5529 αὺτὸν.
2405 5464 2563 5526 ἔχουσι
2606 5463 2661 5514 τό
2681 5472 2764 5518 τῆς
2795 5448 2941 5520 Acies;
2969 5459 3194 5524 δημόσιον
3223 5448 3431 5528 ἀρχιῖἐνί
3452 5457 3569 5515 Lib.
3606 5480 3660 5529 γ,

2072 5526 2211 5580 Hist.
2245 5527 2461 5591 Eccles.,
2492 5545 2609 5598 cap.
2645 5530 2730 5583 18.

2144 5598 2221 5669 (5)
2261 5603 2373 5669 Περὶ
2408 5618 2500 5656 τῶν
2543 5604 2838 5672 πρθφηιτίδων
2877 5605 2931 5673 δὶλ
2976 5604 3121 5656 αὖτσῦ
3165 5601 3457 5673 (Ποντιανοῦ)
3490 5609 3668 5658 ὑποκα-

2071 5678 2222 5731 ταϐὰς
2250 5676 2368 5724 οὓτω
2385 5680 2550 5745 wifes
2571 5670 2585 5701 λ
2610 5682 2857 5740 Δείκνυμεν
2884 5670 2957 5726 οὖν
2982 5676 3131 5734 αὐτὰς
3148 5670 3342 5742 ’ἠρώτας
3368 5670 3451 5736 τᾶξ-
3485 5692 3669 5745 ’προβῇ-

2072 5746 2208 5803 τιδας
2259 5748 2468 5810 ταύτας,
2530 5745 2610 5818 ἀφ’
2655 5749 2707 5800 οὗ
2746 5750 3133 5818 “Eumaeus”;
3162 5745 3515 5811 ἄπληρώθησαν,
3562 5757 3668 5808 τοὺς

2073 5819 2244 5890 ἄνδρας
2272 5812 2623 5883 καταλιποῦσὲις
2642 5836 2654 5850 ’
2686 5835 2779 5883 πῶς
2807 5812 2887 5874 οὖν
2921 5821 3179 5891 ﬂauam,
3219 5822 3426 5888 Πρίσκαν
3448 5824 3671 5893 παρθξνιν
