4156 6282
554 274 655 333 151

1703 273 2155 333 DISSERTATIO
2198 272 2675 332 APOLOGETICA

3756 275 3862 330 152

554 391 665 447 tani
692 393 1044 464 prephetissis
1071 394 1307 463 loquitur
1339 395 1391 450 in
1422 395 1566 450 hunc
1598 395 1816 451 modum
1844 414 1856 449 :
1897 417 1915 449 ‹
1945 397 2141 452 Osten-
2172 392 2223 452 A
2249 372 2491 460 minavit,
2523 408 2590 449 ex
2615 393 2807 465 quibus
2834 393 2965 448 nihil
2996 407 3103 449 non
3128 401 3371 449 sanctum
3409 391 3684 463 proﬂuxit,
3727 392 3864 450 nihil

554 487 735 543 (limus
775 489 954 560 igitur,
991 490 1180 560 inquit,
1216 489 1314 545 has
1342 491 1616 561 principes
1642 492 2039 561 prephetissas,
2071 492 2146 546 si-

553 581 666 634 mul
696 595 758 634 ac
793 581 991 650 Spiritu
1023 581 1255 652 impleta:
1287 592 1444 647 sunt,
1495 586 1638 639 viros
1683 598 1811 638 suos
1857 583 2144 638 dimisisse.

552 672 894 744 Quantopere
951 690 1080 744 ergo
1127 675 1543 741 mentiebantur,
1601 678 1690 748 qui
1720 677 1956 746 Priscum
1985 675 2148 744 virgi-

551 781 677 821 nem
697 767 988 822 vocabant!
1027 787 1044 820 ›
1077 769 1280 824 Deinde
1305 769 1584 841 subjungit
1610 770 1726 826 haec
1751 769 1915 825 verba
1941 786 1954 822 :
1992 785 2010 818 ι
2034 767 2148 822 Non

551 859 649 915 tibi
698 859 912 915 videtur
955 861 1234 931 Scriptura
1259 863 1509 918 universa
1558 863 1879 933 prohibere,
1932 876 1999 916 ne
2027 876 2152 931 pro-

551 953 716 1024 pheta
768 969 1023 1020 munera,
1078 963 1133 1008 et
1188 955 1440 1024 pecunias
1490 956 1751 1026 accipiat?
1799 951 1932 1008 Cum
1989 953 2152 1024 igitur

550 1047 763 1102 videam
806 1049 1202 1118 prephctissam
1233 1064 1421 1104 aurum
1453 1058 1506 1104 et
1531 1057 1834 1120 argentum,
1870 1056 2152 1116 vestesque

551 1140 819 1211 pretiosas
844 1142 1141 1209 accepisse,
1165 1142 1437 1212 quomodo
1467 1156 1585 1196 eam
1615 1156 1723 1194 non
1754 1138 2087 1208 repudiabo?
2125 1155 2144 1188 ι

549 1232 617 1289 Hi
669 1248 857 1302 reapse
895 1244 1048 1288 erant
1093 1235 1451 1290 montanistici
1500 1233 1730 1302 Spiritus
1761 1232 1961 1287 fructus
1986 1273 2001 1299 ,
2043 1246 2149 1286 non

553 1341 690 1398 quos
715 1327 1078 1398 Tertulliapus
1115 1328 1412 1384 ambitiosis
1443 1327 1749 1398 inﬂatisque
1785 1327 1964 1383 verbis
1995 1341 2150 1381 men-

551 1421 704 1475 titur.

623 1510 694 1565 Χ.
729 1511 837 1567 Sed
867 1522 948 1567 est
977 1511 1041 1567 ad
1083 1512 1400 1582 Perpetuam
1436 1512 1719 1582 sociosque
1765 1519 2028 1582 martyres
2063 1525 2151 1566 re-

551 1601 850 1657 dcundum.
902 1603 1030 1673 Ejus
1075 1604 1294 1660 visionis
1337 1619 1439 1674 qua
1481 1603 1582 1658 sibi
1619 1612 1844 1658 mortem
1875 1601 2153 1658 imminere

552 1693 821 1764 Perpetua
860 1705 913 1749 et
943 1695 1167 1750 Saturus
1198 1696 1596 1761 intellexerunt,
1645 1704 1700 1751 et
1729 1695 1794 1750 de
1821 1711 1924 1767 qua
1954 1695 2153 1752 Basna-

551 1787 672 1856 gius
720 1794 998 1856 tantopere
1041 1788 1337 1854 cavillatur,
1392 1787 1598 1842 fructus
1645 1790 1849 1843 exstitit
1918 1789 2160 1861 martyrii
2190 1777 2237 1838 B

553 1876 878 1941 candidatis,
913 1893 1018 1946 quo
1046 1879 1408 1948 expeditiores
1430 1879 1496 1932 ad
1531 1879 1696 1933 Deum
1736 1889 1982 1950 pergant,
2023 1879 2161 1936 adeo

555 1969 945 2032 necessarium,
981 1986 1161 2025 rerum
1195 1972 1435 2026 omnium
1463 1971 1816 2026 humanarum
1848 1973 2115 2028 fastidium
2143 1993 2157 2029 :

563 2078 583 2111 ι
619 2060 1005 2127 Intelleximus,
1053 2062 1242 2133 inquit,
1289 2065 1589 2134 passionem
1635 2079 1758 2120 esse
1804 2064 2056 2132 futuram,
2110 2076 2164 2120 et

555 2155 820 2226 coepimus
847 2157 1044 2210 nullam
1081 2157 1190 2226 jam
1233 2171 1386 2228 spem
1421 2157 1473 2212 in
1501 2157 1700 2212 saeculo
1735 2156 1957 2214 habere.
2014 2178 2032 2210 ι
2081 2158 2162 2214 Ex

555 2248 726 2304 altera
755 2250 958 2304 visione
987 2266 1088 2319 qua
1123 2249 1462 2306 Dinocratcm
1487 2252 1540 2305 in
1567 2251 1742 2320 poenis
1768 2251 1919 2314 vidit,
1954 2251 2006 2306 id
2035 2250 2162 2306 boni

554 2340 834 2414 profluxit,
873 2342 1016 2413 quod
1047 2343 1180 2396 mira
1213 2343 1263 2396 in
1304 2344 1470 2398 Deum
1513 2342 1706 2397 fiducia
1748 2343 1992 2413 praedita,
2038 2352 2165 2397 tam-

560 2433 652 2487 diu
717 2433 982 2504 Perpetua
1045 2435 1241 2489 caelum
1292 2434 1431 2487 votis
1487 2443 1540 2488 et
1591 2433 1844 2504 lacrymis
1900 2432 2160 2504 fatigavit,

561 2526 819 2596 quamdiu
864 2525 1084 2582 fratrem
1137 2527 1312 2597 poenis
1365 2527 1648 2592 eximere,
1704 2535 1760 2580 et
1813 2526 1865 2579 in
1923 2527 2163 2597 requiem

559 2616 854 2672 transferre
877 2620 1172 2689 promeruit
1203 2636 1214 2672 :
1255 2639 1274 2672 ι
1311 2618 1660 2674 Confidebam
1691 2619 2020 2690 profuturam
2044 2635 2164 2675 ora-

557 2709 762 2764 tionem
793 2724 967 2764 meam
1002 2710 1171 2764 labori
1198 2709 1334 2779 ejus,
1365 2721 1419 2765 et
1448 2710 1665 2765 orabam
1707 2724 1803 2780 pro
1824 2725 1890 2766 eo
1915 2711 2165 2768 omnibus

558 2800 785 2868 diebus,
833 2817 1112 2872 quousque
1156 2800 1501 2856 transivimus
1544 2803 1594 2855 in
1625 2816 1901 2857 carcerem
1926 2811 2164 2857 castren-

557 2906 892 2948 sem.........
938 2905 985 2947 ct
1027 2893 1127 2948 feci
1165 2909 1260 2964 pro
1302 2893 1396 2950 illo
1434 2896 1731 2950 orationem
1761 2894 1850 2950 die
1883 2905 1938 2951 et
1981 2906 2159 2964 nocte,

558 3000 779 3056 gemens
803 2996 856 3041 ct
884 2987 1186 3058 lacrymans
1213 2996 1268 3040 ut
1295 2987 1424 3041 mihi
1451 2987 1762 3044 donaretur.
1810 3008 1829 3041 ι
1869 2987 2030 3044 Suam
2061 2989 2163 3044 Sa-

561 3088 712 3134 turus
739 3095 952 3151 quoqne
984 3081 1242 3138 visionem
1273 3081 1424 3149 vidit,
1455 3092 1509 3138 et
1535 3083 1748 3152 propria
1778 3099 1938 3138 manu
1969 3084 2165 3141 litteris

562 3176 918 3246 consignavit,
950 3191 1069 3246 qua:
1122 3178 1322 3245 pariter
1361 3177 1478 3232 sine
1503 3175 1678 3231 fructu
1714 3192 1818 3232 non
1846 3179 2071 3245 exstitit,
2113 3173 2238 3236 etC

561 3265 729 3322 divini
777 3266 1006 3338 Spiritus
1051 3269 1388 3324 testimoniis.
1441 3270 1542 3323 Per
1572 3285 1690 3323 eam
1731 3270 1979 3339 Optatum
2018 3272 2166 3341 inter

562 3369 620 3416 et
647 3361 930 3430 Aspasium
980 3361 1144 3431 gratia
1176 3361 1536 3431 componitur.
1578 3361 1824 3417 Monelur
1855 3362 2080 3432 Optatus
2109 3372 2167 3418 ul.

561 3453 773 3524 plebem
819 3453 1071 3524 corrigat,
1111 3453 1332 3524 ejusque
1373 3469 1552 3508 mores
1596 3465 1901 3524 componat.
1941 3455 2167 3515 Saturus

563 3547 976 3616 expergiscitur,
1005 3557 1057 3600 ct
1079 3545 1145 3600 de
1173 3546 1344 3600 futura
1371 3547 1618 3616 passione
1645 3547 1860 3618 gaudet.
1885 3547 2002 3616 Quo
2033 3559 2168 3605 tem-

563 3655 697 3712 pore
741 3655 771 3696 a
817 3639 1148 3696 ferocissima
1196 3654 1353 3694 vacca
1385 3639 1649 3710 Perpetua
1681 3641 1731 3693 in
1772 3642 2166 3710 amphitheatro

563 3745 754 3790 vexata
781 3742 884 3800 est,
917 3735 966 3788 in
1000 3735 1196 3790 exstasi
1229 3734 1324 3788 fuit
1353 3751 1364 3786 :
1394 3734 1772 3804 expergefacta
1805 3735 2028 3806 pudoris
2069 3752 2165 3808 po-

562 3828 671 3883 tius
706 3827 949 3884 meminit
981 3844 1141 3899 qnam
1173 3827 1397 3893 doloris,
1427 3837 1482 3882 et
1511 3843 1606 3896 pro
1636 3829 1780 3883 socia
1808 3831 1977 3902 magis
2005 3846 2164 3902 quam

561 3935 664 3992 pro
691 3937 748 3975 sc
781 3921 892 3992 ipsa
925 3921 1171 3988 sollicita,
1209 3940 1227 3972 ‹
1262 3922 1447 3978 elisam
1479 3921 1812 3979 Felicitatem
1850 3939 1974 3980 cum
1999 3925 2166 3982 vidis-

563 4024 668 4082 set,
685 4017 909 4071 accessit
935 4025 988 4071 et
1006 4031 1223 4071 manum
1241 4017 1287 4071 ei
1320 4015 1556 4081 tradidit,
1576 4016 1940 4072 etsublevavit
1961 4018 2123 4074 illam.
2141 4039 2160 4072 ι

562 4107 660 4162 llis
691 4108 921 4178 denique
961 4107 1139 4164 verbis
1173 4108 1369 4178 quibus
1412 4109 1558 4163 nulla
1603 4110 1774 4181 magis
1817 4112 2166 4168 fortissimam

563 4215 855 4276 martyrem
899 4204 1400 4275 sanctissimamque
1446 4203 1730 4272 decebant,
1771 4205 1992 4260 fratrem
2033 4207 2168 4262 allo—

565 4306 687 4352 cuta
725 4307 807 4351 est
837 4314 849 4349 :
885 4314 903 4347 ι
943 4303 994 4348 In
1029 4295 1132 4350 lide
1165 4304 1324 4360 state,
1371 4303 1424 4350 et
1453 4296 1679 4350 invicem
1715 4311 1901 4352 omnes
1925 4297 2162 4368 diligite;

565 4401 622 4449 et
648 4391 988 4463 passionibus
1014 4391 1212 4444 nostris
1239 4405 1306 4444 ne
1326 4391 1782 4446 scandalizemini.
1817 4411 1835 4444 ι
1855 4393 1932 4459 Si,
1966 4396 2039 4449 uti
2065 4412 2168 4451 sa:-

567 4486 688 4556 pius
723 4484 923 4538 dictum
950 4493 1055 4548 est,
1086 4492 1144 4538 ut
1173 4498 1243 4538 ex
1266 4483 1528 4539 fructibus
1558 4494 1800 4540 naturam
1830 4487 2062 4557 arboris,
2095 4490 2164 4543 ita

2254 485 2486 555 denique
2515 485 2656 556 quod
2683 501 2803 540 cum
2834 486 3091 542 Ecclesia:
3113 486 3342 541 utilitate
3362 487 3710 556 conjunctum
3743 502 3862 541 om-

2253 578 2384 633 nino
2408 592 2511 633 non
2540 578 3017 648 csset.«Nuinquid
3035 578 3293 648 colligunt
3312 579 3380 634 de
3403 579 3573 648 spinis
3598 594 3746 644 uvas,
3770 589 3862 634 aut

2253 672 2321 729 de
2345 673 2554 728 tribulis
2592 673 2762 729 ficus?
2793 672 2884 729 Sic
2910 673 3084 729 omnis
3111 673 3272 729 arbor
3294 673 3432 728 bona
3463 673 3636 730 bonos
3656 673 3860 729 fructus

2255 764 2414 831 facit;
2456 765 2591 822 mala
2635 775 2812 820 autem
2850 765 3013 821 arbor
3057 765 3227 820 malos
3274 765 3477 820 fructus
3535 765 3677 820 facit.
3737 767 3856 822 Non

2255 866 2430 928 potest
2457 857 2617 912 arbor
2650 859 2786 913 bona
2817 858 2987 912 malos
3008 856 3213 913 fructus
3244 855 3424 913 facere
3457 876 3470 912 :
3503 874 3679 927 neque
3702 859 3864 914 arbor

2254 949 2392 1004 mala
2417 950 2587 1005 bonos
2614 949 2817 1006 fructus
2862 949 3039 1006 facere
3068 969 3087 1003 ο
3115 950 3137 1020 (
3170 949 3384 1018 Matt/1.,
3412 967 3528 1021 cap.
3574 967 3670 1019 vn,
3701 967 3747 1006 υ.
3771 952 3858 1018 16,

2259 1051 2305 1095 et
2329 1041 2494 1113 seqq.)

2860 1175 3088 1232 CAPUT
3136 1175 3246 1230 VII.

2255 1331 2574 1370 PEBPETUAI
2623 1329 2908 1380 SOCIOSQUE
2963 1331 3241 1372 MARTYBES
3294 1313 3644 1372 PROI‘HETICO.
3680 1333 3862 1374 FUISSE

2327 1425 2532 1464 SPIRITU
2577 1424 2881 1475 AFFLATOS,
2935 1426 3004 1464 EX
3049 1425 3434 1465 VATICINIORUI
3487 1426 3730 1477 EVENTIS,
3791 1428 3863 1466 ΕΤ

2327 1517 2608 1557 »ιιιιλουιιε
2657 1515 3102 1558 οΕιιοΝετιιΑσι-υκ.
3151 1515 3328 1556 εοιιυιι
3392 1517 3694 1558 ΒΟΒΤΒΙΝΔΜ
3723 1545 3737 1568 ,
3795 1519 3862 1558 IT

2327 1607 2803 1649 CONVERSATIONEI
2839 1607 3018 1647 FUISSE
3059 1609 3091 1646 Δ
3121 1607 3565 1649 ΜΟΝΤΛΝΙΕΤΑΚΕΜ
3603 1609 3863 1649 DOGIIATIS

2331 1701 2396 1738 ΕΤ
2439 1697 2740 1739 ικετιτυτιε
2787 1699 3033 1748 ΡειιουΑιι
3085 1699 3329 1739 ΑιιεΝΑε.

2335 1815 2377 1870 l.
2415 1815 2686 1886 Perpetua:
2717 1815 3107 1872 revelationibtts
3141 1826 3346 1872 eoetttus
3375 1818 3428 1871 in
3459 1819 3689 1873 omnibus
3718 1829 3766 1873 et
3795 1821 3864 1872 ad

2263 1911 2506 1964 amussim
2534 1910 2928 1978 responderunt.

2335 2001 2399 2056 II.
2425 2001 2510 2056 De
2539 2004 2800 2058 miraculis
2835 2019 2950 2074 qua:
2978 2003 3033 2058 in
3071 2011 3365 2058 nostrorum
3401 2012 3683 2074 martyrum
3729 2005 3866 2059 Actis

2264 2101 2572 2168 referuntur.
3433 2084 3440 2091 ’

2337 2189 2422 2244 III.
2462 2189 2584 2245 Non
2621 2191 2772 2246 modo
2808 2200 3110 2262 martyrum,
3143 2192 3231 2246 sed
3256 2191 3477 2246 aliorum
3509 2208 3702 2263 quoque
3731 2194 3865 2262 ﬁde-

2267 2281 2394 2335 lium
2443 2282 2643 2338 animas
2685 2283 2997 2354 Perpetuam
3040 2293 3086 2338 et
3127 2283 3376 2340 Saturum
3410 2286 3466 2340 in
3499 2283 3753 2342 Paradiso
3782 2289 3865 2340 vi-

2267 2373 2418 2428 disse.

2339 2464 2428 2519 ιν.
2447 2465 2576 2520 Cum
2603 2466 2864 2521 catholicis
2893 2468 3202 2539 martyribus
3230 2469 3646 2524 communicasse.

2341 2557 2407 2613 ν.
2437 2558 2735 2615 Dinocratis
2758 2561 2984 2615 animum
3009 2562 3064 2615 in
3083 2571 3326 2616 cateruam
3356 2563 3574 2634 gloriam
3600 2561 3871 2632 Perpetua:

2278 2651 2507 2721 precibus
2528 2653 2684 2723 fuisse
2707 2653 3027 2708 translatam.

2341 2746 2431 2801 Vl.
2477 2746 2723 2815 Optatum
2765 2749 3058 2819 episcopum
3082 2748 3136 2803 in
3167 2749 3307 2804 Actis
3340 2761 3672 2806 memoratam
3696 2752 3874 2807 catho-

2269 2840 2380 2895 licis
2421 2841 2706 2910 prwfuisse.
2751 2840 2970 2896 Nullum
3007 2843 3064 2896 id
3101 2845 3344 2914 temporis
3378 2846 3536 2916 fuisse
3565 2845 3875 2920 Carthagine

2271 2929 2706 2986 Montanistarum
2731 2933 3044 3004 episcopum.

2343 3024 2451 3079 VII.
2488 3025 2795 3088 Nostrorum
2825 3041 3110 3102 martyrum
3140 3033 3195 3086 in
3230 3049 3432 3088 carcere
3455 3035 3614 3090 victus
3646 3051 3875 3090 commu-

2269 3117 2349 3171 nis
2396 3127 2442 3171 et
2491 3120 2706 3175 usitatus
2746 3131 2792 3175 et
2820 3138 2853 3176 a
2882 3121 3315 3178 Montanistarum
3353 3125 3417 3180 de
3454 3126 3650 3196 jejunio
3677 3127 3873 3198 legibus

2271 3212 2493 3264 maxime
2528 3211 2826 3268 abhorrens.

2344 3305 2479 3361 VIII.
2510 3306 2592 3362 De
2621 3309 2884 3364 catholici:
2908 3309 3155 3366 Ecclesia
3173 3312 3226 3366 in
3250 3313 3358 3368 suis
3385 3312 3584 3368 alendis
3612 3313 3868 3383 fovendis-

2269 3415 2365 3466 que
2384 3402 2755 3471 confessoribus
2783 3403 3145 3458 sollicitudine.

2344 3491 2434 3545 IX.
2473 3492 2761 3548 Catholicos
2804 3504 3053 3566 martyres
3091 3505 3328 3566 paratum
3369 3496 3462 3551 sibi
3504 3497 3733 3565 ﬁdelium
3762 3499 3875 3568 pie-

2272 3593 2371 3638 tate
2396 3584 2582 3648 cibum,
2611 3586 2714 3639 imo
2743 3595 2788 3640 et
2811 3587 3042 3652 delicias,
3071 3589 3362 3658 neutiquam
3385 3590 3658 3660 respuisse.

2343 3678 2411 3733 X.
2442 3677 2817 3750 Disputationis
2835 3684 3264 3752 ἀνακεφαλαίωσις.

2342 3819 2382 3874 l.
2420 3819 2551 3876 Post
2595 3836 2773 3878 mores
2827 3822 3210 3894 prophetarum
3257 3836 3553 3893 eorumque
3604 3822 3877 3879 visionum

2271 3913 2496 3981 fructus,
2527 3930 2591 3971 ex
2621 3917 2813 3984 quibus
2837 3917 3129 3970 maximum
3156 3930 3370 3986 semper
3396 3916 3447 3970 in
3479 3917 3624 3971 hisce
3651 3927 3878 3973 contro-

2270 4009 2463 4063 versiis
2505 4007 2870 4078 pracjudicium
2913 4008 3150 4072 exstitit;
3193 4024 3257 4063 ex
3299 4009 3635 4063 oraculorum
3671 4021 3876 4064 eventu

2273 4101 2443 4172 prima
2471 4100 2769 4172 prophetici
2797 4100 3027 4170 Spiritus
3049 4100 3286 4155 nascitur
3311 4100 3638 4170 conjectura.
3667 4099 3802 4154 Nam
3827 4105 3880 4155 si

2272 4197 2466 4253 affectu
2489 4198 2704 4252 oracula
2729 4206 2968 4263 careant,
2999 4197 3139 4252 illico
3161 4196 3398 4252 animum
3429 4196 3688 4250 dubitatio
3708 4196 3873 4264 subit,

2273 4306 2399 4345 num
2426 4288 2703 4361 prophetze
2727 4299 2957 4346 mentem
2985 4289 3214 4360 Spiritus
3241 4288 3469 4345 Sanctus
3497 4288 3779 4356 afﬂaverit,
3804 4306 3873 4345 an

2272 4385 2450 4454 potius
2475 4393 2562 4438 aut
2590 4383 2808 4453 maligni
2835 4382 3066 4452 Spiritus
3094 4382 3354 4447 seductio,
3385 4391 3478 4437 aut
3504 4381 3724 4439 humani
3751 4400 3874 4439 sen-

2272 4490 2364 4531 sus
2393 4475 2638 4545 deceptio
2661 4475 2837 4528 fuerit.
2858 4473 3066 4543 S'npius
3087 4482 3416 4530 memoratus
3438 4476 3682 4531 Asterius
3707 4475 3875 4530 Maxi-

569 4592 636 4629 cx
657 4575 922 4628 visionum
943 4583 996 4628 et
1017 4575 1403 4632 revelationum
1421 4577 1592 4633 fructu
1609 4593 1715 4649 quo
1732 4579 1990 4650 propheta
2007 4581 2163 4639 fuerit

2272 4567 2436 4622 miliae
2463 4567 2709 4636 spiritum
2742 4563 2846 4622 hoc
2891 4567 3230 4637 potissimum
3268 4578 3586 4638 argumento
3626 4568 3874 4626 falsitatis

568 4665 772 4736 Spiritu
808 4664 1040 4730 afflatus,
1079 4681 1371 4736 agnoscere
1419 4683 1483 4723 ac
1525 4667 1820 4737 dijudicare
1859 4671 2161 4728 debemus:

568 4762 690 4833 quis
718 4760 949 4831 amplius
979 4760 1263 4826 dubitabit,
1305 4760 1506 4830 Spiritu
1536 4761 1734 4818 Sancto
1761 4763 1972 4838 plenam
2006 4765 2166 4822 fuisse

565 4855 1151 4926 Perpetuam;eumque
1168 4854 1405 4910 divinum
1426 4854 1682 4925 Spiritum
1695 4870 1938 4911 caussam
1959 4856 2030 4911 illi
2046 4858 2168 4914 ube-

565 4960 788 5015 remqne
810 4945 1007 5001 fontem
1024 4945 1292 5000 exstitisse
1304 4945 1597 5000 czelestium
1615 4946 2036 5002 revelationum?
2063 4947 2167 5002 Ma-

565 5039 744 5109 lignus
763 5039 906 5093 enim
933 5038 1154 5109 Spiritus
1177 5052 1283 5091 non
1314 5037 1410 5092 has
1438 5037 1511 5092 illi
1552 5038 1786 5094 visiones
1831 5039 2164 5106 immisisset,

566 5146 634 5187 ex
655 5129 849 5201 quibus
877 5129 940 5184 ad
970 5131 1209 5202 martyrii
1234 5129 1593 5197 tolerantiam,
1622 5130 1686 5184 ad
1709 5132 1888 5186 szeculi
1921 5141 2165 5187 contem-

564 5234 740 5293 ptum,
769 5230 824 5277 et
842 5223 908 5276 ad
923 5223 1161 5278 omnium
1185 5222 1595 5279 Christianarum
1629 5224 1880 5279 virtutum
1912 5234 2062 5280 actus
2085 5225 2168 5281 in-

564 5312 832 5369 ﬂammata
847 5313 1136 5384 plurimum
1154 5325 1257 5380 est;
1280 5330 1346 5370 ex
1367 5316 1560 5385 quibus
1578 5314 2164 5386 tidei,spei,cbaritatis,

562 5409 860 5478 religionis,
892 5409 1188 5476 modestiae,
1217 5411 1484 5479 patientia:
1510 5424 1663 5480 seges
1686 5411 2013 5480 amplissima
2039 5427 2164 5482 ger-

557 5578 946 5639 ἀποκσιλοῧντεςς
991 5577 1079 5631 εἶτ’
1105 5583 1311 5646 ἐπιφέρει
1349 5577 1491 5641 λέγων
1512 5589 1524 5603 ⁸
1557 5579 1697 5629 Δοκεῖ
1728 5600 1803 5628 σοι
1846 5583 1980 5629 πᾶσα
2007 5589 2161 5647 γραφὴ

557 5653 754 5700 κωλύειν
782 5660 1028 5720 «partitur
1066 5653 1322 5715 λαμϐανεῖν
1352 5651 1476 5717 δῶρα
1520 5650 1602 5698 καὶ
1633 5662 1897 5717 χρνζμςιτοι;
1930 5655 2042 5702 ὃταν
2083 5647 2160 5702 οὖν

550 5722 634 5770 ἴδω
649 5727 733 5774 τήν
762 5732 998 5794 προφῆτιν
1022 5724 1266 5789 ιὶληφυῐαν
1279 5722 1362 5773 καὶ
1383 5725 1549 5786 χρυσὸν
1573 5726 1656 5774 καὶ
1679 5725 1981 5794 inopina.)
2006 5721 2160 5772 πσλυ-

541 5792 685 5844 τιλιῖς
711 5788 926 5853 ὼθῖσας
950 5829 964 5856 ,
1006 5808 1102 5852 πῶς
1127 5788 1283 5842 euri.»
1311 5800 1378 5843 υῆ
1407 5806 1813 5859 ηαοκιτγσηιως;
1843 5788 1944 5846 Ubi
1972 5803 2155 5861 supra.

2271 4657 2560 4722 convincit,
2605 4657 2746 4726 quod
2795 4673 2902 4712 non
2945 4657 3282 4728 responderit
3325 4660 3587 4716 vaticiniis
3625 4659 3870 4718 effectus.

2272 4751 2485 4808 Etenim
2516 4767 2635 4808 cum
2667 4753 2753 4808 illa
2781 4763 2902 4824 post
2931 4769 3083 4810 suum
3115 4754 3316 4810 obitum
3356 4755 3494 4811 bella
3523 4750 3581 4812 ei
3615 4757 3873 4812 tumultus

2272 4844 2554 4901 imminere
2581 4845 2936 4916 prazdixisset,
2978 4847 3282 4903 diuturnam
3313 4864 3496 4919 pacem
3537 4865 3657 4905 cum
3696 4851 3870 4920 impc-

2269 4938 2406 4994 rium
2452 4938 2682 4994 obtinuit
2713 4948 2823 4996 tum
2875 4939 3164 4995 christiana
3201 4941 3519 5012 respublica.
3572 4943 3628 4997 In
3678 4942 3870 4998 eodem

2269 5046 2482 5101 quoque
2528 5030 2686 5100 libro,
2735 5032 2905 5100 inquit
2956 5033 3217 5090 Eusebius
3261 5034 3329 5090 de
3369 5036 3568 5091 Asterii
3607 5037 3873 5093 adversus

2271 5124 2620 5183 Montanistas
2651 5127 3111 5185 lucubrationibus
3155 5130 3379 5202 loquens
3409 5132 3490 5206 (l)
3527 5151 3546 5184 ι
3586 5145 3870 5205 postquam

2343 5284 2422 5357 (Ι)
2459 5279 2524 5341 fio
2553 5291 2708 5355 ταῦτῷ
2747 5289 2796 5338 δὲ
2817 5291 2984 5346 πάλιν.
3022 5293 3161 5358 ἔτερα.
3201 5295 3380 5355 μεταξῦ
3411 5297 3520 5358 πρὸς
3557 5296 3742 5358 ἔλεγχον
3778 5309 3873 5347 τῶν

2269 5371 2354 5417 τῆς
2384 5364 2692 5424 Meamne;
2718 5360 3148 5426 ψευδπρορητειῶν
3174 5364 3338 5422 εἰπὼν,
3367 5361 3482 5428 ὃμοῧ
3505 5363 3587 5415 τόν
3612 5383 3661 5414 τε
3682 5371 3869 5431 χρόνον,

2269 5431 2374 5483 «καθ’
2407 5437 2456 5483 ὃν
2480 5431 2614 5487 ταῦτ’
2643 5437 2808 5498 ἔγραφε
2855 5439 3094 5494 σημαίνει,
3134 5435 3217 5483 καὶ
3262 5444 3356 5485 τῶν
3388 5435 3682 5502 σροῤῥνλσεων
3719 5437 3872 5497 αὐτῆς

2265 5509 2528 5570 μέμνηται,
2560 5501 2622 5552 δι’
2648 5502 2708 5552 ὧν
2720 5503 2799 5553 καὶ
2815 5511 2898 5555 τὶν
2915 5501 3215 5571 ψευδολογίαν
3235 5507 3407 5557 (Mil-vn
3428 5501 3520 5555 63c
3553 5513 3710 5568 λέγων’
3732 5523 3750 5555 ι
3765 5511 3876 5559 Καὶ

2269 5589 2361 5635 πῶς
2391 5577 2442 5627 οὗ
2467 5581 2729 5644 καταφανὲς
2761 5576 2850 5633 ἤδη
2874 5579 3026 5643 γέγονε
3054 5578 3134 5626 xxi
3162 5581 3296 5630 τοῦτο
3328 5584 3381 5630 τὸ
3404 5577 3583 5647 φεῦδος,
3620 5582 3759 5629 πλείω
3775 5585 3877 5649 γὰρ

2272 5654 2298 5704 ἦ
2324 5649 2630 5714 τρισκαίδεκα
2659 5651 2740 5706 ἔτη
2784 5649 2850 5705 εὶς
2889 5648 3067 5705 ταύτην
3107 5655 3197 5699 τὶν
3249 5654 3447 5717 ἡμέραν,
3491 5652 3540 5710 ἕξ
3568 5649 3619 5699 οὗ
3648 5655 3874 5702 τετελεύ-

2261 5739 2401 5776 τηκεν
2426 5725 2606 5782 ἡγυνῆ,
2637 5720 2716 5770 καὶ
2747 5723 2853 5771 οὔτε
2881 5726 3089 5788 μεμυκὸς,
3127 5722 3228 5771 ιῢτε
3267 5726 3512 5776 καθολικὸς
3535 5721 3692 5789 κόσμῳ
3713 5729 3876 5786 γέγονε

2260 5791 2488 5854 πόλεμον
2519 5791 2648 5841 ἀλλὰ
2689 5798 2770 5841 καὶ
2811 5795 3116 5857 Xystus-taret:
3153 5794 3332 5855 μᾶλλον
3364 5793 3525 5860 εἰρήνη
3565 5795 3789 5859 accipe-ro;
3822 5799 3875 5857 ἒξ
