  <div class='ocr_page' id='page_1' title='image "/cluster/home/n/w/nwhite01/storage/ocr_20150623/3/hvd.32044054086798/126.png"; bbox 0 0 4218 6268; ppageno 0'>
   <div class='ocr_carea' id='block_1_1' title="bbox 346 292 460 354">
    <p class='ocr_par' dir='ltr' id='par_1_1' title="bbox 346 292 460 354">
     <span class='ocr_line' id='line_1_1' title="bbox 346 292 460 354; baseline 0 -1"><span class='ocrx_word' id='word_1_1' title='bbox 346 292 460 354; x_wconf 64' lang='grc'><strong>155</strong></span> 
     </span>
    </p>
   </div>
   <div class='ocr_carea' id='block_1_2' title="bbox 1258 299 2805 367">
    <p class='ocr_par' dir='ltr' id='par_1_2' title="bbox 1258 299 2805 367">
     <span class='ocr_line' id='line_1_2' title="bbox 1258 299 2805 367; baseline 0.002 -11"><span class='ocrx_word' id='word_1_2' title='bbox 1258 300 1393 356; x_wconf 77' lang='lat' dir='ltr'><strong>PRO</strong></span> <span class='ocrx_word' id='word_1_3' title='bbox 1429 300 1520 357; x_wconf 89' lang='lat' dir='ltr'><strong>SS.</strong></span> <span class='ocrx_word' id='word_1_4' title='bbox 1566 299 1954 367; x_wconf 76' lang='lat' dir='ltr'><strong>PEBPETUA,</strong></span> <span class='ocrx_word' id='word_1_5' title='bbox 1996 300 2407 359; x_wconf 76' lang='lat' dir='ltr'><strong>FELICITATE</strong></span> <span class='ocrx_word' id='word_1_6' title='bbox 2448 303 2534 360; x_wconf 88' lang='lat' dir='ltr'><strong>ET</strong></span> <span class='ocrx_word' id='word_1_7' title='bbox 2572 305 2805 363; x_wconf 89' lang='lat' dir='ltr'><strong>SOClIS.</strong></span> 
     </span>
    </p>
   </div>
   <div class='ocr_carea' id='block_1_3' title="bbox 3556 313 3662 373">
    <p class='ocr_par' dir='ltr' id='par_1_3' title="bbox 3556 313 3662 373">
     <span class='ocr_line' id='line_1_3' title="bbox 3556 313 3662 373; baseline 0.028 -4"><span class='ocrx_word' id='word_1_8' title='bbox 3556 313 3662 373; x_wconf 68' lang='grc'><strong>154</strong></span> 
     </span>
    </p>
   </div>
   <div class='ocr_carea' id='block_1_4' title="bbox 352 414 3661 495">
    <p class='ocr_par' dir='ltr' id='par_1_4' title="bbox 352 414 3661 495">
     <span class='ocr_line' id='line_1_4' title="bbox 352 414 3661 495; baseline 0.005 -26"><span class='ocrx_word' id='word_1_9' title='bbox 352 415 610 471; x_wconf 87' lang='lat' dir='ltr'><strong>nonnulla</strong></span> <span class='ocrx_word' id='word_1_10' title='bbox 642 414 708 472; x_wconf 88' lang='lat' dir='ltr'><strong>ad</strong></span> <span class='ocrx_word' id='word_1_11' title='bbox 731 415 918 472; x_wconf 79' lang='lat' dir='ltr'><strong>falsam</strong></span> <span class='ocrx_word' id='word_1_12' title='bbox 957 417 1101 474; x_wconf 91' lang='lat' dir='ltr'><strong>illam</strong></span> <span class='ocrx_word' id='word_1_13' title='bbox 1133 420 1435 476; x_wconf 72' lang='lat' dir='ltr'><strong>Maximilla:</strong></span> <span class='ocrx_word' id='word_1_14' title='bbox 1469 423 1802 493; x_wconf 75' lang='lat' dir='ltr'><strong>prophetiam</strong></span> <span class='ocrx_word' id='word_1_15' title='bbox 1829 436 1956 475; x_wconf 84' lang='lat' dir='ltr'><strong>con-</strong></span> <span class='ocrx_word' id='word_1_16' title='bbox 1984 420 2035 481; x_wconf 84' lang='lat' dir='ltr'><strong>A</strong></span> <span class='ocrx_word' id='word_1_17' title='bbox 2062 436 2178 477; x_wconf 92' lang='lat' dir='ltr'><strong>rum</strong></span> <span class='ocrx_word' id='word_1_18' title='bbox 2230 432 2412 492; x_wconf 88' lang='lat' dir='ltr'><strong>postea</strong></span> <span class='ocrx_word' id='word_1_19' title='bbox 2456 434 2729 495; x_wconf 81' lang='lat' dir='ltr'><strong>gestarum</strong></span> <span class='ocrx_word' id='word_1_20' title='bbox 2778 427 2985 483; x_wconf 91' lang='lat' dir='ltr'><strong>eventis</strong></span> <span class='ocrx_word' id='word_1_21' title='bbox 3014 428 3362 488; x_wconf 79' lang='lat' dir='ltr'><strong>confirmatas</strong></span> <span class='ocrx_word' id='word_1_22' title='bbox 3392 432 3558 487; x_wconf 84' lang='lat' dir='ltr'><strong>fuisse</strong></span> <span class='ocrx_word' id='word_1_23' title='bbox 3581 433 3661 486; x_wconf 58' lang='lat' dir='ltr'><strong>vi.</strong></span> 
     </span>
    </p>
   </div>
   <div class='ocr_carea' id='block_1_5' title="bbox 355 512 1957 586">
    <p class='ocr_par' dir='ltr' id='par_1_5' title="bbox 355 512 1957 586">
     <span class='ocr_line' id='line_1_5' title="bbox 355 512 1957 586; baseline 0.002 -21"><span class='ocrx_word' id='word_1_24' title='bbox 355 512 675 567; x_wconf 83' lang='lat' dir='ltr'><strong>vincendam</strong></span> <span class='ocrx_word' id='word_1_25' title='bbox 713 514 1040 581; x_wconf 88' lang='lat' dir='ltr'><strong>interseruit,</strong></span> <span class='ocrx_word' id='word_1_26' title='bbox 1074 524 1183 570; x_wconf 91' lang='lat' dir='ltr'><strong>tum</strong></span> <span class='ocrx_word' id='word_1_27' title='bbox 1215 525 1425 586; x_wconf 90' lang='lat' dir='ltr'><strong>tempus</strong></span> <span class='ocrx_word' id='word_1_28' title='bbox 1481 519 1653 585; x_wconf 90' lang='lat' dir='ltr'><strong>ipsum</strong></span> <span class='ocrx_word' id='word_1_29' title='bbox 1690 531 1796 585; x_wconf 91' lang='lat' dir='ltr'><strong>quo</strong></span> <span class='ocrx_word' id='word_1_30' title='bbox 1842 514 1957 568; x_wconf 69' lang='lat' dir='ltr'><strong>lucc</strong></span> 
     </span>
    </p>
   </div>
   <div class='ocr_carea' id='block_1_6' title="bbox 349 607 1954 678">
    <p class='ocr_par' dir='ltr' id='par_1_6' title="bbox 349 607 1954 678">
     <span class='ocr_line' id='line_1_6' title="bbox 349 607 1954 678; baseline 0.001 -19"><span class='ocrx_word' id='word_1_31' title='bbox 349 610 552 676; x_wconf 86' lang='lat' dir='ltr'><strong>scripta</strong></span> <span class='ocrx_word' id='word_1_32' title='bbox 598 616 717 662; x_wconf 88' lang='lat' dir='ltr'><strong>sunt</strong></span> <span class='ocrx_word' id='word_1_33' title='bbox 746 607 1011 678; x_wconf 76' lang='lat' dir='ltr'><strong>designat,</strong></span> <span class='ocrx_word' id='word_1_34' title='bbox 1060 618 1168 663; x_wconf 89' lang='lat' dir='ltr'><strong>tum</strong></span> <span class='ocrx_word' id='word_1_35' title='bbox 1240 610 1481 665; x_wconf 85' lang='lat' dir='ltr'><strong>mulieris</strong></span> <span class='ocrx_word' id='word_1_36' title='bbox 1521 610 1664 665; x_wconf 90' lang='lat' dir='ltr'><strong>illius</strong></span> <span class='ocrx_word' id='word_1_37' title='bbox 1710 608 1954 665; x_wconf 75' lang='lat' dir='ltr'><strong>vaticinia</strong></span> 
     </span>
    </p>
   </div>
   <div class='ocr_carea' id='block_1_7' title="bbox 350 700 1955 771">
    <p class='ocr_par' dir='ltr' id='par_1_7' title="bbox 350 700 1955 771">
     <span class='ocr_line' id='line_1_7' title="bbox 350 700 1955 771; baseline -0.001 -17"><span class='ocrx_word' id='word_1_38' title='bbox 350 710 765 766; x_wconf 76' lang='lat' dir='ltr'><strong>commemorat,</strong></span> <span class='ocrx_word' id='word_1_39' title='bbox 788 700 983 769; x_wconf 88' lang='lat' dir='ltr'><strong>quibus</strong></span> <span class='ocrx_word' id='word_1_40' title='bbox 1006 701 1143 756; x_wconf 89' lang='lat' dir='ltr'><strong>bella</strong></span> <span class='ocrx_word' id='word_1_41' title='bbox 1171 710 1224 756; x_wconf 93' lang='lat' dir='ltr'><strong>et</strong></span> <span class='ocrx_word' id='word_1_42' title='bbox 1245 702 1501 757; x_wconf 76' lang='lat' dir='ltr'><strong>tumultus</strong></span> <span class='ocrx_word' id='word_1_43' title='bbox 1528 703 1805 756; x_wconf 84' lang='lat' dir='ltr'><strong>imminere</strong></span> <span class='ocrx_word' id='word_1_44' title='bbox 1825 715 1955 771; x_wconf 70' lang='lat' dir='ltr'><strong>prm-</strong></span> 
     </span>
    </p>
   </div>
   <div class='ocr_carea' id='block_1_8' title="bbox 348 794 1955 867">
    <p class='ocr_par' dir='ltr' id='par_1_8' title="bbox 348 794 1955 867">
     <span class='ocr_line' id='line_1_8' title="bbox 348 794 1955 867; baseline -0.001 -17"><span class='ocrx_word' id='word_1_45' title='bbox 348 794 585 851; x_wconf 78' lang='lat' dir='ltr'><strong>dixerat.</strong></span> <span class='ocrx_word' id='word_1_46' title='bbox 610 796 850 862; x_wconf 89' lang='lat' dir='ltr'><strong>Quorum</strong></span> <span class='ocrx_word' id='word_1_47' title='bbox 873 796 1089 867; x_wconf 87' lang='lat' dir='ltr'><strong>quidem</strong></span> <span class='ocrx_word' id='word_1_48' title='bbox 1117 797 1494 852; x_wconf 88' lang='lat' dir='ltr'><strong>vaticiniorum</strong></span> <span class='ocrx_word' id='word_1_49' title='bbox 1520 796 1801 851; x_wconf 89' lang='lat' dir='ltr'><strong>falsitatem</strong></span> <span class='ocrx_word' id='word_1_50' title='bbox 1828 810 1955 850; x_wconf 90' lang='lat' dir='ltr'><strong>con-</strong></span> 
     </span>
    </p>
   </div>
   <div class='ocr_carea' id='block_1_9' title="bbox 345 888 1952 961">
    <p class='ocr_par' dir='ltr' id='par_1_9' title="bbox 345 888 1952 961">
     <span class='ocr_line' id='line_1_9' title="bbox 345 888 1952 961; baseline -0.001 -17"><span class='ocrx_word' id='word_1_51' title='bbox 345 890 515 945; x_wconf 83' lang='lat' dir='ltr'><strong>vincit</strong></span> <span class='ocrx_word' id='word_1_52' title='bbox 543 892 627 947; x_wconf 89' lang='lat' dir='ltr'><strong>his</strong></span> <span class='ocrx_word' id='word_1_53' title='bbox 653 892 833 946; x_wconf 82' lang='lat' dir='ltr'><strong>verbis</strong></span> <span class='ocrx_word' id='word_1_54' title='bbox 861 910 875 944; x_wconf 87' lang='lat'><strong>:</strong></span> <span class='ocrx_word' id='word_1_55' title='bbox 899 910 917 943; x_wconf 82' lang='grc'><strong>‹</strong></span> <span class='ocrx_word' id='word_1_56' title='bbox 948 892 1155 959; x_wconf 84' lang='lat' dir='ltr'><strong>Nonne,</strong></span> <span class='ocrx_word' id='word_1_57' title='bbox 1191 892 1380 961; x_wconf 87' lang='lat' dir='ltr'><strong>inquit,</strong></span> <span class='ocrx_word' id='word_1_58' title='bbox 1402 892 1565 946; x_wconf 88' lang='lat' dir='ltr'><strong>etiam</strong></span> <span class='ocrx_word' id='word_1_59' title='bbox 1597 892 1698 946; x_wconf 90' lang='lat' dir='ltr'><strong>hoc</strong></span> <span class='ocrx_word' id='word_1_60' title='bbox 1727 888 1952 945; x_wconf 84' lang='lat' dir='ltr'><strong>menda-</strong></span> 
     </span>
    </p>
   </div>
   <div class='ocr_carea' id='block_1_10' title="bbox 344 982 1951 1055">
    <p class='ocr_par' dir='ltr' id='par_1_10' title="bbox 344 982 1951 1055">
     <span class='ocr_line' id='line_1_10' title="bbox 344 982 1951 1055; baseline 0 -18"><span class='ocrx_word' id='word_1_61' title='bbox 344 984 490 1038; x_wconf 83' lang='lat' dir='ltr'><strong>cium</strong></span> <span class='ocrx_word' id='word_1_62' title='bbox 513 985 768 1039; x_wconf 89' lang='lat' dir='ltr'><strong>omnibus</strong></span> <span class='ocrx_word' id='word_1_63' title='bbox 795 983 1136 1039; x_wconf 84' lang='lat' dir='ltr'><strong>manifestum</strong></span> <span class='ocrx_word' id='word_1_64' title='bbox 1166 983 1446 1055; x_wconf 84' lang='lat' dir='ltr'><strong>apparuit?</strong></span> <span class='ocrx_word' id='word_1_65' title='bbox 1476 983 1685 1038; x_wconf 87' lang='lat' dir='ltr'><strong>Etenim</strong></span> <span class='ocrx_word' id='word_1_66' title='bbox 1707 982 1775 1036; x_wconf 89' lang='lat' dir='ltr'><strong>ab</strong></span> <span class='ocrx_word' id='word_1_67' title='bbox 1804 983 1951 1037; x_wconf 93' lang='lat' dir='ltr'><strong>obitu</strong></span> 
     </span>
    </p>
   </div>
   <div class='ocr_carea' id='block_1_11' title="bbox 346 1074 1948 1147">
    <p class='ocr_par' dir='ltr' id='par_1_11' title="bbox 346 1074 1948 1147">
     <span class='ocr_line' id='line_1_11' title="bbox 346 1074 1948 1147; baseline -0.004 -14"><span class='ocrx_word' id='word_1_68' title='bbox 346 1077 651 1133; x_wconf 61' lang='lat' dir='ltr'><strong>Maximillae</strong></span> <span class='ocrx_word' id='word_1_69' title='bbox 701 1092 872 1147; x_wconf 90' lang='lat' dir='ltr'><strong>usque</strong></span> <span class='ocrx_word' id='word_1_70' title='bbox 921 1077 973 1131; x_wconf 89' lang='lat' dir='ltr'><strong>in</strong></span> <span class='ocrx_word' id='word_1_71' title='bbox 1020 1076 1161 1131; x_wconf 90' lang='lat' dir='ltr'><strong>hunc</strong></span> <span class='ocrx_word' id='word_1_72' title='bbox 1189 1076 1330 1131; x_wconf 89' lang='lat' dir='ltr'><strong>diem</strong></span> <span class='ocrx_word' id='word_1_73' title='bbox 1374 1075 1652 1146; x_wconf 86' lang='lat' dir='ltr'><strong>plusquam</strong></span> <span class='ocrx_word' id='word_1_74' title='bbox 1697 1074 1948 1128; x_wconf 87' lang='lat' dir='ltr'><strong>tredecim</strong></span> 
     </span>
    </p>
   </div>
   <div class='ocr_carea' id='block_1_12' title="bbox 353 1166 1949 1240">
    <p class='ocr_par' dir='ltr' id='par_1_12' title="bbox 353 1166 1949 1240">
     <span class='ocr_line' id='line_1_12' title="bbox 353 1166 1949 1240; baseline -0.005 -14"><span class='ocrx_word' id='word_1_75' title='bbox 353 1172 482 1226; x_wconf 88' lang='lat' dir='ltr'><strong>anni</strong></span> <span class='ocrx_word' id='word_1_76' title='bbox 513 1170 621 1240; x_wconf 87' lang='lat' dir='ltr'><strong>jam</strong></span> <span class='ocrx_word' id='word_1_77' title='bbox 663 1170 831 1240; x_wconf 86' lang='lat' dir='ltr'><strong>elapsi</strong></span> <span class='ocrx_word' id='word_1_78' title='bbox 862 1178 987 1225; x_wconf 91' lang='lat' dir='ltr'><strong>sunt</strong></span> <span class='ocrx_word' id='word_1_79' title='bbox 1022 1187 1034 1225; x_wconf 90' lang='lat'><strong>:</strong></span> <span class='ocrx_word' id='word_1_80' title='bbox 1068 1184 1166 1224; x_wconf 89' lang='lat' dir='ltr'><strong>nec</strong></span> <span class='ocrx_word' id='word_1_81' title='bbox 1200 1178 1374 1223; x_wconf 91' lang='lat' dir='ltr'><strong>tamen</strong></span> <span class='ocrx_word' id='word_1_82' title='bbox 1406 1168 1569 1222; x_wconf 92' lang='lat' dir='ltr'><strong>ullum</strong></span> <span class='ocrx_word' id='word_1_83' title='bbox 1606 1177 1693 1220; x_wconf 91' lang='lat' dir='ltr'><strong>aut</strong></span> <span class='ocrx_word' id='word_1_84' title='bbox 1721 1166 1949 1235; x_wconf 59' lang='lat' dir='ltr'><strong>particu.</strong></span> 
     </span>
    </p>
   </div>
   <div class='ocr_carea' id='block_1_13' title="bbox 350 1258 1948 1325">
    <p class='ocr_par' dir='ltr' id='par_1_13' title="bbox 350 1258 1948 1325">
     <span class='ocr_line' id='line_1_13' title="bbox 350 1258 1948 1325; baseline -0.003 -8"><span class='ocrx_word' id='word_1_85' title='bbox 350 1264 465 1319; x_wconf 88' lang='lat' dir='ltr'><strong>lare</strong></span> <span class='ocrx_word' id='word_1_86' title='bbox 495 1263 716 1325; x_wconf 88' lang='lat' dir='ltr'><strong>bellum,</strong></span> <span class='ocrx_word' id='word_1_87' title='bbox 745 1272 837 1318; x_wconf 90' lang='lat' dir='ltr'><strong>aut</strong></span> <span class='ocrx_word' id='word_1_88' title='bbox 874 1262 1177 1317; x_wconf 88' lang='lat' dir='ltr'><strong>universale</strong></span> <span class='ocrx_word' id='word_1_89' title='bbox 1204 1261 1256 1315; x_wconf 90' lang='lat' dir='ltr'><strong>in</strong></span> <span class='ocrx_word' id='word_1_90' title='bbox 1285 1261 1443 1315; x_wconf 88' lang='lat' dir='ltr'><strong>terris</strong></span> <span class='ocrx_word' id='word_1_91' title='bbox 1478 1260 1595 1314; x_wconf 82' lang='lat' dir='ltr'><strong>fuit.</strong></span> <span class='ocrx_word' id='word_1_92' title='bbox 1626 1258 1737 1313; x_wconf 92' lang='lat' dir='ltr'><strong>lmo</strong></span> <span class='ocrx_word' id='word_1_93' title='bbox 1763 1258 1948 1313; x_wconf 87' lang='lat' dir='ltr'><strong>Chris-</strong></span> 
     </span>
    </p>
   </div>
   <div class='ocr_carea' id='block_1_14' title="bbox 349 1352 1951 1427">
    <p class='ocr_par' dir='ltr' id='par_1_14' title="bbox 349 1352 1951 1427">
     <span class='ocr_line' id='line_1_14' title="bbox 349 1352 1951 1427; baseline -0.004 -16"><span class='ocrx_word' id='word_1_94' title='bbox 349 1357 512 1411; x_wconf 86' lang='lat' dir='ltr'><strong>tianis</strong></span> <span class='ocrx_word' id='word_1_95' title='bbox 554 1357 818 1427; x_wconf 66' lang='lat' dir='ltr'><strong>praecipua</strong></span> <span class='ocrx_word' id='word_1_96' title='bbox 856 1355 1085 1426; x_wconf 89' lang='lat' dir='ltr'><strong>quadam</strong></span> <span class='ocrx_word' id='word_1_97' title='bbox 1132 1353 1497 1409; x_wconf 85' lang='lat' dir='ltr'><strong>misericordia</strong></span> <span class='ocrx_word' id='word_1_98' title='bbox 1529 1368 1636 1423; x_wconf 79' lang='lat' dir='ltr'><strong>pax</strong></span> <span class='ocrx_word' id='word_1_99' title='bbox 1666 1352 1871 1406; x_wconf 86' lang='lat' dir='ltr'><strong>stabilis</strong></span> <span class='ocrx_word' id='word_1_100' title='bbox 1898 1359 1951 1405; x_wconf 91' lang='lat' dir='ltr'><strong>et</strong></span> 
     </span>
    </p>
   </div>
   <div class='ocr_carea' id='block_1_15' title="bbox 349 1443 1948 1519">
    <p class='ocr_par' dir='ltr' id='par_1_15' title="bbox 349 1443 1948 1519">
     <span class='ocr_line' id='line_1_15' title="bbox 349 1443 1948 1519; baseline -0.005 -16"><span class='ocrx_word' id='word_1_101' title='bbox 349 1448 501 1503; x_wconf 81' lang='lat' dir='ltr'><strong>firma</strong></span> <span class='ocrx_word' id='word_1_102' title='bbox 518 1450 837 1519; x_wconf 87' lang='lat' dir='ltr'><strong>permansit.</strong></span> <span class='ocrx_word' id='word_1_103' title='bbox 873 1467 891 1501; x_wconf 75' lang='grc' dir='ltr'><strong>ι</strong></span> <span class='ocrx_word' id='word_1_104' title='bbox 932 1448 1106 1517; x_wconf 88' lang='lat' dir='ltr'><strong>Atque</strong></span> <span class='ocrx_word' id='word_1_105' title='bbox 1128 1446 1246 1501; x_wconf 71' lang='lat' dir='ltr'><strong>haec</strong></span> <span class='ocrx_word' id='word_1_106' title='bbox 1270 1447 1322 1500; x_wconf 93' lang='lat' dir='ltr'><strong>in</strong></span> <span class='ocrx_word' id='word_1_107' title='bbox 1349 1444 1587 1501; x_wconf 91' lang='lat' dir='ltr'><strong>secundo</strong></span> <span class='ocrx_word' id='word_1_108' title='bbox 1613 1444 1858 1514; x_wconf 79' lang='lat' dir='ltr'><strong>leguntur</strong></span> <span class='ocrx_word' id='word_1_109' title='bbox 1884 1443 1948 1496; x_wconf 88' lang='lat' dir='ltr'><strong>li-</strong></span> 
     </span>
    </p>
   </div>
   <div class='ocr_carea' id='block_1_16' title="bbox 348 1536 1948 1612">
    <p class='ocr_par' dir='ltr' id='par_1_16' title="bbox 348 1536 1948 1612">
     <span class='ocr_line' id='line_1_16' title="bbox 348 1536 1948 1612; baseline -0.004 -15"><span class='ocrx_word' id='word_1_110' title='bbox 348 1542 467 1598; x_wconf 89' lang='lat' dir='ltr'><strong>bro.</strong></span> <span class='ocrx_word' id='word_1_111' title='bbox 490 1542 687 1598; x_wconf 89' lang='lat' dir='ltr'><strong>Contra</strong></span> <span class='ocrx_word' id='word_1_112' title='bbox 702 1557 834 1597; x_wconf 89' lang='lat' dir='ltr'><strong>vero</strong></span> <span class='ocrx_word' id='word_1_113' title='bbox 856 1541 1095 1596; x_wconf 86' lang='lat' dir='ltr'><strong>Ecclesia</strong></span> <span class='ocrx_word' id='word_1_114' title='bbox 1112 1540 1459 1612; x_wconf 85' lang='lat' dir='ltr'><strong>Smyrnensis</strong></span> <span class='ocrx_word' id='word_1_115' title='bbox 1475 1539 1829 1610; x_wconf 87' lang='lat' dir='ltr'><strong>Polyearpum</strong></span> <span class='ocrx_word' id='word_1_116' title='bbox 1848 1538 1894 1608; x_wconf 85' lang='lat' dir='ltr'><strong>(l</strong></span> <span class='ocrx_word' id='word_1_117' title='bbox 1906 1536 1948 1608; x_wconf 93' lang='lat'><strong>),</strong></span> 
     </span>
    </p>
   </div>
   <div class='ocr_carea' id='block_1_17' title="bbox 354 1629 1949 1705">
    <p class='ocr_par' dir='ltr' id='par_1_17' title="bbox 354 1629 1949 1705">
     <span class='ocr_line' id='line_1_17' title="bbox 354 1629 1949 1705; baseline -0.002 -17"><span class='ocrx_word' id='word_1_118' title='bbox 354 1654 374 1688; x_wconf 74' lang='grc' dir='ltr'>ι</span> <span class='ocrx_word' id='word_1_119' title='bbox 409 1635 686 1690; x_wconf 87' lang='lat' dir='ltr'><strong>doctorem</strong></span> <span class='ocrx_word' id='word_1_120' title='bbox 710 1635 1065 1705; x_wconf 89' lang='lat' dir='ltr'><strong>apostolicum</strong></span> <span class='ocrx_word' id='word_1_121' title='bbox 1087 1642 1142 1689; x_wconf 89' lang='lat' dir='ltr'><strong>et</strong></span> <span class='ocrx_word' id='word_1_122' title='bbox 1168 1632 1538 1703; x_wconf 90' lang='lat' dir='ltr'><strong>propheticum</strong></span> <span class='ocrx_word' id='word_1_123' title='bbox 1562 1632 1745 1691; x_wconf 82' lang='lat' dir='ltr'><strong>fuisse,</strong></span> <span class='ocrx_word' id='word_1_124' title='bbox 1777 1650 1795 1681; x_wconf 74' lang='grc' dir='ltr'><strong><em>ι</em></strong></span> <span class='ocrx_word' id='word_1_125' title='bbox 1825 1629 1949 1685; x_wconf 88' lang='lat' dir='ltr'><strong>inde</strong></span> 
     </span>
    </p>
   </div>
   <div class='ocr_carea' id='block_1_18' title="bbox 350 1724 1946 1798">
    <p class='ocr_par' dir='ltr' id='par_1_18' title="bbox 350 1724 1946 1798">
     <span class='ocr_line' id='line_1_18' title="bbox 350 1724 1946 1798; baseline -0.003 -17"><span class='ocrx_word' id='word_1_126' title='bbox 350 1726 703 1795; x_wconf 87' lang='lat' dir='ltr'><strong>demonstrat,</strong></span> <span class='ocrx_word' id='word_1_127' title='bbox 752 1726 892 1798; x_wconf 88' lang='lat' dir='ltr'><strong>quod</strong></span> <span class='ocrx_word' id='word_1_128' title='bbox 932 1745 951 1779; x_wconf 85' lang='grc'><strong>‹</strong></span> <span class='ocrx_word' id='word_1_129' title='bbox 976 1742 1134 1781; x_wconf 92' lang='lat' dir='ltr'><strong>omne</strong></span> <span class='ocrx_word' id='word_1_130' title='bbox 1180 1726 1423 1791; x_wconf 89' lang='lat' dir='ltr'><strong>verbum,</strong></span> <span class='ocrx_word' id='word_1_131' title='bbox 1450 1724 1592 1795; x_wconf 90' lang='lat' dir='ltr'><strong>quod</strong></span> <span class='ocrx_word' id='word_1_132' title='bbox 1615 1739 1685 1779; x_wconf 79' lang='lat' dir='ltr'><strong>ex</strong></span> <span class='ocrx_word' id='word_1_133' title='bbox 1730 1739 1823 1778; x_wconf 90' lang='lat' dir='ltr'><strong>ore</strong></span> <span class='ocrx_word' id='word_1_134' title='bbox 1850 1737 1946 1777; x_wconf 88' lang='lat' dir='ltr'><strong>suo</strong></span> 
     </span>
    </p>
   </div>
   <div class='ocr_carea' id='block_1_19' title="bbox 2058 515 3659 586">
    <p class='ocr_par' dir='ltr' id='par_1_19' title="bbox 2058 515 3659 586">
     <span class='ocr_line' id='line_1_19' title="bbox 2058 515 3659 586; baseline 0.007 -17"><span class='ocrx_word' id='word_1_135' title='bbox 2058 515 2181 570; x_wconf 90' lang='lat' dir='ltr'><strong>deat</strong></span> <span class='ocrx_word' id='word_1_136' title='bbox 2232 535 2244 570; x_wconf 89' lang='lat'><strong>:</strong></span> <span class='ocrx_word' id='word_1_137' title='bbox 2289 532 2407 586; x_wconf 65' lang='lat' dir='ltr'><strong>qua:</strong></span> <span class='ocrx_word' id='word_1_138' title='bbox 2459 533 2618 574; x_wconf 89' lang='lat' dir='ltr'><strong>causa</strong></span> <span class='ocrx_word' id='word_1_139' title='bbox 2662 530 2745 575; x_wconf 88' lang='lat' dir='ltr'><strong>est</strong></span> <span class='ocrx_word' id='word_1_140' title='bbox 2792 537 2887 576; x_wconf 88' lang='lat' dir='ltr'><strong>cur</strong></span> <span class='ocrx_word' id='word_1_141' title='bbox 2937 538 3121 578; x_wconf 86' lang='lat' dir='ltr'><strong>earum</strong></span> <span class='ocrx_word' id='word_1_142' title='bbox 3170 536 3441 581; x_wconf 90' lang='lat' dir='ltr'><strong>auctorem</strong></span> <span class='ocrx_word' id='word_1_143' title='bbox 3496 525 3659 580; x_wconf 88' lang='lat' dir='ltr'><strong>fuisse</strong></span> 
     </span>
    </p>
   </div>
   <div class='ocr_carea' id='block_1_20' title="bbox 2057 608 3652 677">
    <p class='ocr_par' dir='ltr' id='par_1_20' title="bbox 2057 608 3652 677">
     <span class='ocr_line' id='line_1_20' title="bbox 2057 608 3652 677; baseline 0.007 -14"><span class='ocrx_word' id='word_1_144' title='bbox 2057 608 2314 677; x_wconf 90' lang='lat' dir='ltr'><strong>Spiritum</strong></span> <span class='ocrx_word' id='word_1_145' title='bbox 2368 622 2609 667; x_wconf 91' lang='lat' dir='ltr'><strong>sanctum</strong></span> <span class='ocrx_word' id='word_1_146' title='bbox 2661 615 2711 668; x_wconf 94' lang='lat' dir='ltr'><strong>in</strong></span> <span class='ocrx_word' id='word_1_147' title='bbox 2758 614 2980 671; x_wconf 89' lang='lat' dir='ltr'><strong>dubium</strong></span> <span class='ocrx_word' id='word_1_148' title='bbox 3028 622 3292 675; x_wconf 86' lang='lat' dir='ltr'><strong>revocet?</strong></span> <span class='ocrx_word' id='word_1_149' title='bbox 3346 620 3453 675; x_wconf 80' lang='lat' dir='ltr'><strong>Nec</strong></span> <span class='ocrx_word' id='word_1_150' title='bbox 3477 620 3652 675; x_wconf 88' lang='lat' dir='ltr'><strong>solunt</strong></span> 
     </span>
    </p>
   </div>
   <div class='ocr_carea' id='block_1_21' title="bbox 2057 699 3656 783">
    <p class='ocr_par' dir='ltr' id='par_1_21' title="bbox 2057 699 3656 783">
     <span class='ocr_line' id='line_1_21' title="bbox 2057 699 3656 783; baseline 0.007 -29"><span class='ocrx_word' id='word_1_151' title='bbox 2057 699 2396 771; x_wconf 84' lang='lat' dir='ltr'><strong>Perpetuam,</strong></span> <span class='ocrx_word' id='word_1_152' title='bbox 2428 703 2523 758; x_wconf 90' lang='lat' dir='ltr'><strong>sed</strong></span> <span class='ocrx_word' id='word_1_153' title='bbox 2545 714 2768 761; x_wconf 61' lang='lat' dir='ltr'><strong>exteros</strong></span> <span class='ocrx_word' id='word_1_154' title='bbox 2789 722 3000 777; x_wconf 89' lang='lat' dir='ltr'><strong>quoque</strong></span> <span class='ocrx_word' id='word_1_155' title='bbox 3022 710 3266 779; x_wconf 86' lang='lat' dir='ltr'><strong>ejusdem</strong></span> <span class='ocrx_word' id='word_1_156' title='bbox 3292 714 3478 783; x_wconf 82' lang='lat' dir='ltr'><strong>agonis</strong></span> <span class='ocrx_word' id='word_1_157' title='bbox 3505 727 3656 767; x_wconf 92' lang='lat' dir='ltr'><strong>com-</strong></span> 
     </span>
    </p>
   </div>
   <div class='ocr_carea' id='block_1_22' title="bbox 2056 794 3657 871">
    <p class='ocr_par' dir='ltr' id='par_1_22' title="bbox 2056 794 3657 871">
     <span class='ocr_line' id='line_1_22' title="bbox 2056 794 3657 871; baseline 0.009 -26"><span class='ocrx_word' id='word_1_158' title='bbox 2056 794 2327 848; x_wconf 91' lang='lat' dir='ltr'><strong>militones</strong></span> <span class='ocrx_word' id='word_1_159' title='bbox 2362 796 2674 865; x_wconf 87' lang='lat' dir='ltr'><strong>prophetico</strong></span> <span class='ocrx_word' id='word_1_160' title='bbox 2718 799 2919 854; x_wconf 90' lang='lat' dir='ltr'><strong>lumine</strong></span> <span class='ocrx_word' id='word_1_161' title='bbox 2960 799 3123 857; x_wconf 85' lang='lat' dir='ltr'><strong>fuisse</strong></span> <span class='ocrx_word' id='word_1_162' title='bbox 3160 804 3525 871; x_wconf 84' lang='lat' dir='ltr'><strong>collustratos,</strong></span> <span class='ocrx_word' id='word_1_163' title='bbox 3564 820 3657 860; x_wconf 90' lang='lat' dir='ltr'><strong>eo-</strong></span> 
     </span>
    </p>
   </div>
   <div class='ocr_carea' id='block_1_23' title="bbox 2055 884 3661 963">
    <p class='ocr_par' dir='ltr' id='par_1_23' title="bbox 2055 884 3661 963">
     <span class='ocr_line' id='line_1_23' title="bbox 2055 884 3661 963; baseline 0.009 -24"><span class='ocrx_word' id='word_1_164' title='bbox 2055 884 2176 940; x_wconf 88' lang='lat' dir='ltr'><strong>dem</strong></span> <span class='ocrx_word' id='word_1_165' title='bbox 2200 898 2516 954; x_wconf 81' lang='lat' dir='ltr'><strong>argumento</strong></span> <span class='ocrx_word' id='word_1_166' title='bbox 2540 888 2690 944; x_wconf 82' lang='lat' dir='ltr'><strong>facile</strong></span> <span class='ocrx_word' id='word_1_167' title='bbox 2712 890 3134 949; x_wconf 88' lang='lat' dir='ltr'><strong>demonstratur.</strong></span> <span class='ocrx_word' id='word_1_168' title='bbox 3154 897 3307 963; x_wconf 85' lang='lat' dir='ltr'><strong>Quod</strong></span> <span class='ocrx_word' id='word_1_169' title='bbox 3333 898 3474 952; x_wconf 91' lang='lat' dir='ltr'><strong>enim</strong></span> <span class='ocrx_word' id='word_1_170' title='bbox 3500 914 3661 952; x_wconf 84' lang='lat' dir='ltr'><strong>unus-</strong></span> 
     </span>
    </p>
   </div>
   <div class='ocr_carea' id='block_1_24' title="bbox 2054 978 3656 1053">
    <p class='ocr_par' dir='ltr' id='par_1_24' title="bbox 2054 978 3656 1053">
     <span class='ocr_line' id='line_1_24' title="bbox 2054 978 3656 1053; baseline 0.011 -27"><span class='ocrx_word' id='word_1_171' title='bbox 2054 978 2278 1047; x_wconf 88' lang='lat' dir='ltr'><strong>quisque</strong></span> <span class='ocrx_word' id='word_1_172' title='bbox 2303 981 2611 1035; x_wconf 88' lang='lat' dir='ltr'><strong>certaminis</strong></span> <span class='ocrx_word' id='word_1_173' title='bbox 2648 996 2820 1051; x_wconf 79' lang='lat' dir='ltr'><strong>genus</strong></span> <span class='ocrx_word' id='word_1_174' title='bbox 2849 992 3146 1053; x_wconf 89' lang='lat' dir='ltr'><strong>optaverat,</strong></span> <span class='ocrx_word' id='word_1_175' title='bbox 3177 997 3231 1042; x_wconf 91' lang='lat' dir='ltr'><strong>et</strong></span> <span class='ocrx_word' id='word_1_176' title='bbox 3269 988 3505 1043; x_wconf 87' lang='lat' dir='ltr'><strong>futurum</strong></span> <span class='ocrx_word' id='word_1_177' title='bbox 3535 1003 3656 1044; x_wconf 86' lang='lat' dir='ltr'><strong>esse</strong></span> 
     </span>
    </p>
   </div>
   <div class='ocr_carea' id='block_1_25' title="bbox 2011 1068 3660 1157">
    <p class='ocr_par' dir='ltr' id='par_1_25' title="bbox 2011 1068 3660 1157">
     <span class='ocr_line' id='line_1_25' title="bbox 2011 1068 3660 1157; baseline 0.009 -34"><span class='ocrx_word' id='word_1_178' title='bbox 2011 1142 2018 1157; x_wconf 34' lang='grc' dir='ltr'><strong>ν</strong></span> <span class='ocrx_word' id='word_1_179' title='bbox 2054 1068 2193 1125; x_wconf 86' lang='lat' dir='ltr'><strong>forte</strong></span> <span class='ocrx_word' id='word_1_180' title='bbox 2226 1082 2603 1141; x_wconf 75' lang='lat' dir='ltr'><strong>praesenserat,</strong></span> <span class='ocrx_word' id='word_1_181' title='bbox 2632 1086 2957 1133; x_wconf 88' lang='lat' dir='ltr'><strong>consecutus</strong></span> <span class='ocrx_word' id='word_1_182' title='bbox 2988 1087 3090 1134; x_wconf 89' lang='lat' dir='ltr'><strong>est.</strong></span> <span class='ocrx_word' id='word_1_183' title='bbox 3120 1080 3232 1148; x_wconf 88' lang='lat' dir='ltr'><strong>Qua</strong></span> <span class='ocrx_word' id='word_1_184' title='bbox 3259 1082 3327 1138; x_wconf 90' lang='lat' dir='ltr'><strong>de</strong></span> <span class='ocrx_word' id='word_1_185' title='bbox 3354 1097 3414 1138; x_wconf 89' lang='lat' dir='ltr'><strong>re</strong></span> <span class='ocrx_word' id='word_1_186' title='bbox 3438 1083 3660 1139; x_wconf 90' lang='lat' dir='ltr'><strong>audien-</strong></span> 
     </span>
    </p>
   </div>
   <div class='ocr_carea' id='block_1_26' title="bbox 2052 1161 3647 1241">
    <p class='ocr_par' dir='ltr' id='par_1_26' title="bbox 2052 1161 3647 1241">
     <span class='ocr_line' id='line_1_26' title="bbox 2052 1161 3647 1241; baseline 0.01 -27"><span class='ocrx_word' id='word_1_187' title='bbox 2052 1161 2152 1215; x_wconf 92' lang='lat' dir='ltr'><strong>dus</strong></span> <span class='ocrx_word' id='word_1_188' title='bbox 2180 1164 2429 1217; x_wconf 86' lang='lat' dir='ltr'><strong>Actorum</strong></span> <span class='ocrx_word' id='word_1_189' title='bbox 2462 1166 2691 1234; x_wconf 87' lang='lat' dir='ltr'><strong>scriptor</strong></span> <span class='ocrx_word' id='word_1_190' title='bbox 2720 1185 2732 1220; x_wconf 93' lang='lat'><strong>:</strong></span> <span class='ocrx_word' id='word_1_191' title='bbox 2774 1186 2791 1218; x_wconf 73' lang='grc' dir='ltr'>ί</span> <span class='ocrx_word' id='word_1_192' title='bbox 2828 1168 2932 1223; x_wconf 90' lang='lat' dir='ltr'><strong>Sed</strong></span> <span class='ocrx_word' id='word_1_193' title='bbox 2972 1171 3059 1240; x_wconf 88' lang='lat' dir='ltr'><strong>qui</strong></span> <span class='ocrx_word' id='word_1_194' title='bbox 3087 1172 3341 1228; x_wconf 83' lang='lat' dir='ltr'><strong>dixerat:</strong></span> <span class='ocrx_word' id='word_1_195' title='bbox 3375 1175 3563 1241; x_wconf 73' lang='lat' dir='ltr'><strong>Petita,</strong></span> <span class='ocrx_word' id='word_1_196' title='bbox 3598 1185 3647 1231; x_wconf 88' lang='lat' dir='ltr'><strong>et</strong></span> 
     </span>
    </p>
   </div>
   <div class='ocr_carea' id='block_1_27' title="bbox 2052 1254 3721 1337">
    <p class='ocr_par' dir='ltr' id='par_1_27' title="bbox 2052 1254 3721 1337">
     <span class='ocr_line' id='line_1_27' title="bbox 2052 1254 3721 1337; baseline 0.011 -32"><span class='ocrx_word' id='word_1_197' title='bbox 2052 1254 2357 1321; x_wconf 80' lang='lat' dir='ltr'><strong>accipietis;</strong></span> <span class='ocrx_word' id='word_1_198' title='bbox 2388 1257 2689 1324; x_wconf 87' lang='lat' dir='ltr'><strong>petentibus</strong></span> <span class='ocrx_word' id='word_1_199' title='bbox 2720 1258 2866 1313; x_wconf 85' lang='lat' dir='ltr'><strong>dedit</strong></span> <span class='ocrx_word' id='word_1_200' title='bbox 2908 1275 3029 1316; x_wconf 90' lang='lat' dir='ltr'><strong>eum</strong></span> <span class='ocrx_word' id='word_1_201' title='bbox 3067 1265 3270 1319; x_wconf 83' lang='lat' dir='ltr'><strong>exitum</strong></span> <span class='ocrx_word' id='word_1_202' title='bbox 3314 1280 3475 1336; x_wconf 90' lang='lat' dir='ltr'><strong>quem</strong></span> <span class='ocrx_word' id='word_1_203' title='bbox 3510 1267 3655 1337; x_wconf 82' lang='lat' dir='ltr'><strong>quis-</strong></span> <span class='ocrx_word' id='word_1_204' title='bbox 3710 1260 3721 1275; x_wconf 85' lang='grc'><em>’</em></span> 
     </span>
    </p>
   </div>
   <div class='ocr_carea' id='block_1_28' title="bbox 2052 1348 3657 1425">
    <p class='ocr_par' dir='ltr' id='par_1_28' title="bbox 2052 1348 3657 1425">
     <span class='ocr_line' id='line_1_28' title="bbox 2052 1348 3657 1425; baseline 0.01 -24"><span class='ocrx_word' id='word_1_205' title='bbox 2052 1363 2157 1417; x_wconf 90' lang='lat' dir='ltr'><strong>que</strong></span> <span class='ocrx_word' id='word_1_206' title='bbox 2198 1348 2619 1407; x_wconf 81' lang='lat' dir='ltr'><strong>desideraverat.</strong></span> <span class='ocrx_word' id='word_1_207' title='bbox 2658 1352 2790 1407; x_wconf 83' lang='lat' dir='ltr'><strong>Nam</strong></span> <span class='ocrx_word' id='word_1_208' title='bbox 2833 1356 2877 1409; x_wconf 89' lang='lat' dir='ltr'><strong>si</strong></span> <span class='ocrx_word' id='word_1_209' title='bbox 2920 1357 3132 1425; x_wconf 87' lang='lat' dir='ltr'><strong>quando</strong></span> <span class='ocrx_word' id='word_1_210' title='bbox 3162 1359 3299 1414; x_wconf 89' lang='lat' dir='ltr'><strong>inter</strong></span> <span class='ocrx_word' id='word_1_211' title='bbox 3334 1375 3394 1415; x_wconf 88' lang='lat' dir='ltr'><strong>se</strong></span> <span class='ocrx_word' id='word_1_212' title='bbox 3419 1360 3488 1416; x_wconf 90' lang='lat' dir='ltr'><strong>de</strong></span> <span class='ocrx_word' id='word_1_213' title='bbox 3516 1376 3657 1417; x_wconf 85' lang='lat' dir='ltr'><strong>mar-</strong></span> 
     </span>
    </p>
   </div>
   <div class='ocr_carea' id='block_1_29' title="bbox 2055 1439 3652 1522">
    <p class='ocr_par' dir='ltr' id='par_1_29' title="bbox 2055 1439 3652 1522">
     <span class='ocr_line' id='line_1_29' title="bbox 2055 1439 3652 1522; baseline 0.011 -31"><span class='ocrx_word' id='word_1_214' title='bbox 2055 1439 2172 1508; x_wconf 88' lang='lat' dir='ltr'><strong>tyrii</strong></span> <span class='ocrx_word' id='word_1_215' title='bbox 2217 1442 2297 1495; x_wconf 91' lang='lat' dir='ltr'><strong>sui</strong></span> <span class='ocrx_word' id='word_1_216' title='bbox 2342 1451 2465 1495; x_wconf 91' lang='lat' dir='ltr'><strong>voto</strong></span> <span class='ocrx_word' id='word_1_217' title='bbox 2497 1445 3028 1513; x_wconf 80' lang='lat' dir='ltr'><strong>sermocinabuntur;</strong></span> <span class='ocrx_word' id='word_1_218' title='bbox 3074 1448 3393 1506; x_wconf 86' lang='lat' dir='ltr'><strong>Saturninus</strong></span> <span class='ocrx_word' id='word_1_219' title='bbox 3436 1452 3652 1522; x_wconf 88' lang='lat' dir='ltr'><strong>quidem</strong></span> 
     </span>
    </p>
   </div>
   <div class='ocr_carea' id='block_1_30' title="bbox 2051 1532 3652 1611">
    <p class='ocr_par' dir='ltr' id='par_1_30' title="bbox 2051 1532 3652 1611">
     <span class='ocr_line' id='line_1_30' title="bbox 2051 1532 3652 1611; baseline 0.012 -28"><span class='ocrx_word' id='word_1_220' title='bbox 2051 1532 2301 1588; x_wconf 90' lang='lat' dir='ltr'><strong>omnibus</strong></span> <span class='ocrx_word' id='word_1_221' title='bbox 2342 1534 2525 1590; x_wconf 88' lang='lat' dir='ltr'><strong>bestiis</strong></span> <span class='ocrx_word' id='word_1_222' title='bbox 2550 1537 2686 1592; x_wconf 90' lang='lat' dir='ltr'><strong>velle</strong></span> <span class='ocrx_word' id='word_1_223' title='bbox 2716 1552 2774 1592; x_wconf 87' lang='lat' dir='ltr'><strong>se</strong></span> <span class='ocrx_word' id='word_1_224' title='bbox 2803 1539 2962 1608; x_wconf 91' lang='lat' dir='ltr'><strong>objici</strong></span> <span class='ocrx_word' id='word_1_225' title='bbox 3002 1542 3390 1611; x_wconf 83' lang='lat' dir='ltr'><strong>proﬁtebatur:</strong></span> <span class='ocrx_word' id='word_1_226' title='bbox 3425 1556 3482 1599; x_wconf 86' lang='lat' dir='ltr'><strong>ut</strong></span> <span class='ocrx_word' id='word_1_227' title='bbox 3506 1548 3652 1601; x_wconf 82' lang='lat' dir='ltr'><strong>scili-</strong></span> 
     </span>
    </p>
   </div>
   <div class='ocr_carea' id='block_1_31' title="bbox 2050 1626 3657 1704">
    <p class='ocr_par' dir='ltr' id='par_1_31' title="bbox 2050 1626 3657 1704">
     <span class='ocr_line' id='line_1_31' title="bbox 2050 1626 3657 1704; baseline 0.009 -24"><span class='ocrx_word' id='word_1_228' title='bbox 2050 1635 2135 1680; x_wconf 91' lang='lat' dir='ltr'><strong>cet</strong></span> <span class='ocrx_word' id='word_1_229' title='bbox 2159 1626 2527 1695; x_wconf 87' lang='lat' dir='ltr'><strong>gloriosiorem</strong></span> <span class='ocrx_word' id='word_1_230' title='bbox 2554 1641 2790 1699; x_wconf 78' lang='lat' dir='ltr'><strong>geSIaret</strong></span> <span class='ocrx_word' id='word_1_231' title='bbox 2814 1646 3089 1688; x_wconf 91' lang='lat' dir='ltr'><strong>coronam.</strong></span> <span class='ocrx_word' id='word_1_232' title='bbox 3114 1633 3298 1704; x_wconf 86' lang='lat' dir='ltr'><strong>Itaque</strong></span> <span class='ocrx_word' id='word_1_233' title='bbox 3329 1636 3383 1690; x_wconf 88' lang='lat' dir='ltr'><strong>in</strong></span> <span class='ocrx_word' id='word_1_234' title='bbox 3405 1640 3657 1693; x_wconf 83' lang='lat' dir='ltr'><strong>commis-</strong></span> 
     </span>
    </p>
   </div>
   <div class='ocr_carea' id='block_1_32' title="bbox 2050 1721 3657 1802">
    <p class='ocr_par' dir='ltr' id='par_1_32' title="bbox 2050 1721 3657 1802">
     <span class='ocr_line' id='line_1_32' title="bbox 2050 1721 3657 1802; baseline 0.007 -27"><span class='ocrx_word' id='word_1_235' title='bbox 2050 1721 2200 1776; x_wconf 91' lang='lat' dir='ltr'><strong>sione</strong></span> <span class='ocrx_word' id='word_1_236' title='bbox 2240 1725 2563 1792; x_wconf 84' lang='lat' dir='ltr'><strong>spectaculi,</strong></span> <span class='ocrx_word' id='word_1_237' title='bbox 2614 1726 2728 1795; x_wconf 91' lang='lat' dir='ltr'><strong>ipse</strong></span> <span class='ocrx_word' id='word_1_238' title='bbox 2768 1735 2823 1782; x_wconf 92' lang='lat' dir='ltr'><strong>et</strong></span> <span class='ocrx_word' id='word_1_239' title='bbox 2859 1728 3160 1785; x_wconf 87' lang='lat' dir='ltr'><strong>Revocatus</strong></span> <span class='ocrx_word' id='word_1_240' title='bbox 3211 1732 3522 1802; x_wconf 89' lang='lat' dir='ltr'><strong>leopardum</strong></span> <span class='ocrx_word' id='word_1_241' title='bbox 3568 1749 3657 1789; x_wconf 78' lang='lat' dir='ltr'><strong>ex-</strong></span> 
     </span>
    </p>
   </div>
   <div class='ocr_carea' id='block_1_33' title="bbox 350 1816 3656 1890">
    <p class='ocr_par' dir='ltr' id='par_1_33' title="bbox 350 1816 3656 1890">
     <span class='ocr_line' id='line_1_33' title="bbox 350 1816 3656 1890; baseline 0.002 -14"><span class='ocrx_word' id='word_1_242' title='bbox 350 1822 552 1888; x_wconf 87' lang='lat' dir='ltr'><strong>emisit,</strong></span> <span class='ocrx_word' id='word_1_243' title='bbox 604 1832 695 1876; x_wconf 87' lang='lat' dir='ltr'><strong>aut</strong></span> <span class='ocrx_word' id='word_1_244' title='bbox 744 1821 1019 1890; x_wconf 89' lang='lat' dir='ltr'><strong>impletum</strong></span> <span class='ocrx_word' id='word_1_245' title='bbox 1071 1828 1236 1885; x_wconf 88' lang='lat' dir='ltr'><strong>esset,</strong></span> <span class='ocrx_word' id='word_1_246' title='bbox 1298 1828 1390 1873; x_wconf 91' lang='lat' dir='ltr'><strong>aut</strong></span> <span class='ocrx_word' id='word_1_247' title='bbox 1431 1826 1805 1888; x_wconf 79' lang='lat' dir='ltr'><strong>expectaretur</strong></span> <span class='ocrx_word' id='word_1_248' title='bbox 1845 1820 1945 1871; x_wconf 65' lang='lat' dir='ltr'><strong>im«</strong></span> <span class='ocrx_word' id='word_1_249' title='bbox 1978 1819 2025 1878; x_wconf 90' lang='lat' dir='ltr'><strong>B</strong></span> <span class='ocrx_word' id='word_1_250' title='bbox 2056 1816 2210 1884; x_wconf 91' lang='lat' dir='ltr'><strong>perti,</strong></span> <span class='ocrx_word' id='word_1_251' title='bbox 2240 1819 2399 1871; x_wconf 88' lang='lat' dir='ltr'><strong>etiam</strong></span> <span class='ocrx_word' id='word_1_252' title='bbox 2428 1833 2590 1887; x_wconf 88' lang='lat' dir='ltr'><strong>super</strong></span> <span class='ocrx_word' id='word_1_253' title='bbox 2616 1820 2877 1889; x_wconf 90' lang='lat' dir='ltr'><strong>pulpitum</strong></span> <span class='ocrx_word' id='word_1_254' title='bbox 2921 1822 2989 1876; x_wconf 89' lang='lat' dir='ltr'><strong>ab</strong></span> <span class='ocrx_word' id='word_1_255' title='bbox 3015 1839 3141 1879; x_wconf 90' lang='lat' dir='ltr'><strong>urso</strong></span> <span class='ocrx_word' id='word_1_256' title='bbox 3164 1825 3336 1880; x_wconf 80' lang='lat' dir='ltr'><strong>vexati</strong></span> <span class='ocrx_word' id='word_1_257' title='bbox 3370 1835 3515 1881; x_wconf 90' lang='lat' dir='ltr'><strong>sunt.</strong></span> <span class='ocrx_word' id='word_1_258' title='bbox 3557 1827 3656 1883; x_wconf 88' lang='lat' dir='ltr'><strong>Sa-</strong></span> 
     </span>
    </p>
   </div>
   <div class='ocr_carea' id='block_1_34' title="bbox 346 1914 1949 1984">
    <p class='ocr_par' dir='ltr' id='par_1_34' title="bbox 346 1914 1949 1984">
     <span class='ocr_line' id='line_1_34' title="bbox 346 1914 1949 1984; baseline -0.001 -17"><span class='ocrx_word' id='word_1_259' title='bbox 346 1915 626 1984; x_wconf 88' lang='lat' dir='ltr'><strong>plendum.</strong></span> <span class='ocrx_word' id='word_1_260' title='bbox 644 1932 662 1965; x_wconf 70' lang='grc' dir='ltr'><strong><em>ι</em></strong></span> <span class='ocrx_word' id='word_1_261' title='bbox 694 1914 895 1969; x_wconf 89' lang='lat' dir='ltr'><strong>Eodem</strong></span> <span class='ocrx_word' id='word_1_262' title='bbox 915 1921 969 1968; x_wconf 89' lang='lat' dir='ltr'><strong>et</strong></span> <span class='ocrx_word' id='word_1_263' title='bbox 990 1928 1089 1967; x_wconf 91' lang='lat' dir='ltr'><strong>nos</strong></span> <span class='ocrx_word' id='word_1_264' title='bbox 1110 1920 1423 1983; x_wconf 75' lang='lat' dir='ltr'><strong>argumento</strong></span> <span class='ocrx_word' id='word_1_265' title='bbox 1448 1920 1709 1981; x_wconf 82' lang='lat' dir='ltr'><strong>martyres</strong></span> <span class='ocrx_word' id='word_1_266' title='bbox 1736 1919 1949 1965; x_wconf 89' lang='lat' dir='ltr'><strong>nostros</strong></span> 
     </span>
    </p>
   </div>
   <div class='ocr_carea' id='block_1_35' title="bbox 349 2004 1944 2078">
    <p class='ocr_par' dir='ltr' id='par_1_35' title="bbox 349 2004 1944 2078">
     <span class='ocr_line' id='line_1_35' title="bbox 349 2004 1944 2078; baseline -0.002 -16"><span class='ocrx_word' id='word_1_267' title='bbox 349 2008 673 2078; x_wconf 84' lang='lat' dir='ltr'><strong>prophetico</strong></span> <span class='ocrx_word' id='word_1_268' title='bbox 715 2008 954 2078; x_wconf 86' lang='lat' dir='ltr'><strong>perfusos</strong></span> <span class='ocrx_word' id='word_1_269' title='bbox 1006 2006 1398 2076; x_wconf 88' lang='lat' dir='ltr'><strong>fuisse,spiritu</strong></span> <span class='ocrx_word' id='word_1_270' title='bbox 1438 2004 1944 2061; x_wconf 88' lang='lat' dir='ltr'><strong>demonstrabimus.</strong></span> 
     </span>
    </p>
   </div>
   <div class='ocr_carea' id='block_1_36' title="bbox 349 2099 1949 2172">
    <p class='ocr_par' dir='ltr' id='par_1_36' title="bbox 349 2099 1949 2172">
     <span class='ocr_line' id='line_1_36' title="bbox 349 2099 1949 2172; baseline -0.003 -16"><span class='ocrx_word' id='word_1_271' title='bbox 349 2100 630 2172; x_wconf 90' lang='lat' dir='ltr'><strong>Siquidem</strong></span> <span class='ocrx_word' id='word_1_272' title='bbox 661 2100 914 2171; x_wconf 90' lang='lat' dir='ltr'><strong>quidquid</strong></span> <span class='ocrx_word' id='word_1_273' title='bbox 960 2101 1039 2156; x_wconf 91' lang='lat' dir='ltr'><strong>eis</strong></span> <span class='ocrx_word' id='word_1_274' title='bbox 1079 2099 1375 2155; x_wconf 89' lang='lat' dir='ltr'><strong>revelatum</strong></span> <span class='ocrx_word' id='word_1_275' title='bbox 1402 2107 1503 2165; x_wconf 88' lang='lat' dir='ltr'><strong>est,</strong></span> <span class='ocrx_word' id='word_1_276' title='bbox 1548 2107 1602 2153; x_wconf 90' lang='lat' dir='ltr'><strong>et</strong></span> <span class='ocrx_word' id='word_1_277' title='bbox 1640 2112 1799 2152; x_wconf 93' lang='lat' dir='ltr'><strong>omne</strong></span> <span class='ocrx_word' id='word_1_278' title='bbox 1829 2113 1949 2152; x_wconf 88' lang='lat' dir='ltr'><strong>ver-</strong></span> 
     </span>
    </p>
   </div>
   <div class='ocr_carea' id='block_1_37' title="bbox 344 2191 1950 2265">
    <p class='ocr_par' dir='ltr' id='par_1_37' title="bbox 344 2191 1950 2265">
     <span class='ocr_line' id='line_1_37' title="bbox 344 2191 1950 2265; baseline -0.004 -16"><span class='ocrx_word' id='word_1_279' title='bbox 344 2194 475 2249; x_wconf 87' lang='lat' dir='ltr'><strong>bum</strong></span> <span class='ocrx_word' id='word_1_280' title='bbox 501 2193 643 2265; x_wconf 89' lang='lat' dir='ltr'><strong>quod</strong></span> <span class='ocrx_word' id='word_1_281' title='bbox 674 2209 740 2249; x_wconf 76' lang='lat' dir='ltr'><strong>ex</strong></span> <span class='ocrx_word' id='word_1_282' title='bbox 783 2208 877 2248; x_wconf 88' lang='lat' dir='ltr'><strong>ore</strong></span> <span class='ocrx_word' id='word_1_283' title='bbox 915 2207 1015 2248; x_wconf 91' lang='lat' dir='ltr'><strong>suo</strong></span> <span class='ocrx_word' id='word_1_284' title='bbox 1059 2191 1354 2247; x_wconf 89' lang='lat' dir='ltr'><strong>emiserunt</strong></span> <span class='ocrx_word' id='word_1_285' title='bbox 1381 2198 1650 2255; x_wconf 66' lang='grc' dir='ltr'><strong>ἐτελειώθη,</strong></span> <span class='ocrx_word' id='word_1_286' title='bbox 1684 2191 1950 2259; x_wconf 78' lang='lat' dir='ltr'><strong>impletum</strong></span> 
     </span>
    </p>
   </div>
   <div class='ocr_carea' id='block_1_38' title="bbox 342 2292 1947 2357">
    <p class='ocr_par' dir='ltr' id='par_1_38' title="bbox 342 2292 1947 2357">
     <span class='ocr_line' id='line_1_38' title="bbox 342 2292 1947 2357; baseline -0.002 -16"><span class='ocrx_word' id='word_1_287' title='bbox 342 2298 441 2352; x_wconf 81' lang='lat' dir='ltr'><strong>est,</strong></span> <span class='ocrx_word' id='word_1_288' title='bbox 475 2302 800 2357; x_wconf 85' lang='lat' dir='ltr'><strong>quamquam</strong></span> <span class='ocrx_word' id='word_1_289' title='bbox 824 2302 891 2343; x_wconf 80' lang='lat' dir='ltr'><strong>ex</strong></span> <span class='ocrx_word' id='word_1_290' title='bbox 916 2301 1101 2342; x_wconf 90' lang='lat' dir='ltr'><strong>eorum</strong></span> <span class='ocrx_word' id='word_1_291' title='bbox 1126 2300 1323 2356; x_wconf 82' lang='lat' dir='ltr'><strong>genere</strong></span> <span class='ocrx_word' id='word_1_292' title='bbox 1348 2292 1777 2355; x_wconf 69' lang='grc' dir='ltr'><strong>θεεεηι,(ιυοιίιηι</strong></span> <span class='ocrx_word' id='word_1_293' title='bbox 1806 2298 1947 2354; x_wconf 68' lang='lat' dir='ltr'><strong>prae-</strong></span> 
     </span>
    </p>
   </div>
   <div class='ocr_carea' id='block_1_39' title="bbox 346 2377 1950 2450">
    <p class='ocr_par' dir='ltr' id='par_1_39' title="bbox 346 2377 1950 2450">
     <span class='ocr_line' id='line_1_39' title="bbox 346 2377 1950 2450; baseline -0.003 -14"><span class='ocrx_word' id='word_1_294' title='bbox 346 2382 501 2436; x_wconf 88' lang='lat' dir='ltr'><strong>notio</strong></span> <span class='ocrx_word' id='word_1_295' title='bbox 538 2381 603 2435; x_wconf 89' lang='lat' dir='ltr'><strong>ad</strong></span> <span class='ocrx_word' id='word_1_296' title='bbox 632 2381 866 2436; x_wconf 89' lang='lat' dir='ltr'><strong>divinam</strong></span> <span class='ocrx_word' id='word_1_297' title='bbox 909 2390 1113 2435; x_wconf 87' lang='lat' dir='ltr'><strong>tantum</strong></span> <span class='ocrx_word' id='word_1_298' title='bbox 1168 2379 1485 2450; x_wconf 86' lang='lat' dir='ltr'><strong>sapientiam</strong></span> <span class='ocrx_word' id='word_1_299' title='bbox 1518 2377 1764 2448; x_wconf 85' lang='lat' dir='ltr'><strong>pertinet,</strong></span> <span class='ocrx_word' id='word_1_300' title='bbox 1797 2378 1950 2447; x_wconf 90' lang='lat' dir='ltr'><strong>cujus</strong></span> 
     </span>
    </p>
   </div>
   <div class='ocr_carea' id='block_1_40' title="bbox 346 2470 1950 2541">
    <p class='ocr_par' dir='ltr' id='par_1_40' title="bbox 346 2470 1950 2541">
     <span class='ocr_line' id='line_1_40' title="bbox 346 2470 1950 2541; baseline -0.002 -14"><span class='ocrx_word' id='word_1_301' title='bbox 346 2473 495 2528; x_wconf 84' lang='lat' dir='ltr'><strong>modi</strong></span> <span class='ocrx_word' id='word_1_302' title='bbox 532 2483 655 2527; x_wconf 91' lang='lat' dir='ltr'><strong>sunt</strong></span> <span class='ocrx_word' id='word_1_303' title='bbox 696 2473 874 2528; x_wconf 86' lang='lat' dir='ltr'><strong>futura</strong></span> <span class='ocrx_word' id='word_1_304' title='bbox 910 2472 1290 2541; x_wconf 78' lang='lat' dir='ltr'><strong>contingentia,</strong></span> <span class='ocrx_word' id='word_1_305' title='bbox 1317 2486 1380 2525; x_wconf 90' lang='lat' dir='ltr'><strong>ea</strong></span> <span class='ocrx_word' id='word_1_306' title='bbox 1411 2470 1707 2541; x_wconf 84' lang='lat' dir='ltr'><strong>praesertim</strong></span> <span class='ocrx_word' id='word_1_307' title='bbox 1735 2485 1856 2541; x_wconf 60' lang='lat' dir='ltr'><strong>quae</strong></span> <span class='ocrx_word' id='word_1_308' title='bbox 1884 2485 1950 2524; x_wconf 84' lang='lat' dir='ltr'><strong>ex</strong></span> 
     </span>
    </p>
   </div>
   <div class='ocr_carea' id='block_1_41' title="bbox 342 2564 1947 2637">
    <p class='ocr_par' dir='ltr' id='par_1_41' title="bbox 342 2564 1947 2637">
     <span class='ocr_line' id='line_1_41' title="bbox 342 2564 1947 2637; baseline 0 -17"><span class='ocrx_word' id='word_1_309' title='bbox 342 2566 512 2621; x_wconf 88' lang='lat' dir='ltr'><strong>libera</strong></span> <span class='ocrx_word' id='word_1_310' title='bbox 556 2568 724 2637; x_wconf 83' lang='lat' dir='ltr'><strong>ipsius</strong></span> <span class='ocrx_word' id='word_1_311' title='bbox 780 2568 871 2622; x_wconf 89' lang='lat' dir='ltr'><strong>Dei</strong></span> <span class='ocrx_word' id='word_1_312' title='bbox 900 2577 991 2621; x_wconf 92' lang='lat' dir='ltr'><strong>aut</strong></span> <span class='ocrx_word' id='word_1_313' title='bbox 1021 2567 1295 2621; x_wconf 88' lang='lat' dir='ltr'><strong>hominum</strong></span> <span class='ocrx_word' id='word_1_314' title='bbox 1324 2566 1599 2620; x_wconf 86' lang='lat' dir='ltr'><strong>voluntate</strong></span> <span class='ocrx_word' id='word_1_315' title='bbox 1624 2564 1947 2635; x_wconf 85' lang='lat' dir='ltr'><strong>dependent.</strong></span> 
     </span>
    </p>
   </div>
   <div class='ocr_carea' id='block_1_42' title="bbox 341 2657 1950 2727">
    <p class='ocr_par' dir='ltr' id='par_1_42' title="bbox 341 2657 1950 2727">
     <span class='ocr_line' id='line_1_42' title="bbox 341 2657 1950 2727; baseline -0.001 -13"><span class='ocrx_word' id='word_1_316' title='bbox 341 2657 477 2714; x_wconf 84' lang='lat' dir='ltr'><strong>Cum</strong></span> <span class='ocrx_word' id='word_1_317' title='bbox 509 2660 685 2715; x_wconf 90' lang='lat' dir='ltr'><strong>adhuc</strong></span> <span class='ocrx_word' id='word_1_318' title='bbox 710 2660 761 2714; x_wconf 92' lang='lat' dir='ltr'><strong>in</strong></span> <span class='ocrx_word' id='word_1_319' title='bbox 794 2661 996 2716; x_wconf 90' lang='lat' dir='ltr'><strong>incerto</strong></span> <span class='ocrx_word' id='word_1_320' title='bbox 1020 2676 1107 2715; x_wconf 90' lang='lat' dir='ltr'><strong>res</strong></span> <span class='ocrx_word' id='word_1_321' title='bbox 1137 2670 1443 2716; x_wconf 87' lang='lat' dir='ltr'><strong>versaretur</strong></span> <span class='ocrx_word' id='word_1_322' title='bbox 1467 2675 1534 2713; x_wconf 91' lang='lat' dir='ltr'><strong>an</strong></span> <span class='ocrx_word' id='word_1_323' title='bbox 1566 2659 1745 2727; x_wconf 87' lang='lat' dir='ltr'><strong>passio</strong></span> <span class='ocrx_word' id='word_1_324' title='bbox 1773 2657 1950 2713; x_wconf 87' lang='lat' dir='ltr'><strong>futura</strong></span> 
     </span>
    </p>
   </div>
   <div class='ocr_carea' id='block_1_43' title="bbox 340 2752 1951 2824">
    <p class='ocr_par' dir='ltr' id='par_1_43' title="bbox 340 2752 1951 2824">
     <span class='ocr_line' id='line_1_43' title="bbox 340 2752 1951 2824; baseline 0 -17"><span class='ocrx_word' id='word_1_325' title='bbox 340 2763 511 2817; x_wconf 86' lang='lat' dir='ltr'><strong>esset,</strong></span> <span class='ocrx_word' id='word_1_326' title='bbox 556 2770 622 2808; x_wconf 91' lang='lat' dir='ltr'><strong>an</strong></span> <span class='ocrx_word' id='word_1_327' title='bbox 665 2763 1021 2819; x_wconf 88' lang='lat' dir='ltr'><strong>commeatus,</strong></span> <span class='ocrx_word' id='word_1_328' title='bbox 1065 2754 1368 2824; x_wconf 89' lang='lat' dir='ltr'><strong>passionem</strong></span> <span class='ocrx_word' id='word_1_329' title='bbox 1394 2768 1516 2808; x_wconf 90' lang='lat' dir='ltr'><strong>esse</strong></span> <span class='ocrx_word' id='word_1_330' title='bbox 1560 2752 1789 2807; x_wconf 89' lang='lat' dir='ltr'><strong>futuram</strong></span> <span class='ocrx_word' id='word_1_331' title='bbox 1819 2753 1951 2807; x_wconf 86' lang='lat' dir='ltr'><strong>Per-</strong></span> 
     </span>
    </p>
   </div>
   <div class='ocr_carea' id='block_1_44' title="bbox 341 2847 1951 2919">
    <p class='ocr_par' dir='ltr' id='par_1_44' title="bbox 341 2847 1951 2919">
     <span class='ocr_line' id='line_1_44' title="bbox 341 2847 1951 2919; baseline 0 -17"><span class='ocrx_word' id='word_1_332' title='bbox 341 2859 508 2919; x_wconf 88' lang='lat' dir='ltr'><strong>petua</strong></span> <span class='ocrx_word' id='word_1_333' title='bbox 569 2849 750 2919; x_wconf 86' lang='lat' dir='ltr'><strong>priore</strong></span> <span class='ocrx_word' id='word_1_334' title='bbox 795 2864 889 2903; x_wconf 86' lang='lat' dir='ltr'><strong>sua</strong></span> <span class='ocrx_word' id='word_1_335' title='bbox 940 2849 1275 2903; x_wconf 84' lang='lat' dir='ltr'><strong>revelatione</strong></span> <span class='ocrx_word' id='word_1_336' title='bbox 1325 2848 1618 2911; x_wconf 84' lang='lat' dir='ltr'><strong>intellexit;</strong></span> <span class='ocrx_word' id='word_1_337' title='bbox 1666 2856 1721 2901; x_wconf 89' lang='lat' dir='ltr'><strong>et</strong></span> <span class='ocrx_word' id='word_1_338' title='bbox 1772 2847 1951 2916; x_wconf 89' lang='lat' dir='ltr'><strong>passio</strong></span> 
     </span>
    </p>
   </div>
   <div class='ocr_carea' id='block_1_45' title="bbox 345 2940 1948 3010">
    <p class='ocr_par' dir='ltr' id='par_1_45' title="bbox 345 2940 1948 3010">
     <span class='ocr_line' id='line_1_45' title="bbox 345 2940 1948 3010; baseline -0.002 -15"><span class='ocrx_word' id='word_1_339' title='bbox 345 2955 541 3010; x_wconf 87' lang='lat' dir='ltr'><strong>reapse</strong></span> <span class='ocrx_word' id='word_1_340' title='bbox 576 2950 755 2996; x_wconf 90' lang='lat' dir='ltr'><strong>secuta</strong></span> <span class='ocrx_word' id='word_1_341' title='bbox 786 2948 889 2995; x_wconf 86' lang='lat' dir='ltr'><strong>est.</strong></span> <span class='ocrx_word' id='word_1_342' title='bbox 932 2940 1043 3005; x_wconf 84' lang='lat' dir='ltr'><strong>Nec</strong></span> <span class='ocrx_word' id='word_1_343' title='bbox 1086 2940 1263 2995; x_wconf 82' lang='lat' dir='ltr'><strong>solum</strong></span> <span class='ocrx_word' id='word_1_344' title='bbox 1306 2940 1445 3010; x_wconf 88' lang='lat' dir='ltr'><strong>passi</strong></span> <span class='ocrx_word' id='word_1_345' title='bbox 1482 2948 1610 2993; x_wconf 89' lang='lat' dir='ltr'><strong>sunt</strong></span> <span class='ocrx_word' id='word_1_346' title='bbox 1649 2948 1948 3009; x_wconf 85' lang='lat' dir='ltr'><strong>martyres;</strong></span> 
     </span>
    </p>
   </div>
   <div class='ocr_carea' id='block_1_46' title="bbox 345 3032 1951 3103">
    <p class='ocr_par' dir='ltr' id='par_1_46' title="bbox 345 3032 1951 3103">
     <span class='ocr_line' id='line_1_46' title="bbox 345 3032 1951 3103; baseline -0.003 -13"><span class='ocrx_word' id='word_1_347' title='bbox 345 3034 445 3090; x_wconf 87' lang='lat' dir='ltr'><strong>sed</strong></span> <span class='ocrx_word' id='word_1_348' title='bbox 476 3048 542 3089; x_wconf 91' lang='lat' dir='ltr'><strong>eo</strong></span> <span class='ocrx_word' id='word_1_349' title='bbox 565 3035 720 3088; x_wconf 88' lang='lat' dir='ltr'><strong>etiam</strong></span> <span class='ocrx_word' id='word_1_350' title='bbox 750 3033 958 3097; x_wconf 87' lang='lat' dir='ltr'><strong>ordine,</strong></span> <span class='ocrx_word' id='word_1_351' title='bbox 986 3048 1091 3103; x_wconf 92' lang='lat' dir='ltr'><strong>quo</strong></span> <span class='ocrx_word' id='word_1_352' title='bbox 1118 3032 1237 3087; x_wconf 89' lang='lat' dir='ltr'><strong>illos</strong></span> <span class='ocrx_word' id='word_1_353' title='bbox 1259 3032 1524 3100; x_wconf 90' lang='lat' dir='ltr'><strong>Perpetua</strong></span> <span class='ocrx_word' id='word_1_354' title='bbox 1552 3044 1806 3101; x_wconf 88' lang='lat' dir='ltr'><strong>passuros</strong></span> <span class='ocrx_word' id='word_1_355' title='bbox 1830 3044 1951 3085; x_wconf 91' lang='lat' dir='ltr'><strong>esse</strong></span> 
     </span>
    </p>
   </div>
   <div class='ocr_carea' id='block_1_47' title="bbox 342 3122 1949 3197">
    <p class='ocr_par' dir='ltr' id='par_1_47' title="bbox 342 3122 1949 3197">
     <span class='ocr_line' id='line_1_47' title="bbox 342 3122 1949 3197; baseline -0.004 -15"><span class='ocrx_word' id='word_1_356' title='bbox 342 3126 597 3197; x_wconf 65' lang='lat' dir='ltr'><strong>prtevidit</strong></span> <span class='ocrx_word' id='word_1_357' title='bbox 630 3146 642 3182; x_wconf 87' lang='lat'><strong>:</strong></span> <span class='ocrx_word' id='word_1_358' title='bbox 674 3126 927 3181; x_wconf 90' lang='lat' dir='ltr'><strong>Saturum</strong></span> <span class='ocrx_word' id='word_1_359' title='bbox 954 3126 1096 3181; x_wconf 89' lang='lat' dir='ltr'><strong>enim</strong></span> <span class='ocrx_word' id='word_1_360' title='bbox 1125 3125 1360 3194; x_wconf 87' lang='lat' dir='ltr'><strong>priorem</strong></span> <span class='ocrx_word' id='word_1_361' title='bbox 1386 3123 1583 3179; x_wconf 90' lang='lat' dir='ltr'><strong>scalam</strong></span> <span class='ocrx_word' id='word_1_362' title='bbox 1621 3122 1949 3178; x_wconf 88' lang='lat' dir='ltr'><strong>adscendere</strong></span> 
     </span>
    </p>
   </div>
   <div class='ocr_carea' id='block_1_48' title="bbox 2055 1911 3653 1983">
    <p class='ocr_par' dir='ltr' id='par_1_48' title="bbox 2055 1911 3653 1983">
     <span class='ocr_line' id='line_1_48' title="bbox 2055 1911 3653 1983; baseline 0.008 -22"><span class='ocrx_word' id='word_1_363' title='bbox 2055 1918 2205 1963; x_wconf 87' lang='lat' dir='ltr'><strong>turus</strong></span> <span class='ocrx_word' id='word_1_364' title='bbox 2231 1918 2408 1965; x_wconf 91' lang='lat' dir='ltr'><strong>autem</strong></span> <span class='ocrx_word' id='word_1_365' title='bbox 2438 1911 2569 1965; x_wconf 89' lang='lat' dir='ltr'><strong>nihil</strong></span> <span class='ocrx_word' id='word_1_366' title='bbox 2604 1915 2773 1983; x_wconf 80' lang='lat' dir='ltr'><strong>magis</strong></span> <span class='ocrx_word' id='word_1_367' title='bbox 2801 1930 2960 1981; x_wconf 91' lang='lat' dir='ltr'><strong>quam</strong></span> <span class='ocrx_word' id='word_1_368' title='bbox 2991 1932 3173 1970; x_wconf 93' lang='lat' dir='ltr'><strong>ursum</strong></span> <span class='ocrx_word' id='word_1_369' title='bbox 3201 1918 3610 1973; x_wconf 89' lang='lat' dir='ltr'><strong>abominabatur</strong></span> <span class='ocrx_word' id='word_1_370' title='bbox 3640 1937 3653 1973; x_wconf 89' lang='lat'><strong>:</strong></span> 
     </span>
    </p>
   </div>
   <div class='ocr_carea' id='block_1_49' title="bbox 2053 2000 3653 2080">
    <p class='ocr_par' dir='ltr' id='par_1_49' title="bbox 2053 2000 3653 2080">
     <span class='ocr_line' id='line_1_49' title="bbox 2053 2000 3653 2080; baseline 0.007 -25"><span class='ocrx_word' id='word_1_371' title='bbox 2053 2000 2146 2055; x_wconf 89' lang='lat' dir='ltr'><strong>sed</strong></span> <span class='ocrx_word' id='word_1_372' title='bbox 2180 2016 2285 2057; x_wconf 93' lang='lat' dir='ltr'><strong>uno</strong></span> <span class='ocrx_word' id='word_1_373' title='bbox 2326 2018 2507 2057; x_wconf 85' lang='lat' dir='ltr'><strong>morsu</strong></span> <span class='ocrx_word' id='word_1_374' title='bbox 2545 2004 2785 2076; x_wconf 91' lang='lat' dir='ltr'><strong>leopardi</strong></span> <span class='ocrx_word' id='word_1_375' title='bbox 2816 2008 3004 2063; x_wconf 87' lang='lat' dir='ltr'><strong>confici</strong></span> <span class='ocrx_word' id='word_1_376' title='bbox 3043 2025 3101 2063; x_wconf 91' lang='lat' dir='ltr'><strong>se</strong></span> <span class='ocrx_word' id='word_1_377' title='bbox 3131 2009 3242 2080; x_wconf 90' lang='lat' dir='ltr'><strong>jam</strong></span> <span class='ocrx_word' id='word_1_378' title='bbox 3274 2013 3653 2080; x_wconf 57' lang='lat' dir='ltr'><strong>praesumebat.</strong></span> 
     </span>
    </p>
   </div>
   <div class='ocr_carea' id='block_1_50' title="bbox 2052 2093 3655 2180">
    <p class='ocr_par' dir='ltr' id='par_1_50' title="bbox 2052 2093 3655 2180">
     <span class='ocr_line' id='line_1_50' title="bbox 2052 2093 3655 2180; baseline 0.009 -32"><span class='ocrx_word' id='word_1_379' title='bbox 2052 2093 2235 2163; x_wconf 88' lang='lat' dir='ltr'><strong>Itaque</strong></span> <span class='ocrx_word' id='word_1_380' title='bbox 2264 2113 2383 2153; x_wconf 91' lang='lat' dir='ltr'><strong>cum</strong></span> <span class='ocrx_word' id='word_1_381' title='bbox 2412 2115 2541 2171; x_wconf 89' lang='lat' dir='ltr'><strong>aper</strong></span> <span class='ocrx_word' id='word_1_382' title='bbox 2568 2103 3088 2171; x_wconf 88' lang='lat' dir='ltr'><strong>subministraretur,</strong></span> <span class='ocrx_word' id='word_1_383' title='bbox 3117 2116 3340 2162; x_wconf 81' lang='lat' dir='ltr'><strong>venator</strong></span> <span class='ocrx_word' id='word_1_384' title='bbox 3366 2110 3539 2179; x_wconf 89' lang='lat' dir='ltr'><strong>potius</strong></span> <span class='ocrx_word' id='word_1_385' title='bbox 3565 2108 3655 2180; x_wconf 93' lang='lat' dir='ltr'><strong>qui</strong></span> 
     </span>
    </p>
   </div>
   <div class='ocr_carea' id='block_1_51' title="bbox 2052 2188 3650 2265">
    <p class='ocr_par' dir='ltr' id='par_1_51' title="bbox 2052 2188 3650 2265">
     <span class='ocr_line' id='line_1_51' title="bbox 2052 2188 3650 2265; baseline 0.008 -23"><span class='ocrx_word' id='word_1_386' title='bbox 2052 2188 2202 2244; x_wconf 89' lang='lat' dir='ltr'><strong>illum</strong></span> <span class='ocrx_word' id='word_1_387' title='bbox 2229 2193 2435 2261; x_wconf 41' lang='lat' dir='ltr'><strong>laprum</strong></span> <span class='ocrx_word' id='word_1_388' title='bbox 2472 2194 2986 2265; x_wconf 89' lang='lat' dir='ltr'><strong>subministraverat,</strong></span> <span class='ocrx_word' id='word_1_389' title='bbox 3036 2198 3316 2255; x_wconf 90' lang='lat' dir='ltr'><strong>subfossus</strong></span> <span class='ocrx_word' id='word_1_390' title='bbox 3355 2201 3422 2255; x_wconf 89' lang='lat' dir='ltr'><strong>ab</strong></span> <span class='ocrx_word' id='word_1_391' title='bbox 3463 2201 3650 2257; x_wconf 90' lang='lat' dir='ltr'><strong>eadem</strong></span> 
     </span>
    </p>
   </div>
   <div class='ocr_carea' id='block_1_52' title="bbox 2053 2279 3657 2353">
    <p class='ocr_par' dir='ltr' id='par_1_52' title="bbox 2053 2279 3657 2353">
     <span class='ocr_line' id='line_1_52' title="bbox 2053 2279 3657 2353; baseline 0.009 -19"><span class='ocrx_word' id='word_1_392' title='bbox 2053 2279 2243 2347; x_wconf 89' lang='lat' dir='ltr'><strong>bestia,</strong></span> <span class='ocrx_word' id='word_1_393' title='bbox 2274 2294 2392 2353; x_wconf 92' lang='lat' dir='ltr'><strong>post</strong></span> <span class='ocrx_word' id='word_1_394' title='bbox 2420 2285 2537 2341; x_wconf 91' lang='lat' dir='ltr'><strong>dies</strong></span> <span class='ocrx_word' id='word_1_395' title='bbox 2569 2289 2807 2342; x_wconf 90' lang='lat' dir='ltr'><strong>muneris</strong></span> <span class='ocrx_word' id='word_1_396' title='bbox 2863 2290 3014 2345; x_wconf 88' lang='lat' dir='ltr'><strong>obiit.</strong></span> <span class='ocrx_word' id='word_1_397' title='bbox 3057 2289 3283 2346; x_wconf 87' lang='lat' dir='ltr'><strong>Saturus</strong></span> <span class='ocrx_word' id='word_1_398' title='bbox 3318 2293 3657 2349; x_wconf 90' lang='lat' dir='ltr'><strong>solummodo</strong></span> 
     </span>
    </p>
   </div>
   <div class='ocr_carea' id='block_1_53' title="bbox 2054 2377 3652 2441">
    <p class='ocr_par' dir='ltr' id='par_1_53' title="bbox 2054 2377 3652 2441">
     <span class='ocr_line' id='line_1_53' title="bbox 2054 2377 3652 2441; baseline 0.01 -16"><span class='ocrx_word' id='word_1_399' title='bbox 2054 2380 2255 2429; x_wconf 90' lang='lat' dir='ltr'><strong>tractus</strong></span> <span class='ocrx_word' id='word_1_400' title='bbox 2297 2386 2396 2430; x_wconf 91' lang='lat' dir='ltr'><strong>est.</strong></span> <span class='ocrx_word' id='word_1_401' title='bbox 2454 2377 2521 2431; x_wconf 87' lang='lat' dir='ltr'><strong>Et</strong></span> <span class='ocrx_word' id='word_1_402' title='bbox 2560 2394 2681 2434; x_wconf 90' lang='lat' dir='ltr'><strong>cum</strong></span> <span class='ocrx_word' id='word_1_403' title='bbox 2708 2380 2774 2435; x_wconf 91' lang='lat' dir='ltr'><strong>ad</strong></span> <span class='ocrx_word' id='word_1_404' title='bbox 2815 2398 2997 2436; x_wconf 90' lang='lat' dir='ltr'><strong>ursum</strong></span> <span class='ocrx_word' id='word_1_405' title='bbox 3042 2383 3361 2440; x_wconf 90' lang='lat' dir='ltr'><strong>substrictus</strong></span> <span class='ocrx_word' id='word_1_406' title='bbox 3410 2396 3553 2441; x_wconf 84' lang='lat' dir='ltr'><strong>esset</strong></span> <span class='ocrx_word' id='word_1_407' title='bbox 3601 2388 3652 2441; x_wconf 92' lang='lat' dir='ltr'><strong>in</strong></span> 
     </span>
    </p>
   </div>
   <div class='ocr_carea' id='block_1_54' title="bbox 2056 2469 3655 2549">
    <p class='ocr_par' dir='ltr' id='par_1_54' title="bbox 2056 2469 3655 2549">
     <span class='ocr_line' id='line_1_54' title="bbox 2056 2469 3655 2549; baseline 0.011 -32"><span class='ocrx_word' id='word_1_408' title='bbox 2056 2475 2236 2534; x_wconf 93' lang='lat' dir='ltr'><strong>ponte,</strong></span> <span class='ocrx_word' id='word_1_409' title='bbox 2268 2484 2422 2523; x_wconf 85' lang='lat' dir='ltr'><strong>ursus</strong></span> <span class='ocrx_word' id='word_1_410' title='bbox 2452 2469 2519 2525; x_wconf 91' lang='lat' dir='ltr'><strong>de</strong></span> <span class='ocrx_word' id='word_1_411' title='bbox 2549 2486 2711 2526; x_wconf 88' lang='lat' dir='ltr'><strong>cavea</strong></span> <span class='ocrx_word' id='word_1_412' title='bbox 2746 2474 2961 2542; x_wconf 88' lang='lat' dir='ltr'><strong>prodire</strong></span> <span class='ocrx_word' id='word_1_413' title='bbox 2992 2476 3185 2530; x_wconf 91' lang='lat' dir='ltr'><strong>noluit.</strong></span> <span class='ocrx_word' id='word_1_414' title='bbox 3214 2476 3395 2549; x_wconf 84' lang='lat' dir='ltr'><strong>Itaque</strong></span> <span class='ocrx_word' id='word_1_415' title='bbox 3416 2480 3655 2534; x_wconf 89' lang='lat' dir='ltr'><strong>secundo</strong></span> 
     </span>
    </p>
   </div>
   <div class='ocr_carea' id='block_1_55' title="bbox 2053 2555 3652 2641">
    <p class='ocr_par' dir='ltr' id='par_1_55' title="bbox 2053 2555 3652 2641">
     <span class='ocr_line' id='line_1_55' title="bbox 2053 2555 3652 2641; baseline 0.009 -31"><span class='ocrx_word' id='word_1_416' title='bbox 2053 2555 2277 2612; x_wconf 89' lang='lat' dir='ltr'><strong>Saturus</strong></span> <span class='ocrx_word' id='word_1_417' title='bbox 2320 2560 2521 2616; x_wconf 79' lang='lat' dir='ltr'><strong>illaesus</strong></span> <span class='ocrx_word' id='word_1_418' title='bbox 2568 2574 2869 2619; x_wconf 87' lang='lat' dir='ltr'><strong>revocatur.</strong></span> <span class='ocrx_word' id='word_1_419' title='bbox 2921 2586 2938 2617; x_wconf 79' lang='grc' dir='ltr'><strong><em>ι</em></strong></span> <span class='ocrx_word' id='word_1_420' title='bbox 2994 2566 3119 2622; x_wconf 76' lang='lat' dir='ltr'><strong>llzec</strong></span> <span class='ocrx_word' id='word_1_421' title='bbox 3141 2578 3318 2622; x_wconf 87' lang='lat' dir='ltr'><strong>autem</strong></span> <span class='ocrx_word' id='word_1_422' title='bbox 3359 2580 3652 2641; x_wconf 83' lang='lat' dir='ltr'><strong>martyrum</strong></span> 
     </span>
    </p>
   </div>
   <div class='ocr_carea' id='block_1_56' title="bbox 2054 2652 3655 2725">
    <p class='ocr_par' dir='ltr' id='par_1_56' title="bbox 2054 2652 3655 2725">
     <span class='ocr_line' id='line_1_56' title="bbox 2054 2652 3655 2725; baseline 0.009 -20"><span class='ocrx_word' id='word_1_423' title='bbox 2054 2666 2161 2705; x_wconf 90' lang='lat' dir='ltr'><strong>non</strong></span> <span class='ocrx_word' id='word_1_424' title='bbox 2190 2652 2594 2723; x_wconf 90' lang='lat' dir='ltr'><strong>qualiacumque</strong></span> <span class='ocrx_word' id='word_1_425' title='bbox 2626 2656 2789 2711; x_wconf 88' lang='lat' dir='ltr'><strong>fuisse</strong></span> <span class='ocrx_word' id='word_1_426' title='bbox 2824 2668 2944 2713; x_wconf 88' lang='lat' dir='ltr'><strong>vota</strong></span> <span class='ocrx_word' id='word_1_427' title='bbox 2967 2699 2981 2725; x_wconf 88' lang='lat'><strong>,</strong></span> <span class='ocrx_word' id='word_1_428' title='bbox 3014 2659 3109 2715; x_wconf 89' lang='lat' dir='ltr'><strong>sed</strong></span> <span class='ocrx_word' id='word_1_429' title='bbox 3139 2670 3281 2724; x_wconf 89' lang='lat' dir='ltr'><strong>vola,</strong></span> <span class='ocrx_word' id='word_1_430' title='bbox 3314 2671 3370 2715; x_wconf 91' lang='lat' dir='ltr'><strong>ut</strong></span> <span class='ocrx_word' id='word_1_431' title='bbox 3406 2662 3475 2715; x_wconf 90' lang='lat' dir='ltr'><strong>ita</strong></span> <span class='ocrx_word' id='word_1_432' title='bbox 3503 2662 3655 2719; x_wconf 79' lang='lat' dir='ltr'><strong>dixe-</strong></span> 
     </span>
    </p>
   </div>
   <div class='ocr_carea' id='block_1_57' title="bbox 2054 2742 3656 2823">
    <p class='ocr_par' dir='ltr' id='par_1_57' title="bbox 2054 2742 3656 2823">
     <span class='ocr_line' id='line_1_57' title="bbox 2054 2742 3656 2823; baseline 0.007 -28"><span class='ocrx_word' id='word_1_433' title='bbox 2054 2742 2177 2807; x_wconf 89' lang='lat' dir='ltr'><strong>rim,</strong></span> <span class='ocrx_word' id='word_1_434' title='bbox 2206 2743 2533 2813; x_wconf 87' lang='lat' dir='ltr'><strong>prophetica.</strong></span> <span class='ocrx_word' id='word_1_435' title='bbox 2566 2763 2683 2816; x_wconf 88' lang='lat' dir='ltr'><strong>quae</strong></span> <span class='ocrx_word' id='word_1_436' title='bbox 2712 2764 2817 2802; x_wconf 91' lang='lat' dir='ltr'><strong>non</strong></span> <span class='ocrx_word' id='word_1_437' title='bbox 2861 2750 3029 2805; x_wconf 91' lang='lat' dir='ltr'><strong>multo</strong></span> <span class='ocrx_word' id='word_1_438' title='bbox 3072 2762 3189 2821; x_wconf 92' lang='lat' dir='ltr'><strong>post</strong></span> <span class='ocrx_word' id='word_1_439' title='bbox 3232 2752 3523 2823; x_wconf 78' lang='lat' dir='ltr'><strong>subjungit,</strong></span> <span class='ocrx_word' id='word_1_440' title='bbox 3557 2753 3656 2810; x_wconf 88' lang='lat' dir='ltr'><strong>Sa—</strong></span> 
     </span>
    </p>
   </div>
   <div class='ocr_carea' id='block_1_58' title="bbox 2054 2839 3649 2910">
    <p class='ocr_par' dir='ltr' id='par_1_58' title="bbox 2054 2839 3649 2910">
     <span class='ocr_line' id='line_1_58' title="bbox 2054 2839 3649 2910; baseline 0.009 -19"><span class='ocrx_word' id='word_1_441' title='bbox 2054 2840 2156 2892; x_wconf 89' lang='lat' dir='ltr'><strong>turi</strong></span> <span class='ocrx_word' id='word_1_442' title='bbox 2184 2839 2347 2894; x_wconf 90' lang='lat' dir='ltr'><strong>verba</strong></span> <span class='ocrx_word' id='word_1_443' title='bbox 2374 2852 2556 2910; x_wconf 91' lang='lat' dir='ltr'><strong>aperte</strong></span> <span class='ocrx_word' id='word_1_444' title='bbox 2577 2843 2949 2901; x_wconf 88' lang='lat' dir='ltr'><strong>demonstrant</strong></span> <span class='ocrx_word' id='word_1_445' title='bbox 2975 2864 2989 2900; x_wconf 89' lang='lat'><strong>:</strong></span> <span class='ocrx_word' id='word_1_446' title='bbox 3019 2866 3039 2899; x_wconf 86' lang='grc'><em>‹</em></span> <span class='ocrx_word' id='word_1_447' title='bbox 3070 2848 3201 2903; x_wconf 86' lang='lat' dir='ltr'><strong>Item</strong></span> <span class='ocrx_word' id='word_1_448' title='bbox 3223 2847 3448 2905; x_wconf 90' lang='lat' dir='ltr'><strong>Saturus</strong></span> <span class='ocrx_word' id='word_1_449' title='bbox 3471 2851 3520 2904; x_wconf 92' lang='lat' dir='ltr'><strong>in</strong></span> <span class='ocrx_word' id='word_1_450' title='bbox 3547 2852 3649 2906; x_wconf 86' lang='lat' dir='ltr'><strong>alia</strong></span> 
     </span>
    </p>
   </div>
   <div class='ocr_carea' id='block_1_59' title="bbox 2053 2936 3645 3012">
    <p class='ocr_par' dir='ltr' id='par_1_59' title="bbox 2053 2936 3645 3012">
     <span class='ocr_line' id='line_1_59' title="bbox 2053 2936 3645 3012; baseline 0.008 -23"><span class='ocrx_word' id='word_1_451' title='bbox 2053 2944 2207 3004; x_wconf 90' lang='lat' dir='ltr'><strong>porta</strong></span> <span class='ocrx_word' id='word_1_452' title='bbox 2226 2936 2445 2995; x_wconf 82' lang='lat' dir='ltr'><strong>militem</strong></span> <span class='ocrx_word' id='word_1_453' title='bbox 2464 2938 2757 2995; x_wconf 82' lang='lat' dir='ltr'><strong>Pudentem</strong></span> <span class='ocrx_word' id='word_1_454' title='bbox 2772 2942 3157 2999; x_wconf 78' lang='lat' dir='ltr'><strong>exhortabatur</strong></span> <span class='ocrx_word' id='word_1_455' title='bbox 3171 2944 3355 3000; x_wconf 90' lang='lat' dir='ltr'><strong>dicens</strong></span> <span class='ocrx_word' id='word_1_456' title='bbox 3386 2963 3397 2997; x_wconf 94' lang='lat'><strong>:</strong></span> <span class='ocrx_word' id='word_1_457' title='bbox 3425 2946 3645 3012; x_wconf 81' lang='lat' dir='ltr'><strong>Adsum,</strong></span> 
     </span>
    </p>
   </div>
   <div class='ocr_carea' id='block_1_60' title="bbox 2054 3030 3652 3108">
    <p class='ocr_par' dir='ltr' id='par_1_60' title="bbox 2054 3030 3652 3108">
     <span class='ocr_line' id='line_1_60' title="bbox 2054 3030 3652 3108; baseline 0.008 -26"><span class='ocrx_word' id='word_1_458' title='bbox 2054 3036 2198 3095; x_wconf 71' lang='lat' dir='ltr'><strong>certe</strong></span> <span class='ocrx_word' id='word_1_459' title='bbox 2212 3030 2347 3084; x_wconf 91' lang='lat' dir='ltr'><strong>sicut</strong></span> <span class='ocrx_word' id='word_1_460' title='bbox 2364 3032 2581 3100; x_wconf 88' lang='lat' dir='ltr'><strong>promisi</strong></span> <span class='ocrx_word' id='word_1_461' title='bbox 2597 3042 2650 3087; x_wconf 93' lang='lat' dir='ltr'><strong>et</strong></span> <span class='ocrx_word' id='word_1_462' title='bbox 2670 3034 2921 3103; x_wconf 80' lang='lat' dir='ltr'><strong>praedixi:</strong></span> <span class='ocrx_word' id='word_1_463' title='bbox 2942 3035 3141 3090; x_wconf 91' lang='lat' dir='ltr'><strong>nullam</strong></span> <span class='ocrx_word' id='word_1_464' title='bbox 3159 3052 3334 3108; x_wconf 91' lang='lat' dir='ltr'><strong>neque</strong></span> <span class='ocrx_word' id='word_1_465' title='bbox 3348 3037 3521 3094; x_wconf 90' lang='lat' dir='ltr'><strong>adhuc</strong></span> <span class='ocrx_word' id='word_1_466' title='bbox 3537 3038 3652 3094; x_wconf 89' lang='lat' dir='ltr'><strong>hes-</strong></span> 
     </span>
    </p>
   </div>
   <div class='ocr_carea' id='block_1_61' title="bbox 2056 3122 3654 3202">
    <p class='ocr_par' dir='ltr' id='par_1_61' title="bbox 2056 3122 3654 3202">
     <span class='ocr_line' id='line_1_61' title="bbox 2056 3122 3654 3202; baseline 0.007 -27"><span class='ocrx_word' id='word_1_467' title='bbox 2056 3122 2183 3177; x_wconf 91' lang='lat' dir='ltr'><strong>tiam</strong></span> <span class='ocrx_word' id='word_1_468' title='bbox 2210 3126 2387 3191; x_wconf 89' lang='lat' dir='ltr'><strong>sensi;</strong></span> <span class='ocrx_word' id='word_1_469' title='bbox 2411 3135 2464 3181; x_wconf 91' lang='lat' dir='ltr'><strong>et</strong></span> <span class='ocrx_word' id='word_1_470' title='bbox 2487 3141 2628 3181; x_wconf 93' lang='lat' dir='ltr'><strong>nunc</strong></span> <span class='ocrx_word' id='word_1_471' title='bbox 2648 3127 2715 3183; x_wconf 89' lang='lat' dir='ltr'><strong>de</strong></span> <span class='ocrx_word' id='word_1_472' title='bbox 2737 3136 2849 3183; x_wconf 88' lang='lat' dir='ltr'><strong>toto</strong></span> <span class='ocrx_word' id='word_1_473' title='bbox 2865 3129 3027 3185; x_wconf 91' lang='lat' dir='ltr'><strong>corde</strong></span> <span class='ocrx_word' id='word_1_474' title='bbox 3047 3130 3257 3202; x_wconf 76' lang='lat' dir='ltr'><strong>credas.</strong></span> <span class='ocrx_word' id='word_1_475' title='bbox 3292 3132 3429 3187; x_wconf 85' lang='lat' dir='ltr'><strong>Ecce</strong></span> <span class='ocrx_word' id='word_1_476' title='bbox 3453 3132 3654 3201; x_wconf 90' lang='lat' dir='ltr'><strong>prodeo</strong></span> 
     </span>
    </p>
   </div>
   <div class='ocr_carea' id='block_1_62' title="bbox 341 3215 3651 3291">
    <p class='ocr_par' dir='ltr' id='par_1_62' title="bbox 341 3215 3651 3291">
     <span class='ocr_line' id='line_1_62' title="bbox 341 3215 3651 3291; baseline 0.001 -16"><span class='ocrx_word' id='word_1_477' title='bbox 341 3220 611 3291; x_wconf 77' lang='lat' dir='ltr'><strong>Perpetua</strong></span> <span class='ocrx_word' id='word_1_478' title='bbox 644 3220 963 3289; x_wconf 82' lang='lat' dir='ltr'><strong>conspexit;</strong></span> <span class='ocrx_word' id='word_1_479' title='bbox 998 3216 1143 3287; x_wconf 88' lang='lat' dir='ltr'><strong>prior</strong></span> <span class='ocrx_word' id='word_1_480' title='bbox 1168 3226 1343 3272; x_wconf 90' lang='lat' dir='ltr'><strong>autem</strong></span> <span class='ocrx_word' id='word_1_481' title='bbox 1373 3218 1569 3285; x_wconf 87' lang='lat' dir='ltr'><strong>reipsa,</strong></span> <span class='ocrx_word' id='word_1_482' title='bbox 1600 3225 1657 3269; x_wconf 91' lang='lat' dir='ltr'><strong>ut</strong></span> <span class='ocrx_word' id='word_1_483' title='bbox 1684 3215 1946 3285; x_wconf 84' lang='lat' dir='ltr'><strong>passionis</strong></span> <span class='ocrx_word' id='word_1_484' title='bbox 1972 3215 2017 3276; x_wconf 86' lang='lat' dir='ltr'><strong>C</strong></span> <span class='ocrx_word' id='word_1_485' title='bbox 2052 3215 2164 3280; x_wconf 90' lang='lat' dir='ltr'><strong>illo,</strong></span> <span class='ocrx_word' id='word_1_486' title='bbox 2196 3224 2251 3272; x_wconf 87' lang='lat' dir='ltr'><strong>et</strong></span> <span class='ocrx_word' id='word_1_487' title='bbox 2277 3218 2345 3273; x_wconf 90' lang='lat' dir='ltr'><strong>ab</strong></span> <span class='ocrx_word' id='word_1_488' title='bbox 2374 3234 2480 3274; x_wconf 91' lang='lat' dir='ltr'><strong>uno</strong></span> <span class='ocrx_word' id='word_1_489' title='bbox 2512 3235 2694 3275; x_wconf 88' lang='lat' dir='ltr'><strong>morsu</strong></span> <span class='ocrx_word' id='word_1_490' title='bbox 2722 3222 2955 3291; x_wconf 87' lang='lat' dir='ltr'><strong>leopardi</strong></span> <span class='ocrx_word' id='word_1_491' title='bbox 2985 3238 3294 3279; x_wconf 90' lang='lat' dir='ltr'><strong>consumor.</strong></span> <span class='ocrx_word' id='word_1_492' title='bbox 3333 3244 3352 3276; x_wconf 73' lang='grc' dir='ltr'><strong><em>ι</em></strong></span> <span class='ocrx_word' id='word_1_493' title='bbox 3384 3225 3651 3279; x_wconf 83' lang='lat' dir='ltr'><strong>Vaticinio</strong></span> 
     </span>
    </p>
   </div>
   <div class='ocr_carea' id='block_1_63' title="bbox 340 3307 1945 3380">
    <p class='ocr_par' dir='ltr' id='par_1_63' title="bbox 340 3307 1945 3380">
     <span class='ocr_line' id='line_1_63' title="bbox 340 3307 1945 3380; baseline -0.004 -13"><span class='ocrx_word' id='word_1_494' title='bbox 340 3323 530 3367; x_wconf 90' lang='lat' dir='ltr'><strong>auctor</strong></span> <span class='ocrx_word' id='word_1_495' title='bbox 576 3312 851 3375; x_wconf 89' lang='lat' dir='ltr'><strong>observat,</strong></span> <span class='ocrx_word' id='word_1_496' title='bbox 898 3311 1212 3380; x_wconf 86' lang='lat' dir='ltr'><strong>martyrium</strong></span> <span class='ocrx_word' id='word_1_497' title='bbox 1259 3308 1482 3363; x_wconf 85' lang='lat' dir='ltr'><strong>Saturus</strong></span> <span class='ocrx_word' id='word_1_498' title='bbox 1510 3307 1945 3362; x_wconf 85' lang='lat' dir='ltr'><strong>consummavit:</strong></span> 
     </span>
    </p>
   </div>
   <div class='ocr_carea' id='block_1_64' title="bbox 350 3404 1949 3478">
    <p class='ocr_par' dir='ltr' id='par_1_64' title="bbox 350 3404 1949 3478">
     <span class='ocr_line' id='line_1_64' title="bbox 350 3404 1949 3478; baseline -0.002 -18"><span class='ocrx_word' id='word_1_499' title='bbox 350 3428 369 3460; x_wconf 78' lang='grc' dir='ltr'><strong>σ</strong></span> <span class='ocrx_word' id='word_1_500' title='bbox 416 3410 661 3471; x_wconf 89' lang='lat' dir='ltr'><strong>Saturus,</strong></span> <span class='ocrx_word' id='word_1_501' title='bbox 712 3408 801 3478; x_wconf 89' lang='lat' dir='ltr'><strong>qni</strong></span> <span class='ocrx_word' id='word_1_502' title='bbox 857 3416 911 3461; x_wconf 91' lang='lat' dir='ltr'><strong>et</strong></span> <span class='ocrx_word' id='word_1_503' title='bbox 956 3407 1101 3476; x_wconf 91' lang='lat' dir='ltr'><strong>prior</strong></span> <span class='ocrx_word' id='word_1_504' title='bbox 1138 3406 1333 3460; x_wconf 83' lang='lat' dir='ltr'><strong>scalam</strong></span> <span class='ocrx_word' id='word_1_505' title='bbox 1379 3405 1750 3470; x_wconf 89' lang='lat' dir='ltr'><strong>adscenderat,</strong></span> <span class='ocrx_word' id='word_1_506' title='bbox 1804 3404 1949 3473; x_wconf 90' lang='lat' dir='ltr'><strong>prior</strong></span> 
     </span>
    </p>
   </div>
   <div class='ocr_carea' id='block_1_65' title="bbox 342 3496 1947 3571">
    <p class='ocr_par' dir='ltr' id='par_1_65' title="bbox 342 3496 1947 3571">
     <span class='ocr_line' id='line_1_65' title="bbox 342 3496 1947 3571; baseline -0.004 -15"><span class='ocrx_word' id='word_1_507' title='bbox 342 3500 577 3556; x_wconf 86' lang='lat' dir='ltr'><strong>reddidit</strong></span> <span class='ocrx_word' id='word_1_508' title='bbox 603 3501 874 3571; x_wconf 83' lang='lat' dir='ltr'><strong>Spiritum.</strong></span> <span class='ocrx_word' id='word_1_509' title='bbox 901 3498 1033 3553; x_wconf 85' lang='lat' dir='ltr'><strong>Nam</strong></span> <span class='ocrx_word' id='word_1_510' title='bbox 1052 3508 1107 3553; x_wconf 92' lang='lat' dir='ltr'><strong>et</strong></span> <span class='ocrx_word' id='word_1_511' title='bbox 1135 3498 1456 3568; x_wconf 89' lang='lat' dir='ltr'><strong>Perpetuam</strong></span> <span class='ocrx_word' id='word_1_512' title='bbox 1484 3497 1834 3551; x_wconf 65' lang='lat' dir='ltr'><strong>sustinebat.»</strong></span> <span class='ocrx_word' id='word_1_513' title='bbox 1854 3496 1947 3550; x_wconf 84' lang='grc' dir='ltr'><strong>Ηί-</strong></span> 
     </span>
    </p>
   </div>
   <div class='ocr_carea' id='block_1_66' title="bbox 339 3590 1949 3663">
    <p class='ocr_par' dir='ltr' id='par_1_66' title="bbox 339 3590 1949 3663">
     <span class='ocr_line' id='line_1_66' title="bbox 339 3590 1949 3663; baseline -0.003 -14"><span class='ocrx_word' id='word_1_514' title='bbox 339 3594 586 3649; x_wconf 87' lang='lat' dir='ltr'><strong>larianus</strong></span> <span class='ocrx_word' id='word_1_515' title='bbox 625 3601 941 3663; x_wconf 87' lang='lat' dir='ltr'><strong>procurator</strong></span> <span class='ocrx_word' id='word_1_516' title='bbox 966 3591 1249 3646; x_wconf 82' lang='lat' dir='ltr'><strong>universos</strong></span> <span class='ocrx_word' id='word_1_517' title='bbox 1273 3591 1383 3659; x_wconf 89' lang='lat' dir='ltr'><strong>jam</strong></span> <span class='ocrx_word' id='word_1_518' title='bbox 1416 3590 1853 3659; x_wconf 86' lang='lat' dir='ltr'><strong>pronuntiaverat</strong></span> <span class='ocrx_word' id='word_1_519' title='bbox 1892 3597 1949 3644; x_wconf 88' lang='lat' dir='ltr'><strong>et</strong></span> 
     </span>
    </p>
   </div>
   <div class='ocr_carea' id='block_1_67' title="bbox 339 3682 1949 3749">
    <p class='ocr_par' dir='ltr' id='par_1_67' title="bbox 339 3682 1949 3749">
     <span class='ocr_line' id='line_1_67' title="bbox 339 3682 1949 3749; baseline -0.002 -9"><span class='ocrx_word' id='word_1_520' title='bbox 339 3686 629 3740; x_wconf 87' lang='lat' dir='ltr'><strong>damnarat</strong></span> <span class='ocrx_word' id='word_1_521' title='bbox 665 3684 731 3738; x_wconf 90' lang='lat' dir='ltr'><strong>ad</strong></span> <span class='ocrx_word' id='word_1_522' title='bbox 764 3684 985 3749; x_wconf 90' lang='lat' dir='ltr'><strong>bestias,</strong></span> <span class='ocrx_word' id='word_1_523' title='bbox 1026 3699 1147 3739; x_wconf 90' lang='lat' dir='ltr'><strong>cum</strong></span> <span class='ocrx_word' id='word_1_524' title='bbox 1180 3684 1366 3749; x_wconf 89' lang='lat' dir='ltr'><strong>altera,</strong></span> <span class='ocrx_word' id='word_1_525' title='bbox 1394 3692 1576 3738; x_wconf 90' lang='lat' dir='ltr'><strong>sancta</strong></span> <span class='ocrx_word' id='word_1_526' title='bbox 1604 3682 1791 3738; x_wconf 88' lang='lat' dir='ltr'><strong>eadem</strong></span> <span class='ocrx_word' id='word_1_527' title='bbox 1822 3682 1949 3736; x_wconf 87' lang='lat' dir='ltr'><strong>Per-</strong></span> 
     </span>
    </p>
   </div>
   <div class='ocr_carea' id='block_1_68' title="bbox 346 3773 1943 3848">
    <p class='ocr_par' dir='ltr' id='par_1_68' title="bbox 346 3773 1943 3848">
     <span class='ocr_line' id='line_1_68' title="bbox 346 3773 1943 3848; baseline -0.003 -17"><span class='ocrx_word' id='word_1_528' title='bbox 346 3786 537 3848; x_wconf 87' lang='lat' dir='ltr'><strong>petua,</strong></span> <span class='ocrx_word' id='word_1_529' title='bbox 570 3777 888 3831; x_wconf 86' lang='lat' dir='ltr'><strong>revelatione</strong></span> <span class='ocrx_word' id='word_1_530' title='bbox 915 3776 1183 3845; x_wconf 77' lang='lat' dir='ltr'><strong>cognovit,</strong></span> <span class='ocrx_word' id='word_1_531' title='bbox 1217 3792 1269 3829; x_wconf 79' lang='lat' dir='ltr'><strong>se</strong></span> <span class='ocrx_word' id='word_1_532' title='bbox 1297 3791 1398 3827; x_wconf 88' lang='lat' dir='ltr'><strong>non</strong></span> <span class='ocrx_word' id='word_1_533' title='bbox 1427 3776 1496 3828; x_wconf 78' lang='lat' dir='ltr'><strong>ad</strong></span> <span class='ocrx_word' id='word_1_534' title='bbox 1524 3775 1729 3840; x_wconf 82' lang='lat' dir='ltr'><strong>bestias,</strong></span> <span class='ocrx_word' id='word_1_535' title='bbox 1764 3782 1825 3828; x_wconf 92' lang='lat' dir='ltr'><strong>ut</strong></span> <span class='ocrx_word' id='word_1_536' title='bbox 1851 3773 1943 3839; x_wconf 92' lang='lat' dir='ltr'><strong>ait,</strong></span> 
     </span>
    </p>
   </div>
   <div class='ocr_carea' id='block_1_69' title="bbox 348 3868 1946 3940">
    <p class='ocr_par' dir='ltr' id='par_1_69' title="bbox 348 3868 1946 3940">
     <span class='ocr_line' id='line_1_69' title="bbox 348 3868 1946 3940; baseline -0.002 -16"><span class='ocrx_word' id='word_1_537' title='bbox 348 3870 443 3924; x_wconf 78' lang='lat' dir='ltr'><strong>sed</strong></span> <span class='ocrx_word' id='word_1_538' title='bbox 480 3880 661 3922; x_wconf 83' lang='lat' dir='ltr'><strong>contra</strong></span> <span class='ocrx_word' id='word_1_539' title='bbox 702 3870 950 3923; x_wconf 84' lang='lat' dir='ltr'><strong>diabolum</strong></span> <span class='ocrx_word' id='word_1_540' title='bbox 1000 3878 1371 3940; x_wconf 79' lang='lat' dir='ltr'><strong>pugnaturum;</strong></span> <span class='ocrx_word' id='word_1_541' title='bbox 1414 3868 1467 3923; x_wconf 92' lang='lat' dir='ltr'><strong>id</strong></span> <span class='ocrx_word' id='word_1_542' title='bbox 1506 3878 1609 3935; x_wconf 84' lang='lat' dir='ltr'><strong>est,</strong></span> <span class='ocrx_word' id='word_1_543' title='bbox 1638 3883 1946 3938; x_wconf 88' lang='lat' dir='ltr'><strong>supremum</strong></span> 
     </span>
    </p>
   </div>
   <div class='ocr_carea' id='block_1_70' title="bbox 344 3960 1947 4032">
    <p class='ocr_par' dir='ltr' id='par_1_70' title="bbox 344 3960 1947 4032">
     <span class='ocr_line' id='line_1_70' title="bbox 344 3960 1947 4032; baseline -0.002 -15"><span class='ocrx_word' id='word_1_544' title='bbox 344 3962 451 4017; x_wconf 88' lang='lat' dir='ltr'><strong>sibi</strong></span> <span class='ocrx_word' id='word_1_545' title='bbox 491 3961 939 4032; x_wconf 87' lang='lat' dir='ltr'><strong>durissimumque</strong></span> <span class='ocrx_word' id='word_1_546' title='bbox 986 3970 1257 4017; x_wconf 86' lang='lat' dir='ltr'><strong>certamen</strong></span> <span class='ocrx_word' id='word_1_547' title='bbox 1292 3960 1551 4017; x_wconf 81' lang='lat' dir='ltr'><strong>adversus</strong></span> <span class='ocrx_word' id='word_1_548' title='bbox 1589 3960 1796 4016; x_wconf 89' lang='lat' dir='ltr'><strong>bestias</strong></span> <span class='ocrx_word' id='word_1_549' title='bbox 1841 3977 1947 4015; x_wconf 92' lang='lat' dir='ltr'><strong>non</strong></span> 
     </span>
    </p>
   </div>
   <div class='ocr_carea' id='block_1_71' title="bbox 340 4054 1951 4125">
    <p class='ocr_par' dir='ltr' id='par_1_71' title="bbox 340 4054 1951 4125">
     <span class='ocr_line' id='line_1_71' title="bbox 340 4054 1951 4125; baseline 0 -15"><span class='ocrx_word' id='word_1_550' title='bbox 340 4056 494 4120; x_wconf 85' lang='lat' dir='ltr'><strong>fore;</strong></span> <span class='ocrx_word' id='word_1_551' title='bbox 530 4054 628 4110; x_wconf 88' lang='lat' dir='ltr'><strong>sed</strong></span> <span class='ocrx_word' id='word_1_552' title='bbox 655 4055 909 4111; x_wconf 85' lang='lat' dir='ltr'><strong>adversus</strong></span> <span class='ocrx_word' id='word_1_553' title='bbox 940 4056 1207 4111; x_wconf 90' lang='lat' dir='ltr'><strong>diabolum</strong></span> <span class='ocrx_word' id='word_1_554' title='bbox 1250 4071 1480 4125; x_wconf 87' lang='lat' dir='ltr'><strong>quocum</strong></span> <span class='ocrx_word' id='word_1_555' title='bbox 1513 4055 1611 4109; x_wconf 91' lang='lat' dir='ltr'><strong>sibi</strong></span> <span class='ocrx_word' id='word_1_556' title='bbox 1636 4057 1750 4109; x_wconf 89' lang='lat' dir='ltr'><strong>visa</strong></span> <span class='ocrx_word' id='word_1_557' title='bbox 1778 4054 1951 4111; x_wconf 80' lang='lat' dir='ltr'><strong>fuerat</strong></span> 
     </span>
    </p>
   </div>
   <div class='ocr_carea' id='block_1_72' title="bbox 340 4147 1950 4219">
    <p class='ocr_par' dir='ltr' id='par_1_72' title="bbox 340 4147 1950 4219">
     <span class='ocr_line' id='line_1_72' title="bbox 340 4147 1950 4219; baseline -0.001 -17"><span class='ocrx_word' id='word_1_558' title='bbox 340 4148 393 4202; x_wconf 90' lang='lat' dir='ltr'><strong>in</strong></span> <span class='ocrx_word' id='word_1_559' title='bbox 425 4163 591 4205; x_wconf 90' lang='lat' dir='ltr'><strong>arena</strong></span> <span class='ocrx_word' id='word_1_560' title='bbox 621 4148 831 4203; x_wconf 88' lang='lat' dir='ltr'><strong>luctari.</strong></span> <span class='ocrx_word' id='word_1_561' title='bbox 861 4148 971 4203; x_wconf 87' lang='lat' dir='ltr'><strong>Res</strong></span> <span class='ocrx_word' id='word_1_562' title='bbox 999 4158 1054 4202; x_wconf 93' lang='lat' dir='ltr'><strong>ut</strong></span> <span class='ocrx_word' id='word_1_563' title='bbox 1074 4148 1299 4219; x_wconf 83' lang='lat' dir='ltr'><strong>praevisa</strong></span> <span class='ocrx_word' id='word_1_564' title='bbox 1331 4156 1431 4215; x_wconf 90' lang='lat' dir='ltr'><strong>est,</strong></span> <span class='ocrx_word' id='word_1_565' title='bbox 1464 4148 1535 4201; x_wconf 88' lang='lat' dir='ltr'><strong>ita</strong></span> <span class='ocrx_word' id='word_1_566' title='bbox 1576 4147 1758 4201; x_wconf 90' lang='lat' dir='ltr'><strong>evenit</strong></span> <span class='ocrx_word' id='word_1_567' title='bbox 1786 4164 1799 4200; x_wconf 90' lang='lat'><strong>:</strong></span> <span class='ocrx_word' id='word_1_568' title='bbox 1828 4147 1950 4203; x_wconf 89' lang='lat' dir='ltr'><strong>bes-</strong></span> 
     </span>
    </p>
   </div>
   <div class='ocr_carea' id='block_1_73' title="bbox 341 4240 1948 4311">
    <p class='ocr_par' dir='ltr' id='par_1_73' title="bbox 341 4240 1948 4311">
     <span class='ocr_line' id='line_1_73' title="bbox 341 4240 1948 4311; baseline -0.002 -14"><span class='ocrx_word' id='word_1_569' title='bbox 341 4244 429 4297; x_wconf 88' lang='lat' dir='ltr'><strong>tiis</strong></span> <span class='ocrx_word' id='word_1_570' title='bbox 456 4243 694 4311; x_wconf 88' lang='lat' dir='ltr'><strong>objecta,</strong></span> <span class='ocrx_word' id='word_1_571' title='bbox 725 4243 928 4297; x_wconf 82' lang='lat' dir='ltr'><strong>nullum</strong></span> <span class='ocrx_word' id='word_1_572' title='bbox 956 4244 1021 4297; x_wconf 90' lang='lat' dir='ltr'><strong>ab</strong></span> <span class='ocrx_word' id='word_1_573' title='bbox 1049 4242 1127 4296; x_wconf 88' lang='lat' dir='ltr'><strong>eis</strong></span> <span class='ocrx_word' id='word_1_574' title='bbox 1165 4242 1407 4296; x_wconf 90' lang='lat' dir='ltr'><strong>dolorem</strong></span> <span class='ocrx_word' id='word_1_575' title='bbox 1445 4249 1663 4310; x_wconf 81' lang='lat' dir='ltr'><strong>experta</strong></span> <span class='ocrx_word' id='word_1_576' title='bbox 1692 4247 1808 4304; x_wconf 91' lang='lat' dir='ltr'><strong>est;</strong></span> <span class='ocrx_word' id='word_1_577' title='bbox 1854 4240 1948 4294; x_wconf 87' lang='lat' dir='ltr'><strong>sed</strong></span> 
     </span>
    </p>
   </div>
   <div class='ocr_carea' id='block_1_74' title="bbox 341 4336 1948 4405">
    <p class='ocr_par' dir='ltr' id='par_1_74' title="bbox 341 4336 1948 4405">
     <span class='ocr_line' id='line_1_74' title="bbox 341 4336 1948 4405; baseline -0.004 -12"><span class='ocrx_word' id='word_1_578' title='bbox 341 4338 755 4393; x_wconf 87' lang='lat' dir='ltr'><strong>acerbissimum</strong></span> <span class='ocrx_word' id='word_1_579' title='bbox 778 4338 1049 4402; x_wconf 88' lang='lat' dir='ltr'><strong>sustinuit,</strong></span> <span class='ocrx_word' id='word_1_580' title='bbox 1079 4351 1198 4390; x_wconf 92' lang='lat' dir='ltr'><strong>eum</strong></span> <span class='ocrx_word' id='word_1_581' title='bbox 1252 4352 1279 4389; x_wconf 93' lang='lat' dir='ltr'><strong>a</strong></span> <span class='ocrx_word' id='word_1_582' title='bbox 1309 4336 1604 4405; x_wconf 79' lang='lat' dir='ltr'><strong>gladiatore</strong></span> <span class='ocrx_word' id='word_1_583' title='bbox 1628 4336 1758 4387; x_wconf 81' lang='lat' dir='ltr'><strong>inter</strong></span> <span class='ocrx_word' id='word_1_584' title='bbox 1784 4343 1948 4387; x_wconf 75' lang='lat' dir='ltr'><strong>costas</strong></span> 
     </span>
    </p>
   </div>
   <div class='ocr_carea' id='block_1_75' title="bbox 343 4426 1948 4504">
    <p class='ocr_par' dir='ltr' id='par_1_75' title="bbox 343 4426 1948 4504">
     <span class='ocr_line' id='line_1_75' title="bbox 343 4426 1948 4504; baseline -0.005 -17"><span class='ocrx_word' id='word_1_585' title='bbox 343 4444 534 4504; x_wconf 83' lang='lat' dir='ltr'><strong>puncta</strong></span> <span class='ocrx_word' id='word_1_586' title='bbox 554 4432 835 4487; x_wconf 71' lang='lat' dir='ltr'><strong>exululavit</strong></span> <span class='ocrx_word' id='word_1_587' title='bbox 851 4432 967 4486; x_wconf 92' lang='lat' dir='ltr'><strong>:cui</strong></span> <span class='ocrx_word' id='word_1_588' title='bbox 1001 4440 1184 4502; x_wconf 91' lang='lat' dir='ltr'><strong>postea</strong></span> <span class='ocrx_word' id='word_1_589' title='bbox 1207 4430 1449 4499; x_wconf 80' lang='lat' dir='ltr'><strong>jugulum</strong></span> <span class='ocrx_word' id='word_1_590' title='bbox 1478 4427 1726 4497; x_wconf 74' lang='lat' dir='ltr'><strong>prmbens</strong></span> <span class='ocrx_word' id='word_1_591' title='bbox 1749 4426 1817 4481; x_wconf 88' lang='lat' dir='ltr'><strong>de</strong></span> <span class='ocrx_word' id='word_1_592' title='bbox 1833 4426 1948 4481; x_wconf 86' lang='lat' dir='ltr'><strong>dia-</strong></span> 
     </span>
    </p>
   </div>
   <div class='ocr_carea' id='block_1_76' title="bbox 342 4521 1946 4596">
    <p class='ocr_par' dir='ltr' id='par_1_76' title="bbox 342 4521 1946 4596">
     <span class='ocr_line' id='line_1_76' title="bbox 342 4521 1946 4596; baseline -0.005 -14"><span class='ocrx_word' id='word_1_593' title='bbox 342 4528 466 4583; x_wconf 88' lang='lat' dir='ltr'><strong>bolo</strong></span> <span class='ocrx_word' id='word_1_594' title='bbox 508 4527 885 4596; x_wconf 87' lang='lat' dir='ltr'><strong>triumphavit,</strong></span> <span class='ocrx_word' id='word_1_595' title='bbox 924 4526 1014 4595; x_wconf 90' lang='lat' dir='ltr'><strong>qui</strong></span> <span class='ocrx_word' id='word_1_596' title='bbox 1057 4540 1174 4580; x_wconf 90' lang='lat' dir='ltr'><strong>eam</strong></span> <span class='ocrx_word' id='word_1_597' title='bbox 1220 4524 1392 4578; x_wconf 85' lang='lat' dir='ltr'><strong>fuerat</strong></span> <span class='ocrx_word' id='word_1_598' title='bbox 1430 4521 1738 4592; x_wconf 84' lang='lat' dir='ltr'><strong>gladiatoris</strong></span> <span class='ocrx_word' id='word_1_599' title='bbox 1782 4534 1946 4591; x_wconf 86' lang='lat' dir='ltr'><strong>opera</strong></span> 
     </span>
    </p>
   </div>
   <div class='ocr_carea' id='block_1_77' title="bbox 2052 3309 3652 3387">
    <p class='ocr_par' dir='ltr' id='par_1_77' title="bbox 2052 3309 3652 3387">
     <span class='ocr_line' id='line_1_77' title="bbox 2052 3309 3652 3387; baseline 0.007 -27"><span class='ocrx_word' id='word_1_600' title='bbox 2052 3309 2331 3377; x_wconf 89' lang='lat' dir='ltr'><strong>respondit</strong></span> <span class='ocrx_word' id='word_1_601' title='bbox 2356 3321 2610 3377; x_wconf 83' lang='lat' dir='ltr'><strong>eventus;</strong></span> <span class='ocrx_word' id='word_1_602' title='bbox 2643 3324 2697 3367; x_wconf 91' lang='lat' dir='ltr'><strong>ut</strong></span> <span class='ocrx_word' id='word_1_603' title='bbox 2728 3315 2870 3369; x_wconf 87' lang='lat' dir='ltr'><strong>enim</strong></span> <span class='ocrx_word' id='word_1_604' title='bbox 2903 3318 3169 3385; x_wconf 86' lang='lat' dir='ltr'><strong>passionis</strong></span> <span class='ocrx_word' id='word_1_605' title='bbox 3210 3326 3399 3372; x_wconf 89' lang='lat' dir='ltr'><strong>auctor</strong></span> <span class='ocrx_word' id='word_1_606' title='bbox 3428 3317 3652 3387; x_wconf 88' lang='lat' dir='ltr'><strong>subjun-</strong></span> 
     </span>
    </p>
   </div>
   <div class='ocr_carea' id='block_1_78' title="bbox 2051 3399 3651 3481">
    <p class='ocr_par' dir='ltr' id='par_1_78' title="bbox 2051 3399 3651 3481">
     <span class='ocr_line' id='line_1_78' title="bbox 2051 3399 3651 3481; baseline 0.009 -30"><span class='ocrx_word' id='word_1_607' title='bbox 2051 3399 2127 3468; x_wconf 70' lang='grc' dir='ltr'><strong>εει</strong></span> <span class='ocrx_word' id='word_1_608' title='bbox 2161 3422 2174 3457; x_wconf 89' lang='lat'><strong>:</strong></span> <span class='ocrx_word' id='word_1_609' title='bbox 2214 3419 2231 3453; x_wconf 74' lang='grc' dir='ltr'>ι</span> <span class='ocrx_word' id='word_1_610' title='bbox 2278 3402 2471 3460; x_wconf 88' lang='lat' dir='ltr'><strong>Statim</strong></span> <span class='ocrx_word' id='word_1_611' title='bbox 2516 3406 2569 3460; x_wconf 94' lang='lat' dir='ltr'><strong>in</strong></span> <span class='ocrx_word' id='word_1_612' title='bbox 2623 3406 2727 3460; x_wconf 86' lang='lat' dir='ltr'><strong>line</strong></span> <span class='ocrx_word' id='word_1_613' title='bbox 2762 3408 3050 3476; x_wconf 88' lang='lat' dir='ltr'><strong>spectaculi</strong></span> <span class='ocrx_word' id='word_1_614' title='bbox 3092 3409 3348 3479; x_wconf 89' lang='lat' dir='ltr'><strong>leopardo</strong></span> <span class='ocrx_word' id='word_1_615' title='bbox 3387 3410 3651 3481; x_wconf 75' lang='lat' dir='ltr'><strong>obiectus,</strong></span> 
     </span>
    </p>
   </div>
   <div class='ocr_carea' id='block_1_79' title="bbox 2051 3492 3655 3577">
    <p class='ocr_par' dir='ltr' id='par_1_79' title="bbox 2051 3492 3655 3577">
     <span class='ocr_line' id='line_1_79' title="bbox 2051 3492 3655 3577; baseline 0.01 -30"><span class='ocrx_word' id='word_1_616' title='bbox 2051 3492 2120 3549; x_wconf 87' lang='lat' dir='ltr'><strong>de</strong></span> <span class='ocrx_word' id='word_1_617' title='bbox 2147 3511 2252 3549; x_wconf 92' lang='lat' dir='ltr'><strong>uno</strong></span> <span class='ocrx_word' id='word_1_618' title='bbox 2275 3513 2455 3554; x_wconf 90' lang='lat' dir='ltr'><strong>morsu</strong></span> <span class='ocrx_word' id='word_1_619' title='bbox 2479 3500 2597 3570; x_wconf 84' lang='lat' dir='ltr'><strong>ejus</strong></span> <span class='ocrx_word' id='word_1_620' title='bbox 2624 3509 2770 3555; x_wconf 90' lang='lat' dir='ltr'><strong>tanto</strong></span> <span class='ocrx_word' id='word_1_621' title='bbox 2795 3501 3040 3572; x_wconf 81' lang='lat' dir='ltr'><strong>perfusus</strong></span> <span class='ocrx_word' id='word_1_622' title='bbox 3060 3515 3143 3559; x_wconf 90' lang='lat' dir='ltr'><strong>est</strong></span> <span class='ocrx_word' id='word_1_623' title='bbox 3170 3508 3449 3577; x_wconf 82' lang='lat' dir='ltr'><strong>sanguine,</strong></span> <span class='ocrx_word' id='word_1_624' title='bbox 3484 3516 3537 3561; x_wconf 91' lang='lat' dir='ltr'><strong>ut</strong></span> <span class='ocrx_word' id='word_1_625' title='bbox 3560 3522 3655 3573; x_wconf 86' lang='lat' dir='ltr'><strong>p0-</strong></span> 
     </span>
    </p>
   </div>
   <div class='ocr_carea' id='block_1_80' title="bbox 2052 3584 3651 3665">
    <p class='ocr_par' dir='ltr' id='par_1_80' title="bbox 2052 3584 3651 3665">
     <span class='ocr_line' id='line_1_80' title="bbox 2052 3584 3651 3665; baseline 0.009 -28"><span class='ocrx_word' id='word_1_626' title='bbox 2052 3584 2211 3652; x_wconf 90' lang='lat' dir='ltr'><strong>pulus</strong></span> <span class='ocrx_word' id='word_1_627' title='bbox 2241 3593 2529 3645; x_wconf 82' lang='lat' dir='ltr'><strong>revertenti</strong></span> <span class='ocrx_word' id='word_1_628' title='bbox 2561 3591 2635 3645; x_wconf 91' lang='lat' dir='ltr'><strong>illi</strong></span> <span class='ocrx_word' id='word_1_629' title='bbox 2665 3593 2883 3647; x_wconf 89' lang='lat' dir='ltr'><strong>secundi</strong></span> <span class='ocrx_word' id='word_1_630' title='bbox 2924 3594 3258 3665; x_wconf 88' lang='lat' dir='ltr'><strong>baptismatis</strong></span> <span class='ocrx_word' id='word_1_631' title='bbox 3291 3597 3651 3652; x_wconf 91' lang='lat' dir='ltr'><strong>testimonium</strong></span> 
     </span>
    </p>
   </div>
   <div class='ocr_carea' id='block_1_81' title="bbox 2049 3678 3652 3744">
    <p class='ocr_par' dir='ltr' id='par_1_81' title="bbox 2049 3678 3652 3744">
     <span class='ocr_line' id='line_1_81' title="bbox 2049 3678 3652 3744; baseline 0.009 -14"><span class='ocrx_word' id='word_1_632' title='bbox 2049 3678 2424 3737; x_wconf 89' lang='lat' dir='ltr'><strong>reclamaverit</strong></span> <span class='ocrx_word' id='word_1_633' title='bbox 2464 3683 2719 3739; x_wconf 89' lang='lat' dir='ltr'><strong>:Salvum</strong></span> <span class='ocrx_word' id='word_1_634' title='bbox 2744 3686 2909 3740; x_wconf 87' lang='lat' dir='ltr'><strong>lotum</strong></span> <span class='ocrx_word' id='word_1_635' title='bbox 2942 3688 2953 3740; x_wconf 85' lang='lat' dir='ltr'><strong>l</strong></span> <span class='ocrx_word' id='word_1_636' title='bbox 3005 3688 3212 3743; x_wconf 89' lang='lat' dir='ltr'><strong>salvum</strong></span> <span class='ocrx_word' id='word_1_637' title='bbox 3237 3689 3446 3744; x_wconf 91' lang='lat' dir='ltr'><strong>lotum!</strong></span> <span class='ocrx_word' id='word_1_638' title='bbox 3486 3690 3652 3744; x_wconf 87' lang='lat' dir='ltr'><strong>Plane</strong></span> 
     </span>
    </p>
   </div>
   <div class='ocr_carea' id='block_1_82' title="bbox 2052 3771 3646 3849">
    <p class='ocr_par' dir='ltr' id='par_1_82' title="bbox 2052 3771 3646 3849">
     <span class='ocr_line' id='line_1_82' title="bbox 2052 3771 3646 3849; baseline 0.004 -24"><span class='ocrx_word' id='word_1_639' title='bbox 2052 3771 2234 3840; x_wconf 89' lang='lat' dir='ltr'><strong>utique</strong></span> <span class='ocrx_word' id='word_1_640' title='bbox 2263 3776 2441 3829; x_wconf 87' lang='lat' dir='ltr'><strong>salvus</strong></span> <span class='ocrx_word' id='word_1_641' title='bbox 2467 3787 2605 3840; x_wconf 84' lang='lat' dir='ltr'><strong>erat,</strong></span> <span class='ocrx_word' id='word_1_642' title='bbox 2637 3778 2726 3847; x_wconf 92' lang='lat' dir='ltr'><strong>qui</strong></span> <span class='ocrx_word' id='word_1_643' title='bbox 2766 3778 2868 3834; x_wconf 91' lang='lat' dir='ltr'><strong>hoc</strong></span> <span class='ocrx_word' id='word_1_644' title='bbox 2896 3782 3202 3849; x_wconf 88' lang='lat' dir='ltr'><strong>spectaculo</strong></span> <span class='ocrx_word' id='word_1_645' title='bbox 3234 3777 3576 3837; x_wconf 77' lang='lat' dir='ltr'><strong>inclaruerat.</strong></span> <span class='ocrx_word' id='word_1_646' title='bbox 3628 3801 3646 3832; x_wconf 74' lang='grc' dir='ltr'><strong><em>ι</em></strong></span> 
     </span>
    </p>
   </div>
   <div class='ocr_carea' id='block_1_83' title="bbox 2051 3862 3651 3940">
    <p class='ocr_par' dir='ltr' id='par_1_83' title="bbox 2051 3862 3651 3940">
     <span class='ocr_line' id='line_1_83' title="bbox 2051 3862 3651 3940; baseline 0.004 -22"><span class='ocrx_word' id='word_1_647' title='bbox 2051 3862 2157 3918; x_wconf 88' lang='lat' dir='ltr'><strong>Sed</strong></span> <span class='ocrx_word' id='word_1_648' title='bbox 2187 3874 2241 3919; x_wconf 93' lang='lat' dir='ltr'><strong>et</strong></span> <span class='ocrx_word' id='word_1_649' title='bbox 2269 3867 2520 3933; x_wconf 88' lang='lat' dir='ltr'><strong>quamvis</strong></span> <span class='ocrx_word' id='word_1_650' title='bbox 2552 3868 2684 3923; x_wconf 89' lang='lat' dir='ltr'><strong>nihil</strong></span> <span class='ocrx_word' id='word_1_651' title='bbox 2714 3869 2802 3924; x_wconf 87' lang='lat' dir='ltr'><strong>hic</strong></span> <span class='ocrx_word' id='word_1_652' title='bbox 2835 3870 3206 3940; x_wconf 84' lang='lat' dir='ltr'><strong>prepheticum</strong></span> <span class='ocrx_word' id='word_1_653' title='bbox 3240 3872 3651 3938; x_wconf 90' lang='lat' dir='ltr'><strong>intervenisset;</strong></span> 
     </span>
    </p>
   </div>
   <div class='ocr_carea' id='block_1_84' title="bbox 2050 3955 3651 4033">
    <p class='ocr_par' dir='ltr' id='par_1_84' title="bbox 2050 3955 3651 4033">
     <span class='ocr_line' id='line_1_84' title="bbox 2050 3955 3651 4033; baseline 0.007 -26"><span class='ocrx_word' id='word_1_654' title='bbox 2050 3955 2170 4026; x_wconf 90' lang='lat' dir='ltr'><strong>quis</strong></span> <span class='ocrx_word' id='word_1_655' title='bbox 2200 3963 2378 4011; x_wconf 86' lang='lat' dir='ltr'><strong>tamen</strong></span> <span class='ocrx_word' id='word_1_656' title='bbox 2407 3959 2474 4012; x_wconf 90' lang='lat' dir='ltr'><strong>ad</strong></span> <span class='ocrx_word' id='word_1_657' title='bbox 2502 3960 2691 4014; x_wconf 90' lang='lat' dir='ltr'><strong>miram</strong></span> <span class='ocrx_word' id='word_1_658' title='bbox 2724 3961 2868 4016; x_wconf 89' lang='lat' dir='ltr'><strong>illam</strong></span> <span class='ocrx_word' id='word_1_659' title='bbox 2899 3977 3023 4032; x_wconf 80' lang='lat' dir='ltr'><strong>erga</strong></span> <span class='ocrx_word' id='word_1_660' title='bbox 3062 3974 3348 4033; x_wconf 88' lang='lat' dir='ltr'><strong>martyres,</strong></span> <span class='ocrx_word' id='word_1_661' title='bbox 3382 3974 3436 4020; x_wconf 90' lang='lat' dir='ltr'><strong>et</strong></span> <span class='ocrx_word' id='word_1_662' title='bbox 3463 3966 3529 4019; x_wconf 89' lang='lat' dir='ltr'><strong>ad</strong></span> <span class='ocrx_word' id='word_1_663' title='bbox 3556 3980 3651 4021; x_wconf 91' lang='lat' dir='ltr'><strong>eo-</strong></span> 
     </span>
    </p>
   </div>
   <div class='ocr_carea' id='block_1_85' title="bbox 2051 4054 3642 4126">
    <p class='ocr_par' dir='ltr' id='par_1_85' title="bbox 2051 4054 3642 4126">
     <span class='ocr_line' id='line_1_85' title="bbox 2051 4054 3642 4126; baseline 0.006 -21"><span class='ocrx_word' id='word_1_664' title='bbox 2051 4066 2168 4105; x_wconf 89' lang='lat' dir='ltr'><strong>rum</strong></span> <span class='ocrx_word' id='word_1_665' title='bbox 2202 4060 2321 4105; x_wconf 88' lang='lat' dir='ltr'><strong>vota</strong></span> <span class='ocrx_word' id='word_1_666' title='bbox 2354 4054 2693 4123; x_wconf 88' lang='lat' dir='ltr'><strong>suscipienda</strong></span> <span class='ocrx_word' id='word_1_667' title='bbox 2728 4056 2819 4111; x_wconf 90' lang='lat' dir='ltr'><strong>Dei</strong></span> <span class='ocrx_word' id='word_1_668' title='bbox 2850 4058 3242 4126; x_wconf 89' lang='lat' dir='ltr'><strong>providentiam</strong></span> <span class='ocrx_word' id='word_1_669' title='bbox 3276 4062 3513 4114; x_wconf 90' lang='lat' dir='ltr'><strong>animum</strong></span> <span class='ocrx_word' id='word_1_670' title='bbox 3555 4063 3642 4114; x_wconf 86' lang='lat' dir='ltr'><strong>ad-</strong></span> 
     </span>
    </p>
   </div>
   <div class='ocr_carea' id='block_1_86' title="bbox 2051 4147 3653 4219">
    <p class='ocr_par' dir='ltr' id='par_1_86' title="bbox 2051 4147 3653 4219">
     <span class='ocr_line' id='line_1_86' title="bbox 2051 4147 3653 4219; baseline 0.007 -23"><span class='ocrx_word' id='word_1_671' title='bbox 2051 4152 2288 4208; x_wconf 86' lang='lat' dir='ltr'><strong>vertens,</strong></span> <span class='ocrx_word' id='word_1_672' title='bbox 2334 4160 2441 4199; x_wconf 92' lang='lat' dir='ltr'><strong>non</strong></span> <span class='ocrx_word' id='word_1_673' title='bbox 2487 4147 2668 4201; x_wconf 87' lang='lat' dir='ltr'><strong>statim</strong></span> <span class='ocrx_word' id='word_1_674' title='bbox 2703 4148 2948 4217; x_wconf 76' lang='lat' dir='ltr'><strong>intelligit</strong></span> <span class='ocrx_word' id='word_1_675' title='bbox 2977 4164 3133 4218; x_wconf 89' lang='lat' dir='ltr'><strong>quam</strong></span> <span class='ocrx_word' id='word_1_676' title='bbox 3183 4151 3293 4204; x_wconf 86' lang='lat' dir='ltr'><strong>Deo</strong></span> <span class='ocrx_word' id='word_1_677' title='bbox 3322 4152 3513 4219; x_wconf 89' lang='lat' dir='ltr'><strong>placita</strong></span> <span class='ocrx_word' id='word_1_678' title='bbox 3543 4152 3653 4207; x_wconf 90' lang='lat' dir='ltr'><strong>fue-</strong></span> 
     </span>
    </p>
   </div>
   <div class='ocr_carea' id='block_1_87' title="bbox 2050 4234 3649 4309">
    <p class='ocr_par' dir='ltr' id='par_1_87' title="bbox 2050 4234 3649 4309">
     <span class='ocr_line' id='line_1_87' title="bbox 2050 4234 3649 4309; baseline 0.006 -21"><span class='ocrx_word' id='word_1_679' title='bbox 2050 4234 2121 4289; x_wconf 89' lang='lat' dir='ltr'><strong>rit</strong></span> <span class='ocrx_word' id='word_1_680' title='bbox 2163 4250 2349 4291; x_wconf 88' lang='lat' dir='ltr'><strong>eorum</strong></span> <span class='ocrx_word' id='word_1_681' title='bbox 2380 4236 2669 4303; x_wconf 88' lang='lat' dir='ltr'><strong>confessio,</strong></span> <span class='ocrx_word' id='word_1_682' title='bbox 2697 4239 2939 4309; x_wconf 88' lang='lat' dir='ltr'><strong>adeoque</strong></span> <span class='ocrx_word' id='word_1_683' title='bbox 2969 4249 3023 4296; x_wconf 88' lang='lat' dir='ltr'><strong>et</strong></span> <span class='ocrx_word' id='word_1_684' title='bbox 3052 4256 3236 4295; x_wconf 90' lang='lat' dir='ltr'><strong>eorum</strong></span> <span class='ocrx_word' id='word_1_685' title='bbox 3284 4242 3451 4297; x_wconf 83' lang='lat' dir='ltr'><strong>fides?</strong></span> <span class='ocrx_word' id='word_1_686' title='bbox 3492 4244 3649 4308; x_wconf 86' lang='lat' dir='ltr'><strong>Cum,</strong></span> 
     </span>
    </p>
   </div>
   <div class='ocr_carea' id='block_1_88' title="bbox 2050 4329 3649 4405">
    <p class='ocr_par' dir='ltr' id='par_1_88' title="bbox 2050 4329 3649 4405">
     <span class='ocr_line' id='line_1_88' title="bbox 2050 4329 3649 4405; baseline 0.005 -24"><span class='ocrx_word' id='word_1_687' title='bbox 2050 4338 2108 4381; x_wconf 93' lang='lat' dir='ltr'><strong>ut</strong></span> <span class='ocrx_word' id='word_1_688' title='bbox 2134 4329 2209 4383; x_wconf 86' lang='lat' dir='ltr'><strong>ait</strong></span> <span class='ocrx_word' id='word_1_689' title='bbox 2238 4330 2549 4398; x_wconf 83' lang='lat' dir='ltr'><strong>Apostolus,</strong></span> <span class='ocrx_word' id='word_1_690' title='bbox 2582 4332 2691 4385; x_wconf 75' lang='lat' dir='ltr'><strong>sine</strong></span> <span class='ocrx_word' id='word_1_691' title='bbox 2714 4332 2817 4399; x_wconf 79' lang='lat' dir='ltr'><strong>fide</strong></span> <span class='ocrx_word' id='word_1_692' title='bbox 2848 4332 3160 4404; x_wconf 78' lang='lat' dir='ltr'><strong>impossibile</strong></span> <span class='ocrx_word' id='word_1_693' title='bbox 3194 4336 3258 4387; x_wconf 82' lang='lat' dir='ltr'><strong>sit</strong></span> <span class='ocrx_word' id='word_1_694' title='bbox 3290 4334 3490 4405; x_wconf 80' lang='lat' dir='ltr'><strong>placere</strong></span> <span class='ocrx_word' id='word_1_695' title='bbox 3522 4335 3649 4390; x_wconf 83' lang='lat' dir='ltr'><strong>Deo.</strong></span> 
     </span>
    </p>
   </div>
   <div class='ocr_carea' id='block_1_89' title="bbox 2122 4421 3649 4500">
    <p class='ocr_par' dir='ltr' id='par_1_89' title="bbox 2122 4421 3649 4500">
     <span class='ocr_line' id='line_1_89' title="bbox 2122 4421 3649 4500; baseline 0.003 -25"><span class='ocrx_word' id='word_1_696' title='bbox 2122 4421 2186 4477; x_wconf 90' lang='lat' dir='ltr'><strong>ll.</strong></span> <span class='ocrx_word' id='word_1_697' title='bbox 2234 4423 2328 4478; x_wconf 86' lang='lat' dir='ltr'><strong>Est</strong></span> <span class='ocrx_word' id='word_1_698' title='bbox 2352 4434 2407 4479; x_wconf 93' lang='lat' dir='ltr'><strong>et</strong></span> <span class='ocrx_word' id='word_1_699' title='bbox 2437 4425 2578 4480; x_wconf 87' lang='lat' dir='ltr'><strong>aliud</strong></span> <span class='ocrx_word' id='word_1_700' title='bbox 2607 4428 2784 4497; x_wconf 83' lang='lat' dir='ltr'><strong>magni</strong></span> <span class='ocrx_word' id='word_1_701' title='bbox 2815 4442 2944 4483; x_wconf 85' lang='lat' dir='ltr'><strong>sane</strong></span> <span class='ocrx_word' id='word_1_702' title='bbox 2973 4426 3226 4497; x_wconf 86' lang='lat' dir='ltr'><strong>ponderis</strong></span> <span class='ocrx_word' id='word_1_703' title='bbox 3254 4438 3649 4500; x_wconf 78' lang='lat' dir='ltr'><strong>argumentum,</strong></span> 
     </span>
    </p>
   </div>
   <div class='ocr_carea' id='block_1_90' title="bbox 2049 4519 3651 4590">
    <p class='ocr_par' dir='ltr' id='par_1_90' title="bbox 2049 4519 3651 4590">
     <span class='ocr_line' id='line_1_90' title="bbox 2049 4519 3651 4590; baseline 0.002 -17"><span class='ocrx_word' id='word_1_704' title='bbox 2049 4533 2114 4573; x_wconf 83' lang='lat' dir='ltr'><strong>ex</strong></span> <span class='ocrx_word' id='word_1_705' title='bbox 2148 4532 2255 4588; x_wconf 91' lang='lat' dir='ltr'><strong>quo</strong></span> <span class='ocrx_word' id='word_1_706' title='bbox 2298 4519 2571 4590; x_wconf 89' lang='lat' dir='ltr'><strong>prophetis</strong></span> <span class='ocrx_word' id='word_1_707' title='bbox 2611 4522 2842 4576; x_wconf 79' lang='lat' dir='ltr'><strong>maxima</strong></span> <span class='ocrx_word' id='word_1_708' title='bbox 2882 4522 3091 4578; x_wconf 87' lang='lat' dir='ltr'><strong>accedit</strong></span> <span class='ocrx_word' id='word_1_709' title='bbox 3129 4524 3441 4587; x_wconf 87' lang='lat' dir='ltr'><strong>auctoritas,</strong></span> <span class='ocrx_word' id='word_1_710' title='bbox 3489 4532 3543 4577; x_wconf 89' lang='lat' dir='ltr'><strong>et</strong></span> <span class='ocrx_word' id='word_1_711' title='bbox 3585 4536 3651 4577; x_wconf 80' lang='lat' dir='ltr'><strong>ex</strong></span> 
     </span>
    </p>
   </div>
   <div class='ocr_carea' id='block_1_91' title="bbox 345 4609 3654 4689">
    <p class='ocr_par' dir='ltr' id='par_1_91' title="bbox 345 4609 3654 4689">
     <span class='ocr_line' id='line_1_91' title="bbox 345 4609 3654 4689; baseline -0.001 -14"><span class='ocrx_word' id='word_1_712' title='bbox 345 4622 586 4675; x_wconf 86' lang='lat' dir='ltr'><strong>adortus.</strong></span> <span class='ocrx_word' id='word_1_713' title='bbox 617 4620 767 4674; x_wconf 80' lang='lat' dir='ltr'><strong>Nunc</strong></span> <span class='ocrx_word' id='word_1_714' title='bbox 804 4618 931 4673; x_wconf 91' lang='lat' dir='ltr'><strong>illud</strong></span> <span class='ocrx_word' id='word_1_715' title='bbox 957 4634 1160 4688; x_wconf 60' lang='lat' dir='ltr'><strong>quaero,</strong></span> <span class='ocrx_word' id='word_1_716' title='bbox 1190 4634 1255 4671; x_wconf 90' lang='lat' dir='ltr'><strong>an</strong></span> <span class='ocrx_word' id='word_1_717' title='bbox 1294 4615 1584 4686; x_wconf 81' lang='lat' dir='ltr'><strong>Basnagius</strong></span> <span class='ocrx_word' id='word_1_718' title='bbox 1616 4616 1775 4670; x_wconf 88' lang='lat' dir='ltr'><strong>hasce</strong></span> <span class='ocrx_word' id='word_1_719' title='bbox 1800 4629 1949 4670; x_wconf 89' lang='lat' dir='ltr'><strong>reve-</strong></span> <span class='ocrx_word' id='word_1_720' title='bbox 1972 4609 2027 4669; x_wconf 90' lang='lat' dir='ltr'><strong>D</strong></span> <span class='ocrx_word' id='word_1_721' title='bbox 2053 4612 2330 4667; x_wconf 90' lang='lat' dir='ltr'><strong>miraculis</strong></span> <span class='ocrx_word' id='word_1_722' title='bbox 2360 4611 2661 4682; x_wconf 87' lang='lat' dir='ltr'><strong>conﬁcitur,</strong></span> <span class='ocrx_word' id='word_1_723' title='bbox 2695 4630 2814 4685; x_wconf 74' lang='lat' dir='ltr'><strong>qua:</strong></span> <span class='ocrx_word' id='word_1_724' title='bbox 2842 4617 2922 4670; x_wconf 91' lang='lat' dir='ltr'><strong>vel</strong></span> <span class='ocrx_word' id='word_1_725' title='bbox 2954 4633 3048 4686; x_wconf 90' lang='lat' dir='ltr'><strong>per</strong></span> <span class='ocrx_word' id='word_1_726' title='bbox 3084 4617 3231 4687; x_wconf 90' lang='lat' dir='ltr'><strong>ipsos</strong></span> <span class='ocrx_word' id='word_1_727' title='bbox 3270 4627 3362 4673; x_wconf 89' lang='lat' dir='ltr'><strong>aut</strong></span> <span class='ocrx_word' id='word_1_728' title='bbox 3398 4634 3493 4688; x_wconf 90' lang='lat' dir='ltr'><strong>pro</strong></span> <span class='ocrx_word' id='word_1_729' title='bbox 3526 4618 3654 4689; x_wconf 90' lang='lat' dir='ltr'><strong>ipsis</strong></span> 
     </span>
    </p>
   </div>
   <div class='ocr_carea' id='block_1_92' title="bbox 353 4710 1945 4783">
    <p class='ocr_par' dir='ltr' id='par_1_92' title="bbox 353 4710 1945 4783">
     <span class='ocr_line' id='line_1_92' title="bbox 353 4710 1945 4783; baseline -0.002 -17"><span class='ocrx_word' id='word_1_730' title='bbox 353 4713 583 4767; x_wconf 79' lang='lat' dir='ltr'><strong>lationes</strong></span> <span class='ocrx_word' id='word_1_731' title='bbox 629 4714 967 4783; x_wconf 82' lang='lat' dir='ltr'><strong>Perpetuam.</strong></span> <span class='ocrx_word' id='word_1_732' title='bbox 1012 4722 1070 4767; x_wconf 89' lang='lat' dir='ltr'><strong>ut</strong></span> <span class='ocrx_word' id='word_1_733' title='bbox 1114 4714 1165 4766; x_wconf 90' lang='lat' dir='ltr'><strong>in</strong></span> <span class='ocrx_word' id='word_1_734' title='bbox 1210 4712 1356 4767; x_wconf 82' lang='lat' dir='ltr'><strong>Actis</strong></span> <span class='ocrx_word' id='word_1_735' title='bbox 1395 4710 1609 4775; x_wconf 89' lang='lat' dir='ltr'><strong>dicitur,</strong></span> <span class='ocrx_word' id='word_1_736' title='bbox 1650 4725 1809 4763; x_wconf 86' lang='lat' dir='ltr'><strong>manu</strong></span> <span class='ocrx_word' id='word_1_737' title='bbox 1851 4724 1945 4764; x_wconf 92' lang='lat' dir='ltr'><strong>sua</strong></span> 
     </span>
    </p>
   </div>
   <div class='ocr_carea' id='block_1_93' title="bbox 354 4800 1949 4873">
    <p class='ocr_par' dir='ltr' id='par_1_93' title="bbox 354 4800 1949 4873">
     <span class='ocr_line' id='line_1_93' title="bbox 354 4800 1949 4873; baseline -0.003 -14"><span class='ocrx_word' id='word_1_738' title='bbox 354 4805 642 4873; x_wconf 86' lang='lat' dir='ltr'><strong>scripsisse</strong></span> <span class='ocrx_word' id='word_1_739' title='bbox 667 4805 944 4871; x_wconf 81' lang='lat' dir='ltr'><strong>concedat,</strong></span> <span class='ocrx_word' id='word_1_740' title='bbox 972 4819 1039 4859; x_wconf 90' lang='lat' dir='ltr'><strong>an</strong></span> <span class='ocrx_word' id='word_1_741' title='bbox 1071 4818 1288 4873; x_wconf 83' lang='lat' dir='ltr'><strong>prorsus</strong></span> <span class='ocrx_word' id='word_1_742' title='bbox 1315 4802 1506 4872; x_wconf 77' lang='lat' dir='ltr'><strong>neget?</strong></span> <span class='ocrx_word' id='word_1_743' title='bbox 1534 4801 1587 4856; x_wconf 92' lang='lat' dir='ltr'><strong>Si</strong></span> <span class='ocrx_word' id='word_1_744' title='bbox 1602 4800 1744 4856; x_wconf 89' lang='lat' dir='ltr'><strong>enim</strong></span> <span class='ocrx_word' id='word_1_745' title='bbox 1770 4816 1799 4854; x_wconf 91' lang='lat' dir='ltr'><strong>a</strong></span> <span class='ocrx_word' id='word_1_746' title='bbox 1824 4800 1949 4855; x_wconf 86' lang='lat' dir='ltr'><strong>Per-</strong></span> 
     </span>
    </p>
   </div>
   <div class='ocr_carea' id='block_1_94' title="bbox 352 4897 1947 4967">
    <p class='ocr_par' dir='ltr' id='par_1_94' title="bbox 352 4897 1947 4967">
     <span class='ocr_line' id='line_1_94' title="bbox 352 4897 1947 4967; baseline -0.001 -18"><span class='ocrx_word' id='word_1_747' title='bbox 352 4907 513 4967; x_wconf 86' lang='lat' dir='ltr'><strong>petua</strong></span> <span class='ocrx_word' id='word_1_748' title='bbox 546 4899 768 4967; x_wconf 89' lang='lat' dir='ltr'><strong>scriptas</strong></span> <span class='ocrx_word' id='word_1_749' title='bbox 799 4899 965 4953; x_wconf 85' lang='lat' dir='ltr'><strong>fuisse</strong></span> <span class='ocrx_word' id='word_1_750' title='bbox 1006 4913 1110 4952; x_wconf 88' lang='lat' dir='ltr'><strong>non</strong></span> <span class='ocrx_word' id='word_1_751' title='bbox 1149 4897 1339 4962; x_wconf 89' lang='lat' dir='ltr'><strong>credit,</strong></span> <span class='ocrx_word' id='word_1_752' title='bbox 1371 4910 1490 4963; x_wconf 72' lang='lat' dir='ltr'><strong>qua:</strong></span> <span class='ocrx_word' id='word_1_753' title='bbox 1524 4909 1682 4949; x_wconf 87' lang='lat' dir='ltr'><strong>causa</strong></span> <span class='ocrx_word' id='word_1_754' title='bbox 1732 4904 1814 4948; x_wconf 91' lang='lat' dir='ltr'><strong>est</strong></span> <span class='ocrx_word' id='word_1_755' title='bbox 1851 4909 1947 4949; x_wconf 88' lang='lat' dir='ltr'><strong>cur</strong></span> 
     </span>
    </p>
   </div>
   <div class='ocr_carea' id='block_1_95' title="bbox 351 4984 1949 5059">
    <p class='ocr_par' dir='ltr' id='par_1_95' title="bbox 351 4984 1949 5059">
     <span class='ocr_line' id='line_1_95' title="bbox 351 4984 1949 5059; baseline -0.003 -16"><span class='ocrx_word' id='word_1_756' title='bbox 351 4990 540 5043; x_wconf 90' lang='lat' dir='ltr'><strong>nonin</strong></span> <span class='ocrx_word' id='word_1_757' title='bbox 568 5001 838 5045; x_wconf 90' lang='lat' dir='ltr'><strong>auctorem</strong></span> <span class='ocrx_word' id='word_1_758' title='bbox 885 4990 1170 5059; x_wconf 88' lang='lat' dir='ltr'><strong>passionis,</strong></span> <span class='ocrx_word' id='word_1_759' title='bbox 1209 4988 1357 5043; x_wconf 89' lang='lat' dir='ltr'><strong>velut</strong></span> <span class='ocrx_word' id='word_1_760' title='bbox 1397 4988 1448 5040; x_wconf 93' lang='lat' dir='ltr'><strong>in</strong></span> <span class='ocrx_word' id='word_1_761' title='bbox 1488 4986 1861 5054; x_wconf 89' lang='lat' dir='ltr'><strong>impostorem,</strong></span> <span class='ocrx_word' id='word_1_762' title='bbox 1896 4984 1949 5039; x_wconf 88' lang='lat' dir='ltr'><strong>id</strong></span> 
     </span>
    </p>
   </div>
   <div class='ocr_carea' id='block_1_96' title="bbox 347 5077 1946 5153">
    <p class='ocr_par' dir='ltr' id='par_1_96' title="bbox 347 5077 1946 5153">
     <span class='ocr_line' id='line_1_96' title="bbox 347 5077 1946 5153; baseline -0.004 -17"><span class='ocrx_word' id='word_1_763' title='bbox 347 5098 508 5138; x_wconf 88' lang='lat' dir='ltr'><strong>omne</strong></span> <span class='ocrx_word' id='word_1_764' title='bbox 530 5082 756 5153; x_wconf 90' lang='lat' dir='ltr'><strong>rejiciat,</strong></span> <span class='ocrx_word' id='word_1_765' title='bbox 784 5083 927 5152; x_wconf 90' lang='lat' dir='ltr'><strong>quod</strong></span> <span class='ocrx_word' id='word_1_766' title='bbox 957 5083 1076 5153; x_wconf 90' lang='lat' dir='ltr'><strong>ejus</strong></span> <span class='ocrx_word' id='word_1_767' title='bbox 1097 5082 1331 5136; x_wconf 87' lang='lat' dir='ltr'><strong>animum</strong></span> <span class='ocrx_word' id='word_1_768' title='bbox 1354 5078 1609 5135; x_wconf 71' lang='lat' dir='ltr'><strong>offendit?</strong></span> <span class='ocrx_word' id='word_1_769' title='bbox 1631 5077 1748 5133; x_wconf 84' lang='lat' dir='ltr'><strong>Non</strong></span> <span class='ocrx_word' id='word_1_770' title='bbox 1769 5087 1946 5132; x_wconf 89' lang='lat' dir='ltr'><strong>autem</strong></span> 
     </span>
    </p>
   </div>
   <div class='ocr_carea' id='block_1_97' title="bbox 346 5170 1948 5248">
    <p class='ocr_par' dir='ltr' id='par_1_97' title="bbox 346 5170 1948 5248">
     <span class='ocr_line' id='line_1_97' title="bbox 346 5170 1948 5248; baseline -0.003 -17"><span class='ocrx_word' id='word_1_771' title='bbox 346 5187 562 5231; x_wconf 87' lang='lat' dir='ltr'><strong>sanctos</strong></span> <span class='ocrx_word' id='word_1_772' title='bbox 591 5177 738 5245; x_wconf 86' lang='lat' dir='ltr'><strong>ipsos</strong></span> <span class='ocrx_word' id='word_1_773' title='bbox 766 5186 1029 5248; x_wconf 88' lang='lat' dir='ltr'><strong>martyres</strong></span> <span class='ocrx_word' id='word_1_774' title='bbox 1056 5177 1124 5230; x_wconf 92' lang='lat' dir='ltr'><strong>ob</strong></span> <span class='ocrx_word' id='word_1_775' title='bbox 1149 5190 1231 5242; x_wconf 87' lang='lat' dir='ltr'><strong>ea,</strong></span> <span class='ocrx_word' id='word_1_776' title='bbox 1263 5189 1381 5244; x_wconf 70' lang='lat' dir='ltr'><strong>qua:</strong></span> <span class='ocrx_word' id='word_1_777' title='bbox 1422 5172 1529 5227; x_wconf 90' lang='lat' dir='ltr'><strong>illis</strong></span> <span class='ocrx_word' id='word_1_778' title='bbox 1557 5172 1728 5227; x_wconf 90' lang='lat' dir='ltr'><strong>aliena</strong></span> <span class='ocrx_word' id='word_1_779' title='bbox 1762 5170 1948 5226; x_wconf 85' lang='lat' dir='ltr'><strong>fraude</strong></span> 
     </span>
    </p>
   </div>
   <div class='ocr_carea' id='block_1_98' title="bbox 348 5267 1949 5335">
    <p class='ocr_par' dir='ltr' id='par_1_98' title="bbox 348 5267 1949 5335">
     <span class='ocr_line' id='line_1_98' title="bbox 348 5267 1949 5335; baseline -0.001 -14"><span class='ocrx_word' id='word_1_780' title='bbox 348 5269 543 5323; x_wconf 85' lang='lat' dir='ltr'><strong>tributa</strong></span> <span class='ocrx_word' id='word_1_781' title='bbox 591 5280 739 5335; x_wconf 91' lang='lat' dir='ltr'><strong>sunt,</strong></span> <span class='ocrx_word' id='word_1_782' title='bbox 770 5270 1102 5326; x_wconf 88' lang='lat' dir='ltr'><strong>criminetur.</strong></span> <span class='ocrx_word' id='word_1_783' title='bbox 1148 5268 1205 5324; x_wconf 90' lang='lat' dir='ltr'><strong>Si</strong></span> <span class='ocrx_word' id='word_1_784' title='bbox 1232 5276 1409 5323; x_wconf 90' lang='lat' dir='ltr'><strong>autem</strong></span> <span class='ocrx_word' id='word_1_785' title='bbox 1438 5267 1794 5322; x_wconf 89' lang='lat' dir='ltr'><strong>revelationes</strong></span> <span class='ocrx_word' id='word_1_786' title='bbox 1823 5280 1949 5320; x_wconf 89' lang='lat' dir='ltr'><strong>suas</strong></span> 
     </span>
    </p>
   </div>
   <div class='ocr_carea' id='block_1_99' title="bbox 345 5360 1945 5433">
    <p class='ocr_par' dir='ltr' id='par_1_99' title="bbox 345 5360 1945 5433">
     <span class='ocr_line' id='line_1_99' title="bbox 345 5360 1945 5433; baseline -0.001 -16"><span class='ocrx_word' id='word_1_787' title='bbox 345 5362 673 5433; x_wconf 86' lang='lat' dir='ltr'><strong>Perpetuam</strong></span> <span class='ocrx_word' id='word_1_788' title='bbox 703 5364 756 5419; x_wconf 87' lang='lat' dir='ltr'><strong>in</strong></span> <span class='ocrx_word' id='word_1_789' title='bbox 788 5363 992 5420; x_wconf 89' lang='lat' dir='ltr'><strong>litteras</strong></span> <span class='ocrx_word' id='word_1_790' title='bbox 1022 5364 1234 5419; x_wconf 90' lang='lat' dir='ltr'><strong>misisse</strong></span> <span class='ocrx_word' id='word_1_791' title='bbox 1264 5360 1512 5418; x_wconf 89' lang='lat' dir='ltr'><strong>concedit</strong></span> <span class='ocrx_word' id='word_1_792' title='bbox 1537 5378 1550 5427; x_wconf 90' lang='lat'><strong>;</strong></span> <span class='ocrx_word' id='word_1_793' title='bbox 1583 5375 1702 5415; x_wconf 92' lang='lat' dir='ltr'><strong>cum</strong></span> <span class='ocrx_word' id='word_1_794' title='bbox 1733 5374 1824 5415; x_wconf 89' lang='lat' dir='ltr'><strong>eas</strong></span> <span class='ocrx_word' id='word_1_795' title='bbox 1857 5375 1945 5415; x_wconf 90' lang='lat' dir='ltr'><strong>re-</strong></span> 
     </span>
    </p>
   </div>
   <div class='ocr_carea' id='block_1_100' title="bbox 350 5551 1945 5619">
    <p class='ocr_par' dir='ltr' id='par_1_100' title="bbox 350 5551 1945 5619">
     <span class='ocr_line' id='line_1_100' title="bbox 350 5551 1945 5619; baseline 0.004 -24"><span class='ocrx_word' id='word_1_796' title='bbox 350 5552 500 5619; x_wconf 49' lang='lat' dir='ltr'><strong>giﬁco;</strong></span> <span class='ocrx_word' id='word_1_797' title='bbox 528 5554 649 5619; x_wconf 54' lang='lat'><strong>8:33</strong></span> <span class='ocrx_word' id='word_1_798' title='bbox 671 5563 684 5575; x_wconf 88' lang='lat'><strong>&#39;</strong></span> <span class='ocrx_word' id='word_1_799' title='bbox 720 5566 737 5598; x_wconf 73' lang='grc' dir='ltr'><strong><em>ο</em></strong></span> <span class='ocrx_word' id='word_1_800' title='bbox 773 5552 856 5602; x_wconf 75' lang='grc' dir='ltr'><strong>καὶ</strong></span> <span class='ocrx_word' id='word_1_801' title='bbox 886 5556 1040 5605; x_wconf 68' lang='grc' dir='ltr'><strong>ταῦτα</strong></span> <span class='ocrx_word' id='word_1_802' title='bbox 1068 5553 1114 5601; x_wconf 69' lang='grc' dir='ltr'><strong>δὲ</strong></span> <span class='ocrx_word' id='word_1_803' title='bbox 1140 5557 1188 5602; x_wconf 71' lang='grc' dir='ltr'><strong>ὧι</strong></span> <span class='ocrx_word' id='word_1_804' title='bbox 1212 5558 1294 5604; x_wconf 86' lang='grc' dir='ltr'><strong>τοῦ</strong></span> <span class='ocrx_word' id='word_1_805' title='bbox 1322 5551 1536 5619; x_wconf 75' lang='grc' dir='ltr'><strong>δευτέρου</strong></span> <span class='ocrx_word' id='word_1_806' title='bbox 1564 5552 1945 5615; x_wconf 63' lang='grc' dir='ltr'><strong>συγγράμματος.</strong></span> 
     </span>
    </p>
   </div>
   <div class='ocr_carea' id='block_1_101' title="bbox 349 5614 1237 5689">
    <p class='ocr_par' dir='ltr' id='par_1_101' title="bbox 349 5614 1237 5689">
     <span class='ocr_line' id='line_1_101' title="bbox 349 5614 1237 5689; baseline 0.003 -22"><span class='ocrx_word' id='word_1_807' title='bbox 349 5614 537 5689; x_wconf 78' lang='lat' dir='ltr'><strong>Lib._v</strong></span> <span class='ocrx_word' id='word_1_808' title='bbox 578 5616 710 5671; x_wconf 82' lang='lat' dir='ltr'><strong>Hist.</strong></span> <span class='ocrx_word' id='word_1_809' title='bbox 742 5619 963 5682; x_wconf 79' lang='lat' dir='ltr'><strong>Eccles.,</strong></span> <span class='ocrx_word' id='word_1_810' title='bbox 995 5635 1114 5689; x_wconf 86' lang='lat' dir='ltr'><strong>cap.</strong></span> <span class='ocrx_word' id='word_1_811' title='bbox 1151 5621 1237 5674; x_wconf 84' lang='grc'><strong>16.</strong></span> 
     </span>
    </p>
   </div>
   <div class='ocr_carea' id='block_1_102' title="bbox 424 5686 1943 5763">
    <p class='ocr_par' dir='ltr' id='par_1_102' title="bbox 424 5686 1943 5763">
     <span class='ocr_line' id='line_1_102' title="bbox 424 5686 1943 5763; baseline 0.004 -25"><span class='ocrx_word' id='word_1_812' title='bbox 424 5686 506 5755; x_wconf 68' lang='grc' dir='ltr'><strong>(ί)</strong></span> <span class='ocrx_word' id='word_1_813' title='bbox 545 5693 832 5754; x_wconf 67' lang='grc' dir='ltr'><strong>Διδάσκαλος</strong></span> <span class='ocrx_word' id='word_1_814' title='bbox 860 5686 1165 5756; x_wconf 27' lang='grc' dir='ltr'><strong>ἀποστοὶτικὸς</strong></span> <span class='ocrx_word' id='word_1_815' title='bbox 1202 5702 1281 5745; x_wconf 72' lang='grc' dir='ltr'><strong>καὶ</strong></span> <span class='ocrx_word' id='word_1_816' title='bbox 1326 5700 1705 5763; x_wconf 56' lang='grc' dir='ltr'><strong>προφητικόςη...</strong></span> <span class='ocrx_word' id='word_1_817' title='bbox 1744 5699 1834 5742; x_wconf 73' lang='grc' dir='ltr'><strong>πᾶν</strong></span> <span class='ocrx_word' id='word_1_818' title='bbox 1859 5698 1943 5762; x_wconf 67' lang='grc' dir='ltr'><strong>γὰρ</strong></span> 
     </span>
    </p>
   </div>
   <div class='ocr_carea' id='block_1_103' title="bbox 343 5762 1945 5831">
    <p class='ocr_par' dir='ltr' id='par_1_103' title="bbox 343 5762 1945 5831">
     <span class='ocr_line' id='line_1_103' title="bbox 343 5762 1945 5831; baseline 0.004 -23"><span class='ocrx_word' id='word_1_819' title='bbox 343 5762 483 5828; x_wconf 56' lang='lat' dir='ltr'><strong>ﬁxi/1a</strong></span> <span class='ocrx_word' id='word_1_820' title='bbox 508 5766 530 5810; x_wconf 76' lang='grc' dir='ltr'><strong>ὃ</strong></span> <span class='ocrx_word' id='word_1_821' title='bbox 551 5765 772 5831; x_wconf 63' lang='grc' dir='ltr'><strong>ἐξαφῆκεν</strong></span> <span class='ocrx_word' id='word_1_822' title='bbox 799 5771 851 5817; x_wconf 72' lang='lat' dir='ltr'><strong>ix</strong></span> <span class='ocrx_word' id='word_1_823' title='bbox 876 5771 959 5819; x_wconf 74' lang='grc' dir='ltr'><strong>τοῦ</strong></span> <span class='ocrx_word' id='word_1_824' title='bbox 982 5773 1214 5831; x_wconf 63' lang='grc' dir='ltr'><strong>στόμα-τες</strong></span> <span class='ocrx_word' id='word_1_825' title='bbox 1240 5769 1407 5827; x_wconf 73' lang='grc' dir='ltr'><strong>αὖτοῧ,</strong></span> <span class='ocrx_word' id='word_1_826' title='bbox 1428 5762 1433 5763; x_wconf 27' lang='grc'><strong><em>⁷</em></strong></span> <span class='ocrx_word' id='word_1_827' title='bbox 1456 5770 1537 5815; x_wconf 74' lang='grc' dir='ltr'><strong>καὶ</strong></span> <span class='ocrx_word' id='word_1_828' title='bbox 1564 5766 1830 5822; x_wconf 67' lang='grc' dir='ltr'><strong>ἐτελειώθη,</strong></span> <span class='ocrx_word' id='word_1_829' title='bbox 1865 5768 1945 5815; x_wconf 73' lang='grc' dir='ltr'><strong>καὶ</strong></span> 
     </span>
    </p>
   </div>
   <div class='ocr_carea' id='block_1_104' title="bbox 343 5833 1930 5906">
    <p class='ocr_par' dir='ltr' id='par_1_104' title="bbox 343 5833 1930 5906">
     <span class='ocr_line' id='line_1_104' title="bbox 343 5833 1930 5906; baseline 0.001 -21"><span class='ocrx_word' id='word_1_830' title='bbox 343 5838 727 5893; x_wconf 62' lang='grc' dir='ltr'><strong>τελειωθήσεται.</strong></span> <span class='ocrx_word' id='word_1_831' title='bbox 758 5833 934 5904; x_wconf 90' lang='lat' dir='ltr'><strong>Epist.</strong></span> <span class='ocrx_word' id='word_1_832' title='bbox 992 5834 1215 5904; x_wconf 87' lang='lat' dir='ltr'><strong>Encycl.</strong></span> <span class='ocrx_word' id='word_1_833' title='bbox 1253 5836 1320 5890; x_wconf 91' lang='lat' dir='ltr'><strong>de</strong></span> <span class='ocrx_word' id='word_1_834' title='bbox 1349 5833 1626 5906; x_wconf 81' lang='lat' dir='ltr'><strong>l’olycarpi</strong></span> <span class='ocrx_word' id='word_1_835' title='bbox 1654 5835 1930 5905; x_wconf 76' lang='lat' dir='ltr'><strong>martyrio.</strong></span> 
     </span>
    </p>
   </div>
   <div class='ocr_carea' id='block_1_105' title="bbox 2054 4705 3653 4779">
    <p class='ocr_par' dir='ltr' id='par_1_105' title="bbox 2054 4705 3653 4779">
     <span class='ocr_line' id='line_1_105' title="bbox 2054 4705 3653 4779; baseline 0.003 -20"><span class='ocrx_word' id='word_1_836' title='bbox 2054 4705 2168 4776; x_wconf 92' lang='lat' dir='ltr'><strong>ipsa</strong></span> <span class='ocrx_word' id='word_1_837' title='bbox 2204 4720 2297 4775; x_wconf 90' lang='lat' dir='ltr'><strong>per</strong></span> <span class='ocrx_word' id='word_1_838' title='bbox 2337 4721 2397 4761; x_wconf 91' lang='lat' dir='ltr'><strong>se</strong></span> <span class='ocrx_word' id='word_1_839' title='bbox 2435 4706 2613 4761; x_wconf 91' lang='lat' dir='ltr'><strong>divina</strong></span> <span class='ocrx_word' id='word_1_840' title='bbox 2654 4709 3038 4779; x_wconf 90' lang='lat' dir='ltr'><strong>omnipotentia</strong></span> <span class='ocrx_word' id='word_1_841' title='bbox 3080 4708 3488 4765; x_wconf 79' lang='lat' dir='ltr'><strong>demonStravit.</strong></span> <span class='ocrx_word' id='word_1_842' title='bbox 3528 4710 3653 4764; x_wconf 71' lang='lat' dir='ltr'><strong>Hmc</strong></span> 
     </span>
    </p>
   </div>
   <div class='ocr_carea' id='block_1_106' title="bbox 2050 4799 3651 4873">
    <p class='ocr_par' dir='ltr' id='par_1_106' title="bbox 2050 4799 3651 4873">
     <span class='ocr_line' id='line_1_106' title="bbox 2050 4799 3651 4873; baseline 0.002 -22"><span class='ocrx_word' id='word_1_843' title='bbox 2050 4807 2251 4862; x_wconf 88' lang='lat' dir='ltr'><strong>autem,</strong></span> <span class='ocrx_word' id='word_1_844' title='bbox 2299 4799 2490 4869; x_wconf 89' lang='lat' dir='ltr'><strong>quibus</strong></span> <span class='ocrx_word' id='word_1_845' title='bbox 2529 4800 2669 4855; x_wconf 90' lang='lat' dir='ltr'><strong>nulla</strong></span> <span class='ocrx_word' id='word_1_846' title='bbox 2715 4810 2840 4857; x_wconf 87' lang='lat' dir='ltr'><strong>sunt</strong></span> <span class='ocrx_word' id='word_1_847' title='bbox 2885 4810 3177 4873; x_wconf 89' lang='lat' dir='ltr'><strong>martyrum</strong></span> <span class='ocrx_word' id='word_1_848' title='bbox 3225 4804 3354 4855; x_wconf 84' lang='lat' dir='ltr'><strong>Acta</strong></span> <span class='ocrx_word' id='word_1_849' title='bbox 3385 4817 3503 4870; x_wconf 73' lang='lat' dir='ltr'><strong>qua:</strong></span> <span class='ocrx_word' id='word_1_850' title='bbox 3544 4815 3651 4855; x_wconf 91' lang='lat' dir='ltr'><strong>non</strong></span> 
     </span>
    </p>
   </div>
   <div class='ocr_carea' id='block_1_107' title="bbox 2051 4889 3650 4963">
    <p class='ocr_par' dir='ltr' id='par_1_107' title="bbox 2051 4889 3650 4963">
     <span class='ocr_line' id='line_1_107' title="bbox 2051 4889 3650 4963; baseline -0.001 -18"><span class='ocrx_word' id='word_1_851' title='bbox 2051 4889 2346 4957; x_wconf 82' lang='lat' dir='ltr'><strong>abundent,</strong></span> <span class='ocrx_word' id='word_1_852' title='bbox 2382 4892 2582 4947; x_wconf 89' lang='lat' dir='ltr'><strong>nostris</strong></span> <span class='ocrx_word' id='word_1_853' title='bbox 2608 4908 2824 4963; x_wconf 87' lang='lat' dir='ltr'><strong>quoque</strong></span> <span class='ocrx_word' id='word_1_854' title='bbox 2854 4893 3178 4963; x_wconf 88' lang='lat' dir='ltr'><strong>martyribus</strong></span> <span class='ocrx_word' id='word_1_855' title='bbox 3209 4907 3315 4945; x_wconf 92' lang='lat' dir='ltr'><strong>non</strong></span> <span class='ocrx_word' id='word_1_856' title='bbox 3347 4893 3650 4960; x_wconf 76' lang='lat' dir='ltr'><strong>defuerunt,</strong></span> 
     </span>
    </p>
   </div>
   <div class='ocr_carea' id='block_1_108' title="bbox 2055 4984 3653 5056">
    <p class='ocr_par' dir='ltr' id='par_1_108' title="bbox 2055 4984 3653 5056">
     <span class='ocr_line' id='line_1_108' title="bbox 2055 4984 3653 5056; baseline -0.001 -16"><span class='ocrx_word' id='word_1_857' title='bbox 2055 4993 2111 5041; x_wconf 91' lang='lat' dir='ltr'><strong>ut</strong></span> <span class='ocrx_word' id='word_1_858' title='bbox 2138 4985 2222 5040; x_wconf 87' lang='lat' dir='ltr'><strong>vel</strong></span> <span class='ocrx_word' id='word_1_859' title='bbox 2251 5001 2317 5041; x_wconf 83' lang='lat' dir='ltr'><strong>ex</strong></span> <span class='ocrx_word' id='word_1_860' title='bbox 2346 4987 2506 5041; x_wconf 89' lang='lat' dir='ltr'><strong>modo</strong></span> <span class='ocrx_word' id='word_1_861' title='bbox 2536 4986 2693 5041; x_wconf 91' lang='lat' dir='ltr'><strong>dictis</strong></span> <span class='ocrx_word' id='word_1_862' title='bbox 2715 4987 2825 5056; x_wconf 91' lang='lat' dir='ltr'><strong>jam</strong></span> <span class='ocrx_word' id='word_1_863' title='bbox 2856 4996 3087 5041; x_wconf 87' lang='lat' dir='ltr'><strong>constat.</strong></span> <span class='ocrx_word' id='word_1_864' title='bbox 3121 4984 3233 5040; x_wconf 88' lang='lat' dir='ltr'><strong>Non</strong></span> <span class='ocrx_word' id='word_1_865' title='bbox 3272 4986 3413 5040; x_wconf 89' lang='lat' dir='ltr'><strong>enim</strong></span> <span class='ocrx_word' id='word_1_866' title='bbox 3451 4986 3653 5053; x_wconf 67' lang='lat' dir='ltr'><strong>absque</strong></span> 
     </span>
    </p>
   </div>
   <div class='ocr_carea' id='block_1_109' title="bbox 2052 5078 3649 5149">
    <p class='ocr_par' dir='ltr' id='par_1_109' title="bbox 2052 5078 3649 5149">
     <span class='ocr_line' id='line_1_109' title="bbox 2052 5078 3649 5149; baseline -0.002 -17"><span class='ocrx_word' id='word_1_867' title='bbox 2052 5080 2313 5133; x_wconf 89' lang='lat' dir='ltr'><strong>miraculo</strong></span> <span class='ocrx_word' id='word_1_868' title='bbox 2344 5082 2540 5134; x_wconf 87' lang='lat' dir='ltr'><strong>factum</strong></span> <span class='ocrx_word' id='word_1_869' title='bbox 2572 5090 2674 5143; x_wconf 86' lang='lat' dir='ltr'><strong>est,</strong></span> <span class='ocrx_word' id='word_1_870' title='bbox 2709 5090 2766 5133; x_wconf 90' lang='lat' dir='ltr'><strong>ut</strong></span> <span class='ocrx_word' id='word_1_871' title='bbox 2791 5094 2922 5149; x_wconf 88' lang='lat' dir='ltr'><strong>aper</strong></span> <span class='ocrx_word' id='word_1_872' title='bbox 2961 5080 3012 5131; x_wconf 92' lang='lat' dir='ltr'><strong>in</strong></span> <span class='ocrx_word' id='word_1_873' title='bbox 3055 5078 3305 5134; x_wconf 86' lang='lat' dir='ltr'><strong>Saturum</strong></span> <span class='ocrx_word' id='word_1_874' title='bbox 3359 5079 3649 5143; x_wconf 86' lang='lat' dir='ltr'><strong>immissus,</strong></span> 
     </span>
    </p>
   </div>
   <div class='ocr_carea' id='block_1_110' title="bbox 2052 5170 3647 5241">
    <p class='ocr_par' dir='ltr' id='par_1_110' title="bbox 2052 5170 3647 5241">
     <span class='ocr_line' id='line_1_110' title="bbox 2052 5170 3647 5241; baseline -0.002 -16"><span class='ocrx_word' id='word_1_875' title='bbox 2052 5170 2105 5225; x_wconf 89' lang='lat' dir='ltr'><strong>in</strong></span> <span class='ocrx_word' id='word_1_876' title='bbox 2137 5173 2307 5240; x_wconf 90' lang='lat' dir='ltr'><strong>ipsum</strong></span> <span class='ocrx_word' id='word_1_877' title='bbox 2338 5173 2515 5241; x_wconf 91' lang='lat' dir='ltr'><strong>potius</strong></span> <span class='ocrx_word' id='word_1_878' title='bbox 2532 5180 2842 5225; x_wconf 88' lang='lat' dir='ltr'><strong>venatorem</strong></span> <span class='ocrx_word' id='word_1_879' title='bbox 2872 5171 2976 5224; x_wconf 91' lang='lat' dir='ltr'><strong>iras</strong></span> <span class='ocrx_word' id='word_1_880' title='bbox 2994 5180 3048 5225; x_wconf 90' lang='lat' dir='ltr'><strong>et</strong></span> <span class='ocrx_word' id='word_1_881' title='bbox 3077 5171 3334 5240; x_wconf 87' lang='lat' dir='ltr'><strong>impetum</strong></span> <span class='ocrx_word' id='word_1_882' title='bbox 3364 5179 3597 5224; x_wconf 86' lang='lat' dir='ltr'><strong>verteret</strong></span> <span class='ocrx_word' id='word_1_883' title='bbox 3634 5186 3647 5222; x_wconf 92' lang='lat'><strong>:</strong></span> 
     </span>
    </p>
   </div>
   <div class='ocr_carea' id='block_1_111' title="bbox 2054 5259 3650 5332">
    <p class='ocr_par' dir='ltr' id='par_1_111' title="bbox 2054 5259 3650 5332">
     <span class='ocr_line' id='line_1_111' title="bbox 2054 5259 3650 5332; baseline -0.003 -14"><span class='ocrx_word' id='word_1_884' title='bbox 2054 5275 2107 5318; x_wconf 92' lang='lat' dir='ltr'><strong>et</strong></span> <span class='ocrx_word' id='word_1_885' title='bbox 2145 5262 2285 5332; x_wconf 92' lang='lat' dir='ltr'><strong>quod</strong></span> <span class='ocrx_word' id='word_1_886' title='bbox 2318 5277 2477 5317; x_wconf 90' lang='lat' dir='ltr'><strong>ursus</strong></span> <span class='ocrx_word' id='word_1_887' title='bbox 2506 5262 2557 5317; x_wconf 91' lang='lat' dir='ltr'><strong>iu</strong></span> <span class='ocrx_word' id='word_1_888' title='bbox 2587 5262 2833 5316; x_wconf 87' lang='lat' dir='ltr'><strong>eumdem</strong></span> <span class='ocrx_word' id='word_1_889' title='bbox 2864 5262 3115 5316; x_wconf 89' lang='lat' dir='ltr'><strong>incitatus</strong></span> <span class='ocrx_word' id='word_1_890' title='bbox 3141 5261 3209 5316; x_wconf 91' lang='lat' dir='ltr'><strong>de</strong></span> <span class='ocrx_word' id='word_1_891' title='bbox 3236 5277 3396 5316; x_wconf 88' lang='lat' dir='ltr'><strong>eavea</strong></span> <span class='ocrx_word' id='word_1_892' title='bbox 3436 5259 3650 5329; x_wconf 88' lang='lat' dir='ltr'><strong>prodire</strong></span> 
     </span>
    </p>
   </div>
   <div class='ocr_carea' id='block_1_112' title="bbox 2052 5353 3651 5425">
    <p class='ocr_par' dir='ltr' id='par_1_112' title="bbox 2052 5353 3651 5425">
     <span class='ocr_line' id='line_1_112' title="bbox 2052 5353 3651 5425; baseline -0.004 -12"><span class='ocrx_word' id='word_1_893' title='bbox 2052 5359 2307 5413; x_wconf 89' lang='lat' dir='ltr'><strong>noluerit.</strong></span> <span class='ocrx_word' id='word_1_894' title='bbox 2350 5358 2418 5412; x_wconf 90' lang='lat' dir='ltr'><strong>Et</strong></span> <span class='ocrx_word' id='word_1_895' title='bbox 2450 5365 2534 5411; x_wconf 90' lang='lat' dir='ltr'><strong>est</strong></span> <span class='ocrx_word' id='word_1_896' title='bbox 2574 5357 2657 5411; x_wconf 87' lang='lat' dir='ltr'><strong>hic</strong></span> <span class='ocrx_word' id='word_1_897' title='bbox 2703 5358 2900 5422; x_wconf 86' lang='lat' dir='ltr'><strong>minus,</strong></span> <span class='ocrx_word' id='word_1_898' title='bbox 2930 5371 3087 5425; x_wconf 90' lang='lat' dir='ltr'><strong>quam</strong></span> <span class='ocrx_word' id='word_1_899' title='bbox 3130 5356 3218 5411; x_wconf 89' lang='lat' dir='ltr'><strong>ubi</strong></span> <span class='ocrx_word' id='word_1_900' title='bbox 3248 5356 3317 5410; x_wconf 91' lang='lat' dir='ltr'><strong>de</strong></span> <span class='ocrx_word' id='word_1_901' title='bbox 3356 5353 3651 5409; x_wconf 77' lang='lat' dir='ltr'><strong>visionibus</strong></span> 
     </span>
    </p>
   </div>
   <div class='ocr_carea' id='block_1_113' title="bbox 2052 5447 3649 5521">
    <p class='ocr_par' dir='ltr' id='par_1_113' title="bbox 2052 5447 3649 5521">
     <span class='ocr_line' id='line_1_113' title="bbox 2052 5447 3649 5521; baseline -0.001 -15"><span class='ocrx_word' id='word_1_902' title='bbox 2052 5460 2231 5521; x_wconf 83' lang='lat' dir='ltr'><strong>agunt,</strong></span> <span class='ocrx_word' id='word_1_903' title='bbox 2260 5450 2328 5506; x_wconf 93' lang='lat' dir='ltr'><strong>de</strong></span> <span class='ocrx_word' id='word_1_904' title='bbox 2351 5453 2607 5506; x_wconf 90' lang='lat' dir='ltr'><strong>Actorum</strong></span> <span class='ocrx_word' id='word_1_905' title='bbox 2640 5447 2743 5504; x_wconf 86' lang='lat' dir='ltr'><strong>fide</strong></span> <span class='ocrx_word' id='word_1_906' title='bbox 2770 5448 3141 5514; x_wconf 90' lang='lat' dir='ltr'><strong>dubitandum,</strong></span> <span class='ocrx_word' id='word_1_907' title='bbox 3173 5464 3293 5504; x_wconf 88' lang='lat' dir='ltr'><strong>cum</strong></span> <span class='ocrx_word' id='word_1_908' title='bbox 3324 5465 3410 5504; x_wconf 91' lang='lat' dir='ltr'><strong>res</strong></span> <span class='ocrx_word' id='word_1_909' title='bbox 3438 5450 3488 5503; x_wconf 92' lang='lat' dir='ltr'><strong>in</strong></span> <span class='ocrx_word' id='word_1_910' title='bbox 3520 5466 3649 5521; x_wconf 85' lang='lat' dir='ltr'><strong>pro-</strong></span> 
     </span>
    </p>
   </div>
   <div class='ocr_carea' id='block_1_114' title="bbox 2051 5541 3651 5615">
    <p class='ocr_par' dir='ltr' id='par_1_114' title="bbox 2051 5541 3651 5615">
     <span class='ocr_line' id='line_1_114' title="bbox 2051 5541 3651 5615; baseline -0.003 -17"><span class='ocrx_word' id='word_1_911' title='bbox 2051 5544 2232 5615; x_wconf 87' lang='lat' dir='ltr'><strong>patulo</strong></span> <span class='ocrx_word' id='word_1_912' title='bbox 2262 5552 2315 5598; x_wconf 92' lang='lat' dir='ltr'><strong>et</strong></span> <span class='ocrx_word' id='word_1_913' title='bbox 2342 5545 2392 5598; x_wconf 92' lang='lat' dir='ltr'><strong>in</strong></span> <span class='ocrx_word' id='word_1_914' title='bbox 2424 5542 2599 5596; x_wconf 77' lang='lat' dir='ltr'><strong>medio</strong></span> <span class='ocrx_word' id='word_1_915' title='bbox 2630 5541 3022 5613; x_wconf 87' lang='lat' dir='ltr'><strong>amphitheatro</strong></span> <span class='ocrx_word' id='word_1_916' title='bbox 3039 5552 3214 5612; x_wconf 80' lang='lat' dir='ltr'><strong>gestas</strong></span> <span class='ocrx_word' id='word_1_917' title='bbox 3234 5541 3489 5604; x_wconf 86' lang='lat' dir='ltr'><strong>referant,</strong></span> <span class='ocrx_word' id='word_1_918' title='bbox 3520 5557 3651 5611; x_wconf 91' lang='lat' dir='ltr'><strong>quas</strong></span> 
     </span>
    </p>
   </div>
   <div class='ocr_carea' id='block_1_115' title="bbox 2052 5634 3647 5707">
    <p class='ocr_par' dir='ltr' id='par_1_115' title="bbox 2052 5634 3647 5707">
     <span class='ocr_line' id='line_1_115' title="bbox 2052 5634 3647 5707; baseline -0.005 -13"><span class='ocrx_word' id='word_1_919' title='bbox 2052 5654 2212 5695; x_wconf 91' lang='lat' dir='ltr'><strong>nemo</strong></span> <span class='ocrx_word' id='word_1_920' title='bbox 2249 5639 2460 5693; x_wconf 92' lang='lat' dir='ltr'><strong>illorum</strong></span> <span class='ocrx_word' id='word_1_921' title='bbox 2492 5646 2792 5707; x_wconf 90' lang='lat' dir='ltr'><strong>temporum</strong></span> <span class='ocrx_word' id='word_1_922' title='bbox 2834 5637 3084 5705; x_wconf 87' lang='lat' dir='ltr'><strong>scriptor,</strong></span> <span class='ocrx_word' id='word_1_923' title='bbox 3129 5636 3206 5690; x_wconf 89' lang='lat' dir='ltr'><strong>vel</strong></span> <span class='ocrx_word' id='word_1_924' title='bbox 3252 5634 3647 5703; x_wconf 89' lang='lat' dir='ltr'><strong>impudentissi-</strong></span> 
     </span>
    </p>
   </div>
   <div class='ocr_carea' id='block_1_116' title="bbox 2050 5727 3645 5805">
    <p class='ocr_par' dir='ltr' id='par_1_116' title="bbox 2050 5727 3645 5805">
     <span class='ocr_line' id='line_1_116' title="bbox 2050 5727 3645 5805; baseline -0.004 -16"><span class='ocrx_word' id='word_1_925' title='bbox 2050 5750 2169 5790; x_wconf 91' lang='lat' dir='ltr'><strong>mns</strong></span> <span class='ocrx_word' id='word_1_926' title='bbox 2197 5734 2504 5805; x_wconf 79' lang='lat' dir='ltr'><strong>confingere</strong></span> <span class='ocrx_word' id='word_1_927' title='bbox 2533 5747 2694 5788; x_wconf 87' lang='lat' dir='ltr'><strong>ausus</strong></span> <span class='ocrx_word' id='word_1_928' title='bbox 2722 5732 2927 5788; x_wconf 88' lang='lat' dir='ltr'><strong>fuisset.</strong></span> <span class='ocrx_word' id='word_1_929' title='bbox 2950 5730 3045 5785; x_wconf 85' lang='lat' dir='ltr'><strong>Est</strong></span> <span class='ocrx_word' id='word_1_930' title='bbox 3073 5739 3126 5785; x_wconf 91' lang='lat' dir='ltr'><strong>et</strong></span> <span class='ocrx_word' id='word_1_931' title='bbox 3154 5729 3281 5784; x_wconf 91' lang='lat' dir='ltr'><strong>illud</strong></span> <span class='ocrx_word' id='word_1_932' title='bbox 3313 5729 3453 5782; x_wconf 81' lang='lat' dir='ltr'><strong>inter</strong></span> <span class='ocrx_word' id='word_1_933' title='bbox 3481 5727 3645 5782; x_wconf 72' lang='lat' dir='ltr'><strong>mira~</strong></span> 
     </span>
    </p>
   </div>
   <div class='ocr_carea' id='block_1_117' title="bbox 2049 5820 3643 5899">
    <p class='ocr_par' dir='ltr' id='par_1_117' title="bbox 2049 5820 3643 5899">
     <span class='ocr_line' id='line_1_117' title="bbox 2049 5820 3643 5899; baseline -0.006 -14"><span class='ocrx_word' id='word_1_934' title='bbox 2049 5831 2165 5887; x_wconf 90' lang='lat' dir='ltr'><strong>eula</strong></span> <span class='ocrx_word' id='word_1_935' title='bbox 2184 5826 2623 5899; x_wconf 86' lang='lat' dir='ltr'><strong>computandum,</strong></span> <span class='ocrx_word' id='word_1_936' title='bbox 2642 5823 3176 5898; x_wconf 62' lang='lat' dir='ltr'><strong>quodaferocissima</strong></span> <span class='ocrx_word' id='word_1_937' title='bbox 3199 5835 3358 5877; x_wconf 89' lang='lat' dir='ltr'><strong>vacca</strong></span> <span class='ocrx_word' id='word_1_938' title='bbox 3380 5820 3643 5890; x_wconf 85' lang='lat' dir='ltr'><strong>Perpetua</strong></span> 
     </span>
    </p>
   </div>
  </div>
