4156 6282
553 304 661 372 155

1708 312 2163 376 DISSERTATIO
2202 312 2681 375 APOLOGLTICA

3757 310 3862 378 156

3278 377 3307 393 κ

555 445 676 486 cum
704 438 1007 497 vexaretur,
1038 430 1172 486 adeo
1205 432 1254 488 in
1284 433 1479 498 exstasi
1521 434 1698 501 fuerit,
1727 447 1785 490 ut
1813 436 2013 491 nnlhnn
2054 436 2148 490 do.
2182 434 2229 497 Α
2260 436 2429 490 sancti
2458 434 2704 506 Martyris
2734 429 2912 488 verbis
2935 431 3050 488 haec
3077 430 3258 503 adjicit
3309 431 3566 489 Actorum
3596 434 3858 505 compila-

559 524 691 580 loris
753 540 968 579 Sensum
1025 538 1243 595 experta
1304 530 1391 580 sit.
1454 526 1606 582 Unde
1666 529 1805 598 quod
1861 530 1970 599 jam
2027 544 2155 585 eve-

561 629 749 680 nerat,
818 638 836 669 ι
872 633 976 671 non
1027 620 1175 686 prius
1219 620 1480 685 credidit,
1524 623 1622 674 nisi
1682 622 1938 690 quasdam
2007 631 2159 677 notas

562 710 862 764 Vexationis
891 710 941 764 in
973 726 1199 780 corpore
1234 724 1285 765 et
1329 712 1509 767 habitu
1550 728 1647 767 suo
1678 716 2094 786 reetignovisset.
2137 732 2155 768 ι

560 805 658 860 Est
700 813 754 858 ct
796 805 898 860 hoc
942 806 1111 874 palam
1169 817 1219 861 et
1253 808 1302 860 in
1337 810 1507 862 media
1540 825 1699 863 arena
1745 818 1799 863 ct
1825 809 2162 880 stupentibus

562 900 814 955 omnibus
836 910 1068 970 gestum.
1093 901 1273 965 Neque
1304 916 1391 955 res
1433 913 1538 956 tam
1571 905 1724 969 mira,
1757 920 1822 958 ne
1853 904 1989 959 forte
2018 904 2162 958 illaut

566 992 859 1058 Basnagius
891 992 940 1044 in
974 992 1313 1047 Montanismi
1341 996 1701 1061 suSpieiouem
1736 996 1931 1061 trahat,
1966 996 2016 1049 in
2044 996 2165 1051 aliis

566 1084 891 1154 martyribus
912 1084 978 1138 ab
1000 1086 1144 1138 onmi
1170 1086 1219 1140 id
1248 1102 1412 1155 genus
1430 1088 1734 1159 suspicione
1756 1088 1958 1151 liberis,
1982 1104 2162 1143 exem-

562 1176 653 1248 plo
684 1188 859 1230 vacat.
893 1177 1173 1233 Geminus
1202 1182 1423 1234 omnino
1452 1192 1533 1236 est
1575 1182 1696 1236 huic
1737 1184 1989 1237 Actorum
2038 1198 2165 1237 nos-

567 1280 770 1324 trorum
797 1270 917 1323 loco
943 1271 1077 1325 alter
1099 1271 1166 1326 de
1197 1274 1347 1327 beata
1374 1274 1629 1328 Blandina
1662 1276 1713 1328 in
1746 1274 1985 1340 Epistula
2019 1274 2162 1344 Lug-

570 1363 915 1429 dunensium,
941 1365 1031 1417 ubi
1067 1376 1285 1419 narrant
1341 1367 1609 1435 quomodo
1646 1376 1703 1423 et
1732 1368 1842 1437 ipsa
1884 1367 1962 1442 (l)
1988 1387 2006 1420 ι
2036 1370 2165 1425 reti-

566 1454 689 1508 culo
713 1455 937 1522 inclusa,
965 1465 1115 1509 tauro
1134 1458 1341 1527 objecta
1360 1470 1435 1513 est
1458 1475 1517 1513 :a
1547 1475 1652 1530 quo
1679 1459 1769 1514 diu
1796 1461 1850 1514 in
1872 1461 2035 1515 altum
2052 1460 2164 1530 jac-

562 1555 691 1610 tata,
711 1548 958 1618 nihiljam
972 1564 1158 1603 eorum
1177 1566 1297 1619 qua:
1314 1551 1527 1616 fiebant,
1546 1553 1757 1621 penitus
1774 1554 2032 1616 sentiens,
2054 1565 2163 1607 tmn

562 1640 635 1694 ob
660 1656 808 1710 spem
835 1650 889 1695 et
909 1644 1447 1712 comprehensionem
1466 1660 1652 1699 eorum
1677 1661 1794 1715 qum
1810 1645 2057 1701 credebat
2080 1645 2166 1699 bo-

566 1748 779 1797 norum,
818 1744 927 1788 tum
969 1736 1038 1787 ob
1080 1735 1394 1789 familiarem
1435 1750 1805 1805 congressum,
1852 1750 2011 1807 quem
2040 1748 2162 1791 cum

564 1826 776 1882 filtristo
802 1828 855 1882 iu
891 1828 1133 1882 oratione
1172 1828 1429 1896 habebat,
1472 1830 1685 1884 tandem
1714 1840 1765 1884 et
1798 1830 1911 1899 ipsa
1935 1831 2163 1886 victimae
2195 1838 2240 1897 B

565 1921 981 1989 instarjugulata
1000 1932 1102 1977 est.
1120 1922 1367 1992 Adempti
1382 1925 1544 1979 etiam
1566 1926 1616 1978 iu
1638 1926 1810 1994 poenis
1827 1924 2029 1980 doloris
2048 1941 2168 1979 scu-

566 2027 658 2067 sus
690 2012 899 2083 insigne
921 2013 1181 2069 habemus
1232 2017 1536 2085 exemplum
1586 2018 1637 2070 in
1677 2017 1863 2072 eadem
1885 2017 2166 2083 Blandiua,

566 2122 706 2176 qtne,
741 2118 794 2161 ut
841 2119 922 2162 est
974 2110 1026 2163 in
1077 2110 1284 2164 laudata
1320 2112 1545 2179 epistola
1593 2111 2032 2183 Lugdunensium
2065 2108 2165 2183 (‘2),

574 2217 593 2249 ί
629 2197 802 2252 instar
826 2199 1073 2269 generosi
1119 2202 1397 2270 cujusdam
1441 2203 1678 2267 athletae,
1717 2205 1767 2256 in
1819 2204 1930 2272 ipsa
1959 2202 2169 2257 confess

568 2290 720 2344 sione
752 2291 894 2344 vires
925 2302 1085 2360 atque
1126 2293 1334 2348 animos
1365 2295 1691 2349 resumebat.
1725 2295 1963 2363 Eratque
2002 2296 2051 2349 ei
2082 2309 2170 2348 re-

562 2382 730 2437 fectio
755 2394 809 2438 et
830 2384 1000 2453 quies,
1028 2398 1354 2455 sensumque
1383 2400 1598 2440 omnem
1647 2391 1924 2455 praesentis
1970 2386 2173 2440 doloris

568 2475 837 2530 adimebat
866 2475 1091 2545 prolatio
1119 2478 1308 2530 borum
1346 2478 1630 2532 verborum
1658 2496 1670 2531 :
1706 2478 2007 2533 Christiana
2032 2495 2167 2546 smn,

569 2579 625 2624 et
657 2569 786 2623 nihil
814 2570 951 2637 apud
985 2584 1082 2623 nos
1114 2570 1476 2639 maligeritur.
1516 2590 1534 2623 ι
1568 2572 1681 2627 Νοιι
1733 2574 1911 2627 minus
1965 2574 2173 2643 insigne

571 2661 701 2715 illud
732 2661 873 2731 quod
898 2661 966 2715 de
988 2661 1272 2717 Theodoro
1308 2664 1361 2717 in
1388 2664 1769 2719 ecclesiasticis
1820 2665 2059 2721 historiis
2092 2666 2171 2736 (5)

574 2755 849 2809 memorirc
878 2755 1147 2822 proditum
1181 2764 1282 2810 cst.
1313 2756 1471 2811 .lnssn
1494 2758 1636 2811 enim
1660 2758 1875 2812 Salustii
1922 2758 2175 2828 prretorio

574 2850 676 2903 sub
704 2849 919 2904 Juliano
958 2849 1218 2919 praefecti,
1246 2850 1334 2904 din
1363 2862 1415 2906 et
1446 2850 1815 2905 crudelissime
1841 2861 2032 2917 tortus,
2054 2852 2175 2906 laeto

571 2940 713 2996 inter
738 2949 1001 3005 tormenta
1031 2950 1086 2996 et
1112 2955 1305 2996 sereno
1347 2941 1495 2995 vultu
1540 2942 1685 2995 illum
1713 2941 1899 3010 psalmi
1941 2942 2173 2997 versicu-

578 3034 685 3087 lum
738 3034 1011 3089 iterabat:
1047 3053 1066 3086 ι
1102 3032 1513 3089 Confundantur
1544 3050 1756 3101 omnes,
1813 3036 1903 3105 qui
1952 3034 2177 3092 adorant

574 3127 865 3195 sculptilis,
894 3139 946 3182 et
969 3128 1059 3196 qui
1084 3127 1424 3183 confiduntin
1446 3128 1746 3197 simulacris
1773 3130 1902 3184 suis.
1927 3145 1946 3182 ι
1975 3147 1994 3181 ι
2025 3129 2176 3185 Hunc

574 3221 938 3287 Theodorum,
972 3242 990 3275 ι
1024 3223 1192 3293 inquit
1219 3223 1465 3289 Rufinus,
1507 3242 1526 3275 ς
1563 3224 1663 3293 ipsi
1693 3238 1792 3278 nos
1832 3224 2172 3293 postmodum
2202 3231 2245 3294 ρ

574 3315 713 3385 apud
732 3316 1073 3371 Antiochiam
1114 3318 1366 3383 vidimus,
1410 3328 1615 3372 etcum
1660 3318 2063 3387 requireremns
2106 3319 2173 3374 ab

573 3424 639 3463 eo
676 3410 719 3463 si
752 3423 969 3464 sensum
997 3410 1198 3464 doloris
1246 3410 1539 3473 habuisset,
1572 3425 1637 3464 ex
1686 3408 1893 3479 integro
1916 3411 2167 3466 dicebat:

574 3500 792 3555 dolores
831 3516 890 3555 se
920 3501 1133 3571 quidem
1165 3518 1349 3570 parum
1388 3502 1654 3565 sensisse;
1690 3502 1961 3557 adstitisse
1995 3514 2172 3556 autem

578 3591 863 3661 quemdam
889 3592 1163 3659 juvenem,
1191 3593 1280 3661 qui
1321 3593 1535 3645 sudanti
1568 3591 1666 3645 sibi
1696 3592 1861 3647 linteo
1900 3592 2174 3647 candidis-

575 3684 715 3737 simo
744 3694 797 3738 et
837 3684 1066 3738 sudores
1104 3692 1435 3751 extergeret,
1472 3692 1527 3738 et
1557 3698 1751 3753 aquam
1798 3684 2039 3753 frigidam
2077 3687 2178 3738 fre-

576 3785 805 3844 quenter
838 3776 1186 3830 int‘nnderet;
1234 3785 1287 3829 et
1316 3776 1382 3829 ita
1412 3790 1533 3831 esse
1587 3776 1911 3831 delectatum
1952 3785 2007 3831 ut
2057 3787 2178 3831 tunc

577 3867 821 3920 mmsiior
850 3866 1018 3922 factus
1056 3867 1126 3921 sit
1153 3866 1367 3934 quando
1392 3867 1587 3935 deponi
1619 3867 1687 3921 de
1730 3868 1960 3937 equuleo
1997 3868 2179 3936 jussus

576 3968 679 4012 est.
721 3978 739 4010 ι
779 3958 1015 4028 Denique
1045 3970 1261 4015 sanctus
1286 3960 1597 4022 Flavianus,
1639 3962 1794 4028 cujus
1824 3974 1981 4030 supra
2024 3976 2176 4015 mett-

579 4051 653 4104 tio
685 4066 789 4105 non
815 4053 983 4106 semei
1012 4052 1147 4106 facta
1175 4060 1276 4117 est,
1311 4051 1447 4108 hanc
1478 4052 1592 4122 ipse
1614 4067 1764 4106 suam
1797 4052 2177 4107 revelationem

580 4155 764 4200 narrat
806 4145 931 4217 (4):
994 4164 1014 4198 ι
1050 4146 1182 4202 Cum
1218 4147 1392 4202 adhuc
1442 4149 1727 4217 episcopus
1792 4156 1973 4203 noster
2034 4148 2181 4201 snlus

578 4254 768 4308 passus
796 4238 1003 4303 fuisset,
1033 4248 1307 4297 ostensum
1331 4249 1413 4295 est
1437 4240 1566 4294 mihi
1609 4240 1733 4306 hoc,
1775 4241 1925 4311 quasi
1957 4239 2179 4311 Cypria-

581 4347 707 4383 num
765 4331 937 4399 ipsum
1002 4331 1413 4401 interrogarem,
1469 4347 1533 4385 an
1589 4332 1695 4400 pati
1753 4332 1892 4385 ictus
1939 4331 2180 4397 doleret;

579 4422 787 4476 scilicet
814 4432 1020 4492 martyr
1059 4421 1292 4489 futurus,
1335 4423 1402 4475 de
1435 4422 1699 4492 passionis
1725 4421 2006 4475 tolerantia
2046 4436 2179 4475 con-

578 4515 844 4579 salebam,
874 4515 965 4583 qui
998 4514 1126 4567 mihi
1154 4515 1448 4583 respondit,
1478 4524 1532 4569 et
1567 4512 1733 4568 dixit:
1766 4514 1880 4567 Alia
1924 4529 2049 4566 caro
2083 4528 2177 4581 pa-

2264 537 2385 582 tor:
2418 546 2435 578 ι
2461 524 2697 581 O‘verba
2731 527 2977 599 martyris
3028 538 3318 596 martyrem
3358 524 3723 583 cohortantis!
3755 528 3864 584 Ne-

2263 621 2407 687 gavit
2433 632 2555 673 esse
2585 618 2636 671 in
2679 617 2945 686 passionis
2993 616 3099 671 ictu
3150 616 3396 671 dolorem
3426 628 3483 671 ut
3525 617 3617 689 qui
3663 629 3716 674 et
3752 620 3866 691 ipse

2266 709 2497 765 habebat
2524 708 2719 771 occidi,
2752 709 2979 763 animari
2996 708 3327 763 constantius
3356 721 3562 779 posset,
3590 711 3731 781 quod
3764 726 3866 769 nec

2268 816 2489 870 parvum
2527 815 2746 857 sensum
2776 800 2980 854 doloris
3020 801 3070 854 in
3116 800 3383 869 passionis
3433 802 3537 855 ictu
3570 804 3801 859 timeret.
3843 826 3861 860 ι

2268 893 2324 947 lu
2357 893 2496 948 caelo
2526 892 2805 961 Perpetuus
2854 902 2960 946 non
3015 891 3192 945 minus
3236 906 3394 963 quam
3425 894 3673 964 Cypriani
3706 896 3872 954 fuisse

2269 989 2525 1051 animum,
2567 1001 2688 1039 cum
2718 985 2904 1039 bestiis
2927 984 3157 1054 objecta,
3182 996 3242 1039 et
3272 985 3339 1037 ab
3360 986 3439 1040 cis
3469 997 3679 1054 vexata,
3720 990 3872 1046 nullo

2268 1078 2467 1133 doloris
2498 1094 2657 1132 sensu
2689 1078 2876 1131 affecta
2911 1087 3012 1143 est,
3043 1087 3259 1133 sanctus
3290 1079 3620 1148 Augustinus
3660 1082 3763 1136 sibi
3791 1082 3871 1137 fa-

2270 1172 2373 1225 cite
2403 1170 2684 1237 persuasit,
2718 1171 2805 1239 qui
2858 1170 2997 1223 hunc
3023 1172 3279 1225 Actorum
3323 1172 3497 1226 locum
3553 1173 3637 1228 his
3682 1175 3865 1231 verbis

2269 1264 2503 1317 illustrat
2532 1259 2609 1332 ti)
2643 1280 2654 1315 :
2692 1280 2709 1312 ι
2752 1261 2849 1317 Ubi
2878 1272 2994 1317 erat
3026 1262 3113 1315 illa
3165 1263 3379 1327 femina,
3424 1265 3641 1333 quando
3680 1265 3748 1321 ad
3786 1282 3875 1322 as-

2269 1354 2555 1423 perrimam
2582 1368 2792 1407 vaecam
2818 1368 2877 1408 se
2904 1369 3141 1423 pugnare
3171 1367 3275 1407 non
3320 1354 3509 1418 sensit,
3559 1366 3614 1410 et
3652 1358 3872 1426 quando

2269 1447 2500 1500 futurum
2529 1446 2837 1515 essetquod
2865 1448 2974 1516 jam
3008 1445 3202 1507 fuerat,
3236 1446 3552 1517 inquisivit?
3582 1448 3684 1504 Ubi
3715 1451 3873 1506 erat?

2268 1539 2402 1607 Quid
2436 1539 2624 1594 videns
2660 1539 2761 1594 ism
2791 1555 2896 1595 non
2933 1539 3177 1594 viderat?
3228 1542 3346 1608 Quo
3384 1540 3571 1596 fruens
3624 1542 3723 1597 ista
3770 1559 3875 1599 non

2269 1632 2552 1687 senserat?
2588 1647 2697 1702 quo
2726 1647 2911 1687 amore
2938 1632 3192 1698 alienata,
3236 1649 3343 1704 quo
3381 1634 3692 1705 spectaculo
3739 1650 3877 1692 avo-

2269 1737 2407 1789 cata,
2441 1744 2547 1797 quo
2567 1728 2760 1797 poculo
2790 1726 3077 1791 inebriata,
3112 1728 3293 1791 etc.,?
3332 1745 3351 1780 ι

2341 1820 2485 1875 Inter
2511 1821 2761 1876 miracula
2800 1823 2958 1876 etiam
2994 1822 3178 1877 referri
3224 1822 3389 1878 debet
3431 1823 3747 1880 immaturus
3777 1825 3878 1882 Fe-

2275 1915 2490 1969 licitatis
2543 1926 2745 1985 partus.
2795 1915 3049 1982 Quamvis
3110 1916 3251 1970 enim
3308 1916 3555 1971 feminam
3622 1920 3877 1974 acerbum

2274 2011 2458 2065 {mium
2478 2012 2746 2071 emittere.
2777 2012 3096 2067 miraculum
3121 2012 3367 2068 absolute
3393 2027 3498 2067 non
3529 2014 3591 2067 sit
3611 2030 3627 2080 ;
3650 2015 3879 2069 circum-

2274 2106 2483 2159 stantim
2539 2115 2715 2160 tamen
2760 2122 2881 2163 cum
2938 2107 3133 2177 quibus
3186 2106 3480 2163 Felicitatis
3527 2116 3707 2178 partus
3749 2123 3881 2164 con-

2272 2198 2490 2269 junctus
2528 2199 2642 2259 fuit.
2685 2203 2856 2270 ipsum
2903 2216 2968 2257 ex
3014 2202 3229 2273 speciali
3278 2202 3368 2257 Dei
3415 2203 3767 2272 providentia,
3824 2214 3880 2258 et

2276 2306 2384 2346 non
2412 2294 2706 2348 secundum
2738 2306 3053 2352 communes
3078 2304 3134 2351 et
3176 2296 3474 2351 ordinarias
3509 2307 3711 2351 natura:
3734 2298 3881 2366 leges

2276 2388 2545 2443 exstitisse
2587 2391 2744 2456 plane
2775 2391 3021 2445 suadent.
3058 2390 3187 2444 Nam
3217 2391 3395 2445 statim
3429 2398 3547 2458 poSt
3577 2391 3878 2445 orationem

2275 2492 2434 2548 quam
2459 2491 2721 2553 martyres
2750 2482 2816 2535 ad
2852 2482 3017 2537 Deum
3045 2482 3290 2536 fuderant
3320 2488 3376 2535 nt
3420 2491 3627 2551 partum
3669 2482 3882 2537 accele-

2278 2580 2442 2631 raret,
2484 2589 2503 2622 ‹
2538 2570 2751 2627 dolores
2777 2587 2893 2627 eam
2925 2573 3254 2628 invaserunt.
3296 2592 3315 2625 ι
3348 2574 3461 2638 Qua
3486 2572 3552 2628 de
3583 2588 3643 2628 re
3660 2572 3883 2629 audien-

2279 2662 2378 2717 dus
2408 2664 2657 2721 laudatus
2678 2666 2817 2720 idem
2841 2676 3060 2722 sanctus
3086 2668 3413 2736 Augustinus
3432 2668 3513 2740 (ἓ)
3543 2685 3555 2721 :
3591 2686 3609 2719 ι
3648 2668 3882 2739 Denique

2278 2751 2459 2805 editus
2510 2764 2593 2806 est
2624 2760 2806 2821 partus
2853 2755 3139 2809 iunnatnro
3162 2769 3347 2809 mense
3399 2764 3660 2809 maturus.
3694 2757 3879 2809 Actum

2279 2852 2361 2896 est
2410 2843 2551 2896 enim
2607 2842 2884 2907 divinitus,
2920 2853 2977 2897 nt
3025 2857 3131 2899 non
3161 2861 3258 2899 suo
3309 2856 3550 2914 tempore
3578 2861 3716 2899 onus
3763 2856 3880 2899 nte-

2278 2932 2324 2988 ri
2353 2944 2658 3002 poneretur.
2689 2951 2756 2990 ne
2791 2951 2889 2990 suo
2929 2946 3169 3004 tempore
3200 2935 3372 3003 honor
3417 2938 3658 3009 martyrii
3703 2937 3884 2992 differ-

2280 3033 2450 3079 retur.
2480 3030 2673 3081 Aetum
2705 3035 2810 3092 est,
2847 3027 3087 3097 inquam,
3112 3028 3392 3092 divinitus,
3437 3037 3495 3082 ut
3534 3027 3771 3083 indebita
3796 3028 3885 3084 die

2278 3115 2442 3172 foetus
2469 3118 2719 3172 ederetur
2762 3119 2887 3172 dum
2955 3130 3131 3174 tamen
3189 3128 3335 3174 tanto
3382 3121 3661 3175 comitatui
3705 3119 3882 3176 debita

2280 3209 2532 3264 Felicitas
2554 3210 2887 3275 redderetur,
2911 3222 3014 3266 etc.
3054 3231 3073 3263 ι

2356 3302 2599 3373 Denique
2637 3304 2756 3359 sine
2799 3305 3059 3360 miraculo
3108 3304 3304 3359 factum
3354 3320 3461 3359 non
3505 3320 3626 3361 esse
3654 3306 3881 3372 videtur,

2279 3403 2339 3449 ut
2372 3410 2492 3449 cum
2526 3404 2696 3465 pater,
2729 3397 2868 3451 ultra
2900 3398 3115 3452 modum
3151 3398 3337 3464 iratus,
3386 3395 3643 3453 infantem
3688 3399 3889 3470 Perpe-

2280 3497 2384 3542 tua:
2415 3488 2642 3543 reddere
2671 3490 2953 3555 noluisset,
2987 3502 3045 3544 ut
3072 3489 3214 3560 apud
3244 3491 3411 3555 illam,
3446 3491 3578 3545 sicut
3610 3501 3787 3556 antea,
3833 3494 3888 3546 in

2280 3596 2501 3635 carcere
2544 3596 2908 3651 permaneret,
2938 3585 3088 3639 etab
3126 3600 3188 3639 ea
3238 3585 3543 3651 laetaretur,
3574 3587 3753 3641 nullus
3793 3599 3892 3641 aut

2281 3692 2347 3730 ex
2378 3677 2531 3731 lactis
2594 3678 2959 3734 subtractione
3004 3695 3249 3748 puerum,
3292 3689 3386 3735 aut
3433 3696 3497 3735 ex
3529 3696 3885 3735 mammarum

2282 3769 2499 3826 fervore
2554 3784 2780 3828 matrem
2816 3773 2968 3827 dolor
2991 3774 3268 3829 invaderet
3301 3793 3312 3828 :
3340 3792 3359 3825 ι
3395 3773 3545 3829 'l‘unc
3585 3775 3708 3845 quia
3756 3793 3887 3831 00::-

2283 3875 2531 3920 sueverat
2574 3882 2601 3919 a
2662 3883 2747 3922 tne
2794 3868 2969 3923 infans
3023 3885 3283 3923 mammas
3324 3868 3566 3937 accipere
3595 3876 3914 3926 etmccnnt‘

2285 3958 2336 4011 iu
2360 3973 2577 4013 carcere
2606 3962 2846 4027 mane’re,
2900 3963 3078 4015 Statim
3116 3963 3269 4015 mitto
3300 3962 3364 4015 ad
3413 3972 3615 4031 patrem
3656 3964 3892 4032 Pompo-

2286 4052 2435 4106 nium
2468 4054 2783 4121 Diaconum,
2820 4057 3097 4124 postulans
3125 4055 3417 4120 infantem;
3450 4058 3543 4111 sed
3575 4067 3722 4125 pater
3749 4056 3886 4111 dare

2285 4147 2476 4213 noluit,
2502 4159 2556 4203 et
2609 4149 2879 4217 quomodo
2917 4151 3055 4204 Deus
3084 4150 3269 4210 voluit,
3308 4165 3479 4219 neque
3520 4149 3611 4205 ille
3648 4150 3886 4220 amplius

2286 4254 2545 4293 mammas
2570 4241 2927 4303 desideravit;
2972 4256 3144 4309 neque
3170 4241 3301 4295 mihi
3330 4239 3596 4296 fervorem
3622 4241 3888 4309 fecerunt,

2285 4347 2355 4387 ne
2378 4332 2739 4386 sollicitudine
2770 4333 3003 4397 infantis,
3036 4343 3088 4386 et
3105 4332 3292 4387 dolore
3320 4347 3673 4387 mammarum
3699 4347 3885 4387 mace—

2285 4438 2454 4479 rarer.
2494 4441 2513 4474 »
2546 4424 2692 4495 Qum;
2708 4440 2839 4479 sane
2873 4425 3049 4478 omnia
3079 4425 3122 4477 si
3152 4424 3273 4494 quis
3299 4439 3396 4493 pro
3430 4424 3577 4478 veris
3619 4424 3895 4481 miraculis

2287 4519 2487 4574 habere
2515 4520 2679 4584 nolit;
2713 4519 2840 4573 illud
2873 4521 3059 4574 saltem
3099 4520 3331 4574 fateatur
3370 4534 3592 4575 necesse
3629 4529 3731 4584 est,
3762 4535 3893 4589 spe-

578 4604 725 4666 titur,
760 4617 881 4659 cum
924 4606 1133 4660 animus
1175 4607 1227 4660 in
1271 4607 1409 4662 coelo
1445 4618 1547 4662 est.
1594 4606 1937 4677 Nequaquam
1987 4620 2183 4677 corpus
2211 4626 2263 4688 Ι)
2290 4614 2477 4669 cialem
2507 4612 2631 4667 hinc
2662 4613 2868 4668 ostendi
2892 4613 3091 4668 divinas
3122 4614 3378 4669 bonitatis
3417 4628 3544 4682 erga
3582 4627 3708 4669 suos
3748 4628 3895 4667 mar-

585 4695 690 4751 hoe
720 4697 903 4765 sentit,
954 4713 1075 4752 cum
1118 4713 1176 4754 se
1223 4699 1331 4754 Deo
1373 4709 1478 4754 tota
1533 4715 1683 4754 mens
1708 4700 1943 4755 devovit.
1984 4698 2185 4767 Quibus

666 4856 746 4928 (1)
787 4864 1059 4927 Τιῦσχατον
1087 4865 1154 4920 εἰς
1181 4865 1408 4932 νὺργαθυν
1432 4865 1666 4932 βληθεῖσα
1691 4866 1845 4928 “iam:
1874 4866 2143 4928 ndpséh‘an
2170 4875 2183 4889 '

588 4933 677 4983 καὶ
719 4937 883 4991 ἱκανῶς
921 4933 1211 4992 ἀναϐηθεισι
1250 4938 1359 5004 πρὸς
1389 4940 1470 4988 τοῦ
1509 4941 1648 4995 ζώειν.
1696 4935 1836 4998 (19.52
1864 4936 2083 4990 αἴσθησιν
2112 4938 2183 4984 ἔτι

586 5020 679 5057 τῶν
723 5008 1069 5069 συμϐαινόντων
1126 5014 1302 5073 ἔχουσα
1344 5008 1423 5057 διὰ
1466 5018 1550 5063 τὴν
1596 5006 1764 5056 ἰὶπίξα
1791 5005 1871 5053 καὶ
1897 5008 2077 5066 hex-iv
2099 5018 2186 5054 τῶν

581 5085 984 5151 πεπιστειέμένων,
1015 5087 1093 5130 καί
1118 5081 1316 5142 ὁμιλίαν
1342 5085 1452 5146 πρὸς
1483 5083 1710 5143 Χριστὸν,
1746 5079 1887 5133 ἱτὺεθη
1910 5096 1995 5124 και
2023 5076 2167 5131 αὐτή.

656 5144 735 5215 (⁸2)
779 5144 891 5199 All.
951 5156 975 5206 ἡ
1014 5158 1237 5215 μακαρία
1273 5156 1331 5210 ὡς
1365 5144 1567 5212 privatio;
1604 5152 1814 5207 ἀθλητὴν
1852 5148 2092 5205 obeying-ra
2141 5150 2185 5198 ἰν

520 5248 535 5258 σ
580 5230 639 5287 τῇ
671 5218 915 5286 ὅμολογὶᾳ,
949 5230 1031 5271 καὶ
1055 5224 1084 5280 ἧ
1115 5224 1259 5281 αὐτῆς
1283 5226 1533 5286 ἀνάληψις,
1564 5220 1925 5275 amicitiai-iuuat;
1948 5219 2187 5268 καὶάνειλ-

581 5297 726 5353 ytra-fa.
749 5307 837 5342 τῶν
866 5298 1234 5356 συμϐειινάντων,
1274 5302 1330 5346 τὸ
1352 5298 1497 5360 λέγειν
1529 5297 1603 5346 ὅτι
1628 5295 1900 5359 Χριστιανῆ
1936 5292 2035 5353 εἶμι
2059 5302 2069 5313 ⁸
2103 5290 2184 5337 Adi

582 5359 697 5427 παρ’
727 5372 837 5425 ἡμῖν
862 5366 990 5415 οὐδὲν
1016 5364 1193 5426 φαῦλον
1228 5359 1427 5431 γίνεται.

657 5432 732 5499 (3)
766 5431 939 5485 ltnlin.
987 5433 1081 5487 lib.
1129 5449 1159 5486 χ
1216 5429 1348 5487 Hist.
1401 5433 1620 5496 Eccles.,
1662 5446 1780 5498 cap.
1824 5429 1914 5485 56.
1950 5429 2177 5481 Sanctus

583 5500 933 5567 Allgl'S‘iIHIS.
980 5503 1070 5557 lib.
1115 5521 1257 5570 xvnt,
1291 5506 1353 5559 de
1406 5503 1617 5557 Civitnte
1645 5502 1755 5565 Dei,
1797 5516 1914 5568 cap.
1944 5500 2035 5554 5:2.
2079 5501 2177 5549 So-

581 5583 782 5635 crates,
816 5572 905 5626 lib.
936 5590 986 5627 ιιι
1012 5572 1148 5628 lIisl.
1170 5573 1391 5641 Eccles,
1417 5591 1533 5642 cap.
1560 5575 1623 5627 18
1645 5585 1695 5629 et
1718 5571 1801 5627 19.
1828 5574 2176 5642 Sozmm‘nus.

579 5644 675 5698 lib.
708 5659 759 5705 v,
794 5660 913 5712 cap.
938 5646 1002 5699 19
1024 5658 1073 5701 el
1102 5646 1191 5701 ‘20.
1217 5641 1553 5711 Tlteodorit.,
1599 5646 1689 5701 lib.
1716 5660 1766 5698 Ill
1793 5643 1929 5697 llist.
1955 5641 2178 5708 Ecclus,

582 5730 702 5781 cap.
743 5717 808 5771 10
838 5726 889 5770 et
927 5718 1012 5771 Η.

571 5784 913 5927 ϐαρυὲιῆςιυό
938 5787 1107 5853 Ruin.
1135 5790 1189 5847 in
1228 5790 1369 5849 Actis
1392 5798 1684 5849 sanctorum
1714 5785 1969 5856 Montani,
2012 5783 2180 5852 Lucii,

662 5898 697 5924 .,
791 5896 821 5911 .,
866 5894 881 5908 .

662 5898 697 5924 .,
732 5894 757 5924 δ
791 5894 881 5911 ....

2294 4716 2441 4778 tyrcs
2471 4706 2879 4776 providentiam.
2918 4707 2990 4760 De
3022 4721 3201 4761 rerum
3228 4716 3404 4759 autem
3432 4713 3701 4775 gestarum
3749 4703 3856 4758 fide
3877 4746 3891 4762 .

2293 4803 2407 4874 ipsa
2442 4803 2763 4857 narratioois
2802 4801 3117 4871 simplicitas
3153 4816 3271 4870 quae
3304 4800 3638 4869 potissimum
3672 4798 3723 4852 in
3766 4799 3893 4853 l’er.

2286 4907 2459 4967 petua:
2485 4894 2664 4949 verbis
2688 4894 2879 4957 elucet,
2912 4894 3157 4947 dubitare
3184 4910 3287 4945 non
3320 4892 3466 4946 sinit.

2360 4990 2443 5044 lli.
2501 4991 2825 5058 Argumenta
2871 5003 2990 5059 quae
3045 4987 3301 5040 hactenus
3345 4984 3611 5056 prosecuti
3668 4999 3891 5048 sumus,

2289 5085 2584 5156 generatim
2634 5082 2939 5147 ostendunt,
2966 5082 3245 5151 Perpetua:
3270 5080 3533 5148 sociisque
3565 5079 3894 5150 martyribus

2288 5177 2661 5247 propheticum
2686 5176 2928 5245 Spiritum
2951 5174 3258 5244 neutiquam
3283 5172 3517 5226 defuisse
3542 5191 3555 5225 :
3586 5188 3700 5240 qna:
3722 5170 3885 5224 modo

2286 5270 2561 5339 subjiciam
2616 5282 2800 5335 aperte
2855 5267 3246 5330 denmnstrant,
3282 5279 3441 5334 quam
3489 5263 3799 5333 longissime
3865 5278 3892 5313 τι

2291 5365 2735 5421 Mtnttmiistarnm
2768 5363 3026 5417 doctrinis
3051 5373 3106 5417 et
3145 5361 3400 5415 institutis
3424 5371 3634 5414 sanctos
3665 5358 3891 5412 eosdem

2292 5468 2553 5529 martyres
2584 5457 2840 5511 abfuisse.
2899 5455 3341 5508 Montanistarunt
3374 5451 3637 5507 sententia
3682 5451 3797 5513 fuit,
3838 5462 3895 5504 nt

2283 5568 2345 5606 ex
2376 5549 2932 5616 Tertullianoszepius
2971 5548 3175 5601 dictum
3225 5555 3328 5611 est,
3374 5546 3519 5599 Solos
3568 5555 3693 5598 ante
3745 5543 3891 5596 diem

2280 5648 2463 5718 jndicii
2492 5645 2816 5701 Solemnisiu
2840 5642 3033 5699 emittm
3060 5652 3327 5713 martyres
3356 5640 3538 5709 recipi.
3569 5638 3739 5707 Quam
3768 5638 3894 5708 opi-

2360 5782 2441 5852 (i)
2471 5779 2647 5833 Serm.
2677 5778 2805 5852 280,
2837 5778 2970 5852 alias
3006 5776 3126 5852 103,
3154 5775 3223 5831 de
3248 5776 3445 5852 divers.

2362 5846 2445 5923 (2)
2468 5852 2644 5907 Serm.
2674 5849 2803 5916 ι281,
2834 5850 2901 5905 al.
2936 5850 3004 5905 de
3036 5848 3260 5917 divers.,
3288 5846 3407 5903 ιοςι.
