4156 6282
248 320 358 389 157

1144 322 1281 383 PRO
1310 323 1409 383 SS.
1450 322 1840 396 PERPETL‘A,
1882 326 2291 387 FELICITATE
2332 327 2421 387 ET
2464 328 2698 391 SOCIIS.

3461 322 3568 385 158

246 450 476 501 nionem
508 441 643 499 idem
671 438 1038 497 Tertullianus
1077 440 1131 496 in
1166 440 1303 497 libro
1329 444 1391 497 de
1417 442 1623 511 Anima,
1657 445 1855 514 Perpe-
1883 445 1935 506 Α
1962 460 2083 502 esse
2112 446 2180 502 de
2203 462 2382 517 pinna.
2408 446 2609 501 Locum
2641 436 2785 501 enim
2816 451 2867 501 et
2884 442 3107 514 gloriaiu
3136 441 3200 497 ad
3232 457 3349 512 quae
3394 440 3569 499 fuerat

248 549 366 594 tua:
405 556 423 589 ι
463 535 765 591 fortissima:
818 535 1072 605 martyris
1104 554 1122 587 ι
1168 535 1489 590 auctoritate
1533 536 1855 601 confirmat;

245 650 399 706 qum,
434 632 633 702 inquit,
672 646 692 681 ι
720 629 821 683 sub
860 629 948 683 die
992 628 1258 698 passionis
1290 629 1341 682 in
1371 628 1697 685 revelatione
1743 630 1859 699 glo-

242 729 349 785 ria:
373 725 606 782 Pamdisi
635 724 779 778 solos
808 722 915 777 illic
943 732 1335 794 commartyrcs
1363 736 1487 775 suos
1518 723 1664 775 vidit.
1695 743 1712 775 δ
1749 722 1854 778 Sed

238 830 342 876 aut
366 818 565 873 fallitur
589 824 775 885 aperte
805 814 1186 880 Tertullianus,
1224 822 1316 867 aut
1342 812 1468 867 failit
1490 829 1507 869 :
1530 815 1674 868 solos
1712 815 1856 868 enim

235 925 302 967 se
350 912 402 964 in
437 908 689 979 paradiso
720 907 918 961 vidisse
946 915 1212 977 martyres
1256 908 1510 975 Perpetua
1546 922 1651 960 non
1689 908 1855 972 dicit;

236 1006 371 1076 quin
399 1002 709 1073 oppositum
735 1000 881 1060 clare
916 1008 969 1054 et
1009 1008 1195 1069 aperte
1233 1008 1459 1054 teStatur
1487 1016 1500 1052 :
1534 1018 1552 1049 ε
1594 1000 1659 1055 Et
1685 1001 1857 1069 θωρῆ-

239 1113 369 1153 mus
388 1097 500 1150 illic
518 1096 719 1150 multos
736 1093 928 1149 fratres
958 1106 1305 1164 cognoscere,
1336 1092 1430 1149 sed
1451 1102 1507 1148 et
1535 1104 1852 1166 martyres.»

242 1191 419 1261 Igitur
442 1205 545 1243 non
570 1189 717 1242 solos
742 1188 814 1240 ibi
859 1196 1274 1258 commartyres,
1321 1187 1415 1241 sed
1456 1195 1512 1241 et
1556 1186 1860 1242 confratres

241 1287 409 1339 etiam
436 1296 637 1350 eosque
690 1296 794 1332 non
852 1293 1058 1349 paucos
1094 1278 1383 1347 Perpetua,
1430 1292 1526 1332 seu
1554 1276 1732 1348 potius
1765 1277 1858 1333 Sa—

250 1385 404 1430 turus
427 1373 600 1427 vidit:
634 1371 773 1425 banc
803 1373 945 1426 enim
967 1371 1351 1426 revelationem
1381 1371 1605 1427 Saturus
1625 1372 1853 1440 accepit,

244 1478 300 1524 et
321 1483 482 1522 manu
516 1482 611 1519 sua
634 1464 827 1519 litteris
859 1464 1210 1535 consignavit.
1237 1465 1347 1518 Cur
1366 1473 1542 1518 autem
1567 1465 1855 1534 siiecialem

245 1562 315 1617 de
340 1560 674 1631 martyribus
711 1559 1040 1612 mentionem
1071 1557 1288 1624 faciant,
1336 1557 1474 1611 ratio
1514 1558 1567 1611 in
1608 1567 1857 1627 promptu

247 1664 353 1709 est.
382 1654 443 1707 lu
473 1652 592 1721 ipso
614 1649 855 1705 Paradisi
883 1650 1067 1704 limine
1095 1661 1325 1720 quatuor
1358 1659 1643 1721 martyres,
1699 1650 1859 1718 paulo

255 1732 387 1802 ante
420 1748 471 1799 in
517 1745 700 1799 eadem
754 1743 941 1797 Severi
986 1744 1363 1814 persecutione
1430 1753 1853 1809 consummatos,

1963 542 2277 603 translatus,
2341 541 2407 595 iis
2482 542 2747 610 Perpetua
2812 538 2993 593 verbis
3044 537 3298 591 describit
3376 536 3569 606 quibus

1961 644 2145 703 aperte
2172 635 2516 705 signiﬁcatur,
2553 636 2603 688 in
2634 634 2883 688 eumdem
2917 633 3091 687 locum
3138 643 3191 686 et
3227 632 3449 700 gtoriam
3482 630 3563 697 ip-

1961 743 2078 784 sum
2109 729 2276 782 fuisse
2306 737 2597 795 receptum,
2634 728 2682 779 in
2717 725 2908 795 quibus
2952 734 3134 794 postea
3166 732 3429 792 martyres
3468 720 3571 775 Ξκ-

1938 831 2113 875 ‘turus
2142 820 2293 884 vidit,
2321 830 2375 873 ut
2404 837 2469 873 ex
2502 820 2783 887 utriusque
2806 816 3029 873 visionis
3059 816 3348 870 collatione
3394 815 3566 867 maui-

1960 913 2095 967 feste
2149 912 2333 983 liquet.
2399 911 2489 967 Sic
2537 912 2680 966 enim
2731 912 2799 965 de
2848 926 2941 966 sua
3000 910 3207 964 visione
3262 908 3565 977 Perpetua:

1967 1024 1988 1057 c
2025 1006 2192 1061 Video
2242 1008 2415 1060 Ineunt
2462 1006 2631 1070 illum,
2679 1020 2839 1075 quem
2887 1003 3125 1059 videram
3178 1001 3567 1064 tenebrosum,

1960 1114 2082 1155 esse
2119 1100 2375 1167 lucidum,
2410 1110 2464 1155 et
2508 1100 2849 1155 Dinocratem
2896 1096 3096 1153 mundo
3141 1112 3388 1166 corpore,
3432 1096 3568 1150 bene

1959 1193 2696 1264 vestitumﬂefrigerantem.
2729 1192 2791 1246 Et
2842 1191 2932 1246 ubi
2973 1199 3090 1246 erat
3133 1190 3346 1253 vulnus,
3397 1186 3556 1242 video

1959 1286 2283 1349 cicatricem,
2329 1295 2381 1340 et
2420 1287 2676 1354 piscinam
2720 1285 2862 1339 illam
2891 1297 3049 1353 quam
3097 1291 3242 1336 retro
3294 1280 3553 1342 videram.

1960 1378 2228 1431 submisso
2286 1379 2527 1448 margine
2573 1391 2739 1447 usque
2790 1376 2855 1430 ad
2899 1375 3206 1429 umbilicum
3259 1368 3443 1441 pueri;
3504 1380 3560 1424 et

1960 1488 2151 1543 aquam
2190 1474 2256 1529 de
2273 1488 2336 1529 ea
2366 1473 2614 1528 trahebat
2640 1471 3118 1532 sine‘cessatione,
3153 1476 3207 1522 et
3238 1480 3399 1536 super
3424 1479 3565 1519 mar-

1958 1569 2082 1638 gine
2112 1567 2287 1637 phiala
2313 1575 2428 1621 erat
2450 1566 2603 1634 plena
2646 1580 2818 1635 aqua;
2858 1572 2912 1618 et
2951 1561 3180 1616 accessit
3211 1560 3527 1614 Dinocrates
3552 1595 3568 1621 ,

1960 1660 2101 1715 etde
2128 1676 2190 1715 ea
2216 1661 2396 1714 bibere
2426 1659 2612 1729 coepit,
2644 1674 2762 1728 quae
2793 1656 2965 1726 phiala
2995 1670 3100 1710 non
3143 1651 3444 1708 deficiebat.
3500 1648 3567 1702 Et

1961 1754 2184 1808 satiatus
2230 1753 2493 1806 abscessit
2531 1752 2597 1804 de
2643 1766 2802 1820 aqua,
2857 1748 3043 1803 ludere
3087 1761 3236 1801 more
3278 1741 3558 1797 infantium

251 1841 444 1897 obvios
482 1839 798 1904 habueram.
821 1854 851 1892 8
879 1839 1071 1909 quibus
1099 1838 1166 1893 de
1185 1839 1396 1893 Cil’lel‘is
1432 1854 1554 1894 cum
1599 1839 1855 1909 reunisis-
1883 1841 1930 1901 Β
1959 1845 2216 1917 gaudens.
2256 1863 2274 1896 ι
2308 1844 2379 1899 lis
2405 1843 2626 1897 omnino
2654 1850 3057 1905 consona-sunt,
3097 1852 3218 1908 qute
3242 1846 3425 1906 postea
3460 1832 3563 1888 Sa-

248 1942 392 1997 sent,
437 1931 625 1985 moniti
664 1940 791 1985 sunt
817 1932 886 1984 ab
923 1931 1130 2000 angelis
1179 1938 1239 1984 ut
1287 1932 1433 2000 prius
1474 1932 1757 1985 introirent
1801 1940 1855 1986 et

257 2025 550 2081 Dominum
598 2023 937 2077 salutarent:
996 2040 1015 2074 ι
1051 2022 1125 2077 lbi
1172 2022 1471 2077 invenimus
1521 2022 1850 2089 Jocundum,

248 2128 312 2177 et
341 2117 707 2184 Saturninum,
739 2127 797 2171 et
823 2116 1099 2170 Artaxium
1120 2156 1133 2180 ,
1167 2118 1257 2186 qui
1312 2115 1556 2171 eamdem
1604 2130 1855 2185 persecu-

249 2216 451 2269 tionem
489 2212 652 2282 passi,
717 2212 826 2265 vivi
871 2218 1149 2276 arserunt;
1213 2221 1267 2265 et
1308 2208 1589 2277 Quintum,
1646 2211 1735 2280 qui
1791 2218 1847 2265 et

246 2309 363 2379 ipse
386 2302 587 2377 martyr
602 2307 654 2360 in
672 2318 893 2360 carcere
914 2305 1154 2367 exierat;
1183 2312 1238 2358 et
1259 2304 1630 2369 quterebamus
1650 2303 1717 2356 ab
1749 2302 1854 2357 illis

245 2401 345 2454 ubi
365 2412 537 2454 essent
554 2398 763 2454 caeteri.
781 2398 1036 2451 Dixerunt
1053 2406 1228 2449 autem
1252 2394 1407 2448 nobis
1424 2394 1626 2464 angeli:
1658 2393 1852 2449 Venite

243 2494 421 2564 prius,
457 2493 670 2547 introite
685 2501 740 2546 et
771 2491 999 2544 salutate
1030 2490 1332 2543 Dominum.
1374 2508 1392 2540 ι
1431 2488 1561 2556 Quae
1589 2488 1675 2543 ubi
1710 2487 1848 2543 facta

240 2597 372 2643 sunt
394 2627 408 2647 ,
442 2588 641 2641 multos
669 2600 729 2639 se
767 2586 961 2638 fratres
1008 2582 1209 2637 vidisse
1236 2590 1520 2646 testantur,
1554 2580 1725 2635 sedet
1754 2596 1847 2635 no-

239 2680 491 2735 minalim
520 2687 803 2749 martyres,
834 2689 943 2745 quo
983 2674 1188 2729 scilicet
1218 2673 1489 2729 desiderio
1518 2687 1615 2727 suo
1655 2672 1854 2727 factum

238 2772 414 2829 fuisse
446 2773 580 2825 satis
609 2770 850 2838 apertius
880 2768 1304 2834 luculentiusque
1330 2764 1628 2821 declarent.
1653 2764 1855 2831 Quam-

240 2868 328 2920 vis
360 2866 553 2919 mirum
586 2878 707 2918 esse
748 2877 855 2917 non
888 2861 1100 2928 debeat,
1151 2861 1195 2915 si
1243 2860 1456 2914 animus
1505 2860 1572 2913 de
1614 2859 1854 2929 martyrii

244 2958 485 3013 candida
514 2958 683 3021 laetus,
736 2966 791 3009 et
823 2955 1076 3025 martyrio
1121 2954 1417 3022 proximus,
1470 2953 1525 3005 in
1560 2960 1855 3023 martyrum

248 3050 541 3119 praemium
587 3046 892 3115 specialiter
942 3061 1004 3099 ac
1035 3045 1289 3100 distincte
1310 3044 1580 3113 loquatur.
1626 3044 1708 3097 Ad
1738 3058 1857 3112 qua:

242 3142 401 3197 enim
432 3139 659 3194 afﬁcitur
689 3142 925 3210 animus,
957 3154 1017 3194 ea
1037 3138 1267 3195 libenter
1296 3137 1504 3203 recolit,
1547 3144 1602 3191 et
1625 3150 1769 3207 sarpe
1796 3150 1859 3191 ac

245 3234 564 3305 frequenter
611 3242 856 3304 usurpat.

318 3325 411 3381 IV.
444 3325 538 3379 Est
579 3325 724 3379 aliud
766 3323 912 3395 quod
958 3324 1011 3377 in
1042 3322 1140 3377 hac
1167 3321 1346 3378 Saturi
1369 3320 1576 3376 visione
1613 3321 1857 3375 animad-

247 3429 477 3481 vertam,
496 3419 548 3472 in
577 3434 683 3487 quo
713 3434 821 3471 non
839 3432 1025 3486 parum
1053 3415 1507 3471 momentiinesse
1535 3415 1765 3480 videtur,
1791 3416 1857 3470 ad

249 3524 560 3565 nosuorum
591 3520 891 3581 martyrqu
922 3508 1297 3564 orthodoxiam
1339 3506 1599 3561 adversus
1652 3507 1857 3561 Basua-

248 3607 396 3676 gium
426 3603 827 3660 vindicandam.
849 3602 978 3657 Vult
1001 3605 1142 3658 enim
1165 3604 1297 3671 ipse,
1335 3602 1536 3655 nullam
1565 3600 1859 3656 Montanis-

249 3700 321 3753 tis
350 3714 475 3752 cum
502 3697 797 3751 Catholicis
824 3697 988 3750 etiam
1038 3695 1366 3767 martyribus
1412 3694 1855 3748 consuetudinem

256 3790 649 3852 intercessisse,
676 3788 769 3844 sed
816 3804 1030 3843 omnem
1062 3804 1247 3843 eorum
1294 3786 1750 3850 communionem,
1803 3795 1861 3841 ut

261 3898 411 3953 quos
438 3882 662 3937 ludibrio
696 3894 745 3938 et
794 3884 1124 3952 contemptui
1156 3881 1442 3945 habebant,
1502 3891 1556 3934 et
1589 3892 1859 3949 tamquam

259 3975 559 4048 psycbicos
605 3976 962 4041 traducebant,
1012 3991 1132 4031 esse
1177 3983 1473 4029 aversatus.
1522 3971 1581 4027 Si
1622 3972 1692 4025 ita
1752 3984 1856 4039 est,

251 4088 363 4127 non
398 4070 651 4124 Saturum
680 4070 855 4135 modo,
885 4080 940 4125 et
965 4063 1282 4139 Perpetuam
1321 4069 1604 4137 sociosque
1654 4076 1856 4137 marty-

252 4182 363 4228 res,
402 4164 496 4219 sed
532 4174 586 4218 et
616 4164 941 4230 Iucundum,
972 4176 1037 4225 et
1063 4164 1431 4226 Saturninum,
1465 4171 1519 4216 et
1540 4161 1820 4217 Artaxium
1842 4201 1857 4227 ,

250 4271 307 4315 et
354 4259 637 4327 Quintum,
696 4268 751 4312 et
799 4268 1021 4313 caeteros
1071 4270 1337 4329 martyres
1404 4272 1539 4327 quos
1620 4256 1853 4326 require-

250 4354 403 4417 bant,
435 4362 491 4406 et
518 4366 749 4418 quorum
776 4362 959 4421 postea
988 4352 1216 4419 gloriam
1267 4350 1543 4417 viderunt,
1592 4359 1645 4405 et
1678 4350 1729 4403 in
1766 4363 1856 4403 ea-

250 4445 377 4498 dem
405 4443 587 4497 Severi
621 4445 994 4512 persecutione
1025 4443 1165 4512 passi
1214 4442 1325 4511 jam
1374 4441 1603 4507 fuerant,
1652 4448 1862 4494 monta-

250 4536 417 4591 nismi
452 4550 576 4589 reos
606 4550 770 4604 agere
821 4534 1156 4589 debebimus.
1188 4534 1319 4588 Nam
1345 4534 1568 4589 Saturus
1589 4543 1641 4587 et
1667 4534 1863 4601 Perpe-

1960 1948 2110 1993 turus
2157 1937 2336 1991 vidit:
2381 1956 2399 1989 ί
2432 1936 2498 1990 Et
2542 1934 2791 2001 vidimus,
2845 1933 3037 2004 inquit,
3127 1943 3293 1999 prope
3346 1928 3559 1990 locum,

1961 2032 2117 2100 cujus
2146 2030 2246 2084 loci
2276 2028 2506 2099 parietes
2535 2026 2670 2081 tales
2700 2033 2853 2081 erant
2881 2024 3032 2096 quasi
3064 2021 3132 2077 de
3163 2021 3285 2075 luce
3311 2016 3561 2073 aediﬁcati

1956 2133 2010 2181 et
2035 2133 2158 2180 ante
2181 2124 2377 2179 ostium
2405 2123 2505 2177 loci
2548 2120 2688 2176 illius
2714 2130 2944 2191 quatuor
2980 2116 3156 2187 angeli
3188 2114 3424 2178 stabant,
3469 2110 3564 2179 qui

1956 2221 2292 2275 introeuntes
2324 2217 2617 2272 vestierunt
2644 2214 2813 2269 stolas
2847 2210 3120 2268 candidas.
3154 2208 3216 2263 Et
3259 2220 3355 2262 nos
3383 2202 3565 2260 vestiti

1957 2311 2297 2366 introivimus
2335 2318 2389 2364 et
2442 2307 2673 2363 vidimus
2718 2306 2889 2360 lucem
2923 2305 3277 2364 immensam,
3330 2307 3435 2353 etc.
3496 2295 3565 2351 Et

1956 2404 2207 2459 dixerunt
2245 2402 2398 2457 nobis
2424 2402 2669 2455 seniores
2697 2417 2711 2454 :
2740 2399 2814 2453 Ite
2844 2408 2901 2452 et
2930 2396 3115 2451 ludite.
3170 2395 3237 2448 Et
3256 2392 3367 2446 dixi
3397 2409 3409 2443 :
3440 2389 3574 2444 Per-

1958 2508 2137 2566 petua.
2170 2494 2338 2548 babes
2380 2492 2523 2563 quod
2572 2492 2671 2546 vis.
2703 2492 2767 2545 Et
2817 2490 2950 2544 dixit
2973 2487 3101 2542 mihi
3131 2503 3147 2542 :
3182 2487 3291 2541 Deo
3345 2483 3562 2553 gratias,

1958 2600 2016 2646 ut
2046 2588 2317 2660 quomodo
2346 2588 2399 2643 in
2416 2601 2578 2643 carne
2605 2585 2791 2640 hilaris
2824 2583 2916 2646 fui,
2967 2580 3190 2635 hilarior
3237 2592 3355 2633 sum
3387 2586 3441 2631 et
3471 2575 3561 2629 bic

1958 2684 2138 2739 modo.
2176 2704 2196 2736 ι
2240 2683 2305 2736 Et
2335 2681 2505 2737 infra:
2544 2699 2564 2731 ς
2589 2679 2653 2734 Et
2680 2677 2807 2732 dum
2834 2675 3102 2745 loquimur
3129 2688 3250 2727 cum
3293 2672 3396 2738 eis,
3418 2668 3570 2723 dixe.

1957 2786 2083 2833 runt
2106 2776 2208 2830 illis
2236 2775 2409 2842 angeli
2442 2773 2648 2829 :Sinite
2690 2771 2810 2826 illos
2851 2768 3284 2836 refrigerent...“
3312 2761 3564 2821 Uuiversi

1958 2870 2125 2924 odore
2145 2865 2492 2921 inenarrabili
2511 2864 2806 2927 alebantur,
2834 2863 2921 2932 qui
2946 2874 3044 2915 nos
3064 2858 3309 2914 satiabat.
3349 2874 3366 2908 ι
3390 2854 3558 2923 Quam

1958 2965 2097 3019 bene
2123 2962 2221 3017 sibi
2252 2961 2543 3015 concinunt
2574 2959 2852 3028 Perpetuae
2909 2955 2977 3009 de
3022 2951 3330 3008 Dinocratis
3368 2959 3423 3004 et
3472 2947 3571 3003 Sa-

1961 3054 2064 3109 turi
2092 3053 2159 3108 de
2189 3060 2483 3123 martyrum
2512 3049 2680 3120 gloria
2715 3047 3073 3103 revelationes
3099 3046 3113 3100 1
3145 3044 3341 3100 Locum
3363 3040 3429 3097 {in
3460 3054 3568 3109 qtto

1961 3149 2300 3204 Dinocratem
2346 3146 2609 3215 Perpetua
2645 3143 2793 3209 vidit,
2818 3140 3027 3195 lucidus
3076 3146 3238 3202 erat;
3278 3134 3380 3190 loci
3428 3133 3570 3188 illius

1887 3236 1932 3300 C
1966 3243 2018 3297 in
2075 3257 2181 3312 quo
2230 3248 2495 3309 martyres
2543 3239 2768 3292 Saturus
2809 3234 2936 3297 vidi,
2978 3232 3208 3302 parietes
3240 3230 3374 3284 tales
3411 3234 3569 3282 erant

1961 3335 2114 3406 quasi
2142 3333 2209 3387 de
2249 3332 2368 3386 luce
2397 3330 2667 3386 :editicati.
2716 3329 3030 3383 Dinocrates
3083 3322 3283 3377 mundo
3320 3334 3551 3390 corpore.

1962 3436 2078 3485 erat
2107 3432 2162 3479 ct
2187 3425 2325 3479 bene
2351 3423 2575 3477 vestitus
2605 3437 2620 3485 ;
2652 3430 2918 3491 martyres
2935 3416 3113 3487 angeli
3142 3414 3293 3469 stolis
3322 3410 3568 3467 candidis

1961 3520 2269 3576 induerunt.
2302 3516 2610 3572 Dinocrates
2641 3514 2888 3578 satiatus,
2920 3510 3203 3567 infantium
3233 3521 3385 3563 more
3413 3504 3564 3559 lude-

1962 3615 2097 3675 bat;
2133 3614 2452 3682 Perpetuam
2486 3620 2539 3666 et
2583 3610 2833 3664 Saturum
2884 3607 3147 3672 seniores,
3196 3612 3255 3658 ut
3300 3600 3566 3663 luderent,

1962 3705 2337 3761 hortabantur.
2420 3704 2757 3760 Dinocratem
2811 3701 3073 3767 Perpetua
3143 3713 3204 3751 se
3246 3693 3570 3763 refrigeran-

1962 3806 2067 3852 tein
2116 3796 2403 3866 adspexit;
2431 3794 2499 3850 de
2543 3795 2807 3864 Perpetua
2863 3802 2917 3847 et
2948 3790 3142 3846 Saturo
3169 3785 3345 3857 angeli
3378 3802 3389 3836 :
3431 3804 3449 3836 ί
3486 3783 3570 3837 Si-

1962 3890 2075 3944 nite
2112 3889 2253 3953 illos,
2307 3888 2576 3958 iuquimtt,
2630 3885 2967 3954 refrigerent.
3019 3902 3037 3935 ι
3106 3881 3184 3935 De
3216 3893 3351 3947 aqua
3404 3877 3567 3930 Dino-

1963 3994 2138 4040 crates
2191 3983 2309 4037 sine
2357 3980 2659 4036 ces5atione
2706 3978 2943 4043 bibebat,
2998 3990 3170 4042 eoque
3220 3983 3349 4042 νοω
3408 3970 3570 4024 veluti

1962 4073 2325 4131 incbriabatur
2360 4089 2374 4135 ;
2412 4070 2674 4139 Perpetua
2703 4081 2755 4121 et
2776 4068 3001 4121 Saturus
3026 4066 3190 4119 odore
3216 4060 3567 4117 inenarrabili

1962 4167 2261 4229 alebantur,
2284 4164 2489 4233 quieos
2529 4158 2751 4213 mirifice
2780 4159 3028 4211 saltabat.
3070 4155 3199 4219 Quis
3238 4162 3415 4221 neget,
3460 4150 3558 4202 sub

1965 4259 2101 4315 adeo
2140 4256 2395 4311 consonis
2452 4252 2713 4325 symbolis
2770 4259 2823 4304 et
2866 4247 3071 4319 figuris,
3120 4243 3364 4299 eamdem
3408 4241 3573 4296 fuisse

1963 4352 2187 4423 gloriam
2206 4353 2641 4419 reprtcscntatam
2667 4344 2691 4398 ξ)
2711 4341 2841 4407 Quis
2869 4348 3047 4409 neget,
3067 4352 3282 4409 aquam,
3311 4334 3377 4389 ad
3405 4347 3564 4403 quam

1966 4444 2199 4513 primum
2231 4441 2546 4495 Dinocrates
2569 4434 2874 4499 anhelabat,
2898 4448 3056 4503 quam
3087 4436 3270 4500 postea
3300 4427 3418 4482 sine
3441 4439 3563 4480 ces-

1964 4536 2173 4589 satione
2218 4532 2453 4595 bibebat,
2486 4545 2589 4600 qua
2631 4526 2945 4591 satiabatur,
3001 4538 3120 4594 qua:
3167 4533 3466 4589 numquam
3512 4516 3560 4569 ei

255 4640 348 4684 tua
368 4644 479 4683 suae
504 4638 708 4683 tantum
738 4628 1131 4683 communionis
1149 4635 1412 4698 martyres
1432 4626 1858 4696 requisivissent.
1886 4635 1939 4693 1)
1966 4626 2271 4688 deﬁciebat,
2341 4637 2633 4695 perennem
2695 4620 2843 4674 illum
2904 4625 3119 4671 interna:
3191 4613 3315 4668 vitae
3368 4611 3568 4666 fontem

264 4722 454 4789 Quare
474 4731 563 4775 aut
592 4721 881 4791 pra'dictos
911 4736 1100 4775 omnes
1139 4730 1405 4792 martyres
1448 4718 1515 4773 de
1566 4718 1859 4771 montanis-

261 4824 446 4865 tarum
471 4830 621 4883 grege
635 4814 795 4869 fuisse
821 4814 1080 4875 dicemus,
1118 4824 1210 4867 aut
1246 4826 1436 4867 omnes
1466 4811 1663 4880 pariter
1694 4811 1742 4862 in
1762 4823 1855 4863 ca-

252 4906 579 4960 tholicorum
600 4921 893 4979 martyrum
912 4908 1091 4962 album
1112 4909 1425 4963 referemus.
1448 4905 1579 4972 Quis
1599 4912 1776 4958 autem
1792 4902 1861 4957 ob

254 5000 407 5053 leves
436 5000 724 5068 quiosdam,
750 5017 868 5071 qua:
900 5000 1171 5069 Basna’gio.
1217 4999 1269 5051 in
1324 5006 1558 5051 mentem
1599 5004 1860 5049 venerunt

252 5091 612 5158 conjecturas,
677 5102 827 5147 tote
873 5092 1271 5146 Catholicorum
1323 5088 1554 5161 dypticis
1627 5088 1858 5157 expungi

252 5194 521 5254 martyres
549 5196 605 5240 et
651 5202 716 5240 ex
758 5186 836 5240 eis
867 5184 1307 5239 Montanistarum
1338 5182 1495 5238 ditari
1553 5181 1858 5245 laterculos,

252 5275 544 5343 patienter,
589 5287 643 5331 et
672 5291 828 5345 aequo
854 5276 1034 5330 animo
1059 5274 1233 5330 ferat?

338 5387 397 5439 ν.
428 5389 531 5442 Sed
563 5398 618 5442 ut
654 5390 949 5442 institutum
980 5389 1225 5459 superius
1249 5395 1623 5458 argumentum
1675 5399 1861 5456 prose-

256 5497 511 5549 quamur,
547 5491 601 5534 et
627 5498 693 5535 ex
738 5482 1013 5551 Perpetua:
1044 5481 1485 5545 revelationibus,
1520 5495 1675 5535 secus
1705 5488 1865 5549 atque

267 5573 496 5626 habebat
527 5576 968 5631 Montanistarum
1012 5576 1276 5639 doctrina,
1308 5592 1413 5629 non
1444 5576 1590 5629 solos
1629 5576 1680 5628 in
1726 5573 1865 5629 ctelo

266 5663 441 5717 fuisse
455 5678 715 5738 martyres
732 5669 1042 5731 collocatos,
1060 5669 1381 5723 luculentius
1394 5669 1828 5722 demonstremus
1851 5685 1865 5721 :

264 5760 331 5812 in
354 5764 654 5814 memoriam
681 5763 829 5817 nobis
850 5778 907 5817 ea
932 5772 1129 5817 sancta:
1147 5763 1398 5835 martyris
1416 5760 1549 5816 visio
1565 5760 1864 5816 reducenda

254 5860 376 5920 est,
422 5866 524 5923 qua
572 5852 793 5909 fratrem
832 5855 1164 5913 Dinocratem
1219 5855 1503 5925 intellexit,
1548 5854 1863 5911 translatum

1961 4716 2335 4780 adutnbrasse,
2389 4723 2445 4769 et
2489 4711 2774 4783 voluptatis
2831 4695 3256 4771 tort'entetn,‘de
3297 4717 3403 4773 quo
3447 4701 3573 4755 olim

1963 4812 2222 4881 protubeta
2271 4809 2465 4864 ecciuit
2521 4804 2645 4879 (l):
2686 4822 2702 4855 ‹
2743 4802 3153 4857 liieliriabutitur
3204 4797 3271 4850 ab
3324 4795 3569 4848 ubertate

1962 4903 2155 4959 domus
2185 4912 2309 4969 tute,
2342 4911 2395 4955 et
2430 4909 2669 4955 torrente
2709 4896 2996 4963 voluptatis
3044 4902 3145 4945 tu.c
3184 4888 3395 4961 potabis
3425 4900 3519 4940 eos
3548 4900 3563 4950 ;

1964 4995 2217 5066 quoniam
2240 4993 2378 5063 apud
2412 5004 2461 5045 te
2490 5000 2571 5045 est
2611 4990 2729 5043 fons
2765 4989 2906 5049 vitze,
2942 4994 2995 5039 et
3045 4983 3094 5036 in
3143 4981 3344 5034 lumine
3368 4986 3461 5031 tuo
3492 4976 3568 5028 vi-

1963 5087 2213 5142 debimu»
2240 5086 2419 5140 lumen
2447 5085 2469 5136 ?
2505 5103 2523 5135 ι
2567 5082 2771 5147 Quibus
2800 5080 2984 5147 utique
3018 5074 3195 5129 verbis
3244 5086 3351 5127 non
3404 5068 3566 5121 aliain

1964 5196 2125 5250 quam
2157 5178 2453 5241 caelestem,
2510 5174 2559 5227 id
2611 5183 2693 5228 est
2728 5172 2895 5225 beatae
2945 5166 3263 5222 aeternitatis
3302 5172 3357 5217 et
3412 5159 3572 5214 clara:

1969 5273 2062 5328 Dei
2096 5270 2318 5325 visionis
2346 5265 2595 5337 gloriam,
2641 5266 3052 5331 felicitatemque
3097 5255 3404 5326 descripsit.
3437 5250 3572 5305 Cum

1964 5366 2144 5432 itaque
2188 5374 2390 5431 martyr
2448 5358 2761 5413 Dinocrates
2810 5370 2914 5410 non
2965 5353 3180 5417 obierit,
3233 5349 3427 5403 falsum
3459 5360 3574 5399 Otii-

1968 5457 2095 5512 nino
2161 5466 2266 5520 est,
2325 5452 2466 5522 quod
2510 5450 2584 5504 ait
2633 5450 3019 5514 Tertullianus,
3064 5448 3209 5501 solos
3255 5444 3572 5511 Perpetuam

1972 5550 2024 5606 in
2050 5548 2298 5619 paradiso
2332 5557 2593 5617 martyres
2621 5546 2818 5602 vidisse
2862 5560 2878 5599 :
2907 5543 3124 5605 falsum,
3159 5536 3299 5607 quod
3334 5536 3407 5589 ait
3440 5533 3572 5587 Bas-

1968 5643 2177 5714 ιιδῧίυε,
2205 5641 2525 5711 Perpetuam
2561 5650 2627 5695 ex
2667 5629 3405 5701 MontanistarumopiniOue,
3454 5638 3571 5677 om-

1969 5752 2066 5795 oes
2090 5745 2241 5791 extra
2272 5732 2585 5790 Paradisum
2628 5734 2680 5787 in
2713 5732 2832 5787 loco
2863 5728 3168 5792 tenebroso,
3200 5732 3398 5796 printer
3425 5731 3573 5773 mar-

2042 5849 2123 5925 (l)
2161 5848 2582 5918 Psalm.xxxitt,
2618 5848 2704 5905 to.
