4218 6268
574 322 681 378 159

1761 327 2208 385 DISSERTATIO
2238 325 2711 385 APOLOGETICA

3774 331 3879 393 160

574 449 774 513 tyrum,
806 439 1009 495 animas
1062 440 1395 500 collocasse:
1430 453 1484 501 et
1536 446 1725 505 falsum
1779 450 2007 522 denique
2032 451 2170 513 erit,
2201 450 2251 509 Α
2280 453 2441 515 tatur,
2469 459 2577 503 tum
2622 450 2757 505 libro
2812 450 2874 505 de
2929 448 3410 521 Prwscriptionibus
3442 448 3545 524 (l),
3599 461 3711 507 tum
3744 453 3883 509 libro

572 534 889 605 Perpetuam
912 551 1111 606 eosque
1141 548 1401 612 martyres
1425 544 1517 613 qui
1550 560 1607 597 se
1641 546 1829 599 mortis
1857 547 2032 600 socios
2067 546 2167 615 ipsi

571 629 844 694 addidere,
886 646 916 684 e
968 630 1151 685 schola
1203 638 1531 702 processisse
1573 638 2036 703 Montanistarum,
2079 652 2171 693 eo-

573 738 800 792 rumque
823 723 1056 780 imbutos
1084 725 1248 783 fuisse
1291 728 1628 800 dogmatibus
1661 740 1717 786 et
1749 730 2053 800 disciplina.

641 814 731 871 Vl.
756 816 829 870 Ex
857 817 1042 873 eadem
1069 819 1243 876 Saturi
1277 822 1481 877 visione
1508 824 1609 879 alia
1636 826 1761 878 mihi
1794 826 2172 881 nasciturcon-

565 906 793 979 jectura,
815 925 917 979 qua
941 909 1094 967 facile
1110 913 1362 969 suadeam
1387 916 1706 987 Perpetuam
1727 919 2008 988 sociosque
2026 934 2171 971 mar—

572 1012 719 1075 tyres
760 1019 788 1057 a
824 1003 1265 1061 Montanistarnm
1298 1010 1678 1065 communione
1718 1010 1884 1066 fuisse
1913 1026 2169 1081 perquam

577 1098 805 1162 alienos,
840 1099 933 1153 sed
963 1100 1014 1154 in
1042 1101 1299 1158 Ecclesia:
1320 1104 1605 1159 eatbolicm
1625 1119 1751 1173 pace
1777 1116 1937 1176 atque
1969 1105 2174 1160 unitate

572 1201 625 1246 et
642 1192 803 1246 vitam
826 1192 1065 1260 duxisse,
1086 1206 1140 1249 et
1163 1196 1452 1267 gloriosum
1487 1213 1583 1267 pro
1609 1198 1825 1253 Christo
1850 1201 2168 1269 sanguinem

571 1284 826 1342 effudisse
860 1305 872 1338 :
905 1306 923 1339 ‹
964 1288 1033 1343 Et
1058 1290 1343 1358 exivimus,
1377 1294 1550 1362 inquit
1578 1294 1823 1359 Saturus,
1855 1303 1911 1349 et
1942 1294 2173 1351 vidimus

572 1388 696 1433 ante
723 1378 863 1435 fores
887 1381 1138 1451 Optatum
1166 1385 1475 1464 episcopum
1499 1386 1562 1440 ad
1591 1387 1893 1453 dexteram,
1920 1397 1974 1442 et
2000 1391 2171 1457 Aslia-

571 1474 709 1529 sinm
741 1474 1112 1546 presbyterum
1146 1478 1420 1534 doctorem
1451 1480 1515 1535 ad
1566 1480 1860 1547 sinistram,
1893 1491 2174 1551 separatos

572 1577 628 1622 et
656 1568 855 1635 tristes,
884 1578 938 1622 et
963 1571 1225 1626 miserunt
1264 1588 1322 1628 se
1339 1573 1404 1628 ad
1430 1574 1593 1642 pedes
1621 1575 1795 1639 nohis,
1839 1584 1890 1631 et
1926 1576 2175 1632 dixerunt

572 1660 730 1716 nobis
766 1680 777 1715 :
813 1660 1135 1732 Componite
1165 1666 1306 1719 inter
1350 1682 1467 1730 nos,
1495 1666 1619 1736 quia
1665 1668 1854 1721 existis
1884 1678 1938 1722 ct
1974 1669 2051 1724 sic
2078 1685 2173 1723 nos

573 1751 894 1823 relinquitis.
932 1755 999 1809 Et
1028 1756 1263 1811 diximus
1292 1757 1394 1812 illis
1426 1776 1437 1810 :
1468 1758 1582 1811 Non
1618 1768 1669 1811 tu
1712 1773 1772 1812 es
1800 1774 1931 1828 papa
1965 1771 2169 1826 noster,

2274 552 2468 610 quarto
2519 552 2692 598 contra
2743 542 3081 609 Marcionem,
3113 544 3203 598 ubi
3249 544 3590 600 Marcionitas
3622 548 3704 601 his
3743 547 3882 603 inter

2274 644 2466 689 cmtera
2493 637 2671 691 verbis
2698 637 2912 692 lacessit
2932 637 3011 705 (9.)
3039 654 3050 689 :
3075 654 3092 687 ι
3114 636 3285 692 Habet
3301 636 3455 707 plane
3476 647 3528 692 et
3547 638 3677 694 illud
3706 640 3882 696 eccle-

2274 728 2402 793 sias,
2426 729 2518 783 sed
2545 744 2692 796 suas,
2724 741 2827 784 tam
2851 740 3112 800 posteras,
3136 746 3297 801 quam
3331 731 3622 797 adulteras,
3654 716 3893 803 quarum

2276 827 2320 878 si
2351 839 2569 878 censum
2626 824 2888 894 requiras,
2960 826 3168 880 facilius
3210 826 3562 895 apostaticum
3592 808 3877 895 invenies,

2276 931 2435 987 quam
2482 917 2860 985 aposmlicum,
2900 916 3172 973 Marciane
3202 917 3409 973 scilicet
3440 919 3738 987 conditore,
3793 920 3881 975 vel

2279 1007 2456 1076 aliquo
2478 1008 2546 1061 de
2578 1008 2865 1063 Marcionis
2887 1009 3156 1064 examine.
3183 1009 3406 1071 Faciunt
3432 1010 3582 1065 favos
3599 1023 3653 1067 et
3673 1027 3879 1083 vespm,

2277 1098 2478 1155 faciunt
2517 1101 2774 1156 ecclesias
2802 1110 2856 1157 et
2901 1102 3246 1158 Marcionitte.
3285 1122 3303 1155 ι
3355 1102 3466 1159 Hoc
3506 1106 3689 1176 utique
3708 1123 3875 1177 argu—

2281 1200 2462 1246 mento
2494 1207 2765 1261 nunquam
2808 1192 3167 1249 Tertullianus
3207 1193 3395 1249 fuisset
3431 1210 3579 1261 usus,
3625 1198 3671 1251 si
3716 1214 3877 1252 unum

2277 1284 2612 1353 episcopum,
2641 1299 2671 1338 a
2697 1285 2962 1340 catholico
3002 1286 3256 1356 episcopo
3291 1298 3619 1358 separatum,
3661 1290 3869 1345 Monta-

2278 1375 2431 1429 nista:
2461 1376 2895 1445 carthaginienses
2947 1378 2997 1431 id
3047 1380 3303 1449 temporis
3352 1381 3693 1447 habuissent;
3742 1398 3870 1437 cum

2278 1469 2409 1523 nihil
2443 1471 2729 1538 proclivius
2756 1470 2942 1527 fuisset
2969 1482 3023 1526 et
3045 1472 3270 1537 facilius,
3301 1488 3457 1543 quam
3489 1474 3617 1529 illud
3650 1476 3700 1529 in
3722 1490 3877 1531 suum

2281 1577 2530 1631 regerere
2560 1572 2856 1630 auctorem,
2884 1573 2940 1618 et
2985 1564 3337 1619 Montanistas
3386 1582 3597 1637 urgere,
3642 1578 3701 1622 ut
3744 1584 3869 1623 suo-

2280 1671 2396 1709 rmn
2424 1655 2798 1725 episcoporum
2828 1658 3124 1726 catalogum
3161 1658 3401 1722 ederent,
3433 1675 3559 1713 num
3597 1660 3734 1715 forte
3760 1662 3874 1714 ori-

2278 1747 2455 1818 ginem
2486 1763 2635 1801 suam
2670 1749 2752 1802 vel
2784 1749 3075 1817 Apostolis,
3117 1748 3201 1804 vel
3240 1749 3550 1818 apostolicis
3591 1740 3869 1816 viris,‘aut

573 1858 628 1904 et
656 1858 709 1903 tu
752 1850 1078 1921 presbyter?
1100 1862 1155 1905 ut
1194 1852 1319 1921 quid
1348 1869 1442 1908 vos
1468 1855 1532 1909 ad
1567 1854 1732 1925 pedes
1759 1868 1971 1912 ιιοειιηος
1999 1860 2175 1915 mina-
2206 1854 2252 1913 Β
2281 1841 2469 1896 saltem
2497 1842 2807 1911 apostolicis
2849 1842 3093 1897 ecclesiis
3123 1842 3404 1909 deberent,
3438 1859 3503 1897 an
3534 1843 3707 1909 potius
3730 1843 3877 1897 Mon-

575 1942 683 1996 tis?
711 1942 776 1996 Et
814 1943 1058 1998 misimus
1086 1960 1204 2012 nos,
1234 1949 1570 2017 etcomplexi
1600 1950 1721 2005 illos
1752 1967 2081 2009 sumus......
2106 1956 2174 2010 Et

574 2034 703 2089 dum
736 2036 1007 2105 loquimur
1030 2054 1149 2093 cum
1174 2040 1274 2104 eis,
1305 2042 1564 2097 dixerunt
1617 2045 1720 2099 illis
1746 2047 1922 2117 angeli
1958 2066 1970 2101 :
2003 2048 2174 2104 Sinite

576 2130 698 2186 illos
728 2130 1081 2203 refrigerent;
1111 2144 1166 2188 et
1193 2135 1239 2189 si
1266 2151 1399 2205 quas
1432 2137 1640 2194 habetis
1673 2140 1811 2195 inter
1833 2156 1928 2196 vos
1957 2140 2171 2198 dissen-

575 2228 774 2293 siones,
806 2228 1057 2284 dimittite
1102 2229 1255 2284 vobis
1305 2230 1571 2298 invicem;
1622 2236 1695 2304 eti
1723 2237 2175 2294 conturbaveruut

576 2336 692 2377 eos.
742 2320 808 2375 Et
860 2320 1112 2375 dixerunt
1163 2323 1401 2392 Optato:
1451 2325 1668 2397 Corrige
1734 2327 1944 2398 plebem
2003 2341 2171 2399 tuam,

575 2413 699 2483 quia
742 2413 819 2469 sic
866 2412 932 2468 ad
963 2422 1014 2467 te
1039 2415 1364 2469 conveniunt
1408 2419 1559 2487 quasi
1589 2419 1658 2475 de
1685 2422 1831 2476 circo
1861 2423 2171 2493 redeuntes,

576 2517 630 2563 et
694 2508 763 2563 de
833 2508 1152 2563 factionibus
1231 2518 1521 2567 certantes.
1574 2531 1593 2565 ι
1670 2514 1919 2586 Optatum
2009 2520 2172 2575 istum

576 2601 1066 2671 carthaginensium
1123 2602 1568 2661 Montanistarum
1622 2609 1957 2681 episcopum,
1988 2622 2041 2668 et
2074 2615 2176 2668 As-

574 2695 782 2767 pasium
805 2699 1043 2768 ejusdem
1079 2713 1240 2761 seem
1280 2710 1652 2781 presbyterum
1680 2708 1975 2779 Basnagius
2027 2710 2172 2777 facit,

577 2799 632 2845 et
722 2792 1039 2852 alterutrum
1123 2802 1393 2858 existimat
1486 2813 1792 2859 nostrorum
1878 2814 2175 2877 martyrum
2215 2850 2231 2855 -

578 2885 708 2940 Acta
740 2889 1110 2949 concinnasse.
1168 2896 1364 2952 Contra
1415 2897 1813 2953 eruditissimus
1863 2900 2054 2970 Pagius
2110 2916 2176 2956 ex

577 2977 980 3037 subministrata
1022 2986 1121 3040 sibi
1159 3003 1188 3043 a
1236 2989 1305 3045 cl.
1348 2989 1544 3045 abbate
1593 2990 1866 3047 Ludovico
1926 2992 1995 3047 de
2037 2995 2179 3048 Four

576 3070 952 3133 observatione
978 3080 1156 3147 docet,
1203 3082 1727 3156 Cartliaginensium,
1773 3086 1954 3157 utique
1981 3087 2178 3144 Catho-

580 3165 847 3235 licorum,
893 3172 1142 3242 Optatum
1187 3177 1348 3235 fuisse
1403 3182 1735 3251 episcopum,
1790 3191 1844 3236 et
1904 3184 2175 3252 Agrippini

579 3272 945 3319 successorem
959 3277 1011 3322 et
1034 3285 1099 3323 ex
1131 3270 1278 3326 hisce
1307 3274 1454 3327 Actis
1480 3273 1838 3342 supplendum
1867 3277 2178 3331 eorumdcm
2207 3250 2251 3313 (ἶ

578 3352 954 3424 episcoporum
989 3360 1327 3418 Laterculum
1356 3367 1497 3434 apud
1520 3366 1928 3424 Scbelstratium
1975 3371 2025 3423 in
2076 3371 2185 3425 dis-

579 3455 710 3501 sert.
744 3447 811 3502 de
839 3453 1063 3509 ecclesia
1095 3457 1364 3513 Africana.
1412 3460 1559 3515 Hanc
1604 3461 1907 3529 Opinionem
1958 3479 2185 3534 sequen-

578 3537 699 3592 dam
733 3544 954 3599 omnino
973 3549 1242 3612 existimo,
1271 3567 1498 3621 eamque
1530 3554 1654 3608 inde
1706 3555 1988 3621 confirma,
2041 3557 2181 3626 quod

580 3632 759 3690 nullus
801 3647 925 3693 tunc
963 3638 1127 3694 fuisse
1166 3642 1413 3698 videatur
1462 3645 1788 3717 Carthagine
1836 3648 2185 3703 Montanista-

580 3739 697 3779 rum
752 3731 1055 3799 cpiscopus.
1100 3733 1309 3791 Nullius
1349 3738 1588 3806 profecto
1634 3739 1687 3792 in
1735 3740 1845 3794 suis
1887 3739 2037 3794 libris
2069 3757 2183 3795 um-

580 3835 740 3889 quam
785 3827 1430 3897 meminitTertullianus,
1461 3833 1589 3901 quin
1610 3833 1826 3888 nullum
1853 3843 1961 3888 tum
1996 3835 2179 3901 fuisse,

582 3915 825 3986 pluribus
881 3920 932 3973 in
982 3921 1114 3977 locis
1160 3926 1597 3982 manifestissime
1644 3927 1860 3982 indicat.
1917 3928 1973 3982 Id
2040 3930 2182 3983 enim

582 4008 985 4068 evidentissimc
1024 4014 1156 4069 mihi
1186 4017 1442 4088 colligere
1493 4018 1678 4074 videor
1724 4036 1789 4074 ex
1842 4020 1906 4074 iis
1936 4021 2184 4076 omnibus

581 4096 736 4162 locis,
783 4101 835 4154 in
887 4104 1080 4173 quibus
1131 4108 1475 4162 traditionum
1523 4112 1890 4165 auctoritatem
1928 4112 2184 4167 adversus

580 4191 865 4248 haereticos
887 4206 1058 4266 urget.
1092 4198 1375 4255 antenim
1400 4201 1667 4259 Christum
1701 4204 1997 4258 doctrinam
2031 4219 2180 4259 snam

579 4283 851 4352 Apostolis
881 4292 1312 4347 communicasse
1348 4312 1359 4345 :
1390 4296 1678 4362 Apostolos
1699 4296 1829 4349 viris
1870 4296 2183 4363 apostolicis

577 4391 712 4445 quos
743 4393 837 4445 per
867 4380 1105 4447 singulas
1127 4384 1374 4438 civitates
1422 4387 1706 4455 episcopos
1750 4388 2181 4452 constituerunt;

579 4469 681 4524 bos
712 4486 840 4525 vero
866 4475 976 4527 suis
1002 4478 1426 4544 successoribus,
1464 4480 1513 4533 id
1561 4491 1641 4534 est
1696 4480 1758 4534 iis
1790 4482 1879 4549 qui
1928 4480 2184 4550 deinceps

583 4565 713 4617 viris
748 4567 1061 4633 apostolicis
1102 4570 1440 4626 ordinatione
1485 4572 1721 4642 legitima
1782 4586 2181 4630 successerunt.

2288 1940 2432 1997 lano,
2464 1933 2551 1987 vel
2578 1933 2735 1987 alicui
2764 1934 2831 1988 de
2855 1933 3087 1988 Montani
3117 1935 3382 1990 examine.
3402 1936 3470 1989 At
3496 1934 3871 2003 Tertullianus,

2278 2035 2337 2080 ut
2366 2041 2529 2094 supra
2556 2027 2913 2094 03te‘ndimus,
2945 2043 3048 2083 non
3080 2044 3139 2084 se
3166 2028 3342 2083 adhuc
3370 2030 3589 2098 putabat
3623 2030 3690 2084 ab
3716 2044 3875 2099 aposo

2278 2120 2557 2174 tolicarum
2627 2122 2977 2177 ecclesiarum
3040 2125 3416 2180 communione
3463 2127 3767 2195 praecisum,
3825 2134 3880 2181 ct

2277 2226 2342 2268 ex
2366 2212 2680 2279 Catholicis,
2712 2223 2766 2270 et
2789 2214 3128 2270 Montanistis
3177 2232 3336 2271 unum
3378 2217 3597 2271 conflari
3641 2218 3875 2272 arbitra-

2278 2302 2434 2358 batur
2477 2304 2720 2360 ecrlesia:
2762 2321 3005 2376 corpus:
3038 2308 3181 2379 quod
3230 2309 3283 2363 in
3336 2308 3573 2365 adversis
3617 2311 3878 2365 membris

2278 2394 2503 2450 diversis
2541 2396 2961 2453 institutionibus
3002 2410 3305 2469 regeretur;
3345 2416 3442 2455 nec
3468 2401 3875 2471 disciplinarum

2279 2489 2612 2555 varietatem,
2644 2490 2790 2544 salva
2826 2490 2948 2546 fidei
3002 2492 3220 2562 regula,
3279 2493 3625 2548 ecclesiarum
3680 2492 3876 2549 laedere

2281 2579 2535 2634 unitatem
2564 2598 2577 2645 ;
2608 2581 2749 2636 unde
2785 2583 2872 2636 illa
2902 2584 3020 2653 ejus
3066 2599 3175 2639 vox
3194 2584 3264 2639 de
3293 2586 3601 2654 apostolicis
3641 2587 3881 2642 ecclesiis

2279 2672 2545 2742 loquentis
2576 2691 2591 2727 ;
2630 2693 2648 2725 ‹
2679 2673 2791 2729 Una
2823 2676 3059 2732 Ecclesia
3087 2692 3273 2732 sumus
3297 2680 3402 2751 (5).
3434 2699 3453 2731 ι
3488 2680 3592 2736 Sed
3614 2682 3882 2751 quomodo

2281 2778 2384 2817 una
2442 2765 2699 2833 Ecclesia,
2756 2768 2801 2821 si
2864 2768 3175 2824 cathedram
3244 2770 3505 2826 adversus
3573 2772 3881 2829 cathedram

2279 2859 2597 2925 crexissent,
2626 2872 2680 2915 et
2722 2862 3032 2934 episcopum
3080 2864 3339 2921 adversus
3366 2867 3675 2938 episcopum
3714 2883 3869 2925 cons-

2284 2951 2588 3008 tituissent?
2722 3012 2723 3015 η

2353 3044 2552 3099 Verum
2577 3048 3022 3116 quemadmodum
3044 3050 3418 3117 Tertullianus,
3447 3053 3535 3110 ubi
3557 3062 3743 3109 contra
3772 3055 3881 3109 hm-

2282 3138 2478 3192 reticos
2495 3139 2749 3208 disputat,
2775 3142 3151 3211 episcoporum
3194 3145 3440 3201 ordinem
3468 3147 3701 3211 extollit;
3728 3148 3794 3201 ita
3826 3150 3880 3203 in

2286 3231 2434 3287 libris
2455 3233 2717 3290 adversus
2736 3235 3042 3292 Catholicos
3064 3238 3339 3307 deprimit,
3367 3255 3429 3295 ac
3446 3240 3559 3297 fere
3582 3241 3728 3297 laicis
3760 3258 3880 3311 perc

2288 3334 2466 3394 aequat.
2497 3344 2508 3378 :
2560 3328 2832 3383 Adversus
2876 3332 3159 3386 haereticos
3190 3331 3492 3401 disputans,
3541 3333 3739 3388 nullam
3763 3336 3879 3389 sine

2286 3420 2556 3490 episcopis
2602 3423 2912 3492 apostolicis
2942 3440 3123 3479 veram
3152 3428 3397 3496 agnoscit
3421 3426 3717 3483 Ecclesiam
3744 3443 3758 3493 ;
3792 3429 3885 3497 qui

2287 3520 2465 3568 tamen
2523 3515 2573 3569 in
2620 3515 2771 3570 libris
2816 3517 3075 3572 adversus
3120 3519 3432 3575 Catholicos
3489 3521 3783 3577 Ecclesiam
3830 3524 3881 3576 in

2290 3606 2458 3659 tribus
2496 3606 2648 3662 laicis
2675 3610 2989 3676 constituit,
3023 3620 3081 3665 ut
3102 3612 3239 3667 libro
3264 3614 3325 3667 de
3351 3612 3567 3667 Exhort.
3601 3613 3776 3667 (lauit.
3803 3612 3882 3683 (4)

2292 3715 2310 3746 ι
2350 3695 2451 3751 Ubi
2501 3706 2630 3764 tres,
2692 3700 2935 3756 Ecclesia
2974 3712 3076 3767 est,
3130 3703 3257 3759 licet
3296 3704 3437 3759 laici.
3466 3723 3484 3755 ι
3540 3705 3606 3759 Ει
3636 3704 3773 3759 libro
3819 3711 3881 3757 de

2292 3786 2439 3860 Fuga
2479 3790 2532 3844 in
2562 3791 2823 3847 Persecut.
2876 3793 2957 3866 (5)
2990 3812 3003 3849 :
3044 3796 3198 3851 «Non
3250 3806 3404 3867 potes
3438 3796 3742 3853 discurrere
3788 3812 3883 3867 per

2287 3884 2547 3953 singulos,
2604 3886 2673 3941 sit
2720 3887 2813 3941 tibi
2868 3896 2924 3942 et
2971 3889 3022 3943 in
3080 3891 3251 3945 tribus
3305 3891 3563 3947 Ecclesia.
3598 3911 3618 3945 ι
3670 3892 3733 3945 Et
3788 3891 3882 3945 lib.

2287 3976 2349 4030 de
2392 3976 2618 4033 Pudicit.
2661 3979 2740 4052 (6)
2773 3999 2784 4033 :
2835 4001 2853 4033 ι
2882 3981 2994 4036 Νοη
3028 3983 3267 4038 Ecclesia
3314 3999 3571 4039 numerus
3600 3984 3883 4053 episcopo.

2286 4082 2423 4123 rum.
2460 4089 2479 4121 ι
2524 4069 2787 4139 Cogitanti
2819 4072 2972 4138 mihi,
3029 4089 3125 4128 cur
3170 4074 3307 4128 adeo
3357 4075 3479 4141 sibi,
3525 4075 3796 4128 contraria
3825 4074 3878 4128 in

2288 4162 2436 4218 hisce
2484 4164 2633 4219 libris
2671 4166 2926 4234 elfntiret,
2976 4167 3026 4221 id
3077 4184 3238 4222 unum
3266 4169 3331 4223 ad
3363 4170 3598 4223 animum
3626 4170 3879 4222 occurrit.

2287 4257 2417 4313 Cum
2468 4259 2718 4315 catholici
2769 4262 3007 4331 cpisc0pi
3039 4262 3390 4318 Montanistas
3442 4278 3470 4317 a
3502 4266 3883 4317 communione

2286 4352 2633 4422 repellerent,
2689 4368 2862 4423 neque
2919 4355 3015 4424 ipsi
3058 4356 3221 4410 alium
3263 4372 3375 4411 sure
3415 4367 3576 4411 secta:
3625 4355 3885 4411 haberent

2287 4448 2638 4515 episcopum,
2703 4448 2806 4503 hoc
2860 4448 2926 4502 ad
2982 4450 3232 4504 solatium
3288 4464 3443 4505 suum
3511 4450 3881 4518 excogitasse,

2288 4539 2490 4593 nullam
2531 4554 2655 4594 esse
2677 4540 2796 4608 jure
2824 4540 3005 4597 divino
3030 4542 3348 4597 clericorum
3377 4543 3429 4597 in
3460 4542 3627 4597 laicos
3656 4551 3887 4612 potesta-

580 4632 809 4721 Statuit,
840 4673 934 4713 eas
955 4659 1212 4716 duntaxat
1239 4664 1516 4732 ecclesias,
1539 4632 1640 4734 pro
1670 4668 1833 4733 veris,
1866 4677 1920 4722 et
1971 4678 2181 4737 aposto-
2210 4650 2262 4708 Ῑ)
2290 4640 2416 4737 "fut"
2473 4632 2698 4737 “una?”
2751 4650 2870 4737 ηυξυ
2899 4636 2978 4737 in“
3000 4650 3158 4737 (fama
3192 4637 3527 4737 ηθᾳῖδῗίίίηίδ
3560 4637 3726 4737 [uices
3751 4651 3882 4689 eo“-

579 4748 698 4803 licis
750 4751 1159 4817 existimandas,
1212 4774 1329 4825 qttrc
1403 4760 1454 4812 in
1503 4762 1613 4813 suis
1669 4762 1819 4816 fastis
1881 4760 2183 4830 digerendis

577 4845 951 4914 episcoporum
983 4848 1280 4918 catalognm
1319 4850 1383 4903 ad
1415 4851 1648 4922 aliquem
1688 4853 1772 4907 vel
1802 4868 1867 4908 ex
1910 4854 2183 4923 Apostolis

581 4936 946 5003 perduxerint,
977 4940 1059 4994 vel
1094 4956 1155 4994 ex
1186 4943 1491 5009 apostolicis
1530 4944 1661 4998 viris
1685 4946 1774 5012 qui
1828 4954 2003 4998 tamen
2060 4960 2183 5001 cum

578 5028 847 5097 Apostolis
870 5035 1309 5099 perseveraverit;
1328 5044 1417 5089 aut
1439 5035 1481 5089 si
1501 5036 1672 5089 serius
1694 5036 1886 5091 fuerint
1902 5038 2176 5097 inStitutze.

575 5120 849 5177 traducem
883 5122 1002 5178 fidei
1035 5125 1103 5180 ab
1133 5128 1442 5195 apostolicis
1480 5129 1724 5184 ecclesiis
1753 5132 2081 5200 acceperint,
2127 5138 2181 5186 et

574 5213 641 5267 ab
693 5229 876 5269 carum
923 5217 1175 5287 deinceps
1208 5224 1585 5277 communione
1625 5240 1912 5294 numquam
1965 5226 2179 5281 excide-

573 5305 700 5371 rint,
744 5309 1046 5378 cnjusmodi
1099 5322 1253 5368 erant
1303 5317 1547 5371 ecclesiae
1602 5316 1866 5373 Africanre
1928 5336 2046 5389 qua:
2107 5321 2173 5376 ad

498 5408 499 5411 ‘
576 5394 872 5452 Romanam
907 5401 1202 5458 Ecclesiam
1228 5421 1379 5462 suam
1411 5410 1673 5479 originem
1716 5410 2043 5465 referebant.
2073 5411 2175 5467 Ur-

576 5495 665 5555 get
696 5487 1000 5558 hmreticos,
1036 5504 1091 5548 ut
1122 5509 1337 5551 suarum
1362 5500 1712 5555 ecclesiarum
1757 5503 1991 5572 origines
2019 5502 2181 5558 edant

575 5586 626 5631 et
654 5579 1025 5649 episcoporum
1057 5588 1387 5657 catologum,
1419 5602 1511 5646 aut
1554 5592 1619 5646 ad
1661 5594 1951 5663 Apostolos
1978 5596 2177 5663 perdu-

573 5680 719 5738 cant,
753 5674 916 5728 velad
941 5680 1267 5745 apostolicos
1292 5682 1451 5747 viros,
1484 5684 1565 5737 vel
1592 5686 1821 5753 primum
1842 5686 1939 5739 sibi
1969 5688 2177 5755 episco-

575 5779 703 5833 pum
736 5768 804 5822 ab
853 5769 1097 5827 ecclesiis
1149 5775 1461 5844 apostolicis
1486 5775 1691 5837 datum,
1736 5793 1835 5832 una
1883 5793 2002 5832 cum
2051 5779 2174 5835 ﬁdei

575 5860 799 5925 semine,
826 5864 1138 5919 ostendant.
1182 5868 1543 5938 "(adversus
1572 5872 1854 5926 haereticos
1874 5885 2165 5940 argumen-

2289 4724 2599 4793 stringeret.
2632 4725 2705 4779 Ita
2746 4727 2887 4782 enim
2947 4727 3107 4783 fiebat
3157 4739 3213 4783 ut
3263 4729 3383 4784 laici
3428 4730 3805 4785 communione
3858 4745 3884 4782 a

2287 4816 2499 4872 clericis
2548 4821 2846 4890 segregati,
2898 4821 3000 4890 ipsi
3035 4822 3135 4876 sibi
3184 4821 3368 4876 clerici
3412 4832 3617 4886 essent,
3670 4822 3765 4889 ipsi
3798 4838 3887 4874 sa-

2288 4910 2558 4977 cerdotes,
2613 4911 2712 4981 ipsi
2744 4920 2800 4967 et
2840 4912 3149 4982 tinguerent
3177 4921 3232 4967 et
3274 4913 3573 4979 offerrent;
3632 4914 3885 4981 nullaque

2290 5002 2515 5069 proinde
2561 5018 2656 5058 eos
2700 5004 2953 5074 obligatio
3008 5006 3277 5072 manebat,
3330 5015 3387 5061 ut
3426 5022 3518 5072 se,
3575 5022 3887 5077 sacramen-

2287 5102 2459 5149 tormn
2521 5095 2951 5165 recipiendorum
2997 5099 3203 5167 gratia,
3258 5098 3580 5153 clericorum
3629 5099 3883 5171 deinceps

2282 5188 2505 5242 arbitrio
2560 5192 2966 5259 permitterent:
3010 5190 3223 5255 Nonne,
3269 5192 3441 5262 inquit
3472 5194 3591 5247 loco
3637 5196 3800 5247 citato
3822 5196 3884 5249 de

2282 5279 2501 5336 Exhort.
2533 5282 2694 5349 Cast.,
2734 5302 2753 5334 ί
2784 5293 2839 5337 et
2866 5284 2984 5338 laici
3005 5284 3314 5339 sacerdotes
3341 5285 3569 5339 sumus?
3612 5285 3880 5356 Scriptum

2278 5384 2399 5431 est:
2433 5374 2667 5447 Regnum
2695 5393 2893 5447 quoque
2921 5394 3014 5432 nos
3041 5388 3091 5432 et
3133 5379 3421 5434 sacerdotes
3473 5378 3582 5434 Deo
3631 5391 3676 5434 et
3734 5379 3883 5435 Patri

2355 5512 2437 5584 (l)
2477 5512 2607 5582 Cap.
2634 5513 2704 5567 32
2733 5521 2786 5567 et
2816 5526 2965 5584 seqq.

2464 5585 2593 5666 Cap.
2622 5584 2677 5639 5.
2728 5655 2767 5681 γ’
2835 5657 2845 5667 .

2357 5660 2408 5712 lo
2466 5657 2582 5710 Ltb.
2612 5655 2676 5710 de
2707 5655 2844 5712 lira:

2375 5655 2431 5728 5)
2466 5657 2582 5710 Lib.
2612 5655 2676 5710 de
2707 5655 2901 5728 l’irgin.
2930 5657 3156 5725 veland.,
3182 5672 3302 5727 cap.
3325 5655 3382 5710 2.

2464 5728 2592 5797 Cap.
2625 5728 2678 5781 7.

2452 5798 2582 5867 Cap.
2616 5799 2704 5853 M.

2460 5868 2592 5938 Cap.
2624 5869 2716 5925 21.

2377 5730 2406 5781 xi

2376 5800 2409 5852 5

2354 5869 2411 5943 (6

2413 5726 2433 5943 ξ
