  <div class='ocr_page' id='page_1' title='image "/cluster/home/n/w/nwhite01/storage/ocr_20150623/3/hvd.32044054086798/130.png"; bbox 0 0 4156 6282; ppageno 0'>
   <div class='ocr_carea' id='block_1_1' title="bbox 208 278 309 336">
    <p class='ocr_par' dir='ltr' id='par_1_1' title="bbox 208 278 309 336">
     <span class='ocr_line' id='line_1_1' title="bbox 208 278 309 336; baseline 0.02 -2"><span class='ocrx_word' id='word_1_1' title='bbox 208 278 309 336; x_wconf 75' lang='grc'><strong>161</strong></span> 
     </span>
    </p>
   </div>
   <div class='ocr_carea' id='block_1_2' title="bbox 1077 217 2625 344">
    <p class='ocr_par' dir='ltr' id='par_1_2' title="bbox 1077 217 2625 344">
     <span class='ocr_line' id='line_1_2' title="bbox 1077 217 2625 344; baseline 0.005 -13"><span class='ocrx_word' id='word_1_2' title='bbox 1077 274 1216 332; x_wconf 82' lang='lat' dir='ltr'><strong>PRO</strong></span> <span class='ocrx_word' id='word_1_3' title='bbox 1252 272 1350 332; x_wconf 87' lang='lat' dir='ltr'><strong>SS.</strong></span> <span class='ocrx_word' id='word_1_4' title='bbox 1392 272 1783 344; x_wconf 81' lang='lat' dir='ltr'><strong>PERPETUA,</strong></span> <span class='ocrx_word' id='word_1_5' title='bbox 1826 274 2237 335; x_wconf 80' lang='lat' dir='ltr'><strong>FELICITATE</strong></span> <span class='ocrx_word' id='word_1_6' title='bbox 2276 277 2366 337; x_wconf 89' lang='lat' dir='ltr'><strong>ET</strong></span> <span class='ocrx_word' id='word_1_7' title='bbox 2389 217 2625 341; x_wconf 51' lang='lat' dir='ltr'><strong>SOCIES.</strong></span> 
     </span>
    </p>
   </div>
   <div class='ocr_carea' id='block_1_3' title="bbox 3411 288 3517 344">
    <p class='ocr_par' dir='ltr' id='par_1_3' title="bbox 3411 288 3517 344">
     <span class='ocr_line' id='line_1_3' title="bbox 3411 288 3517 344; baseline 0.009 -1"><span class='ocrx_word' id='word_1_8' title='bbox 3411 288 3517 344; x_wconf 69' lang='grc'><strong>162</strong></span> 
     </span>
    </p>
   </div>
   <div class='ocr_carea' id='block_1_4' title="bbox 208 389 3513 470">
    <p class='ocr_par' dir='ltr' id='par_1_4' title="bbox 208 389 3513 470">
     <span class='ocr_line' id='line_1_4' title="bbox 208 389 3513 470; baseline 0.003 -24"><span class='ocrx_word' id='word_1_9' title='bbox 208 408 308 447; x_wconf 78' lang='lat' dir='ltr'><strong>suo</strong></span> <span class='ocrx_word' id='word_1_10' title='bbox 364 393 500 463; x_wconf 78' lang='lat' dir='ltr'><strong>fecit.</strong></span> <span class='ocrx_word' id='word_1_11' title='bbox 556 389 926 445; x_wconf 74' lang='lat' dir='ltr'><strong>Diﬂerentiam</strong></span> <span class='ocrx_word' id='word_1_12' title='bbox 958 390 1125 445; x_wconf 81' lang='lat' dir='ltr'><strong>&#39;inter</strong></span> <span class='ocrx_word' id='word_1_13' title='bbox 1181 391 1424 447; x_wconf 86' lang='lat' dir='ltr'><strong>ordinem</strong></span> <span class='ocrx_word' id='word_1_14' title='bbox 1484 402 1538 447; x_wconf 93' lang='lat' dir='ltr'><strong>et</strong></span> <span class='ocrx_word' id='word_1_15' title='bbox 1597 393 1807 462; x_wconf 86' lang='lat' dir='ltr'><strong>plebem</strong></span> <span class='ocrx_word' id='word_1_16' title='bbox 1837 393 2367 459; x_wconf 75' lang='lat' dir='ltr'><strong>Aadmonitionibus</strong></span> <span class='ocrx_word' id='word_1_17' title='bbox 2398 398 2675 456; x_wconf 90' lang='lat' dir='ltr'><strong>hominum</strong></span> <span class='ocrx_word' id='word_1_18' title='bbox 2738 400 3149 457; x_wconf 89' lang='lat' dir='ltr'><strong>vanissimorum</strong></span> <span class='ocrx_word' id='word_1_19' title='bbox 3190 402 3513 470; x_wconf 78' lang='lat' dir='ltr'><strong>verebatur,</strong></span> 
     </span>
    </p>
   </div>
   <div class='ocr_carea' id='block_1_5' title="bbox 212 483 1817 555">
    <p class='ocr_par' dir='ltr' id='par_1_5' title="bbox 212 483 1817 555">
     <span class='ocr_line' id='line_1_5' title="bbox 212 483 1817 555; baseline 0.001 -16"><span class='ocrx_word' id='word_1_20' title='bbox 212 486 498 539; x_wconf 75' lang='lat' dir='ltr'><strong>constituit</strong></span> <span class='ocrx_word' id='word_1_21' title='bbox 541 483 796 538; x_wconf 65' lang='lat' dir='ltr'><strong>Ecclesiae</strong></span> <span class='ocrx_word' id='word_1_22' title='bbox 847 484 1143 537; x_wconf 81' lang='lat' dir='ltr'><strong>auctoritas</strong></span> <span class='ocrx_word' id='word_1_23' title='bbox 1190 493 1243 538; x_wconf 93' lang='lat' dir='ltr'><strong>et</strong></span> <span class='ocrx_word' id='word_1_24' title='bbox 1287 484 1456 539; x_wconf 91' lang='lat' dir='ltr'><strong>honor</strong></span> <span class='ocrx_word' id='word_1_25' title='bbox 1484 500 1579 555; x_wconf 91' lang='lat' dir='ltr'><strong>per</strong></span> <span class='ocrx_word' id='word_1_26' title='bbox 1611 486 1817 541; x_wconf 89' lang='lat' dir='ltr'><strong>ordinis</strong></span> 
     </span>
    </p>
   </div>
   <div class='ocr_carea' id='block_1_6' title="bbox 212 575 1816 647">
    <p class='ocr_par' dir='ltr' id='par_1_6' title="bbox 212 575 1816 647">
     <span class='ocr_line' id='line_1_6' title="bbox 212 575 1816 647; baseline 0.002 -17"><span class='ocrx_word' id='word_1_27' title='bbox 212 592 532 632; x_wconf 88' lang='lat' dir='ltr'><strong>consessum</strong></span> <span class='ocrx_word' id='word_1_28' title='bbox 577 575 943 631; x_wconf 82' lang='lat' dir='ltr'><strong>sanctiﬁcatus</strong></span> <span class='ocrx_word' id='word_1_29' title='bbox 972 593 985 629; x_wconf 92' lang='lat'><strong>:</strong></span> <span class='ocrx_word' id='word_1_30' title='bbox 1019 576 1157 631; x_wconf 90' lang='lat' dir='ltr'><strong>adeo</strong></span> <span class='ocrx_word' id='word_1_31' title='bbox 1188 577 1275 632; x_wconf 93' lang='lat' dir='ltr'><strong>ubi</strong></span> <span class='ocrx_word' id='word_1_32' title='bbox 1326 578 1681 633; x_wconf 86' lang='lat' dir='ltr'><strong>ecclesiastici</strong></span> <span class='ocrx_word' id='word_1_33' title='bbox 1723 594 1816 647; x_wconf 84' lang='lat' dir='ltr'><strong>or-</strong></span> 
     </span>
    </p>
   </div>
   <div class='ocr_carea' id='block_1_7' title="bbox 212 668 1819 741">
    <p class='ocr_par' dir='ltr' id='par_1_7' title="bbox 212 668 1819 741">
     <span class='ocr_line' id='line_1_7' title="bbox 212 668 1819 741; baseline 0.001 -17"><span class='ocrx_word' id='word_1_34' title='bbox 212 669 361 724; x_wconf 87' lang='lat' dir='ltr'><strong>dinis</strong></span> <span class='ocrx_word' id='word_1_35' title='bbox 412 685 512 725; x_wconf 88' lang='lat' dir='ltr'><strong>non</strong></span> <span class='ocrx_word' id='word_1_36' title='bbox 566 679 648 723; x_wconf 90' lang='lat' dir='ltr'><strong>est</strong></span> <span class='ocrx_word' id='word_1_37' title='bbox 697 683 1006 735; x_wconf 85' lang='lat' dir='ltr'><strong>consessus,</strong></span> <span class='ocrx_word' id='word_1_38' title='bbox 1062 679 1117 724; x_wconf 88' lang='lat' dir='ltr'><strong>et</strong></span> <span class='ocrx_word' id='word_1_39' title='bbox 1163 668 1347 735; x_wconf 74' lang='lat' dir='ltr'><strong>offers,</strong></span> <span class='ocrx_word' id='word_1_40' title='bbox 1399 680 1451 725; x_wconf 91' lang='lat' dir='ltr'><strong>et</strong></span> <span class='ocrx_word' id='word_1_41' title='bbox 1496 672 1709 741; x_wconf 83' lang='lat' dir='ltr'><strong>tinguis,</strong></span> <span class='ocrx_word' id='word_1_42' title='bbox 1763 680 1819 726; x_wconf 87' lang='lat' dir='ltr'><strong>et</strong></span> 
     </span>
    </p>
   </div>
   <div class='ocr_carea' id='block_1_8' title="bbox 211 761 1812 831">
    <p class='ocr_par' dir='ltr' id='par_1_8' title="bbox 211 761 1812 831">
     <span class='ocr_line' id='line_1_8' title="bbox 211 761 1812 831; baseline 0.002 -15"><span class='ocrx_word' id='word_1_43' title='bbox 211 762 473 817; x_wconf 84' lang='lat' dir='ltr'><strong>sacerdos</strong></span> <span class='ocrx_word' id='word_1_44' title='bbox 520 776 578 816; x_wconf 84' lang='lat' dir='ltr'><strong>es</strong></span> <span class='ocrx_word' id='word_1_45' title='bbox 618 761 714 816; x_wconf 83' lang='lat' dir='ltr'><strong>tibi</strong></span> <span class='ocrx_word' id='word_1_46' title='bbox 764 762 935 817; x_wconf 91' lang='lat' dir='ltr'><strong>solus.</strong></span> <span class='ocrx_word' id='word_1_47' title='bbox 967 761 1073 818; x_wconf 88' lang='lat' dir='ltr'><strong>Sed</strong></span> <span class='ocrx_word' id='word_1_48' title='bbox 1114 761 1205 817; x_wconf 91' lang='lat' dir='ltr'><strong>ubi</strong></span> <span class='ocrx_word' id='word_1_49' title='bbox 1262 772 1392 829; x_wconf 91' lang='lat' dir='ltr'><strong>tres,</strong></span> <span class='ocrx_word' id='word_1_50' title='bbox 1439 764 1677 819; x_wconf 87' lang='lat' dir='ltr'><strong>Ecclesia</strong></span> <span class='ocrx_word' id='word_1_51' title='bbox 1709 775 1812 831; x_wconf 89' lang='lat' dir='ltr'><strong>est,</strong></span> 
     </span>
    </p>
   </div>
   <div class='ocr_carea' id='block_1_9' title="bbox 210 853 1819 926">
    <p class='ocr_par' dir='ltr' id='par_1_9' title="bbox 210 853 1819 926">
     <span class='ocr_line' id='line_1_9' title="bbox 210 853 1819 926; baseline 0.002 -17"><span class='ocrx_word' id='word_1_52' title='bbox 210 856 340 910; x_wconf 85' lang='lat' dir='ltr'><strong>licet</strong></span> <span class='ocrx_word' id='word_1_53' title='bbox 396 854 540 909; x_wconf 80' lang='lat' dir='ltr'><strong>laici.</strong></span> <span class='ocrx_word' id='word_1_54' title='bbox 592 853 972 926; x_wconf 89' lang='lat' dir='ltr'><strong>Unusquisque</strong></span> <span class='ocrx_word' id='word_1_55' title='bbox 1023 855 1167 909; x_wconf 91' lang='lat' dir='ltr'><strong>enim</strong></span> <span class='ocrx_word' id='word_1_56' title='bbox 1212 870 1308 910; x_wconf 89' lang='lat' dir='ltr'><strong>sua</strong></span> <span class='ocrx_word' id='word_1_57' title='bbox 1362 855 1468 912; x_wconf 82' lang='lat' dir='ltr'><strong>ﬁde</strong></span> <span class='ocrx_word' id='word_1_58' title='bbox 1508 858 1667 922; x_wconf 83' lang='lat' dir='ltr'><strong>vivit;</strong></span> <span class='ocrx_word' id='word_1_59' title='bbox 1716 872 1819 912; x_wconf 89' lang='lat' dir='ltr'><strong>nec</strong></span> 
     </span>
    </p>
   </div>
   <div class='ocr_carea' id='block_1_10' title="bbox 208 946 1816 1019">
    <p class='ocr_par' dir='ltr' id='par_1_10' title="bbox 208 946 1816 1019">
     <span class='ocr_line' id='line_1_10' title="bbox 208 946 1816 1019; baseline 0.001 -16"><span class='ocrx_word' id='word_1_60' title='bbox 208 957 292 1003; x_wconf 90' lang='lat' dir='ltr'><strong>cst</strong></span> <span class='ocrx_word' id='word_1_61' title='bbox 319 962 680 1018; x_wconf 88' lang='lat' dir='ltr'><strong>personarum</strong></span> <span class='ocrx_word' id='word_1_62' title='bbox 724 948 968 1018; x_wconf 86' lang='lat' dir='ltr'><strong>acceptio</strong></span> <span class='ocrx_word' id='word_1_63' title='bbox 1008 946 1152 1017; x_wconf 89' lang='lat' dir='ltr'><strong>apud</strong></span> <span class='ocrx_word' id='word_1_64' title='bbox 1182 948 1373 1013; x_wconf 91' lang='lat' dir='ltr'><strong>Deum,</strong></span> <span class='ocrx_word' id='word_1_65' title='bbox 1423 958 1529 1005; x_wconf 87' lang='lat' dir='ltr'><strong>etc.</strong></span> <span class='ocrx_word' id='word_1_66' title='bbox 1582 950 1744 1019; x_wconf 90' lang='lat' dir='ltr'><strong>Igitur</strong></span> <span class='ocrx_word' id='word_1_67' title='bbox 1772 951 1816 1004; x_wconf 94' lang='lat' dir='ltr'><strong>si</strong></span> 
     </span>
    </p>
   </div>
   <div class='ocr_carea' id='block_1_11' title="bbox 210 1040 1815 1111">
    <p class='ocr_par' dir='ltr' id='par_1_11' title="bbox 210 1040 1815 1111">
     <span class='ocr_line' id='line_1_11' title="bbox 210 1040 1815 1111; baseline 0.001 -16"><span class='ocrx_word' id='word_1_68' title='bbox 210 1040 381 1095; x_wconf 85' lang='lat' dir='ltr'><strong>habes</strong></span> <span class='ocrx_word' id='word_1_69' title='bbox 422 1040 509 1110; x_wconf 86' lang='lat' dir='ltr'><strong>jus</strong></span> <span class='ocrx_word' id='word_1_70' title='bbox 535 1040 835 1096; x_wconf 81' lang='lat' dir='ltr'><strong>sacerdOtis</strong></span> <span class='ocrx_word' id='word_1_71' title='bbox 886 1040 939 1094; x_wconf 88' lang='lat' dir='ltr'><strong>in</strong></span> <span class='ocrx_word' id='word_1_72' title='bbox 991 1042 1294 1111; x_wconf 88' lang='lat' dir='ltr'><strong>temetipso,</strong></span> <span class='ocrx_word' id='word_1_73' title='bbox 1340 1041 1430 1096; x_wconf 92' lang='lat' dir='ltr'><strong>ubi</strong></span> <span class='ocrx_word' id='word_1_74' title='bbox 1461 1056 1685 1097; x_wconf 89' lang='lat' dir='ltr'><strong>necesse</strong></span> <span class='ocrx_word' id='word_1_75' title='bbox 1713 1049 1815 1108; x_wconf 90' lang='lat' dir='ltr'><strong>est,</strong></span> 
     </span>
    </p>
   </div>
   <div class='ocr_carea' id='block_1_12' title="bbox 213 1132 1817 1203">
    <p class='ocr_par' dir='ltr' id='par_1_12' title="bbox 213 1132 1817 1203">
     <span class='ocr_line' id='line_1_12' title="bbox 213 1132 1817 1203; baseline 0.001 -16"><span class='ocrx_word' id='word_1_76' title='bbox 213 1132 421 1188; x_wconf 74' lang='lat' dir='ltr'><strong>habeas</strong></span> <span class='ocrx_word' id='word_1_77' title='bbox 463 1142 676 1203; x_wconf 84' lang='lat' dir='ltr'><strong>oportet</strong></span> <span class='ocrx_word' id='word_1_78' title='bbox 727 1134 890 1188; x_wconf 88' lang='lat' dir='ltr'><strong>etiam</strong></span> <span class='ocrx_word' id='word_1_79' title='bbox 948 1132 1290 1203; x_wconf 88' lang='lat' dir='ltr'><strong>disciplinam</strong></span> <span class='ocrx_word' id='word_1_80' title='bbox 1346 1132 1663 1199; x_wconf 87' lang='lat' dir='ltr'><strong>sacerdotis,</strong></span> <span class='ocrx_word' id='word_1_81' title='bbox 1729 1136 1817 1190; x_wconf 91' lang='lat' dir='ltr'><strong>ubi</strong></span> 
     </span>
    </p>
   </div>
   <div class='ocr_carea' id='block_1_13' title="bbox 216 1226 1819 1299">
    <p class='ocr_par' dir='ltr' id='par_1_13' title="bbox 216 1226 1819 1299">
     <span class='ocr_line' id='line_1_13' title="bbox 216 1226 1819 1299; baseline 0.001 -18"><span class='ocrx_word' id='word_1_82' title='bbox 216 1241 445 1282; x_wconf 86' lang='lat' dir='ltr'><strong>necesse</strong></span> <span class='ocrx_word' id='word_1_83' title='bbox 493 1227 564 1281; x_wconf 87' lang='lat' dir='ltr'><strong>sit</strong></span> <span class='ocrx_word' id='word_1_84' title='bbox 608 1226 809 1281; x_wconf 84' lang='lat' dir='ltr'><strong>habere</strong></span> <span class='ocrx_word' id='word_1_85' title='bbox 831 1226 918 1296; x_wconf 89' lang='lat' dir='ltr'><strong>jus</strong></span> <span class='ocrx_word' id='word_1_86' title='bbox 944 1227 1267 1282; x_wconf 87' lang='lat' dir='ltr'><strong>sacerdotis.</strong></span> <span class='ocrx_word' id='word_1_87' title='bbox 1311 1227 1564 1298; x_wconf 86' lang='lat' dir='ltr'><strong>Digamus</strong></span> <span class='ocrx_word' id='word_1_88' title='bbox 1598 1230 1819 1299; x_wconf 86' lang='lat' dir='ltr'><strong>tinguis?</strong></span> 
     </span>
    </p>
   </div>
   <div class='ocr_carea' id='block_1_14' title="bbox 215 1319 1820 1391">
    <p class='ocr_par' dir='ltr' id='par_1_14' title="bbox 215 1319 1820 1391">
     <span class='ocr_line' id='line_1_14' title="bbox 215 1319 1820 1391; baseline 0 -16"><span class='ocrx_word' id='word_1_89' title='bbox 215 1319 473 1390; x_wconf 86' lang='lat' dir='ltr'><strong>Digamus</strong></span> <span class='ocrx_word' id='word_1_90' title='bbox 512 1319 728 1376; x_wconf 75' lang='lat' dir='ltr'><strong>offers?</strong></span> <span class='ocrx_word' id='word_1_91' title='bbox 768 1320 981 1389; x_wconf 88' lang='lat' dir='ltr'><strong>Quanto</strong></span> <span class='ocrx_word' id='word_1_92' title='bbox 1026 1320 1195 1391; x_wconf 89' lang='lat' dir='ltr'><strong>magis</strong></span> <span class='ocrx_word' id='word_1_93' title='bbox 1226 1320 1365 1376; x_wconf 90' lang='lat' dir='ltr'><strong>laico</strong></span> <span class='ocrx_word' id='word_1_94' title='bbox 1408 1321 1624 1390; x_wconf 85' lang='lat' dir='ltr'><strong>digamo</strong></span> <span class='ocrx_word' id='word_1_95' title='bbox 1673 1322 1820 1391; x_wconf 88' lang='lat' dir='ltr'><strong>capi-</strong></span> 
     </span>
    </p>
   </div>
   <div class='ocr_carea' id='block_1_15' title="bbox 216 1414 1817 1486">
    <p class='ocr_par' dir='ltr' id='par_1_15' title="bbox 216 1414 1817 1486">
     <span class='ocr_line' id='line_1_15' title="bbox 216 1414 1817 1486; baseline -0.001 -16"><span class='ocrx_word' id='word_1_96' title='bbox 216 1415 322 1470; x_wconf 84' lang='lat' dir='ltr'><strong>tale</strong></span> <span class='ocrx_word' id='word_1_97' title='bbox 367 1425 449 1470; x_wconf 91' lang='lat' dir='ltr'><strong>est</strong></span> <span class='ocrx_word' id='word_1_98' title='bbox 482 1430 647 1486; x_wconf 90' lang='lat' dir='ltr'><strong>agere</strong></span> <span class='ocrx_word' id='word_1_99' title='bbox 688 1430 787 1485; x_wconf 88' lang='lat' dir='ltr'><strong>pro</strong></span> <span class='ocrx_word' id='word_1_100' title='bbox 840 1414 1140 1483; x_wconf 86' lang='lat' dir='ltr'><strong>sacerdote,</strong></span> <span class='ocrx_word' id='word_1_101' title='bbox 1191 1430 1313 1470; x_wconf 90' lang='lat' dir='ltr'><strong>cum</strong></span> <span class='ocrx_word' id='word_1_102' title='bbox 1357 1415 1455 1485; x_wconf 90' lang='lat' dir='ltr'><strong>ipsi</strong></span> <span class='ocrx_word' id='word_1_103' title='bbox 1512 1415 1817 1482; x_wconf 91' lang='lat' dir='ltr'><strong>sacerdoti,</strong></span> 
     </span>
    </p>
   </div>
   <div class='ocr_carea' id='block_1_16' title="bbox 220 1508 1819 1581">
    <p class='ocr_par' dir='ltr' id='par_1_16' title="bbox 220 1508 1819 1581">
     <span class='ocr_line' id='line_1_16' title="bbox 220 1508 1819 1581; baseline 0 -18"><span class='ocrx_word' id='word_1_104' title='bbox 220 1510 432 1581; x_wconf 88' lang='lat' dir='ltr'><strong>digamo</strong></span> <span class='ocrx_word' id='word_1_105' title='bbox 454 1510 619 1577; x_wconf 83' lang='lat' dir='ltr'><strong>facto,</strong></span> <span class='ocrx_word' id='word_1_106' title='bbox 645 1508 954 1565; x_wconf 89' lang='lat' dir='ltr'><strong>conferatur</strong></span> <span class='ocrx_word' id='word_1_107' title='bbox 979 1524 1138 1580; x_wconf 91' lang='lat' dir='ltr'><strong>agere</strong></span> <span class='ocrx_word' id='word_1_108' title='bbox 1158 1508 1539 1565; x_wconf 88' lang='lat' dir='ltr'><strong>sacerdotem?</strong></span> <span class='ocrx_word' id='word_1_109' title='bbox 1571 1529 1590 1562; x_wconf 77' lang='grc' dir='ltr'><strong><em>ι</em></strong></span> <span class='ocrx_word' id='word_1_110' title='bbox 1627 1511 1819 1564; x_wconf 87' lang='lat' dir='ltr'><strong>Annon</strong></span> 
     </span>
    </p>
   </div>
   <div class='ocr_carea' id='block_1_17' title="bbox 220 1601 1823 1673">
    <p class='ocr_par' dir='ltr' id='par_1_17' title="bbox 220 1601 1823 1673">
     <span class='ocr_line' id='line_1_17' title="bbox 220 1601 1823 1673; baseline -0.001 -15"><span class='ocrx_word' id='word_1_111' title='bbox 220 1604 339 1659; x_wconf 70' lang='lat' dir='ltr'><strong>haec</strong></span> <span class='ocrx_word' id='word_1_112' title='bbox 406 1605 605 1673; x_wconf 89' lang='lat' dir='ltr'><strong>optima</strong></span> <span class='ocrx_word' id='word_1_113' title='bbox 666 1604 976 1673; x_wconf 82' lang='lat' dir='ltr'><strong>conjectura</strong></span> <span class='ocrx_word' id='word_1_114' title='bbox 1029 1614 1144 1669; x_wconf 90' lang='lat' dir='ltr'><strong>est,</strong></span> <span class='ocrx_word' id='word_1_115' title='bbox 1198 1603 1404 1658; x_wconf 91' lang='lat' dir='ltr'><strong>nullum</strong></span> <span class='ocrx_word' id='word_1_116' title='bbox 1477 1613 1589 1658; x_wconf 91' lang='lat' dir='ltr'><strong>tum</strong></span> <span class='ocrx_word' id='word_1_117' title='bbox 1654 1601 1823 1658; x_wconf 81' lang='lat' dir='ltr'><strong>fuisse</strong></span> 
     </span>
    </p>
   </div>
   <div class='ocr_carea' id='block_1_18' title="bbox 223 1695 1821 1768">
    <p class='ocr_par' dir='ltr' id='par_1_18' title="bbox 223 1695 1821 1768">
     <span class='ocr_line' id='line_1_18' title="bbox 223 1695 1821 1768; baseline -0.002 -15"><span class='ocrx_word' id='word_1_118' title='bbox 223 1697 553 1768; x_wconf 79' lang='lat' dir='ltr'><strong>Carthagine</strong></span> <span class='ocrx_word' id='word_1_119' title='bbox 597 1697 1041 1753; x_wconf 77' lang='lat' dir='ltr'><strong>Montanistarum</strong></span> <span class='ocrx_word' id='word_1_120' title='bbox 1106 1697 1460 1767; x_wconf 86' lang='lat' dir='ltr'><strong>episcopum?</strong></span> <span class='ocrx_word' id='word_1_121' title='bbox 1512 1696 1726 1751; x_wconf 88' lang='lat' dir='ltr'><strong>Etenim</strong></span> <span class='ocrx_word' id='word_1_122' title='bbox 1774 1695 1821 1751; x_wconf 89' lang='lat' dir='ltr'><strong>si</strong></span> 
     </span>
    </p>
   </div>
   <div class='ocr_carea' id='block_1_19' title="bbox 1925 487 3515 565">
    <p class='ocr_par' dir='ltr' id='par_1_19' title="bbox 1925 487 3515 565">
     <span class='ocr_line' id='line_1_19' title="bbox 1925 487 3515 565; baseline 0.008 -28"><span class='ocrx_word' id='word_1_123' title='bbox 1925 500 1993 539; x_wconf 88' lang='lat' dir='ltr'><strong>ne</strong></span> <span class='ocrx_word' id='word_1_124' title='bbox 2033 487 2481 546; x_wconf 88' lang='lat' dir='ltr'><strong>subtraherentur</strong></span> <span class='ocrx_word' id='word_1_125' title='bbox 2506 492 2817 552; x_wconf 89' lang='lat' dir='ltr'><strong>de.carcere</strong></span> <span class='ocrx_word' id='word_1_126' title='bbox 2850 494 3296 549; x_wconf 85' lang='lat' dir='ltr'><strong>incantationibus</strong></span> <span class='ocrx_word' id='word_1_127' title='bbox 3319 495 3515 565; x_wconf 87' lang='lat' dir='ltr'><strong>aliqui-</strong></span> 
     </span>
    </p>
   </div>
   <div class='ocr_carea' id='block_1_20' title="bbox 1922 576 3516 657">
    <p class='ocr_par' dir='ltr' id='par_1_20' title="bbox 1922 576 3516 657">
     <span class='ocr_line' id='line_1_20' title="bbox 1922 576 3516 657; baseline 0.009 -28"><span class='ocrx_word' id='word_1_128' title='bbox 1922 576 2020 630; x_wconf 91' lang='lat' dir='ltr'><strong>bus</strong></span> <span class='ocrx_word' id='word_1_129' title='bbox 2045 579 2297 649; x_wconf 81' lang='lat' dir='ltr'><strong>magicis,</strong></span> <span class='ocrx_word' id='word_1_130' title='bbox 2340 582 2393 637; x_wconf 92' lang='lat' dir='ltr'><strong>in</strong></span> <span class='ocrx_word' id='word_1_131' title='bbox 2424 583 2612 639; x_wconf 81' lang='lat' dir='ltr'><strong>faciem</strong></span> <span class='ocrx_word' id='word_1_132' title='bbox 2646 586 2925 655; x_wconf 90' lang='lat' dir='ltr'><strong>respondit</strong></span> <span class='ocrx_word' id='word_1_133' title='bbox 2951 587 3236 657; x_wconf 89' lang='lat' dir='ltr'><strong>Perpetua,</strong></span> <span class='ocrx_word' id='word_1_134' title='bbox 3265 595 3320 642; x_wconf 92' lang='lat' dir='ltr'><strong>et</strong></span> <span class='ocrx_word' id='word_1_135' title='bbox 3344 588 3516 643; x_wconf 83' lang='lat' dir='ltr'><strong>dixit:</strong></span> 
     </span>
    </p>
   </div>
   <div class='ocr_carea' id='block_1_21' title="bbox 1921 672 3518 758">
    <p class='ocr_par' dir='ltr' id='par_1_21' title="bbox 1921 672 3518 758">
     <span class='ocr_line' id='line_1_21' title="bbox 1921 672 3518 758; baseline 0.01 -33"><span class='ocrx_word' id='word_1_136' title='bbox 1921 672 2057 738; x_wconf 85' lang='lat' dir='ltr'><strong>Quid</strong></span> <span class='ocrx_word' id='word_1_137' title='bbox 2102 676 2285 747; x_wconf 86' lang='lat' dir='ltr'><strong>utique</strong></span> <span class='ocrx_word' id='word_1_138' title='bbox 2312 694 2419 734; x_wconf 88' lang='lat' dir='ltr'><strong>non</strong></span> <span class='ocrx_word' id='word_1_139' title='bbox 2450 684 2719 750; x_wconf 88' lang='lat' dir='ltr'><strong>permittis</strong></span> <span class='ocrx_word' id='word_1_140' title='bbox 2750 685 3067 758; x_wconf 81' lang='lat' dir='ltr'><strong>refrigerare</strong></span> <span class='ocrx_word' id='word_1_141' title='bbox 3097 690 3272 745; x_wconf 86' lang='lat' dir='ltr'><strong>noxiis</strong></span> <span class='ocrx_word' id='word_1_142' title='bbox 3296 686 3518 744; x_wconf 85' lang='lat' dir='ltr'><strong>nobilis-</strong></span> 
     </span>
    </p>
   </div>
   <div class='ocr_carea' id='block_1_22' title="bbox 1922 766 3519 855">
    <p class='ocr_par' dir='ltr' id='par_1_22' title="bbox 1922 766 3519 855">
     <span class='ocr_line' id='line_1_22' title="bbox 1922 766 3519 855; baseline 0.013 -36"><span class='ocrx_word' id='word_1_143' title='bbox 1922 766 2093 832; x_wconf 86' lang='lat' dir='ltr'><strong>simis,</strong></span> <span class='ocrx_word' id='word_1_144' title='bbox 2124 769 2357 828; x_wconf 83' lang='lat' dir='ltr'><strong>Caesaris</strong></span> <span class='ocrx_word' id='word_1_145' title='bbox 2381 776 2607 845; x_wconf 85' lang='lat' dir='ltr'><strong>scilicet,</strong></span> <span class='ocrx_word' id='word_1_146' title='bbox 2637 789 2690 833; x_wconf 89' lang='lat' dir='ltr'><strong>et</strong></span> <span class='ocrx_word' id='word_1_147' title='bbox 2718 782 2877 835; x_wconf 87' lang='lat' dir='ltr'><strong>natali</strong></span> <span class='ocrx_word' id='word_1_148' title='bbox 2901 781 3139 852; x_wconf 87' lang='lat' dir='ltr'><strong>ejusdem</strong></span> <span class='ocrx_word' id='word_1_149' title='bbox 3168 784 3519 855; x_wconf 80' lang='lat' dir='ltr'><strong>pugnaturis?</strong></span> 
     </span>
    </p>
   </div>
   <div class='ocr_carea' id='block_1_23' title="bbox 1922 857 3520 946">
    <p class='ocr_par' dir='ltr' id='par_1_23' title="bbox 1922 857 3520 946">
     <span class='ocr_line' id='line_1_23' title="bbox 1922 857 3520 946; baseline 0.015 -38"><span class='ocrx_word' id='word_1_150' title='bbox 1922 857 2026 911; x_wconf 85' lang='lat' dir='ltr'><strong>Aut</strong></span> <span class='ocrx_word' id='word_1_151' title='bbox 2066 874 2170 914; x_wconf 91' lang='lat' dir='ltr'><strong>non</strong></span> <span class='ocrx_word' id='word_1_152' title='bbox 2206 871 2293 917; x_wconf 91' lang='lat' dir='ltr'><strong>tua</strong></span> <span class='ocrx_word' id='word_1_153' title='bbox 2329 866 2497 935; x_wconf 84' lang='lat' dir='ltr'><strong>gloria</strong></span> <span class='ocrx_word' id='word_1_154' title='bbox 2539 879 2642 938; x_wconf 89' lang='lat' dir='ltr'><strong>est,</strong></span> <span class='ocrx_word' id='word_1_155' title='bbox 2673 872 2717 926; x_wconf 93' lang='lat' dir='ltr'><strong>si</strong></span> <span class='ocrx_word' id='word_1_156' title='bbox 2767 873 3075 944; x_wconf 90' lang='lat' dir='ltr'><strong>pinguiores</strong></span> <span class='ocrx_word' id='word_1_157' title='bbox 3128 876 3222 932; x_wconf 90' lang='lat' dir='ltr'><strong>illo</strong></span> <span class='ocrx_word' id='word_1_158' title='bbox 3253 876 3520 946; x_wconf 89' lang='lat' dir='ltr'><strong>produca-</strong></span> 
     </span>
    </p>
   </div>
   <div class='ocr_carea' id='block_1_24' title="bbox 1922 951 3523 1040">
    <p class='ocr_par' dir='ltr' id='par_1_24' title="bbox 1922 951 3523 1040">
     <span class='ocr_line' id='line_1_24' title="bbox 1922 951 3523 1040; baseline 0.017 -41"><span class='ocrx_word' id='word_1_159' title='bbox 1922 951 2082 1040; x_wconf 86' lang='lat' dir='ltr'><strong>mur?</strong></span> <span class='ocrx_word' id='word_1_160' title='bbox 2133 952 2349 1010; x_wconf 88' lang='lat' dir='ltr'><strong>llorruit</strong></span> <span class='ocrx_word' id='word_1_161' title='bbox 2385 968 2439 1013; x_wconf 92' lang='lat' dir='ltr'><strong>et</strong></span> <span class='ocrx_word' id='word_1_162' title='bbox 2477 961 2693 1017; x_wconf 89' lang='lat' dir='ltr'><strong>erubuit</strong></span> <span class='ocrx_word' id='word_1_163' title='bbox 2727 966 2995 1036; x_wconf 86' lang='lat' dir='ltr'><strong>tribunus,</strong></span> <span class='ocrx_word' id='word_1_164' title='bbox 3035 977 3087 1023; x_wconf 90' lang='lat' dir='ltr'><strong>et</strong></span> <span class='ocrx_word' id='word_1_165' title='bbox 3119 970 3186 1023; x_wconf 89' lang='lat' dir='ltr'><strong>ita</strong></span> <span class='ocrx_word' id='word_1_166' title='bbox 3210 971 3371 1040; x_wconf 87' lang='lat' dir='ltr'><strong>jussit</strong></span> <span class='ocrx_word' id='word_1_167' title='bbox 3402 972 3523 1027; x_wconf 90' lang='lat' dir='ltr'><strong>illos</strong></span> 
     </span>
    </p>
   </div>
   <div class='ocr_carea' id='block_1_25' title="bbox 1926 1039 3522 1129">
    <p class='ocr_par' dir='ltr' id='par_1_25' title="bbox 1926 1039 3522 1129">
     <span class='ocr_line' id='line_1_25' title="bbox 1926 1039 3522 1129; baseline 0.018 -37"><span class='ocrx_word' id='word_1_168' title='bbox 1926 1039 2210 1099; x_wconf 87' lang='lat' dir='ltr'><strong>humanius</strong></span> <span class='ocrx_word' id='word_1_169' title='bbox 2242 1047 2447 1117; x_wconf 91' lang='lat' dir='ltr'><strong>haberi,</strong></span> <span class='ocrx_word' id='word_1_170' title='bbox 2491 1064 2549 1107; x_wconf 89' lang='lat' dir='ltr'><strong>ut</strong></span> <span class='ocrx_word' id='word_1_171' title='bbox 2586 1054 2841 1111; x_wconf 80' lang='lat' dir='ltr'><strong>fratribus</strong></span> <span class='ocrx_word' id='word_1_172' title='bbox 2872 1059 2988 1129; x_wconf 89' lang='lat' dir='ltr'><strong>ejus</strong></span> <span class='ocrx_word' id='word_1_173' title='bbox 3013 1070 3067 1115; x_wconf 91' lang='lat' dir='ltr'><strong>et</strong></span> <span class='ocrx_word' id='word_1_174' title='bbox 3108 1039 3319 1118; x_wconf 69' lang='lat' dir='ltr'><strong>caneris</strong></span> <span class='ocrx_word' id='word_1_175' title='bbox 3351 1063 3522 1120; x_wconf 86' lang='lat' dir='ltr'><strong>facul-</strong></span> 
     </span>
    </p>
   </div>
   <div class='ocr_carea' id='block_1_26' title="bbox 1922 1134 3525 1225">
    <p class='ocr_par' dir='ltr' id='par_1_26' title="bbox 1922 1134 3525 1225">
     <span class='ocr_line' id='line_1_26' title="bbox 1922 1134 3525 1225; baseline 0.015 -38"><span class='ocrx_word' id='word_1_176' title='bbox 1922 1140 2005 1187; x_wconf 86' lang='lat' dir='ltr'><strong>tas</strong></span> <span class='ocrx_word' id='word_1_177' title='bbox 2035 1134 2193 1192; x_wconf 89' lang='lat' dir='ltr'><strong>fieret</strong></span> <span class='ocrx_word' id='word_1_178' title='bbox 2220 1139 2543 1211; x_wconf 85' lang='lat' dir='ltr'><strong>introeundi,</strong></span> <span class='ocrx_word' id='word_1_179' title='bbox 2579 1156 2633 1200; x_wconf 92' lang='lat' dir='ltr'><strong>et</strong></span> <span class='ocrx_word' id='word_1_180' title='bbox 2670 1148 3019 1220; x_wconf 84' lang='lat' dir='ltr'><strong>refrigerandi</strong></span> <span class='ocrx_word' id='word_1_181' title='bbox 3057 1168 3178 1208; x_wconf 91' lang='lat' dir='ltr'><strong>cum</strong></span> <span class='ocrx_word' id='word_1_182' title='bbox 3209 1154 3309 1221; x_wconf 92' lang='lat' dir='ltr'><strong>eis,</strong></span> <span class='ocrx_word' id='word_1_183' title='bbox 3336 1154 3445 1225; x_wconf 89' lang='lat' dir='ltr'><strong>jam</strong></span> <span class='ocrx_word' id='word_1_184' title='bbox 3469 1166 3525 1211; x_wconf 90' lang='lat' dir='ltr'><strong>et</strong></span> 
     </span>
    </p>
   </div>
   <div class='ocr_carea' id='block_1_27' title="bbox 1926 1226 3549 1318">
    <p class='ocr_par' dir='ltr' id='par_1_27' title="bbox 1926 1226 3549 1318">
     <span class='ocr_line' id='line_1_27' title="bbox 1926 1226 3549 1318; baseline 0.017 -38"><span class='ocrx_word' id='word_1_185' title='bbox 1926 1226 2044 1297; x_wconf 90' lang='lat' dir='ltr'><strong>ipso</strong></span> <span class='ocrx_word' id='word_1_186' title='bbox 2071 1230 2299 1300; x_wconf 88' lang='lat' dir='ltr'><strong>Optione</strong></span> <span class='ocrx_word' id='word_1_187' title='bbox 2330 1242 2563 1295; x_wconf 88' lang='lat' dir='ltr'><strong>carceris</strong></span> <span class='ocrx_word' id='word_1_188' title='bbox 2583 1242 2891 1299; x_wconf 67' lang='lat' dir='ltr'><strong>credente.)</strong></span> <span class='ocrx_word' id='word_1_189' title='bbox 2924 1245 2992 1301; x_wconf 88' lang='lat' dir='ltr'><strong>Et</strong></span> <span class='ocrx_word' id='word_1_190' title='bbox 3020 1263 3139 1318; x_wconf 88' lang='lat' dir='ltr'><strong>cap.</strong></span> <span class='ocrx_word' id='word_1_191' title='bbox 3168 1266 3221 1317; x_wconf 91' lang='lat' dir='ltr'><strong>v,</strong></span> <span class='ocrx_word' id='word_1_192' title='bbox 3251 1251 3284 1305; x_wconf 78' lang='grc'>4</span> <span class='ocrx_word' id='word_1_193' title='bbox 3313 1268 3325 1304; x_wconf 92' lang='lat'><strong>:</strong></span> <span class='ocrx_word' id='word_1_194' title='bbox 3359 1270 3377 1303; x_wconf 86' lang='grc'><em>‹</em></span> <span class='ocrx_word' id='word_1_195' title='bbox 3409 1252 3549 1307; x_wconf 85' lang='lat' dir='ltr'><strong>Pri-‘</strong></span> 
     </span>
    </p>
   </div>
   <div class='ocr_carea' id='block_1_28' title="bbox 1924 1319 3523 1410">
    <p class='ocr_par' dir='ltr' id='par_1_28' title="bbox 1924 1319 3523 1410">
     <span class='ocr_line' id='line_1_28' title="bbox 1924 1319 3523 1410; baseline 0.016 -35"><span class='ocrx_word' id='word_1_196' title='bbox 1924 1319 2013 1376; x_wconf 89' lang='lat' dir='ltr'><strong>die</strong></span> <span class='ocrx_word' id='word_1_197' title='bbox 2038 1338 2252 1394; x_wconf 91' lang='lat' dir='ltr'><strong>quoque</strong></span> <span class='ocrx_word' id='word_1_198' title='bbox 2281 1342 2401 1383; x_wconf 92' lang='lat' dir='ltr'><strong>cum</strong></span> <span class='ocrx_word' id='word_1_199' title='bbox 2434 1332 2519 1385; x_wconf 89' lang='lat' dir='ltr'><strong>illa</strong></span> <span class='ocrx_word' id='word_1_200' title='bbox 2557 1349 2710 1390; x_wconf 73' lang='lat' dir='ltr'><strong>cmna</strong></span> <span class='ocrx_word' id='word_1_201' title='bbox 2745 1337 2949 1405; x_wconf 90' lang='lat' dir='ltr'><strong>ultima,</strong></span> <span class='ocrx_word' id='word_1_202' title='bbox 2984 1355 3141 1410; x_wconf 89' lang='lat' dir='ltr'><strong>quam</strong></span> <span class='ocrx_word' id='word_1_203' title='bbox 3172 1342 3393 1398; x_wconf 90' lang='lat' dir='ltr'><strong>liberam</strong></span> <span class='ocrx_word' id='word_1_204' title='bbox 3424 1360 3523 1400; x_wconf 87' lang='lat' dir='ltr'><strong>vo-</strong></span> 
     </span>
    </p>
   </div>
   <div class='ocr_carea' id='block_1_29' title="bbox 1926 1423 3524 1505">
    <p class='ocr_par' dir='ltr' id='par_1_29' title="bbox 1926 1423 3524 1505">
     <span class='ocr_line' id='line_1_29' title="bbox 1926 1423 3524 1505; baseline 0.018 -38"><span class='ocrx_word' id='word_1_205' title='bbox 1926 1424 2073 1478; x_wconf 87' lang='lat' dir='ltr'><strong>cant,</strong></span> <span class='ocrx_word' id='word_1_206' title='bbox 2109 1429 2365 1486; x_wconf 90' lang='lat' dir='ltr'><strong>quantum</strong></span> <span class='ocrx_word' id='word_1_207' title='bbox 2389 1423 2440 1477; x_wconf 91' lang='lat' dir='ltr'><strong>in</strong></span> <span class='ocrx_word' id='word_1_208' title='bbox 2467 1426 2596 1494; x_wconf 92' lang='lat' dir='ltr'><strong>ipsis</strong></span> <span class='ocrx_word' id='word_1_209' title='bbox 2616 1438 2753 1496; x_wconf 89' lang='lat' dir='ltr'><strong>erat,</strong></span> <span class='ocrx_word' id='word_1_210' title='bbox 2786 1446 2892 1485; x_wconf 91' lang='lat' dir='ltr'><strong>non</strong></span> <span class='ocrx_word' id='word_1_211' title='bbox 2920 1446 3127 1488; x_wconf 68' lang='lat' dir='ltr'><strong>coenam</strong></span> <span class='ocrx_word' id='word_1_212' title='bbox 3152 1435 3394 1505; x_wconf 89' lang='lat' dir='ltr'><strong>liberam,</strong></span> <span class='ocrx_word' id='word_1_213' title='bbox 3429 1438 3524 1495; x_wconf 90' lang='lat' dir='ltr'><strong>sed</strong></span> 
     </span>
    </p>
   </div>
   <div class='ocr_carea' id='block_1_30' title="bbox 1925 1518 2630 1580">
    <p class='ocr_par' dir='ltr' id='par_1_30' title="bbox 1925 1518 2630 1580">
     <span class='ocr_line' id='line_1_30' title="bbox 1925 1518 2630 1580; baseline 0.023 -24"><span class='ocrx_word' id='word_1_214' title='bbox 1925 1518 2129 1575; x_wconf 65' lang='lat' dir='ltr'><strong>agapen</strong></span> <span class='ocrx_word' id='word_1_215' title='bbox 2151 1522 2447 1580; x_wconf 77' lang='lat' dir='ltr'><strong>ccenarent;</strong></span> <span class='ocrx_word' id='word_1_216' title='bbox 2472 1525 2575 1571; x_wconf 91' lang='lat' dir='ltr'><strong>etc.</strong></span> <span class='ocrx_word' id='word_1_217' title='bbox 2612 1537 2630 1571; x_wconf 76' lang='grc' dir='ltr'><strong><em>ι</em></strong></span> 
     </span>
    </p>
   </div>
   <div class='ocr_carea' id='block_1_31' title="bbox 1998 1600 3526 1678">
    <p class='ocr_par' dir='ltr' id='par_1_31' title="bbox 1998 1600 3526 1678">
     <span class='ocr_line' id='line_1_31' title="bbox 1998 1600 3526 1678; baseline 0.016 -24"><span class='ocrx_word' id='word_1_218' title='bbox 1998 1600 2134 1657; x_wconf 80' lang='lat' dir='ltr'><strong>VIII.</strong></span> <span class='ocrx_word' id='word_1_219' title='bbox 2175 1604 2347 1673; x_wconf 88' lang='lat' dir='ltr'><strong>Quam</strong></span> <span class='ocrx_word' id='word_1_220' title='bbox 2388 1608 2505 1665; x_wconf 82' lang='lat' dir='ltr'><strong>haec</strong></span> <span class='ocrx_word' id='word_1_221' title='bbox 2550 1624 2914 1671; x_wconf 87' lang='lat' dir='ltr'><strong>consentanea</strong></span> <span class='ocrx_word' id='word_1_222' title='bbox 2970 1628 3094 1674; x_wconf 92' lang='lat' dir='ltr'><strong>sunt</strong></span> <span class='ocrx_word' id='word_1_223' title='bbox 3147 1622 3526 1678; x_wconf 59' lang='lat' dir='ltr'><strong>vetustissimae</strong></span> 
     </span>
    </p>
   </div>
   <div class='ocr_carea' id='block_1_32' title="bbox 1926 1689 3528 1779">
    <p class='ocr_par' dir='ltr' id='par_1_32' title="bbox 1926 1689 3528 1779">
     <span class='ocr_line' id='line_1_32' title="bbox 1926 1689 3528 1779; baseline 0.016 -34"><span class='ocrx_word' id='word_1_224' title='bbox 1926 1689 2185 1750; x_wconf 64' lang='lat' dir='ltr'><strong>Ecclesiae</strong></span> <span class='ocrx_word' id='word_1_225' title='bbox 2238 1697 2520 1756; x_wconf 69' lang='lat' dir='ltr'><strong>catholica:</strong></span> <span class='ocrx_word' id='word_1_226' title='bbox 2549 1703 2867 1775; x_wconf 83' lang='lat' dir='ltr'><strong>disciplinae,</strong></span> <span class='ocrx_word' id='word_1_227' title='bbox 2919 1724 3039 1779; x_wconf 85' lang='lat' dir='ltr'><strong>quae</strong></span> <span class='ocrx_word' id='word_1_228' title='bbox 3067 1713 3357 1768; x_wconf 85' lang='lat' dir='ltr'><strong>maximam</strong></span> <span class='ocrx_word' id='word_1_229' title='bbox 3385 1729 3528 1769; x_wconf 86' lang='lat' dir='ltr'><strong>sem-</strong></span> 
     </span>
    </p>
   </div>
   <div class='ocr_carea' id='block_1_33' title="bbox 226 1789 3528 1877">
    <p class='ocr_par' dir='ltr' id='par_1_33' title="bbox 226 1789 3528 1877">
     <span class='ocr_line' id='line_1_33' title="bbox 226 1789 3528 1877; baseline 0.006 -34"><span class='ocrx_word' id='word_1_230' title='bbox 226 1789 485 1845; x_wconf 85' lang='lat' dir='ltr'><strong>adversus</strong></span> <span class='ocrx_word' id='word_1_231' title='bbox 551 1789 834 1845; x_wconf 66' lang='lat' dir='ltr'><strong>bmreticos</strong></span> <span class='ocrx_word' id='word_1_232' title='bbox 862 1790 1211 1877; x_wconf 61' lang='lat' dir='ltr'><strong>.episcopalis</strong></span> <span class='ocrx_word' id='word_1_233' title='bbox 1265 1789 1471 1845; x_wconf 92' lang='lat' dir='ltr'><strong>ordinis</strong></span> <span class='ocrx_word' id='word_1_234' title='bbox 1532 1789 1823 1844; x_wconf 85' lang='lat' dir='ltr'><strong>auctoritas</strong></span> <span class='ocrx_word' id='word_1_235' title='bbox 1852 1802 1899 1861; x_wconf 83' lang='grc' dir='ltr'><strong>Β</strong></span> <span class='ocrx_word' id='word_1_236' title='bbox 1927 1800 2044 1855; x_wconf 88' lang='lat' dir='ltr'><strong>per,</strong></span> <span class='ocrx_word' id='word_1_237' title='bbox 2076 1799 2131 1843; x_wconf 90' lang='lat' dir='ltr'><strong>et</strong></span> <span class='ocrx_word' id='word_1_238' title='bbox 2182 1800 2476 1848; x_wconf 89' lang='lat' dir='ltr'><strong>maternam</strong></span> <span class='ocrx_word' id='word_1_239' title='bbox 2516 1810 2640 1866; x_wconf 87' lang='lat' dir='ltr'><strong>erga</strong></span> <span class='ocrx_word' id='word_1_240' title='bbox 2681 1799 3021 1856; x_wconf 89' lang='lat' dir='ltr'><strong>confessores</strong></span> <span class='ocrx_word' id='word_1_241' title='bbox 3050 1803 3100 1856; x_wconf 93' lang='lat' dir='ltr'><strong>in</strong></span> <span class='ocrx_word' id='word_1_242' title='bbox 3131 1806 3357 1860; x_wconf 90' lang='lat' dir='ltr'><strong>vinculis</strong></span> <span class='ocrx_word' id='word_1_243' title='bbox 3396 1821 3528 1862; x_wconf 91' lang='lat' dir='ltr'><strong>con-</strong></span> 
     </span>
    </p>
   </div>
   <div class='ocr_carea' id='block_1_34' title="bbox 225 1880 1826 1954">
    <p class='ocr_par' dir='ltr' id='par_1_34' title="bbox 225 1880 1826 1954">
     <span class='ocr_line' id='line_1_34' title="bbox 225 1880 1826 1954; baseline 0.002 -19"><span class='ocrx_word' id='word_1_244' title='bbox 225 1882 464 1953; x_wconf 84' lang='lat' dir='ltr'><strong>urgenda</strong></span> <span class='ocrx_word' id='word_1_245' title='bbox 517 1891 621 1949; x_wconf 90' lang='lat' dir='ltr'><strong>est,</strong></span> <span class='ocrx_word' id='word_1_246' title='bbox 663 1880 1057 1938; x_wconf 85' lang='lat' dir='ltr'><strong>Catholicorum</strong></span> <span class='ocrx_word' id='word_1_247' title='bbox 1090 1882 1296 1939; x_wconf 86' lang='lat' dir='ltr'><strong>indices</strong></span> <span class='ocrx_word' id='word_1_248' title='bbox 1346 1882 1716 1954; x_wconf 85' lang='lat' dir='ltr'><strong>proferuntur.</strong></span> <span class='ocrx_word' id='word_1_249' title='bbox 1769 1884 1826 1939; x_wconf 87' lang='lat' dir='ltr'><strong>Si</strong></span> 
     </span>
    </p>
   </div>
   <div class='ocr_carea' id='block_1_35' title="bbox 224 1973 1820 2045">
    <p class='ocr_par' dir='ltr' id='par_1_35' title="bbox 224 1973 1820 2045">
     <span class='ocr_line' id='line_1_35' title="bbox 224 1973 1820 2045; baseline -0.001 -16"><span class='ocrx_word' id='word_1_250' title='bbox 224 1991 327 2045; x_wconf 87' lang='lat' dir='ltr'><strong>pro</strong></span> <span class='ocrx_word' id='word_1_251' title='bbox 375 1974 703 2031; x_wconf 72' lang='lat' dir='ltr'><strong>Montanistis</strong></span> <span class='ocrx_word' id='word_1_252' title='bbox 741 1975 1001 2031; x_wconf 89' lang='lat' dir='ltr'><strong>adversus</strong></span> <span class='ocrx_word' id='word_1_253' title='bbox 1051 1973 1359 2031; x_wconf 86' lang='lat' dir='ltr'><strong>Catholicos</strong></span> <span class='ocrx_word' id='word_1_254' title='bbox 1408 1974 1820 2041; x_wconf 89' lang='lat' dir='ltr'><strong>decertandum,</strong></span> 
     </span>
    </p>
   </div>
   <div class='ocr_carea' id='block_1_36' title="bbox 225 2066 1825 2139">
    <p class='ocr_par' dir='ltr' id='par_1_36' title="bbox 225 2066 1825 2139">
     <span class='ocr_line' id='line_1_36' title="bbox 225 2066 1825 2139; baseline 0 -17"><span class='ocrx_word' id='word_1_255' title='bbox 225 2069 602 2139; x_wconf 85' lang='lat' dir='ltr'><strong>episcoporum</strong></span> <span class='ocrx_word' id='word_1_256' title='bbox 655 2069 949 2124; x_wconf 81' lang='lat' dir='ltr'><strong>auctoritas</strong></span> <span class='ocrx_word' id='word_1_257' title='bbox 976 2069 1358 2134; x_wconf 90' lang='lat' dir='ltr'><strong>contemnitur,</strong></span> <span class='ocrx_word' id='word_1_258' title='bbox 1409 2076 1466 2123; x_wconf 90' lang='lat' dir='ltr'><strong>et</strong></span> <span class='ocrx_word' id='word_1_259' title='bbox 1498 2067 1742 2122; x_wconf 89' lang='lat' dir='ltr'><strong>Ecclesia</strong></span> <span class='ocrx_word' id='word_1_260' title='bbox 1770 2066 1825 2122; x_wconf 84' lang='lat' dir='ltr'><strong>in</strong></span> 
     </span>
    </p>
   </div>
   <div class='ocr_carea' id='block_1_37' title="bbox 223 2162 1824 2234">
    <p class='ocr_par' dir='ltr' id='par_1_37' title="bbox 223 2162 1824 2234">
     <span class='ocr_line' id='line_1_37' title="bbox 223 2162 1824 2234; baseline 0.001 -18"><span class='ocrx_word' id='word_1_261' title='bbox 223 2164 401 2217; x_wconf 87' lang='lat' dir='ltr'><strong>tribus</strong></span> <span class='ocrx_word' id='word_1_262' title='bbox 439 2162 587 2217; x_wconf 87' lang='lat' dir='ltr'><strong>Iaicis</strong></span> <span class='ocrx_word' id='word_1_263' title='bbox 633 2165 995 2219; x_wconf 90' lang='lat' dir='ltr'><strong>constituitur.</strong></span> <span class='ocrx_word' id='word_1_264' title='bbox 1028 2162 1254 2233; x_wconf 88' lang='lat' dir='ltr'><strong>Optatus</strong></span> <span class='ocrx_word' id='word_1_265' title='bbox 1294 2165 1474 2234; x_wconf 89' lang='lat' dir='ltr'><strong>itaque</strong></span> <span class='ocrx_word' id='word_1_266' title='bbox 1515 2164 1824 2233; x_wconf 90' lang='lat' dir='ltr'><strong>episcopus,</strong></span> 
     </span>
    </p>
   </div>
   <div class='ocr_carea' id='block_1_38' title="bbox 221 2255 1828 2329">
    <p class='ocr_par' dir='ltr' id='par_1_38' title="bbox 221 2255 1828 2329">
     <span class='ocr_line' id='line_1_38' title="bbox 221 2255 1828 2329; baseline 0.001 -20"><span class='ocrx_word' id='word_1_267' title='bbox 221 2255 336 2325; x_wconf 87' lang='lat' dir='ltr'><strong>qui,</strong></span> <span class='ocrx_word' id='word_1_268' title='bbox 368 2256 420 2309; x_wconf 91' lang='lat' dir='ltr'><strong>in</strong></span> <span class='ocrx_word' id='word_1_269' title='bbox 455 2255 604 2309; x_wconf 84' lang='lat' dir='ltr'><strong>Actis</strong></span> <span class='ocrx_word' id='word_1_270' title='bbox 632 2266 939 2311; x_wconf 89' lang='lat' dir='ltr'><strong>nostrorum</strong></span> <span class='ocrx_word' id='word_1_271' title='bbox 987 2266 1286 2329; x_wconf 82' lang='lat' dir='ltr'><strong>martyrum</strong></span> <span class='ocrx_word' id='word_1_272' title='bbox 1318 2267 1667 2322; x_wconf 85' lang='lat' dir='ltr'><strong>memoratur,</strong></span> <span class='ocrx_word' id='word_1_273' title='bbox 1705 2272 1828 2326; x_wconf 90' lang='lat' dir='ltr'><strong>per-</strong></span> 
     </span>
    </p>
   </div>
   <div class='ocr_carea' id='block_1_39' title="bbox 222 2348 1826 2421">
    <p class='ocr_par' dir='ltr' id='par_1_39' title="bbox 222 2348 1826 2421">
     <span class='ocr_line' id='line_1_39' title="bbox 222 2348 1826 2421; baseline 0 -18"><span class='ocrx_word' id='word_1_274' title='bbox 222 2363 415 2418; x_wconf 84' lang='lat' dir='ltr'><strong>peram</strong></span> <span class='ocrx_word' id='word_1_275' title='bbox 447 2348 611 2404; x_wconf 87' lang='lat' dir='ltr'><strong>fuisse</strong></span> <span class='ocrx_word' id='word_1_276' title='bbox 645 2349 843 2404; x_wconf 89' lang='lat' dir='ltr'><strong>dicitur</strong></span> <span class='ocrx_word' id='word_1_277' title='bbox 869 2349 1309 2405; x_wconf 86' lang='lat' dir='ltr'><strong>Montanistarum</strong></span> <span class='ocrx_word' id='word_1_278' title='bbox 1338 2350 1826 2421; x_wconf 86' lang='lat' dir='ltr'><strong>carthaginensium</strong></span> 
     </span>
    </p>
   </div>
   <div class='ocr_carea' id='block_1_40' title="bbox 222 2443 1829 2513">
    <p class='ocr_par' dir='ltr' id='par_1_40' title="bbox 222 2443 1829 2513">
     <span class='ocr_line' id='line_1_40' title="bbox 222 2443 1829 2513; baseline 0 -15"><span class='ocrx_word' id='word_1_279' title='bbox 222 2444 543 2512; x_wconf 83' lang='lat' dir='ltr'><strong>episcopus:</strong></span> <span class='ocrx_word' id='word_1_280' title='bbox 594 2443 692 2498; x_wconf 89' lang='lat' dir='ltr'><strong>sed</strong></span> <span class='ocrx_word' id='word_1_281' title='bbox 733 2445 1015 2499; x_wconf 63' lang='lat' dir='ltr'><strong>catholicae</strong></span> <span class='ocrx_word' id='word_1_282' title='bbox 1056 2444 1424 2499; x_wconf 90' lang='lat' dir='ltr'><strong>communioni</strong></span> <span class='ocrx_word' id='word_1_283' title='bbox 1488 2443 1719 2513; x_wconf 70' lang='lat' dir='ltr'><strong>praefuit.</strong></span> <span class='ocrx_word' id='word_1_284' title='bbox 1772 2443 1829 2498; x_wconf 85' lang='lat' dir='ltr'><strong>Id</strong></span> 
     </span>
    </p>
   </div>
   <div class='ocr_carea' id='block_1_41' title="bbox 221 2534 1831 2607">
    <p class='ocr_par' dir='ltr' id='par_1_41' title="bbox 221 2534 1831 2607">
     <span class='ocr_line' id='line_1_41' title="bbox 221 2534 1831 2607; baseline 0.002 -19"><span class='ocrx_word' id='word_1_285' title='bbox 221 2534 368 2605; x_wconf 85' lang='lat' dir='ltr'><strong>quod</strong></span> <span class='ocrx_word' id='word_1_286' title='bbox 397 2535 562 2589; x_wconf 85' lang='lat' dir='ltr'><strong>etiam</strong></span> <span class='ocrx_word' id='word_1_287' title='bbox 593 2536 657 2591; x_wconf 86' lang='lat' dir='ltr'><strong>iis</strong></span> <span class='ocrx_word' id='word_1_288' title='bbox 682 2538 996 2607; x_wconf 81' lang='lat' dir='ltr'><strong>angelorum</strong></span> <span class='ocrx_word' id='word_1_289' title='bbox 1023 2538 1201 2593; x_wconf 85' lang='lat' dir='ltr'><strong>verbis</strong></span> <span class='ocrx_word' id='word_1_290' title='bbox 1232 2540 1601 2601; x_wconf 70' lang='lat' dir='ltr'><strong>confirmatur,</strong></span> <span class='ocrx_word' id='word_1_291' title='bbox 1635 2538 1831 2607; x_wconf 83' lang='lat' dir='ltr'><strong>quibus</strong></span> 
     </span>
    </p>
   </div>
   <div class='ocr_carea' id='block_1_42' title="bbox 216 2624 1828 2703">
    <p class='ocr_par' dir='ltr' id='par_1_42' title="bbox 216 2624 1828 2703">
     <span class='ocr_line' id='line_1_42' title="bbox 216 2624 1828 2703; baseline 0.001 -20"><span class='ocrx_word' id='word_1_292' title='bbox 216 2629 442 2699; x_wconf 87' lang='lat' dir='ltr'><strong>jubetur</strong></span> <span class='ocrx_word' id='word_1_293' title='bbox 475 2629 683 2699; x_wconf 86' lang='lat' dir='ltr'><strong>plebem</strong></span> <span class='ocrx_word' id='word_1_294' title='bbox 734 2624 885 2685; x_wconf 80' lang='lat' dir='ltr'><strong>Suam</strong></span> <span class='ocrx_word' id='word_1_295' title='bbox 916 2631 1205 2702; x_wconf 79' lang='lat' dir='ltr'><strong>corrigere,</strong></span> <span class='ocrx_word' id='word_1_296' title='bbox 1243 2650 1261 2683; x_wconf 83' lang='grc'><em>‹</em></span> <span class='ocrx_word' id='word_1_297' title='bbox 1286 2633 1408 2702; x_wconf 90' lang='lat' dir='ltr'><strong>quia</strong></span> <span class='ocrx_word' id='word_1_298' title='bbox 1432 2634 1529 2699; x_wconf 91' lang='lat' dir='ltr'><strong>sic,</strong></span> <span class='ocrx_word' id='word_1_299' title='bbox 1562 2632 1828 2703; x_wconf 87' lang='lat' dir='ltr'><strong>inquiunt,</strong></span> 
     </span>
    </p>
   </div>
   <div class='ocr_carea' id='block_1_43' title="bbox 220 2711 1832 2795">
    <p class='ocr_par' dir='ltr' id='par_1_43' title="bbox 220 2711 1832 2795">
     <span class='ocr_line' id='line_1_43' title="bbox 220 2711 1832 2795; baseline 0.002 -19"><span class='ocrx_word' id='word_1_300' title='bbox 220 2721 287 2777; x_wconf 85' lang='lat' dir='ltr'><strong>ad</strong></span> <span class='ocrx_word' id='word_1_301' title='bbox 345 2723 779 2789; x_wconf 88' lang='lat' dir='ltr'><strong>teconveniunt,</strong></span> <span class='ocrx_word' id='word_1_302' title='bbox 828 2711 985 2795; x_wconf 74' lang='lat' dir='ltr'><strong>quasi</strong></span> <span class='ocrx_word' id='word_1_303' title='bbox 1033 2725 1099 2781; x_wconf 92' lang='lat' dir='ltr'><strong>de</strong></span> <span class='ocrx_word' id='word_1_304' title='bbox 1147 2726 1293 2781; x_wconf 90' lang='lat' dir='ltr'><strong>circo</strong></span> <span class='ocrx_word' id='word_1_305' title='bbox 1345 2726 1634 2781; x_wconf 86' lang='lat' dir='ltr'><strong>redeuntes</strong></span> <span class='ocrx_word' id='word_1_306' title='bbox 1664 2735 1718 2781; x_wconf 92' lang='lat' dir='ltr'><strong>et</strong></span> <span class='ocrx_word' id='word_1_307' title='bbox 1764 2724 1832 2779; x_wconf 91' lang='lat' dir='ltr'><strong>de</strong></span> 
     </span>
    </p>
   </div>
   <div class='ocr_carea' id='block_1_44' title="bbox 220 2817 1832 2876">
    <p class='ocr_par' dir='ltr' id='par_1_44' title="bbox 220 2817 1832 2876">
     <span class='ocr_line' id='line_1_44' title="bbox 220 2817 1832 2876; baseline 0.002 -6"><span class='ocrx_word' id='word_1_308' title='bbox 220 2817 555 2874; x_wconf 84' lang='lat' dir='ltr'><strong>factionibus</strong></span> <span class='ocrx_word' id='word_1_309' title='bbox 595 2829 887 2876; x_wconf 87' lang='lat' dir='ltr'><strong>certantes.</strong></span> <span class='ocrx_word' id='word_1_310' title='bbox 913 2838 934 2872; x_wconf 77' lang='grc' dir='ltr'><strong>ι</strong></span> <span class='ocrx_word' id='word_1_311' title='bbox 977 2819 1104 2875; x_wconf 73' lang='grc' dir='ltr'><strong>ΗίΕο</strong></span> <span class='ocrx_word' id='word_1_312' title='bbox 1128 2820 1273 2874; x_wconf 90' lang='lat' dir='ltr'><strong>enim</strong></span> <span class='ocrx_word' id='word_1_313' title='bbox 1303 2821 1461 2874; x_wconf 87' lang='lat' dir='ltr'><strong>verba</strong></span> <span class='ocrx_word' id='word_1_314' title='bbox 1494 2834 1598 2873; x_wconf 89' lang='lat' dir='ltr'><strong>non</strong></span> <span class='ocrx_word' id='word_1_315' title='bbox 1632 2820 1684 2873; x_wconf 90' lang='lat' dir='ltr'><strong>in</strong></span> <span class='ocrx_word' id='word_1_316' title='bbox 1708 2833 1832 2873; x_wconf 91' lang='lat' dir='ltr'><strong>eum</strong></span> 
     </span>
    </p>
   </div>
   <div class='ocr_carea' id='block_1_45' title="bbox 220 2911 1832 2985">
    <p class='ocr_par' dir='ltr' id='par_1_45' title="bbox 220 2911 1832 2985">
     <span class='ocr_line' id='line_1_45' title="bbox 220 2911 1832 2985; baseline 0.001 -20"><span class='ocrx_word' id='word_1_317' title='bbox 220 2911 378 2967; x_wconf 82' lang='lat' dir='ltr'><strong>bene</strong></span> <span class='ocrx_word' id='word_1_318' title='bbox 436 2915 797 2981; x_wconf 83' lang='lat' dir='ltr'><strong>conveniunt,</strong></span> <span class='ocrx_word' id='word_1_319' title='bbox 854 2914 942 2985; x_wconf 90' lang='lat' dir='ltr'><strong>qui</strong></span> <span class='ocrx_word' id='word_1_320' title='bbox 994 2929 1285 2984; x_wconf 82' lang='lat' dir='ltr'><strong>paucorum</strong></span> <span class='ocrx_word' id='word_1_321' title='bbox 1341 2914 1616 2969; x_wconf 88' lang='lat' dir='ltr'><strong>hominum</strong></span> <span class='ocrx_word' id='word_1_322' title='bbox 1670 2922 1832 2968; x_wconf 72' lang='lat' dir='ltr'><strong>sectae</strong></span> 
     </span>
    </p>
   </div>
   <div class='ocr_carea' id='block_1_46' title="bbox 229 3005 1828 3077">
    <p class='ocr_par' dir='ltr' id='par_1_46' title="bbox 229 3005 1828 3077">
     <span class='ocr_line' id='line_1_46' title="bbox 229 3005 1828 3077; baseline 0.001 -20"><span class='ocrx_word' id='word_1_323' title='bbox 229 3016 521 3073; x_wconf 60' lang='lat' dir='ltr'><strong>prmesset,</strong></span> <span class='ocrx_word' id='word_1_324' title='bbox 547 3007 716 3077; x_wconf 86' lang='lat' dir='ltr'><strong>qualis</strong></span> <span class='ocrx_word' id='word_1_325' title='bbox 748 3017 876 3061; x_wconf 92' lang='lat' dir='ltr'><strong>tunc</strong></span> <span class='ocrx_word' id='word_1_326' title='bbox 902 3016 1018 3061; x_wconf 86' lang='lat' dir='ltr'><strong>erat</strong></span> <span class='ocrx_word' id='word_1_327' title='bbox 1044 3006 1096 3060; x_wconf 90' lang='lat' dir='ltr'><strong>in</strong></span> <span class='ocrx_word' id='word_1_328' title='bbox 1128 3007 1303 3061; x_wconf 84' lang='lat' dir='ltr'><strong>Africa</strong></span> <span class='ocrx_word' id='word_1_329' title='bbox 1334 3005 1776 3061; x_wconf 81' lang='lat' dir='ltr'><strong>Montanistarum</strong></span> <span class='ocrx_word' id='word_1_330' title='bbox 1814 3022 1828 3059; x_wconf 89' lang='lat'><strong>:</strong></span> 
     </span>
    </p>
   </div>
   <div class='ocr_carea' id='block_1_47' title="bbox 224 3098 1832 3168">
    <p class='ocr_par' dir='ltr' id='par_1_47' title="bbox 224 3098 1832 3168">
     <span class='ocr_line' id='line_1_47' title="bbox 224 3098 1832 3168; baseline -0.006 -10"><span class='ocrx_word' id='word_1_331' title='bbox 224 3102 331 3159; x_wconf 80' lang='lat' dir='ltr'><strong>sed</strong></span> <span class='ocrx_word' id='word_1_332' title='bbox 382 3098 477 3168; x_wconf 90' lang='lat' dir='ltr'><strong>qui</strong></span> <span class='ocrx_word' id='word_1_333' title='bbox 521 3099 773 3168; x_wconf 90' lang='lat' dir='ltr'><strong>populum</strong></span> <span class='ocrx_word' id='word_1_334' title='bbox 829 3108 883 3153; x_wconf 91' lang='lat' dir='ltr'><strong>et</strong></span> <span class='ocrx_word' id='word_1_335' title='bbox 928 3098 1325 3153; x_wconf 90' lang='lat' dir='ltr'><strong>multitudinem</strong></span> <span class='ocrx_word' id='word_1_336' title='bbox 1356 3099 1698 3165; x_wconf 78' lang='lat' dir='ltr'><strong>gubernaret,</strong></span> <span class='ocrx_word' id='word_1_337' title='bbox 1729 3111 1832 3167; x_wconf 91' lang='lat' dir='ltr'><strong>qua</strong></span> 
     </span>
    </p>
   </div>
   <div class='ocr_carea' id='block_1_48' title="bbox 1928 1880 3530 1959">
    <p class='ocr_par' dir='ltr' id='par_1_48' title="bbox 1928 1880 3530 1959">
     <span class='ocr_line' id='line_1_48' title="bbox 1928 1880 3530 1959; baseline 0.015 -27"><span class='ocrx_word' id='word_1_338' title='bbox 1928 1880 2144 1937; x_wconf 86' lang='lat' dir='ltr'><strong>stitutos</strong></span> <span class='ocrx_word' id='word_1_339' title='bbox 2166 1885 2401 1941; x_wconf 88' lang='lat' dir='ltr'><strong>ostendit</strong></span> <span class='ocrx_word' id='word_1_340' title='bbox 2451 1888 2898 1959; x_wconf 90' lang='lat' dir='ltr'><strong>sollicitudinem;</strong></span> <span class='ocrx_word' id='word_1_341' title='bbox 2934 1903 3039 1949; x_wconf 88' lang='lat' dir='ltr'><strong>tam</strong></span> <span class='ocrx_word' id='word_1_342' title='bbox 3062 1896 3235 1951; x_wconf 88' lang='lat' dir='ltr'><strong>aliena</strong></span> <span class='ocrx_word' id='word_1_343' title='bbox 3279 1898 3530 1959; x_wconf 89' lang='lat' dir='ltr'><strong>videntur</strong></span> 
     </span>
    </p>
   </div>
   <div class='ocr_carea' id='block_1_49' title="bbox 1927 1971 3527 2051">
    <p class='ocr_par' dir='ltr' id='par_1_49' title="bbox 1927 1971 3527 2051">
     <span class='ocr_line' id='line_1_49' title="bbox 1927 1971 3527 2051; baseline 0.016 -27"><span class='ocrx_word' id='word_1_344' title='bbox 1927 1971 1996 2025; x_wconf 90' lang='lat' dir='ltr'><strong>ab</strong></span> <span class='ocrx_word' id='word_1_345' title='bbox 2041 1975 2352 2043; x_wconf 85' lang='lat' dir='ltr'><strong>asperrimis</strong></span> <span class='ocrx_word' id='word_1_346' title='bbox 2401 1979 2452 2033; x_wconf 93' lang='lat' dir='ltr'><strong>in</strong></span> <span class='ocrx_word' id='word_1_347' title='bbox 2502 1986 2738 2051; x_wconf 88' lang='lat' dir='ltr'><strong>speciem</strong></span> <span class='ocrx_word' id='word_1_348' title='bbox 2771 1989 3215 2047; x_wconf 88' lang='lat' dir='ltr'><strong>montanistarum</strong></span> <span class='ocrx_word' id='word_1_349' title='bbox 3246 1991 3527 2051; x_wconf 88' lang='lat' dir='ltr'><strong>institutis.</strong></span> 
     </span>
    </p>
   </div>
   <div class='ocr_carea' id='block_1_50' title="bbox 1928 2061 3530 2151">
    <p class='ocr_par' dir='ltr' id='par_1_50' title="bbox 1928 2061 3530 2151">
     <span class='ocr_line' id='line_1_50' title="bbox 1928 2061 3530 2151; baseline 0.017 -36"><span class='ocrx_word' id='word_1_350' title='bbox 1928 2061 2197 2121; x_wconf 89' lang='lat' dir='ltr'><strong>Luciauus</strong></span> <span class='ocrx_word' id='word_1_351' title='bbox 2226 2068 2277 2121; x_wconf 93' lang='lat' dir='ltr'><strong>in</strong></span> <span class='ocrx_word' id='word_1_352' title='bbox 2323 2070 2549 2137; x_wconf 86' lang='lat' dir='ltr'><strong>epistola</strong></span> <span class='ocrx_word' id='word_1_353' title='bbox 2590 2074 2660 2130; x_wconf 91' lang='lat' dir='ltr'><strong>de</strong></span> <span class='ocrx_word' id='word_1_354' title='bbox 2710 2087 2884 2133; x_wconf 91' lang='lat' dir='ltr'><strong>morte</strong></span> <span class='ocrx_word' id='word_1_355' title='bbox 2934 2080 3233 2151; x_wconf 85' lang='lat' dir='ltr'><strong>Peregrini,</strong></span> <span class='ocrx_word' id='word_1_356' title='bbox 3286 2095 3530 2143; x_wconf 86' lang='lat' dir='ltr'><strong>veterum</strong></span> 
     </span>
    </p>
   </div>
   <div class='ocr_carea' id='block_1_51' title="bbox 1928 2156 3534 2242">
    <p class='ocr_par' dir='ltr' id='par_1_51' title="bbox 1928 2156 3534 2242">
     <span class='ocr_line' id='line_1_51' title="bbox 1928 2156 3534 2242; baseline 0.015 -29"><span class='ocrx_word' id='word_1_357' title='bbox 1928 2156 2358 2217; x_wconf 88' lang='lat' dir='ltr'><strong>Christianorum</strong></span> <span class='ocrx_word' id='word_1_358' title='bbox 2407 2178 2534 2236; x_wconf 86' lang='lat' dir='ltr'><strong>erga</strong></span> <span class='ocrx_word' id='word_1_359' title='bbox 2562 2165 2756 2225; x_wconf 90' lang='lat' dir='ltr'><strong>fratres</strong></span> <span class='ocrx_word' id='word_1_360' title='bbox 2802 2186 2931 2227; x_wconf 86' lang='lat' dir='ltr'><strong>suos</strong></span> <span class='ocrx_word' id='word_1_361' title='bbox 2958 2188 3055 2242; x_wconf 92' lang='lat' dir='ltr'><strong>pro</strong></span> <span class='ocrx_word' id='word_1_362' title='bbox 3083 2173 3188 2229; x_wconf 82' lang='lat' dir='ltr'><strong>fide</strong></span> <span class='ocrx_word' id='word_1_363' title='bbox 3221 2176 3271 2230; x_wconf 93' lang='lat' dir='ltr'><strong>in</strong></span> <span class='ocrx_word' id='word_1_364' title='bbox 3304 2178 3534 2237; x_wconf 88' lang='lat' dir='ltr'><strong>vinculis</strong></span> 
     </span>
    </p>
   </div>
   <div class='ocr_carea' id='block_1_52' title="bbox 1929 2251 3529 2338">
    <p class='ocr_par' dir='ltr' id='par_1_52' title="bbox 1929 2251 3529 2338">
     <span class='ocr_line' id='line_1_52' title="bbox 1929 2251 3529 2338; baseline 0.018 -36"><span class='ocrx_word' id='word_1_365' title='bbox 1929 2251 2155 2319; x_wconf 89' lang='lat' dir='ltr'><strong>positos,</strong></span> <span class='ocrx_word' id='word_1_366' title='bbox 2203 2255 2413 2322; x_wconf 90' lang='lat' dir='ltr'><strong>pietatis</strong></span> <span class='ocrx_word' id='word_1_367' title='bbox 2436 2267 2491 2312; x_wconf 92' lang='lat' dir='ltr'><strong>et</strong></span> <span class='ocrx_word' id='word_1_368' title='bbox 2530 2261 2770 2318; x_wconf 89' lang='lat' dir='ltr'><strong>caritatis</strong></span> <span class='ocrx_word' id='word_1_369' title='bbox 2819 2263 3018 2334; x_wconf 73' lang='lat' dir='ltr'><strong>officia,</strong></span> <span class='ocrx_word' id='word_1_370' title='bbox 3065 2271 3311 2338; x_wconf 88' lang='lat' dir='ltr'><strong>quamvis</strong></span> <span class='ocrx_word' id='word_1_371' title='bbox 3338 2288 3400 2327; x_wconf 91' lang='lat' dir='ltr'><strong>ea</strong></span> <span class='ocrx_word' id='word_1_372' title='bbox 3430 2288 3529 2329; x_wconf 88' lang='lat' dir='ltr'><strong>ne-</strong></span> 
     </span>
    </p>
   </div>
   <div class='ocr_carea' id='block_1_53' title="bbox 1931 2342 3535 2422">
    <p class='ocr_par' dir='ltr' id='par_1_53' title="bbox 1931 2342 3535 2422">
     <span class='ocr_line' id='line_1_53' title="bbox 1931 2342 3535 2422; baseline 0.016 -26"><span class='ocrx_word' id='word_1_373' title='bbox 1931 2342 2063 2399; x_wconf 85' lang='lat' dir='ltr'><strong>farie</strong></span> <span class='ocrx_word' id='word_1_374' title='bbox 2084 2345 2357 2416; x_wconf 87' lang='lat' dir='ltr'><strong>deridens,</strong></span> <span class='ocrx_word' id='word_1_375' title='bbox 2405 2352 2660 2422; x_wconf 86' lang='lat' dir='ltr'><strong>graphice</strong></span> <span class='ocrx_word' id='word_1_376' title='bbox 2692 2364 2868 2411; x_wconf 89' lang='lat' dir='ltr'><strong>tamen</strong></span> <span class='ocrx_word' id='word_1_377' title='bbox 2888 2358 2973 2414; x_wconf 89' lang='lat' dir='ltr'><strong>his</strong></span> <span class='ocrx_word' id='word_1_378' title='bbox 2996 2362 3175 2415; x_wconf 80' lang='lat' dir='ltr'><strong>verbis</strong></span> <span class='ocrx_word' id='word_1_379' title='bbox 3210 2364 3535 2422; x_wconf 82' lang='lat' dir='ltr'><strong>luculenter-</strong></span> 
     </span>
    </p>
   </div>
   <div class='ocr_carea' id='block_1_54' title="bbox 1931 2438 3532 2518">
    <p class='ocr_par' dir='ltr' id='par_1_54' title="bbox 1931 2438 3532 2518">
     <span class='ocr_line' id='line_1_54' title="bbox 1931 2438 3532 2518; baseline 0.017 -28"><span class='ocrx_word' id='word_1_380' title='bbox 1931 2453 2036 2507; x_wconf 90' lang='lat' dir='ltr'><strong>que</strong></span> <span class='ocrx_word' id='word_1_381' title='bbox 2058 2438 2317 2497; x_wconf 86' lang='lat' dir='ltr'><strong>describit</strong></span> <span class='ocrx_word' id='word_1_382' title='bbox 2338 2443 2419 2513; x_wconf 78' lang='lat'><strong>(2)</strong></span> <span class='ocrx_word' id='word_1_383' title='bbox 2449 2463 2463 2498; x_wconf 90' lang='lat'><strong>:</strong></span> <span class='ocrx_word' id='word_1_384' title='bbox 2504 2464 2523 2497; x_wconf 70' lang='grc' dir='ltr'><em>ς</em></span> <span class='ocrx_word' id='word_1_385' title='bbox 2561 2447 2898 2518; x_wconf 84' lang='lat' dir='ltr'><strong>Magistratus</strong></span> <span class='ocrx_word' id='word_1_386' title='bbox 2924 2465 3102 2509; x_wconf 87' lang='lat' dir='ltr'><strong>autem</strong></span> <span class='ocrx_word' id='word_1_387' title='bbox 3151 2472 3339 2514; x_wconf 92' lang='lat' dir='ltr'><strong>eorum</strong></span> <span class='ocrx_word' id='word_1_388' title='bbox 3372 2463 3532 2518; x_wconf 91' lang='lat' dir='ltr'><strong>etiam</strong></span> 
     </span>
    </p>
   </div>
   <div class='ocr_carea' id='block_1_55' title="bbox 1932 2530 3532 2625">
    <p class='ocr_par' dir='ltr' id='par_1_55' title="bbox 1932 2530 3532 2625">
     <span class='ocr_line' id='line_1_55' title="bbox 1932 2530 3532 2625; baseline 0.018 -43"><span class='ocrx_word' id='word_1_389' title='bbox 1932 2530 2076 2585; x_wconf 89' lang='lat' dir='ltr'><strong>intus</strong></span> <span class='ocrx_word' id='word_1_390' title='bbox 2105 2547 2226 2588; x_wconf 91' lang='lat' dir='ltr'><strong>cum</strong></span> <span class='ocrx_word' id='word_1_391' title='bbox 2253 2549 2320 2590; x_wconf 91' lang='lat' dir='ltr'><strong>eo</strong></span> <span class='ocrx_word' id='word_1_392' title='bbox 2348 2538 2794 2597; x_wconf 90' lang='lat' dir='ltr'><strong>condormiebant</strong></span> <span class='ocrx_word' id='word_1_393' title='bbox 2818 2586 2831 2609; x_wconf 93' lang='lat'><strong>,</strong></span> <span class='ocrx_word' id='word_1_394' title='bbox 2875 2548 3189 2605; x_wconf 90' lang='lat' dir='ltr'><strong>custodibus</strong></span> <span class='ocrx_word' id='word_1_395' title='bbox 3224 2558 3493 2625; x_wconf 90' lang='lat' dir='ltr'><strong>corruptis</strong></span> <span class='ocrx_word' id='word_1_396' title='bbox 3519 2575 3532 2610; x_wconf 96' lang='lat'>:</span> 
     </span>
    </p>
   </div>
   <div class='ocr_carea' id='block_1_56' title="bbox 1934 2623 3535 2703">
    <p class='ocr_par' dir='ltr' id='par_1_56' title="bbox 1934 2623 3535 2703">
     <span class='ocr_line' id='line_1_56' title="bbox 1934 2623 3535 2703; baseline 0.017 -27"><span class='ocrx_word' id='word_1_397' title='bbox 1934 2623 2067 2677; x_wconf 91' lang='lat' dir='ltr'><strong>Dein</strong></span> <span class='ocrx_word' id='word_1_398' title='bbox 2113 2640 2283 2682; x_wconf 66' lang='lat' dir='ltr'><strong>ciente</strong></span> <span class='ocrx_word' id='word_1_399' title='bbox 2311 2631 2471 2684; x_wconf 68' lang='lat' dir='ltr'><strong>varia:</strong></span> <span class='ocrx_word' id='word_1_400' title='bbox 2518 2632 3013 2703; x_wconf 87' lang='lat' dir='ltr'><strong>introducebantur,</strong></span> <span class='ocrx_word' id='word_1_401' title='bbox 3064 2652 3118 2695; x_wconf 94' lang='lat' dir='ltr'><strong>et</strong></span> <span class='ocrx_word' id='word_1_402' title='bbox 3166 2645 3303 2698; x_wconf 86' lang='lat' dir='ltr'><strong>sacri</strong></span> <span class='ocrx_word' id='word_1_403' title='bbox 3348 2623 3535 2702; x_wconf 87' lang='lat' dir='ltr'><strong>eorum</strong></span> 
     </span>
    </p>
   </div>
   <div class='ocr_carea' id='block_1_57' title="bbox 1933 2722 3535 2809">
    <p class='ocr_par' dir='ltr' id='par_1_57' title="bbox 1933 2722 3535 2809">
     <span class='ocr_line' id='line_1_57' title="bbox 1933 2722 3535 2809; baseline 0.016 -37"><span class='ocrx_word' id='word_1_404' title='bbox 1933 2731 2212 2777; x_wconf 83' lang='lat' dir='ltr'><strong>sermones</strong></span> <span class='ocrx_word' id='word_1_405' title='bbox 2260 2722 2672 2781; x_wconf 90' lang='lat' dir='ltr'><strong>dicebantur....</strong></span> <span class='ocrx_word' id='word_1_406' title='bbox 2703 2730 2883 2800; x_wconf 85' lang='lat' dir='ltr'><strong>Aliqui</strong></span> <span class='ocrx_word' id='word_1_407' title='bbox 2924 2734 3083 2788; x_wconf 88' lang='lat' dir='ltr'><strong>etiam</strong></span> <span class='ocrx_word' id='word_1_408' title='bbox 3113 2751 3182 2791; x_wconf 74' lang='lat' dir='ltr'><strong>ex</strong></span> <span class='ocrx_word' id='word_1_409' title='bbox 3214 2739 3535 2809; x_wconf 90' lang='lat' dir='ltr'><strong>quibusdam</strong></span> 
     </span>
    </p>
   </div>
   <div class='ocr_carea' id='block_1_58' title="bbox 1935 2811 3537 2891">
    <p class='ocr_par' dir='ltr' id='par_1_58' title="bbox 1935 2811 3537 2891">
     <span class='ocr_line' id='line_1_58' title="bbox 1935 2811 3537 2891; baseline 0.017 -28"><span class='ocrx_word' id='word_1_410' title='bbox 1935 2811 2076 2865; x_wconf 74' lang='lat' dir='ltr'><strong>Asia:</strong></span> <span class='ocrx_word' id='word_1_411' title='bbox 2102 2814 2407 2873; x_wconf 87' lang='lat' dir='ltr'><strong>civitatibus</strong></span> <span class='ocrx_word' id='word_1_412' title='bbox 2463 2830 2747 2888; x_wconf 87' lang='lat' dir='ltr'><strong>venerunt,</strong></span> <span class='ocrx_word' id='word_1_413' title='bbox 2801 2838 2833 2877; x_wconf 92' lang='lat' dir='ltr'><strong>e</strong></span> <span class='ocrx_word' id='word_1_414' title='bbox 2882 2828 3161 2882; x_wconf 87' lang='lat' dir='ltr'><strong>communi</strong></span> <span class='ocrx_word' id='word_1_415' title='bbox 3201 2831 3537 2891; x_wconf 88' lang='lat' dir='ltr'><strong>mittentibus</strong></span> 
     </span>
    </p>
   </div>
   <div class='ocr_carea' id='block_1_59' title="bbox 1935 2899 3536 2992">
    <p class='ocr_par' dir='ltr' id='par_1_59' title="bbox 1935 2899 3536 2992">
     <span class='ocr_line' id='line_1_59' title="bbox 1935 2899 3536 2992; baseline 0.016 -37"><span class='ocrx_word' id='word_1_416' title='bbox 1935 2899 2279 2975; x_wconf 82' lang='lat' dir='ltr'><strong>Christianis,</strong></span> <span class='ocrx_word' id='word_1_417' title='bbox 2310 2910 2403 2978; x_wconf 90' lang='lat' dir='ltr'><strong>qui</strong></span> <span class='ocrx_word' id='word_1_418' title='bbox 2433 2912 2550 2966; x_wconf 92' lang='lat' dir='ltr'><strong>viro</strong></span> <span class='ocrx_word' id='word_1_419' title='bbox 2577 2928 2735 2983; x_wconf 91' lang='lat' dir='ltr'><strong>opem</strong></span> <span class='ocrx_word' id='word_1_420' title='bbox 2764 2913 2983 2983; x_wconf 88' lang='lat' dir='ltr'><strong>ferrent,</strong></span> <span class='ocrx_word' id='word_1_421' title='bbox 3041 2921 3319 2992; x_wconf 87' lang='lat' dir='ltr'><strong>ipsumque</strong></span> <span class='ocrx_word' id='word_1_422' title='bbox 3347 2925 3536 2981; x_wconf 83' lang='lat' dir='ltr'><strong>defen-</strong></span> 
     </span>
    </p>
   </div>
   <div class='ocr_carea' id='block_1_60' title="bbox 1935 2996 3539 3089">
    <p class='ocr_par' dir='ltr' id='par_1_60' title="bbox 1935 2996 3539 3089">
     <span class='ocr_line' id='line_1_60' title="bbox 1935 2996 3539 3089; baseline 0.015 -38"><span class='ocrx_word' id='word_1_423' title='bbox 1935 2996 2125 3055; x_wconf 89' lang='lat' dir='ltr'><strong>derent</strong></span> <span class='ocrx_word' id='word_1_424' title='bbox 2155 3011 2208 3055; x_wconf 93' lang='lat' dir='ltr'><strong>et</strong></span> <span class='ocrx_word' id='word_1_425' title='bbox 2257 3005 2689 3063; x_wconf 90' lang='lat' dir='ltr'><strong>consolarentur.</strong></span> <span class='ocrx_word' id='word_1_426' title='bbox 2730 3008 3106 3068; x_wconf 86' lang='lat' dir='ltr'><strong>Incredibilem</strong></span> <span class='ocrx_word' id='word_1_427' title='bbox 3136 3026 3316 3072; x_wconf 89' lang='lat' dir='ltr'><strong>autem</strong></span> <span class='ocrx_word' id='word_1_428' title='bbox 3350 3036 3539 3089; x_wconf 85' lang='lat' dir='ltr'><strong>quam-</strong></span> 
     </span>
    </p>
   </div>
   <div class='ocr_carea' id='block_1_61' title="bbox 1935 3090 3539 3180">
    <p class='ocr_par' dir='ltr' id='par_1_61' title="bbox 1935 3090 3539 3180">
     <span class='ocr_line' id='line_1_61' title="bbox 1935 3090 3539 3180; baseline 0.016 -35"><span class='ocrx_word' id='word_1_429' title='bbox 1935 3090 2057 3147; x_wconf 92' lang='lat' dir='ltr'><strong>dam</strong></span> <span class='ocrx_word' id='word_1_430' title='bbox 2111 3095 2441 3152; x_wconf 87' lang='lat' dir='ltr'><strong>celeritatem</strong></span> <span class='ocrx_word' id='word_1_431' title='bbox 2484 3101 2797 3168; x_wconf 91' lang='lat' dir='ltr'><strong>ostendunt,</strong></span> <span class='ocrx_word' id='word_1_432' title='bbox 2846 3106 2893 3159; x_wconf 91' lang='lat' dir='ltr'><strong>si</strong></span> <span class='ocrx_word' id='word_1_433' title='bbox 2933 3107 3062 3176; x_wconf 86' lang='lat' dir='ltr'><strong>quid</strong></span> <span class='ocrx_word' id='word_1_434' title='bbox 3112 3108 3217 3163; x_wconf 88' lang='lat' dir='ltr'><strong>tale</strong></span> <span class='ocrx_word' id='word_1_435' title='bbox 3264 3112 3539 3180; x_wconf 87' lang='lat' dir='ltr'><strong>publicum</strong></span> 
     </span>
    </p>
   </div>
   <div class='ocr_carea' id='block_1_62' title="bbox 228 3187 3539 3271">
    <p class='ocr_par' dir='ltr' id='par_1_62' title="bbox 228 3187 3539 3271">
     <span class='ocr_line' id='line_1_62' title="bbox 228 3187 3539 3271; baseline 0.01 -40"><span class='ocrx_word' id='word_1_436' title='bbox 228 3212 287 3251; x_wconf 65' lang='lat' dir='ltr'><strong>se</strong></span> <span class='ocrx_word' id='word_1_437' title='bbox 330 3193 529 3248; x_wconf 60' lang='lat' dir='ltr'><strong>merito</strong></span> <span class='ocrx_word' id='word_1_438' title='bbox 573 3190 856 3255; x_wconf 77' lang='lat' dir='ltr'><strong>Catholici,</strong></span> <span class='ocrx_word' id='word_1_439' title='bbox 909 3200 967 3244; x_wconf 84' lang='lat' dir='ltr'><strong>ut</strong></span> <span class='ocrx_word' id='word_1_440' title='bbox 1014 3206 1078 3245; x_wconf 79' lang='lat' dir='ltr'><strong>ex</strong></span> <span class='ocrx_word' id='word_1_441' title='bbox 1120 3189 1309 3244; x_wconf 87' lang='lat' dir='ltr'><strong>eodem</strong></span> <span class='ocrx_word' id='word_1_442' title='bbox 1357 3189 1690 3243; x_wconf 90' lang='lat' dir='ltr'><strong>Tertulliano</strong></span> <span class='ocrx_word' id='word_1_443' title='bbox 1719 3189 1900 3258; x_wconf 63' lang='lat' dir='ltr'><strong>dis-(3</strong></span> <span class='ocrx_word' id='word_1_444' title='bbox 1934 3187 2227 3258; x_wconf 87' lang='lat' dir='ltr'><strong>contingat.</strong></span> <span class='ocrx_word' id='word_1_445' title='bbox 2280 3189 2430 3245; x_wconf 90' lang='lat' dir='ltr'><strong>Illico</strong></span> <span class='ocrx_word' id='word_1_446' title='bbox 2488 3194 2633 3248; x_wconf 90' lang='lat' dir='ltr'><strong>enim</strong></span> <span class='ocrx_word' id='word_1_447' title='bbox 2690 3196 2821 3251; x_wconf 88' lang='lat' dir='ltr'><strong>nulli</strong></span> <span class='ocrx_word' id='word_1_448' title='bbox 2876 3199 2953 3254; x_wconf 88' lang='lat' dir='ltr'><strong>rei</strong></span> <span class='ocrx_word' id='word_1_449' title='bbox 3010 3213 3254 3271; x_wconf 90' lang='lat' dir='ltr'><strong>parcunt.</strong></span> <span class='ocrx_word' id='word_1_450' title='bbox 3307 3205 3539 3264; x_wconf 88' lang='lat' dir='ltr'><strong>Proinde</strong></span> 
     </span>
    </p>
   </div>
   <div class='ocr_carea' id='block_1_63' title="bbox 228 3281 1835 3357">
    <p class='ocr_par' dir='ltr' id='par_1_63' title="bbox 228 3281 1835 3357">
     <span class='ocr_line' id='line_1_63' title="bbox 228 3281 1835 3357; baseline -0.005 -13"><span class='ocrx_word' id='word_1_451' title='bbox 228 3286 520 3357; x_wconf 85' lang='lat' dir='ltr'><strong>cimus(l),</strong></span> <span class='ocrx_word' id='word_1_452' title='bbox 550 3284 862 3340; x_wconf 78' lang='lat' dir='ltr'><strong>efferebant.</strong></span> <span class='ocrx_word' id='word_1_453' title='bbox 888 3282 1007 3339; x_wconf 80' lang='lat' dir='ltr'><strong>Jam</strong></span> <span class='ocrx_word' id='word_1_454' title='bbox 1035 3297 1164 3337; x_wconf 90' lang='lat' dir='ltr'><strong>vero</strong></span> <span class='ocrx_word' id='word_1_455' title='bbox 1178 3281 1278 3337; x_wconf 89' lang='lat' dir='ltr'><strong>hoc</strong></span> <span class='ocrx_word' id='word_1_456' title='bbox 1302 3281 1835 3351; x_wconf 86' lang='lat' dir='ltr'><strong>argumentoliquere</strong></span> 
     </span>
    </p>
   </div>
   <div class='ocr_carea' id='block_1_64' title="bbox 233 3375 1837 3451">
    <p class='ocr_par' dir='ltr' id='par_1_64' title="bbox 233 3375 1837 3451">
     <span class='ocr_line' id='line_1_64' title="bbox 233 3375 1837 3451; baseline -0.003 -16"><span class='ocrx_word' id='word_1_457' title='bbox 233 3392 397 3451; x_wconf 84' lang='lat' dir='ltr'><strong>puto,</strong></span> <span class='ocrx_word' id='word_1_458' title='bbox 441 3379 762 3447; x_wconf 83' lang='lat' dir='ltr'><strong>Perpetuam</strong></span> <span class='ocrx_word' id='word_1_459' title='bbox 812 3387 867 3431; x_wconf 89' lang='lat' dir='ltr'><strong>et</strong></span> <span class='ocrx_word' id='word_1_460' title='bbox 923 3377 1173 3431; x_wconf 90' lang='lat' dir='ltr'><strong>Saturum</strong></span> <span class='ocrx_word' id='word_1_461' title='bbox 1235 3375 1519 3444; x_wconf 86' lang='lat' dir='ltr'><strong>sociosque</strong></span> <span class='ocrx_word' id='word_1_462' title='bbox 1570 3383 1837 3446; x_wconf 88' lang='lat' dir='ltr'><strong>martyres</strong></span> 
     </span>
    </p>
   </div>
   <div class='ocr_carea' id='block_1_65' title="bbox 231 3467 1837 3539">
    <p class='ocr_par' dir='ltr' id='par_1_65' title="bbox 231 3467 1837 3539">
     <span class='ocr_line' id='line_1_65' title="bbox 231 3467 1837 3539; baseline -0.004 -11"><span class='ocrx_word' id='word_1_463' title='bbox 231 3474 514 3528; x_wconf 68' lang='lat' dir='ltr'><strong>catholica:</strong></span> <span class='ocrx_word' id='word_1_464' title='bbox 543 3470 940 3526; x_wconf 89' lang='lat' dir='ltr'><strong>communionis</strong></span> <span class='ocrx_word' id='word_1_465' title='bbox 968 3467 1153 3535; x_wconf 85' lang='lat' dir='ltr'><strong>fuisse,</strong></span> <span class='ocrx_word' id='word_1_466' title='bbox 1202 3482 1307 3523; x_wconf 90' lang='lat' dir='ltr'><strong>non</strong></span> <span class='ocrx_word' id='word_1_467' title='bbox 1339 3477 1515 3522; x_wconf 88' lang='lat' dir='ltr'><strong>autem</strong></span> <span class='ocrx_word' id='word_1_468' title='bbox 1567 3467 1635 3523; x_wconf 91' lang='lat' dir='ltr'><strong>de</strong></span> <span class='ocrx_word' id='word_1_469' title='bbox 1670 3482 1837 3539; x_wconf 85' lang='lat' dir='ltr'><strong>grege</strong></span> 
     </span>
    </p>
   </div>
   <div class='ocr_carea' id='block_1_66' title="bbox 232 3561 1837 3633">
    <p class='ocr_par' dir='ltr' id='par_1_66' title="bbox 232 3561 1837 3633">
     <span class='ocr_line' id='line_1_66' title="bbox 232 3561 1837 3633; baseline -0.004 -11"><span class='ocrx_word' id='word_1_470' title='bbox 232 3567 685 3623; x_wconf 76' lang='lat' dir='ltr'><strong>Montanistarum</strong></span> <span class='ocrx_word' id='word_1_471' title='bbox 731 3587 743 3620; x_wconf 86' lang='lat'><strong><em>:</em></strong></span> <span class='ocrx_word' id='word_1_472' title='bbox 797 3578 918 3619; x_wconf 86' lang='lat' dir='ltr'><strong>cum</strong></span> <span class='ocrx_word' id='word_1_473' title='bbox 966 3578 1153 3617; x_wconf 89' lang='lat' dir='ltr'><strong>eorum</strong></span> <span class='ocrx_word' id='word_1_474' title='bbox 1204 3562 1505 3617; x_wconf 88' lang='lat' dir='ltr'><strong>catholicus</strong></span> <span class='ocrx_word' id='word_1_475' title='bbox 1549 3561 1837 3633; x_wconf 90' lang='lat' dir='ltr'><strong>episcopus</strong></span> 
     </span>
    </p>
   </div>
   <div class='ocr_carea' id='block_1_67' title="bbox 230 3655 1833 3728">
    <p class='ocr_par' dir='ltr' id='par_1_67' title="bbox 230 3655 1833 3728">
     <span class='ocr_line' id='line_1_67' title="bbox 230 3655 1833 3728; baseline -0.004 -13"><span class='ocrx_word' id='word_1_476' title='bbox 230 3676 426 3716; x_wconf 86' lang='lat' dir='ltr'><strong>curam</strong></span> <span class='ocrx_word' id='word_1_477' title='bbox 456 3669 627 3728; x_wconf 85' lang='lat' dir='ltr'><strong>gerat,</strong></span> <span class='ocrx_word' id='word_1_478' title='bbox 679 3658 742 3711; x_wconf 90' lang='lat' dir='ltr'><strong>ad</strong></span> <span class='ocrx_word' id='word_1_479' title='bbox 773 3672 869 3711; x_wconf 90' lang='lat' dir='ltr'><strong>eos</strong></span> <span class='ocrx_word' id='word_1_480' title='bbox 896 3665 1159 3720; x_wconf 84' lang='lat' dir='ltr'><strong>accurrat,</strong></span> <span class='ocrx_word' id='word_1_481' title='bbox 1192 3670 1313 3711; x_wconf 92' lang='lat' dir='ltr'><strong>cum</strong></span> <span class='ocrx_word' id='word_1_482' title='bbox 1342 3657 1421 3710; x_wconf 91' lang='lat' dir='ltr'><strong>eis</strong></span> <span class='ocrx_word' id='word_1_483' title='bbox 1450 3655 1833 3721; x_wconf 88' lang='lat' dir='ltr'><strong>communicet,</strong></span> 
     </span>
    </p>
   </div>
   <div class='ocr_carea' id='block_1_68' title="bbox 237 3746 1837 3820">
    <p class='ocr_par' dir='ltr' id='par_1_68' title="bbox 237 3746 1837 3820">
     <span class='ocr_line' id='line_1_68' title="bbox 237 3746 1837 3820; baseline -0.004 -15"><span class='ocrx_word' id='word_1_484' title='bbox 237 3754 314 3807; x_wconf 84' lang='lat' dir='ltr'><strong>ad</strong></span> <span class='ocrx_word' id='word_1_485' title='bbox 348 3766 535 3806; x_wconf 91' lang='lat' dir='ltr'><strong>eorum</strong></span> <span class='ocrx_word' id='word_1_486' title='bbox 581 3765 637 3804; x_wconf 85' lang='lat' dir='ltr'><strong>se</strong></span> <span class='ocrx_word' id='word_1_487' title='bbox 667 3750 828 3820; x_wconf 82' lang='lat' dir='ltr'><strong>pedes</strong></span> <span class='ocrx_word' id='word_1_488' title='bbox 878 3749 1076 3813; x_wconf 89' lang='lat' dir='ltr'><strong>mittat,</strong></span> <span class='ocrx_word' id='word_1_489' title='bbox 1128 3761 1407 3803; x_wconf 90' lang='lat' dir='ltr'><strong>sermones</strong></span> <span class='ocrx_word' id='word_1_490' title='bbox 1436 3762 1558 3801; x_wconf 92' lang='lat' dir='ltr'><strong>cum</strong></span> <span class='ocrx_word' id='word_1_491' title='bbox 1588 3747 1668 3801; x_wconf 90' lang='lat' dir='ltr'><strong>eis</strong></span> <span class='ocrx_word' id='word_1_492' title='bbox 1704 3746 1837 3800; x_wconf 72' lang='lat' dir='ltr'><strong>mis~</strong></span> 
     </span>
    </p>
   </div>
   <div class='ocr_carea' id='block_1_69' title="bbox 241 3838 1839 3913">
    <p class='ocr_par' dir='ltr' id='par_1_69' title="bbox 241 3838 1839 3913">
     <span class='ocr_line' id='line_1_69' title="bbox 241 3838 1839 3913; baseline -0.004 -12"><span class='ocrx_word' id='word_1_493' title='bbox 241 3854 401 3907; x_wconf 85' lang='lat' dir='ltr'><strong>ceat,</strong></span> <span class='ocrx_word' id='word_1_494' title='bbox 446 3858 627 3897; x_wconf 90' lang='lat' dir='ltr'><strong>eorum</strong></span> <span class='ocrx_word' id='word_1_495' title='bbox 663 3842 887 3913; x_wconf 84' lang='lat' dir='ltr'><strong>denique</strong></span> <span class='ocrx_word' id='word_1_496' title='bbox 916 3856 1072 3911; x_wconf 87' lang='lat' dir='ltr'><strong>opem</strong></span> <span class='ocrx_word' id='word_1_497' title='bbox 1114 3840 1386 3910; x_wconf 80' lang='lat' dir='ltr'><strong>imploret,</strong></span> <span class='ocrx_word' id='word_1_498' title='bbox 1436 3848 1491 3894; x_wconf 92' lang='lat' dir='ltr'><strong>et</strong></span> <span class='ocrx_word' id='word_1_499' title='bbox 1548 3838 1650 3909; x_wconf 88' lang='lat' dir='ltr'><strong>ipsi</strong></span> <span class='ocrx_word' id='word_1_500' title='bbox 1695 3854 1839 3894; x_wconf 88' lang='lat' dir='ltr'><strong>mar-</strong></span> 
     </span>
    </p>
   </div>
   <div class='ocr_carea' id='block_1_70' title="bbox 237 3934 1833 4012">
    <p class='ocr_par' dir='ltr' id='par_1_70' title="bbox 237 3934 1833 4012">
     <span class='ocr_line' id='line_1_70' title="bbox 237 3934 1833 4012; baseline -0.005 -17"><span class='ocrx_word' id='word_1_501' title='bbox 237 3951 401 4012; x_wconf 69' lang='lat' dir='ltr'><strong>tyres</strong></span> <span class='ocrx_word' id='word_1_502' title='bbox 429 3953 587 3992; x_wconf 89' lang='lat' dir='ltr'><strong>suum</strong></span> <span class='ocrx_word' id='word_1_503' title='bbox 613 3951 853 4007; x_wconf 80' lang='lat' dir='ltr'><strong>expresse</strong></span> <span class='ocrx_word' id='word_1_504' title='bbox 884 3950 1073 4005; x_wconf 86' lang='lat' dir='ltr'><strong>papam</strong></span> <span class='ocrx_word' id='word_1_505' title='bbox 1115 3945 1169 3989; x_wconf 92' lang='lat' dir='ltr'><strong>et</strong></span> <span class='ocrx_word' id='word_1_506' title='bbox 1198 3935 1508 4003; x_wconf 86' lang='lat' dir='ltr'><strong>episcopum</strong></span> <span class='ocrx_word' id='word_1_507' title='bbox 1537 3934 1833 4004; x_wconf 89' lang='lat' dir='ltr'><strong>appellent.</strong></span> 
     </span>
    </p>
   </div>
   <div class='ocr_carea' id='block_1_71' title="bbox 316 4027 1838 4100">
    <p class='ocr_par' dir='ltr' id='par_1_71' title="bbox 316 4027 1838 4100">
     <span class='ocr_line' id='line_1_71' title="bbox 316 4027 1838 4100; baseline -0.004 -11"><span class='ocrx_word' id='word_1_508' title='bbox 316 4033 431 4089; x_wconf 69' lang='lat' dir='ltr'><strong>VII.</strong></span> <span class='ocrx_word' id='word_1_509' title='bbox 474 4031 749 4086; x_wconf 88' lang='lat' dir='ltr'><strong>Postremo</strong></span> <span class='ocrx_word' id='word_1_510' title='bbox 798 4044 896 4100; x_wconf 91' lang='lat' dir='ltr'><strong>pro</strong></span> <span class='ocrx_word' id='word_1_511' title='bbox 928 4028 1129 4084; x_wconf 90' lang='lat' dir='ltr'><strong>sanctis</strong></span> <span class='ocrx_word' id='word_1_512' title='bbox 1172 4027 1497 4097; x_wconf 85' lang='lat' dir='ltr'><strong>martyribus</strong></span> <span class='ocrx_word' id='word_1_513' title='bbox 1523 4028 1838 4098; x_wconf 87' lang='lat' dir='ltr'><strong>conjectura</strong></span> 
     </span>
    </p>
   </div>
   <div class='ocr_carea' id='block_1_72' title="bbox 229 4120 1837 4193">
    <p class='ocr_par' dir='ltr' id='par_1_72' title="bbox 229 4120 1837 4193">
     <span class='ocr_line' id='line_1_72' title="bbox 229 4120 1837 4193; baseline -0.005 -10"><span class='ocrx_word' id='word_1_514' title='bbox 229 4128 504 4193; x_wconf 87' lang='lat' dir='ltr'><strong>nascitur,</strong></span> <span class='ocrx_word' id='word_1_515' title='bbox 561 4141 683 4180; x_wconf 91' lang='lat' dir='ltr'><strong>cum</strong></span> <span class='ocrx_word' id='word_1_516' title='bbox 708 4139 774 4179; x_wconf 80' lang='lat' dir='ltr'><strong>ex</strong></span> <span class='ocrx_word' id='word_1_517' title='bbox 826 4123 1085 4178; x_wconf 66' lang='lat' dir='ltr'><strong>Ecclesiae</strong></span> <span class='ocrx_word' id='word_1_518' title='bbox 1114 4120 1496 4187; x_wconf 90' lang='lat' dir='ltr'><strong>sollicitudine,</strong></span> <span class='ocrx_word' id='word_1_519' title='bbox 1547 4132 1603 4176; x_wconf 94' lang='lat' dir='ltr'><strong>ut</strong></span> <span class='ocrx_word' id='word_1_520' title='bbox 1651 4121 1837 4192; x_wconf 83' lang='lat' dir='ltr'><strong>splen-</strong></span> 
     </span>
    </p>
   </div>
   <div class='ocr_carea' id='block_1_73' title="bbox 226 4212 1867 4285">
    <p class='ocr_par' dir='ltr' id='par_1_73' title="bbox 226 4212 1867 4285">
     <span class='ocr_line' id='line_1_73' title="bbox 226 4212 1867 4285; baseline -0.005 -9"><span class='ocrx_word' id='word_1_521' title='bbox 226 4220 362 4277; x_wconf 88' lang='lat' dir='ltr'><strong>dide</strong></span> <span class='ocrx_word' id='word_1_522' title='bbox 410 4220 463 4273; x_wconf 89' lang='lat' dir='ltr'><strong>in</strong></span> <span class='ocrx_word' id='word_1_523' title='bbox 488 4232 709 4273; x_wconf 87' lang='lat' dir='ltr'><strong>carcere</strong></span> <span class='ocrx_word' id='word_1_524' title='bbox 738 4215 908 4270; x_wconf 85' lang='lat' dir='ltr'><strong>sancti</strong></span> <span class='ocrx_word' id='word_1_525' title='bbox 947 4222 1209 4285; x_wconf 86' lang='lat' dir='ltr'><strong>martyres</strong></span> <span class='ocrx_word' id='word_1_526' title='bbox 1236 4222 1292 4268; x_wconf 92' lang='lat' dir='ltr'><strong>et</strong></span> <span class='ocrx_word' id='word_1_527' title='bbox 1321 4212 1615 4268; x_wconf 90' lang='lat' dir='ltr'><strong>liberaliter</strong></span> <span class='ocrx_word' id='word_1_528' title='bbox 1641 4222 1839 4269; x_wconf 87' lang='lat' dir='ltr'><strong>tracta—</strong></span> <span class='ocrx_word' id='word_1_529' title='bbox 1864 4280 1867 4283; x_wconf 95' lang='lat'><em>_</em></span> 
     </span>
    </p>
   </div>
   <div class='ocr_carea' id='block_1_74' title="bbox 225 4308 1837 4380">
    <p class='ocr_par' dir='ltr' id='par_1_74' title="bbox 225 4308 1837 4380">
     <span class='ocr_line' id='line_1_74' title="bbox 225 4308 1837 4380; baseline -0.004 -9"><span class='ocrx_word' id='word_1_530' title='bbox 225 4325 451 4378; x_wconf 81' lang='lat' dir='ltr'><strong>rentur;</strong></span> <span class='ocrx_word' id='word_1_531' title='bbox 477 4322 589 4367; x_wconf 91' lang='lat' dir='ltr'><strong>tum</strong></span> <span class='ocrx_word' id='word_1_532' title='bbox 604 4327 669 4365; x_wconf 82' lang='lat' dir='ltr'><strong>ex</strong></span> <span class='ocrx_word' id='word_1_533' title='bbox 686 4309 937 4365; x_wconf 88' lang='lat' dir='ltr'><strong>facilitate</strong></span> <span class='ocrx_word' id='word_1_534' title='bbox 953 4324 1056 4379; x_wconf 91' lang='lat' dir='ltr'><strong>qua</strong></span> <span class='ocrx_word' id='word_1_535' title='bbox 1071 4308 1365 4363; x_wconf 88' lang='lat' dir='ltr'><strong>exhibitum</strong></span> <span class='ocrx_word' id='word_1_536' title='bbox 1382 4309 1481 4363; x_wconf 92' lang='lat' dir='ltr'><strong>sibi</strong></span> <span class='ocrx_word' id='word_1_537' title='bbox 1498 4309 1837 4380; x_wconf 87' lang='lat' dir='ltr'><strong>refrigerium</strong></span> 
     </span>
    </p>
   </div>
   <div class='ocr_carea' id='block_1_75' title="bbox 1940 3278 3538 3363">
    <p class='ocr_par' dir='ltr' id='par_1_75' title="bbox 1940 3278 3538 3363">
     <span class='ocr_line' id='line_1_75' title="bbox 1940 3278 3538 3363; baseline 0.015 -31"><span class='ocrx_word' id='word_1_538' title='bbox 1940 3278 2231 3350; x_wconf 89' lang='lat' dir='ltr'><strong>Peregrino</strong></span> <span class='ocrx_word' id='word_1_539' title='bbox 2277 3291 2402 3338; x_wconf 91' lang='lat' dir='ltr'><strong>tunc</strong></span> <span class='ocrx_word' id='word_1_540' title='bbox 2449 3286 2632 3341; x_wconf 76' lang='lat' dir='ltr'><strong>multze</strong></span> <span class='ocrx_word' id='word_1_541' title='bbox 2662 3289 2905 3357; x_wconf 65' lang='lat' dir='ltr'><strong>pecunia:</strong></span> <span class='ocrx_word' id='word_1_542' title='bbox 2950 3294 3320 3363; x_wconf 90' lang='lat' dir='ltr'><strong>mittebantur,</strong></span> <span class='ocrx_word' id='word_1_543' title='bbox 3354 3308 3538 3356; x_wconf 91' lang='lat' dir='ltr'><strong>etnon</strong></span> 
     </span>
    </p>
   </div>
   <div class='ocr_carea' id='block_1_76' title="bbox 1940 3374 3539 3448">
    <p class='ocr_par' dir='ltr' id='par_1_76' title="bbox 1940 3374 3539 3448">
     <span class='ocr_line' id='line_1_76' title="bbox 1940 3374 3539 3448; baseline 0.014 -21"><span class='ocrx_word' id='word_1_544' title='bbox 1940 3374 2187 3442; x_wconf 79' lang='lat' dir='ltr'><strong>exiguum</strong></span> <span class='ocrx_word' id='word_1_545' title='bbox 2248 3387 2564 3444; x_wconf 86' lang='lat' dir='ltr'><strong>proventum</strong></span> <span class='ocrx_word' id='word_1_546' title='bbox 2613 3380 2755 3437; x_wconf 90' lang='lat' dir='ltr'><strong>hunc</strong></span> <span class='ocrx_word' id='word_1_547' title='bbox 2807 3383 3088 3441; x_wconf 84' lang='lat' dir='ltr'><strong>lucrifecit.</strong></span> <span class='ocrx_word' id='word_1_548' title='bbox 3122 3407 3140 3439; x_wconf 74' lang='grc' dir='ltr'><strong><em>ι</em></strong></span> <span class='ocrx_word' id='word_1_549' title='bbox 3201 3389 3307 3445; x_wconf 91' lang='lat' dir='ltr'><strong>Sed</strong></span> <span class='ocrx_word' id='word_1_550' title='bbox 3349 3391 3539 3448; x_wconf 85' lang='lat' dir='ltr'><strong>Chris-</strong></span> 
     </span>
    </p>
   </div>
   <div class='ocr_carea' id='block_1_77' title="bbox 1941 3464 3541 3555">
    <p class='ocr_par' dir='ltr' id='par_1_77' title="bbox 1941 3464 3541 3555">
     <span class='ocr_line' id='line_1_77' title="bbox 1941 3464 3541 3555; baseline 0.014 -38"><span class='ocrx_word' id='word_1_551' title='bbox 1941 3464 2115 3519; x_wconf 86' lang='lat' dir='ltr'><strong>tianos</strong></span> <span class='ocrx_word' id='word_1_552' title='bbox 2151 3466 2255 3522; x_wconf 88' lang='lat' dir='ltr'><strong>hac</strong></span> <span class='ocrx_word' id='word_1_553' title='bbox 2275 3468 2343 3524; x_wconf 89' lang='lat' dir='ltr'><strong>de</strong></span> <span class='ocrx_word' id='word_1_554' title='bbox 2396 3485 2454 3525; x_wconf 88' lang='lat' dir='ltr'><strong>re</strong></span> <span class='ocrx_word' id='word_1_555' title='bbox 2482 3470 2811 3531; x_wconf 89' lang='lat' dir='ltr'><strong>disserentes</strong></span> <span class='ocrx_word' id='word_1_556' title='bbox 2842 3475 3145 3534; x_wconf 89' lang='lat' dir='ltr'><strong>audiamus.</strong></span> <span class='ocrx_word' id='word_1_557' title='bbox 3178 3480 3408 3537; x_wconf 88' lang='lat' dir='ltr'><strong>Sanctus</strong></span> <span class='ocrx_word' id='word_1_558' title='bbox 3434 3483 3541 3555; x_wconf 85' lang='lat' dir='ltr'><strong>Cy-</strong></span> 
     </span>
    </p>
   </div>
   <div class='ocr_carea' id='block_1_78' title="bbox 1940 3558 3541 3634">
    <p class='ocr_par' dir='ltr' id='par_1_78' title="bbox 1940 3558 3541 3634">
     <span class='ocr_line' id='line_1_78' title="bbox 1940 3558 3541 3634; baseline 0.014 -24"><span class='ocrx_word' id='word_1_559' title='bbox 1940 3558 2160 3627; x_wconf 88' lang='lat' dir='ltr'><strong>prianus</strong></span> <span class='ocrx_word' id='word_1_560' title='bbox 2211 3559 2452 3630; x_wconf 91' lang='lat' dir='ltr'><strong>pluribus</strong></span> <span class='ocrx_word' id='word_1_561' title='bbox 2495 3564 2846 3634; x_wconf 90' lang='lat' dir='ltr'><strong>epistolarum</strong></span> <span class='ocrx_word' id='word_1_562' title='bbox 2887 3585 3107 3626; x_wconf 90' lang='lat' dir='ltr'><strong>suarum</strong></span> <span class='ocrx_word' id='word_1_563' title='bbox 3159 3573 3295 3631; x_wconf 93' lang='lat' dir='ltr'><strong>locis</strong></span> <span class='ocrx_word' id='word_1_564' title='bbox 3342 3578 3541 3632; x_wconf 90' lang='lat' dir='ltr'><strong>veteris</strong></span> 
     </span>
    </p>
   </div>
   <div class='ocr_carea' id='block_1_79' title="bbox 1940 3650 3542 3731">
    <p class='ocr_par' dir='ltr' id='par_1_79' title="bbox 1940 3650 3542 3731">
     <span class='ocr_line' id='line_1_79' title="bbox 1940 3650 3542 3731; baseline 0.014 -26"><span class='ocrx_word' id='word_1_565' title='bbox 1940 3650 2099 3721; x_wconf 91' lang='lat' dir='ltr'><strong>hujus</strong></span> <span class='ocrx_word' id='word_1_566' title='bbox 2144 3653 2401 3709; x_wconf 75' lang='lat' dir='ltr'><strong>Ecclesiae</strong></span> <span class='ocrx_word' id='word_1_567' title='bbox 2440 3660 2842 3715; x_wconf 89' lang='lat' dir='ltr'><strong>consuetudinis</strong></span> <span class='ocrx_word' id='word_1_568' title='bbox 2896 3666 3174 3731; x_wconf 79' lang='lat' dir='ltr'><strong>meminit,</strong></span> <span class='ocrx_word' id='word_1_569' title='bbox 3227 3679 3279 3723; x_wconf 90' lang='lat' dir='ltr'><strong>et</strong></span> <span class='ocrx_word' id='word_1_570' title='bbox 3322 3669 3375 3724; x_wconf 90' lang='lat' dir='ltr'><strong>in</strong></span> <span class='ocrx_word' id='word_1_571' title='bbox 3425 3670 3542 3728; x_wconf 80' lang='lat' dir='ltr'><strong>haec</strong></span> 
     </span>
    </p>
   </div>
   <div class='ocr_carea' id='block_1_80' title="bbox 1940 3745 3540 3826">
    <p class='ocr_par' dir='ltr' id='par_1_80' title="bbox 1940 3745 3540 3826">
     <span class='ocr_line' id='line_1_80' title="bbox 1940 3745 3540 3826; baseline 0.014 -28"><span class='ocrx_word' id='word_1_572' title='bbox 1940 3758 2045 3799; x_wconf 91' lang='lat' dir='ltr'><strong>non</strong></span> <span class='ocrx_word' id='word_1_573' title='bbox 2079 3745 2259 3802; x_wconf 81' lang='lat' dir='ltr'><strong>minus</strong></span> <span class='ocrx_word' id='word_1_574' title='bbox 2301 3764 2460 3818; x_wconf 91' lang='lat' dir='ltr'><strong>quam</strong></span> <span class='ocrx_word' id='word_1_575' title='bbox 2509 3750 2563 3804; x_wconf 94' lang='lat' dir='ltr'><strong>in</strong></span> <span class='ocrx_word' id='word_1_576' title='bbox 2606 3752 2708 3805; x_wconf 89' lang='lat' dir='ltr'><strong>alia</strong></span> <span class='ocrx_word' id='word_1_577' title='bbox 2740 3767 2884 3809; x_wconf 61' lang='lat' dir='ltr'><strong>curae</strong></span> <span class='ocrx_word' id='word_1_578' title='bbox 2929 3760 3215 3826; x_wconf 88' lang='lat' dir='ltr'><strong>pastoralis</strong></span> <span class='ocrx_word' id='word_1_579' title='bbox 3243 3762 3418 3819; x_wconf 82' lang='lat' dir='ltr'><strong>ofﬁcia</strong></span> <span class='ocrx_word' id='word_1_580' title='bbox 3450 3780 3540 3820; x_wconf 90' lang='lat' dir='ltr'><strong>se-</strong></span> 
     </span>
    </p>
   </div>
   <div class='ocr_carea' id='block_1_81' title="bbox 1941 3834 3543 3928">
    <p class='ocr_par' dir='ltr' id='par_1_81' title="bbox 1941 3834 3543 3928">
     <span class='ocr_line' id='line_1_81' title="bbox 1941 3834 3543 3928; baseline 0.016 -39"><span class='ocrx_word' id='word_1_581' title='bbox 1941 3834 2067 3890; x_wconf 92' lang='lat' dir='ltr'><strong>dulo</strong></span> <span class='ocrx_word' id='word_1_582' title='bbox 2097 3851 2162 3891; x_wconf 86' lang='lat' dir='ltr'><strong>ac</strong></span> <span class='ocrx_word' id='word_1_583' title='bbox 2204 3839 2439 3895; x_wconf 90' lang='lat' dir='ltr'><strong>solerter</strong></span> <span class='ocrx_word' id='word_1_584' title='bbox 2485 3841 2750 3898; x_wconf 85' lang='lat' dir='ltr'><strong>incubuit.</strong></span> <span class='ocrx_word' id='word_1_585' title='bbox 2808 3847 2882 3902; x_wconf 90' lang='lat' dir='ltr'><strong>Ita</strong></span> <span class='ocrx_word' id='word_1_586' title='bbox 2914 3838 3059 3905; x_wconf 86' lang='lat' dir='ltr'><strong>enim</strong></span> <span class='ocrx_word' id='word_1_587' title='bbox 3089 3851 3190 3908; x_wconf 90' lang='lat' dir='ltr'><strong>hac</strong></span> <span class='ocrx_word' id='word_1_588' title='bbox 3221 3855 3287 3910; x_wconf 91' lang='lat' dir='ltr'><strong>de</strong></span> <span class='ocrx_word' id='word_1_589' title='bbox 3316 3872 3375 3912; x_wconf 90' lang='lat' dir='ltr'><strong>re</strong></span> <span class='ocrx_word' id='word_1_590' title='bbox 3405 3874 3543 3928; x_wconf 72' lang='lat' dir='ltr'><strong>prte-</strong></span> 
     </span>
    </p>
   </div>
   <div class='ocr_carea' id='block_1_82' title="bbox 1941 3929 3542 4020">
    <p class='ocr_par' dir='ltr' id='par_1_82' title="bbox 1941 3929 3542 4020">
     <span class='ocr_line' id='line_1_82' title="bbox 1941 3929 3542 4020; baseline 0.016 -38"><span class='ocrx_word' id='word_1_591' title='bbox 1941 3929 2070 3999; x_wconf 93' lang='lat' dir='ltr'><strong>cipit</strong></span> <span class='ocrx_word' id='word_1_592' title='bbox 2120 3931 2346 4000; x_wconf 88' lang='lat' dir='ltr'><strong>epistola</strong></span> <span class='ocrx_word' id='word_1_593' title='bbox 2402 3936 2609 4002; x_wconf 83' lang='lat' dir='ltr'><strong>quinta,</strong></span> <span class='ocrx_word' id='word_1_594' title='bbox 2652 3954 2812 4008; x_wconf 89' lang='lat' dir='ltr'><strong>quam</strong></span> <span class='ocrx_word' id='word_1_595' title='bbox 2869 3957 2900 3997; x_wconf 92' lang='lat' dir='ltr'><strong>e</strong></span> <span class='ocrx_word' id='word_1_596' title='bbox 2946 3958 3163 4000; x_wconf 88' lang='lat' dir='ltr'><strong>secessu</strong></span> <span class='ocrx_word' id='word_1_597' title='bbox 3215 3949 3431 4020; x_wconf 90' lang='lat' dir='ltr'><strong>scripsit</strong></span> <span class='ocrx_word' id='word_1_598' title='bbox 3475 3953 3542 4008; x_wconf 81' lang='lat' dir='ltr'><strong>atl</strong></span> 
     </span>
    </p>
   </div>
   <div class='ocr_carea' id='block_1_83' title="bbox 1941 4023 3541 4115">
    <p class='ocr_par' dir='ltr' id='par_1_83' title="bbox 1941 4023 3541 4115">
     <span class='ocr_line' id='line_1_83' title="bbox 1941 4023 3541 4115; baseline 0.016 -38"><span class='ocrx_word' id='word_1_599' title='bbox 1941 4023 2156 4078; x_wconf 85' lang='lat' dir='ltr'><strong>Clerum</strong></span> <span class='ocrx_word' id='word_1_600' title='bbox 2185 4042 2200 4075; x_wconf 92' lang='lat'><strong>:</strong></span> <span class='ocrx_word' id='word_1_601' title='bbox 2234 4044 2252 4076; x_wconf 73' lang='grc' dir='ltr'>ί</span> <span class='ocrx_word' id='word_1_602' title='bbox 2278 4029 2546 4092; x_wconf 82' lang='lat' dir='ltr'><strong>Quantum</strong></span> <span class='ocrx_word' id='word_1_603' title='bbox 2578 4040 2757 4087; x_wconf 91' lang='lat' dir='ltr'><strong>autem</strong></span> <span class='ocrx_word' id='word_1_604' title='bbox 2780 4034 2846 4089; x_wconf 88' lang='lat' dir='ltr'><strong>ad</strong></span> <span class='ocrx_word' id='word_1_605' title='bbox 2878 4047 3126 4106; x_wconf 88' lang='lat' dir='ltr'><strong>sumptus</strong></span> <span class='ocrx_word' id='word_1_606' title='bbox 3153 4047 3541 4115; x_wconf 86' lang='lat' dir='ltr'><strong>suggerendos,</strong></span> 
     </span>
    </p>
   </div>
   <div class='ocr_carea' id='block_1_84' title="bbox 1941 4118 3542 4201">
    <p class='ocr_par' dir='ltr' id='par_1_84' title="bbox 1941 4118 3542 4201">
     <span class='ocr_line' id='line_1_84' title="bbox 1941 4118 3542 4201; baseline 0.012 -27"><span class='ocrx_word' id='word_1_607' title='bbox 1941 4118 2054 4175; x_wconf 86' lang='lat' dir='ltr'><strong>sive</strong></span> <span class='ocrx_word' id='word_1_608' title='bbox 2083 4118 2188 4173; x_wconf 90' lang='lat' dir='ltr'><strong>illis</strong></span> <span class='ocrx_word' id='word_1_609' title='bbox 2241 4121 2330 4190; x_wconf 93' lang='lat' dir='ltr'><strong>qui</strong></span> <span class='ocrx_word' id='word_1_610' title='bbox 2361 4120 2592 4191; x_wconf 88' lang='lat' dir='ltr'><strong>gloriosa</strong></span> <span class='ocrx_word' id='word_1_611' title='bbox 2634 4139 2767 4182; x_wconf 91' lang='lat' dir='ltr'><strong>voce</strong></span> <span class='ocrx_word' id='word_1_612' title='bbox 2800 4128 2964 4184; x_wconf 89' lang='lat' dir='ltr'><strong>Deum</strong></span> <span class='ocrx_word' id='word_1_613' title='bbox 3015 4133 3269 4201; x_wconf 88' lang='lat' dir='ltr'><strong>confessi,</strong></span> <span class='ocrx_word' id='word_1_614' title='bbox 3318 4137 3370 4191; x_wconf 94' lang='lat' dir='ltr'><strong>in</strong></span> <span class='ocrx_word' id='word_1_615' title='bbox 3420 4154 3542 4193; x_wconf 85' lang='lat' dir='ltr'><strong>car-</strong></span> 
     </span>
    </p>
   </div>
   <div class='ocr_carea' id='block_1_85' title="bbox 1942 4213 3544 4296">
    <p class='ocr_par' dir='ltr' id='par_1_85' title="bbox 1942 4213 3544 4296">
     <span class='ocr_line' id='line_1_85' title="bbox 1942 4213 3544 4296; baseline 0.012 -30"><span class='ocrx_word' id='word_1_616' title='bbox 1942 4225 2064 4266; x_wconf 89' lang='lat' dir='ltr'><strong>cere</strong></span> <span class='ocrx_word' id='word_1_617' title='bbox 2111 4221 2236 4266; x_wconf 91' lang='lat' dir='ltr'><strong>sunt</strong></span> <span class='ocrx_word' id='word_1_618' title='bbox 2268 4213 2576 4281; x_wconf 87' lang='lat' dir='ltr'><strong>constituti,</strong></span> <span class='ocrx_word' id='word_1_619' title='bbox 2606 4216 2725 4273; x_wconf 88' lang='lat' dir='ltr'><strong>sive</strong></span> <span class='ocrx_word' id='word_1_620' title='bbox 2770 4220 2854 4288; x_wconf 89' lang='lat' dir='ltr'><strong>iis,</strong></span> <span class='ocrx_word' id='word_1_621' title='bbox 2898 4222 2986 4293; x_wconf 90' lang='lat' dir='ltr'><strong>qui</strong></span> <span class='ocrx_word' id='word_1_622' title='bbox 3012 4239 3276 4296; x_wconf 87' lang='lat' dir='ltr'><strong>pauperes</strong></span> <span class='ocrx_word' id='word_1_623' title='bbox 3308 4237 3362 4283; x_wconf 86' lang='lat' dir='ltr'><strong>et</strong></span> <span class='ocrx_word' id='word_1_624' title='bbox 3405 4232 3544 4287; x_wconf 87' lang='lat' dir='ltr'><strong>indi-</strong></span> 
     </span>
    </p>
   </div>
   <div class='ocr_carea' id='block_1_86' title="bbox 1940 4306 3545 4383">
    <p class='ocr_par' dir='ltr' id='par_1_86' title="bbox 1940 4306 3545 4383">
     <span class='ocr_line' id='line_1_86' title="bbox 1940 4306 3545 4383; baseline 0.016 -27"><span class='ocrx_word' id='word_1_625' title='bbox 1940 4315 2126 4373; x_wconf 87' lang='lat' dir='ltr'><strong>gentes</strong></span> <span class='ocrx_word' id='word_1_626' title='bbox 2187 4306 2477 4373; x_wconf 89' lang='lat' dir='ltr'><strong>laborant,</strong></span> <span class='ocrx_word' id='word_1_627' title='bbox 2535 4318 2660 4378; x_wconf 90' lang='lat' dir='ltr'><strong>peto</strong></span> <span class='ocrx_word' id='word_1_628' title='bbox 2724 4313 2858 4369; x_wconf 91' lang='lat' dir='ltr'><strong>nihil</strong></span> <span class='ocrx_word' id='word_1_629' title='bbox 2898 4315 3061 4383; x_wconf 89' lang='lat' dir='ltr'><strong>desit;</strong></span> <span class='ocrx_word' id='word_1_630' title='bbox 3132 4334 3253 4375; x_wconf 91' lang='lat' dir='ltr'><strong>cum</strong></span> <span class='ocrx_word' id='word_1_631' title='bbox 3336 4337 3545 4383; x_wconf 88' lang='lat' dir='ltr'><strong>summa</strong></span> 
     </span>
    </p>
   </div>
   <div class='ocr_carea' id='block_1_87' title="bbox 222 4395 3547 4480">
    <p class='ocr_par' dir='ltr' id='par_1_87' title="bbox 222 4395 3547 4480">
     <span class='ocr_line' id='line_1_87' title="bbox 222 4395 3547 4480; baseline 0.004 -19"><span class='ocrx_word' id='word_1_632' title='bbox 222 4408 334 4480; x_wconf 83' lang='lat' dir='ltr'><strong>ipsi</strong></span> <span class='ocrx_word' id='word_1_633' title='bbox 363 4416 633 4477; x_wconf 72' lang='lat' dir='ltr'><strong>martyres</strong></span> <span class='ocrx_word' id='word_1_634' title='bbox 664 4404 1036 4469; x_wconf 83' lang='lat' dir='ltr'><strong>admittebant,</strong></span> <span class='ocrx_word' id='word_1_635' title='bbox 1071 4404 1138 4458; x_wconf 92' lang='lat' dir='ltr'><strong>ab</strong></span> <span class='ocrx_word' id='word_1_636' title='bbox 1162 4403 1308 4457; x_wconf 91' lang='lat' dir='ltr'><strong>omni</strong></span> <span class='ocrx_word' id='word_1_637' title='bbox 1352 4418 1572 4472; x_wconf 92' lang='lat' dir='ltr'><strong>prorsus</strong></span> <span class='ocrx_word' id='word_1_638' title='bbox 1603 4405 1835 4460; x_wconf 79' lang='lat' dir='ltr'><strong>morosi-</strong></span> <span class='ocrx_word' id='word_1_639' title='bbox 1916 4395 2116 4457; x_wconf 64' lang='lat' dir='ltr'><strong>wmnis</strong></span> <span class='ocrx_word' id='word_1_640' title='bbox 2160 4412 2279 4466; x_wconf 85' lang='lat' dir='ltr'><strong>quae</strong></span> <span class='ocrx_word' id='word_1_641' title='bbox 2322 4398 2541 4455; x_wconf 89' lang='lat' dir='ltr'><strong>redacta</strong></span> <span class='ocrx_word' id='word_1_642' title='bbox 2592 4411 2695 4466; x_wconf 90' lang='lat' dir='ltr'><strong>est,</strong></span> <span class='ocrx_word' id='word_1_643' title='bbox 2730 4403 2842 4460; x_wconf 89' lang='lat' dir='ltr'><strong>illic</strong></span> <span class='ocrx_word' id='word_1_644' title='bbox 2872 4407 2942 4461; x_wconf 92' lang='lat' dir='ltr'><strong>sit</strong></span> <span class='ocrx_word' id='word_1_645' title='bbox 2992 4409 3131 4478; x_wconf 88' lang='lat' dir='ltr'><strong>apud</strong></span> <span class='ocrx_word' id='word_1_646' title='bbox 3180 4410 3411 4470; x_wconf 90' lang='lat' dir='ltr'><strong>clericos</strong></span> <span class='ocrx_word' id='word_1_647' title='bbox 3435 4416 3547 4474; x_wconf 92' lang='lat' dir='ltr'><strong>dis-</strong></span> 
     </span>
    </p>
   </div>
   <div class='ocr_carea' id='block_1_88' title="bbox 223 4497 1835 4569">
    <p class='ocr_par' dir='ltr' id='par_1_88' title="bbox 223 4497 1835 4569">
     <span class='ocr_line' id='line_1_88' title="bbox 223 4497 1835 4569; baseline -0.002 -12"><span class='ocrx_word' id='word_1_648' title='bbox 223 4512 344 4559; x_wconf 85' lang='lat' dir='ltr'><strong>tate</strong></span> <span class='ocrx_word' id='word_1_649' title='bbox 364 4502 525 4557; x_wconf 87' lang='lat' dir='ltr'><strong>alieni</strong></span> <span class='ocrx_word' id='word_1_650' title='bbox 540 4515 685 4569; x_wconf 60' lang='lat' dir='ltr'><strong>,qure</strong></span> <span class='ocrx_word' id='word_1_651' title='bbox 701 4499 754 4553; x_wconf 92' lang='lat' dir='ltr'><strong>in</strong></span> <span class='ocrx_word' id='word_1_652' title='bbox 779 4498 1070 4569; x_wconf 85' lang='lat' dir='ltr'><strong>hypocritis</strong></span> <span class='ocrx_word' id='word_1_653' title='bbox 1085 4504 1139 4552; x_wconf 93' lang='lat' dir='ltr'><strong>et</strong></span> <span class='ocrx_word' id='word_1_654' title='bbox 1158 4497 1440 4563; x_wconf 87' lang='lat' dir='ltr'><strong>haereticis,</strong></span> <span class='ocrx_word' id='word_1_655' title='bbox 1461 4498 1522 4552; x_wconf 92' lang='lat' dir='ltr'><strong>iis</strong></span> <span class='ocrx_word' id='word_1_656' title='bbox 1536 4498 1835 4569; x_wconf 86' lang='lat' dir='ltr'><strong>praesertim</strong></span> 
     </span>
    </p>
   </div>
   <div class='ocr_carea' id='block_1_89' title="bbox 1941 4492 3546 4581">
    <p class='ocr_par' dir='ltr' id='par_1_89' title="bbox 1941 4492 3546 4581">
     <span class='ocr_line' id='line_1_89' title="bbox 1941 4492 3546 4581; baseline 0.015 -36"><span class='ocrx_word' id='word_1_657' title='bbox 1941 4492 2138 4547; x_wconf 85' lang='lat' dir='ltr'><strong>tributa</strong></span> <span class='ocrx_word' id='word_1_658' title='bbox 2184 4502 2404 4563; x_wconf 89' lang='lat' dir='ltr'><strong>propter</strong></span> <span class='ocrx_word' id='word_1_659' title='bbox 2434 4495 2699 4565; x_wconf 88' lang='lat' dir='ltr'><strong>ejusmodi</strong></span> <span class='ocrx_word' id='word_1_660' title='bbox 2753 4513 2943 4566; x_wconf 84' lang='lat' dir='ltr'><strong>casus;</strong></span> <span class='ocrx_word' id='word_1_661' title='bbox 2968 4512 3026 4557; x_wconf 89' lang='lat' dir='ltr'><strong>ut</strong></span> <span class='ocrx_word' id='word_1_662' title='bbox 3054 4502 3313 4562; x_wconf 90' lang='lat' dir='ltr'><strong>haberent</strong></span> <span class='ocrx_word' id='word_1_663' title='bbox 3342 4511 3546 4581; x_wconf 86' lang='lat' dir='ltr'><strong>plures,</strong></span> 
     </span>
    </p>
   </div>
   <div class='ocr_carea' id='block_1_90' title="bbox 222 4584 3551 4676">
    <p class='ocr_par' dir='ltr' id='par_1_90' title="bbox 222 4584 3551 4676">
     <span class='ocr_line' id='line_1_90' title="bbox 222 4584 3551 4676; baseline 0.008 -41"><span class='ocrx_word' id='word_1_664' title='bbox 222 4595 329 4665; x_wconf 68' lang='lat' dir='ltr'><strong>qui</strong></span> <span class='ocrx_word' id='word_1_665' title='bbox 381 4609 441 4648; x_wconf 72' lang='lat' dir='ltr'><strong>se</strong></span> <span class='ocrx_word' id='word_1_666' title='bbox 469 4607 681 4646; x_wconf 75' lang='lat' dir='ltr'><strong>morum</strong></span> <span class='ocrx_word' id='word_1_667' title='bbox 710 4589 970 4660; x_wconf 83' lang='lat' dir='ltr'><strong>gravitate</strong></span> <span class='ocrx_word' id='word_1_668' title='bbox 998 4598 1053 4644; x_wconf 91' lang='lat' dir='ltr'><strong>et</strong></span> <span class='ocrx_word' id='word_1_669' title='bbox 1083 4589 1378 4658; x_wconf 65' lang='lat' dir='ltr'><strong>disciplinae</strong></span> <span class='ocrx_word' id='word_1_670' title='bbox 1412 4591 1705 4659; x_wconf 89' lang='lat' dir='ltr'><strong>asperitate</strong></span> <span class='ocrx_word' id='word_1_671' title='bbox 1725 4591 1840 4661; x_wconf 83' lang='lat' dir='ltr'><strong>jac-</strong></span> <span class='ocrx_word' id='word_1_672' title='bbox 1865 4592 1918 4653; x_wconf 87' lang='lat' dir='ltr'><strong>D</strong></span> <span class='ocrx_word' id='word_1_673' title='bbox 1944 4584 2085 4639; x_wconf 89' lang='lat' dir='ltr'><strong>unde</strong></span> <span class='ocrx_word' id='word_1_674' title='bbox 2144 4585 2212 4639; x_wconf 86' lang='lat' dir='ltr'><strong>ad</strong></span> <span class='ocrx_word' id='word_1_675' title='bbox 2250 4589 2603 4644; x_wconf 86' lang='lat' dir='ltr'><strong>necessitates</strong></span> <span class='ocrx_word' id='word_1_676' title='bbox 2644 4599 2698 4645; x_wconf 90' lang='lat' dir='ltr'><strong>et</strong></span> <span class='ocrx_word' id='word_1_677' title='bbox 2750 4606 3031 4660; x_wconf 87' lang='lat' dir='ltr'><strong>pressuras</strong></span> <span class='ocrx_word' id='word_1_678' title='bbox 3062 4598 3391 4668; x_wconf 88' lang='lat' dir='ltr'><strong>singulorum</strong></span> <span class='ocrx_word' id='word_1_679' title='bbox 3419 4621 3551 4676; x_wconf 88' lang='lat' dir='ltr'><strong>ope-</strong></span> 
     </span>
    </p>
   </div>
   <div class='ocr_carea' id='block_1_91' title="bbox 228 4682 1840 4751">
    <p class='ocr_par' dir='ltr' id='par_1_91' title="bbox 228 4682 1840 4751">
     <span class='ocr_line' id='line_1_91' title="bbox 228 4682 1840 4751; baseline -0.001 -12"><span class='ocrx_word' id='word_1_680' title='bbox 228 4694 392 4749; x_wconf 83' lang='lat' dir='ltr'><strong>tant,</strong></span> <span class='ocrx_word' id='word_1_681' title='bbox 413 4694 470 4737; x_wconf 84' lang='lat' dir='ltr'><strong>ut</strong></span> <span class='ocrx_word' id='word_1_682' title='bbox 492 4693 641 4738; x_wconf 87' lang='lat' dir='ltr'><strong>erant</strong></span> <span class='ocrx_word' id='word_1_683' title='bbox 662 4682 1023 4746; x_wconf 73' lang='lat' dir='ltr'><strong>Montanistcc,</strong></span> <span class='ocrx_word' id='word_1_684' title='bbox 1042 4682 1178 4738; x_wconf 89' lang='lat' dir='ltr'><strong>solet</strong></span> <span class='ocrx_word' id='word_1_685' title='bbox 1193 4691 1250 4736; x_wconf 92' lang='lat' dir='ltr'><strong>ut</strong></span> <span class='ocrx_word' id='word_1_686' title='bbox 1266 4682 1552 4751; x_wconf 90' lang='lat' dir='ltr'><strong>plurimum</strong></span> <span class='ocrx_word' id='word_1_687' title='bbox 1580 4683 1840 4739; x_wconf 89' lang='lat' dir='ltr'><strong>eminere.</strong></span> 
     </span>
    </p>
   </div>
   <div class='ocr_carea' id='block_1_92' title="bbox 226 4774 1837 4846">
    <p class='ocr_par' dir='ltr' id='par_1_92' title="bbox 226 4774 1837 4846">
     <span class='ocr_line' id='line_1_92' title="bbox 226 4774 1837 4846; baseline -0.004 -12"><span class='ocrx_word' id='word_1_688' title='bbox 226 4779 519 4834; x_wconf 76' lang='lat' dir='ltr'><strong>Actorum</strong></span> <span class='ocrx_word' id='word_1_689' title='bbox 548 4777 675 4841; x_wconf 86' lang='lat' dir='ltr'><strong>loca,</strong></span> <span class='ocrx_word' id='word_1_690' title='bbox 716 4792 837 4846; x_wconf 77' lang='lat' dir='ltr'><strong>qua:</strong></span> <span class='ocrx_word' id='word_1_691' title='bbox 864 4775 968 4830; x_wconf 91' lang='lat' dir='ltr'><strong>huc</strong></span> <span class='ocrx_word' id='word_1_692' title='bbox 998 4775 1284 4845; x_wconf 87' lang='lat' dir='ltr'><strong>pertinent,</strong></span> <span class='ocrx_word' id='word_1_693' title='bbox 1338 4774 1638 4829; x_wconf 87' lang='lat' dir='ltr'><strong>adnotanda</strong></span> <span class='ocrx_word' id='word_1_694' title='bbox 1694 4784 1837 4840; x_wconf 86' lang='lat' dir='ltr'><strong>sunt,</strong></span> 
     </span>
    </p>
   </div>
   <div class='ocr_carea' id='block_1_93' title="bbox 223 4866 1842 4941">
    <p class='ocr_par' dir='ltr' id='par_1_93' title="bbox 223 4866 1842 4941">
     <span class='ocr_line' id='line_1_93' title="bbox 223 4866 1842 4941; baseline -0.004 -14"><span class='ocrx_word' id='word_1_695' title='bbox 223 4887 367 4941; x_wconf 74' lang='lat' dir='ltr'><strong>cap.</strong></span> <span class='ocrx_word' id='word_1_696' title='bbox 400 4885 436 4935; x_wconf 86' lang='lat' dir='ltr'><strong>I,</strong></span> <span class='ocrx_word' id='word_1_697' title='bbox 476 4867 503 4940; x_wconf 83' lang='lat'><strong>§</strong></span> <span class='ocrx_word' id='word_1_698' title='bbox 535 4868 605 4921; x_wconf 80' lang='lat'><strong>2:</strong></span> <span class='ocrx_word' id='word_1_699' title='bbox 654 4887 671 4919; x_wconf 74' lang='grc' dir='ltr'>ι</span> <span class='ocrx_word' id='word_1_700' title='bbox 696 4869 774 4923; x_wconf 89' lang='lat' dir='ltr'><strong>Ibi</strong></span> <span class='ocrx_word' id='word_1_701' title='bbox 804 4878 936 4923; x_wconf 90' lang='lat' dir='ltr'><strong>tunc</strong></span> <span class='ocrx_word' id='word_1_702' title='bbox 964 4867 1176 4922; x_wconf 89' lang='lat' dir='ltr'><strong>Tertius</strong></span> <span class='ocrx_word' id='word_1_703' title='bbox 1202 4876 1257 4921; x_wconf 90' lang='lat' dir='ltr'><strong>et</strong></span> <span class='ocrx_word' id='word_1_704' title='bbox 1288 4866 1637 4937; x_wconf 91' lang='lat' dir='ltr'><strong>Pomponius,</strong></span> <span class='ocrx_word' id='word_1_705' title='bbox 1672 4866 1842 4922; x_wconf 87' lang='lat' dir='ltr'><strong>bene-</strong></span> 
     </span>
    </p>
   </div>
   <div class='ocr_carea' id='block_1_94' title="bbox 221 4959 1843 5031">
    <p class='ocr_par' dir='ltr' id='par_1_94' title="bbox 221 4959 1843 5031">
     <span class='ocr_line' id='line_1_94' title="bbox 221 4959 1843 5031; baseline -0.002 -12"><span class='ocrx_word' id='word_1_706' title='bbox 221 4962 372 5019; x_wconf 87' lang='lat' dir='ltr'><strong>dicti</strong></span> <span class='ocrx_word' id='word_1_707' title='bbox 406 4961 658 5016; x_wconf 86' lang='lat' dir='ltr'><strong>diaeones</strong></span> <span class='ocrx_word' id='word_1_708' title='bbox 700 4960 790 5031; x_wconf 89' lang='lat' dir='ltr'><strong>qui</strong></span> <span class='ocrx_word' id='word_1_709' title='bbox 822 4960 977 5015; x_wconf 89' lang='lat' dir='ltr'><strong>nobis</strong></span> <span class='ocrx_word' id='word_1_710' title='bbox 1004 4960 1403 5022; x_wconf 88' lang='lat' dir='ltr'><strong>ministrabant,</strong></span> <span class='ocrx_word' id='word_1_711' title='bbox 1445 4959 1843 5015; x_wconf 89' lang='lat' dir='ltr'><strong>constituerunt</strong></span> 
     </span>
    </p>
   </div>
   <div class='ocr_carea' id='block_1_95' title="bbox 220 5054 1840 5129">
    <p class='ocr_par' dir='ltr' id='par_1_95' title="bbox 220 5054 1840 5129">
     <span class='ocr_line' id='line_1_95' title="bbox 220 5054 1840 5129; baseline -0.002 -16"><span class='ocrx_word' id='word_1_712' title='bbox 220 5058 428 5129; x_wconf 86' lang='lat' dir='ltr'><strong>pretio</strong></span> <span class='ocrx_word' id='word_1_713' title='bbox 448 5065 503 5111; x_wconf 92' lang='lat' dir='ltr'><strong>ut</strong></span> <span class='ocrx_word' id='word_1_714' title='bbox 523 5057 705 5127; x_wconf 88' lang='lat' dir='ltr'><strong>paucis</strong></span> <span class='ocrx_word' id='word_1_715' title='bbox 730 5056 877 5109; x_wconf 79' lang='lat' dir='ltr'><strong>horis</strong></span> <span class='ocrx_word' id='word_1_716' title='bbox 901 5055 1105 5121; x_wconf 91' lang='lat' dir='ltr'><strong>emissi,</strong></span> <span class='ocrx_word' id='word_1_717' title='bbox 1135 5055 1186 5109; x_wconf 93' lang='lat' dir='ltr'><strong>in</strong></span> <span class='ocrx_word' id='word_1_718' title='bbox 1209 5054 1485 5109; x_wconf 88' lang='lat' dir='ltr'><strong>meliorem</strong></span> <span class='ocrx_word' id='word_1_719' title='bbox 1523 5055 1696 5109; x_wconf 91' lang='lat' dir='ltr'><strong>locum</strong></span> <span class='ocrx_word' id='word_1_720' title='bbox 1717 5070 1840 5110; x_wconf 86' lang='lat' dir='ltr'><strong>car-</strong></span> 
     </span>
    </p>
   </div>
   <div class='ocr_carea' id='block_1_96' title="bbox 221 5148 1842 5221">
    <p class='ocr_par' dir='ltr' id='par_1_96' title="bbox 221 5148 1842 5221">
     <span class='ocr_line' id='line_1_96' title="bbox 221 5148 1842 5221; baseline -0.001 -13"><span class='ocrx_word' id='word_1_721' title='bbox 221 5153 382 5208; x_wconf 84' lang='lat' dir='ltr'><strong>ceris</strong></span> <span class='ocrx_word' id='word_1_722' title='bbox 416 5150 886 5221; x_wconf 66' lang='lat' dir='ltr'><strong>refrigerarentus:</strong></span> <span class='ocrx_word' id='word_1_723' title='bbox 906 5165 1023 5220; x_wconf 87' lang='lat' dir='ltr'><strong>cap.</strong></span> <span class='ocrx_word' id='word_1_724' title='bbox 1040 5165 1117 5215; x_wconf 87' lang='lat' dir='ltr'><strong>III,</strong></span> <span class='ocrx_word' id='word_1_725' title='bbox 1139 5149 1167 5221; x_wconf 83' lang='lat'>§</span> <span class='ocrx_word' id='word_1_726' title='bbox 1187 5150 1236 5203; x_wconf 85' lang='lat' dir='ltr'><strong>l:</strong></span> <span class='ocrx_word' id='word_1_727' title='bbox 1261 5167 1280 5200; x_wconf 76' lang='grc' dir='ltr'><strong><em>ι</em></strong></span> <span class='ocrx_word' id='word_1_728' title='bbox 1296 5148 1493 5204; x_wconf 88' lang='lat' dir='ltr'><strong>Deinde</strong></span> <span class='ocrx_word' id='word_1_729' title='bbox 1509 5159 1628 5219; x_wconf 91' lang='lat' dir='ltr'><strong>post</strong></span> <span class='ocrx_word' id='word_1_730' title='bbox 1645 5165 1842 5220; x_wconf 87' lang='lat' dir='ltr'><strong>paucos</strong></span> 
     </span>
    </p>
   </div>
   <div class='ocr_carea' id='block_1_97' title="bbox 220 5242 1843 5312">
    <p class='ocr_par' dir='ltr' id='par_1_97' title="bbox 220 5242 1843 5312">
     <span class='ocr_line' id='line_1_97' title="bbox 220 5242 1843 5312; baseline -0.002 -11"><span class='ocrx_word' id='word_1_731' title='bbox 220 5245 381 5310; x_wconf 83' lang='lat' dir='ltr'><strong>dies,</strong></span> <span class='ocrx_word' id='word_1_732' title='bbox 420 5242 634 5299; x_wconf 86' lang='lat' dir='ltr'><strong>Pudens</strong></span> <span class='ocrx_word' id='word_1_733' title='bbox 685 5243 841 5298; x_wconf 81' lang='lat' dir='ltr'><strong>miles</strong></span> <span class='ocrx_word' id='word_1_734' title='bbox 882 5242 1041 5312; x_wconf 91' lang='lat' dir='ltr'><strong>Optio</strong></span> <span class='ocrx_word' id='word_1_735' title='bbox 1082 5243 1400 5312; x_wconf 82' lang='lat' dir='ltr'><strong>praepositus</strong></span> <span class='ocrx_word' id='word_1_736' title='bbox 1450 5242 1704 5310; x_wconf 86' lang='lat' dir='ltr'><strong>carceris,</strong></span> <span class='ocrx_word' id='word_1_737' title='bbox 1754 5244 1843 5309; x_wconf 89' lang='lat' dir='ltr'><strong>qui</strong></span> 
     </span>
    </p>
   </div>
   <div class='ocr_carea' id='block_1_98' title="bbox 219 5336 1839 5409">
    <p class='ocr_par' dir='ltr' id='par_1_98' title="bbox 219 5336 1839 5409">
     <span class='ocr_line' id='line_1_98' title="bbox 219 5336 1839 5409; baseline -0.002 -14"><span class='ocrx_word' id='word_1_738' title='bbox 219 5355 335 5396; x_wconf 90' lang='lat' dir='ltr'><strong>nos</strong></span> <span class='ocrx_word' id='word_1_739' title='bbox 359 5339 541 5409; x_wconf 84' lang='lat' dir='ltr'><strong>magni</strong></span> <span class='ocrx_word' id='word_1_740' title='bbox 574 5338 751 5393; x_wconf 87' lang='lat' dir='ltr'><strong>facere</strong></span> <span class='ocrx_word' id='word_1_741' title='bbox 776 5338 962 5407; x_wconf 71' lang='lat' dir='ltr'><strong>cmpit,</strong></span> <span class='ocrx_word' id='word_1_742' title='bbox 994 5336 1295 5407; x_wconf 90' lang='lat' dir='ltr'><strong>intelligens</strong></span> <span class='ocrx_word' id='word_1_743' title='bbox 1314 5352 1561 5407; x_wconf 86' lang='lat' dir='ltr'><strong>magnam</strong></span> <span class='ocrx_word' id='word_1_744' title='bbox 1589 5338 1839 5392; x_wconf 91' lang='lat' dir='ltr'><strong>virtutem</strong></span> 
     </span>
    </p>
   </div>
   <div class='ocr_carea' id='block_1_99' title="bbox 220 5429 1844 5497">
    <p class='ocr_par' dir='ltr' id='par_1_99' title="bbox 220 5429 1844 5497">
     <span class='ocr_line' id='line_1_99' title="bbox 220 5429 1844 5497; baseline -0.001 -8"><span class='ocrx_word' id='word_1_745' title='bbox 220 5448 365 5489; x_wconf 79' lang='lat' dir='ltr'><strong>esse</strong></span> <span class='ocrx_word' id='word_1_746' title='bbox 424 5432 475 5485; x_wconf 90' lang='lat' dir='ltr'><strong>in</strong></span> <span class='ocrx_word' id='word_1_747' title='bbox 519 5432 695 5497; x_wconf 89' lang='lat' dir='ltr'><strong>nobis,</strong></span> <span class='ocrx_word' id='word_1_748' title='bbox 730 5432 925 5485; x_wconf 89' lang='lat' dir='ltr'><strong>multos</strong></span> <span class='ocrx_word' id='word_1_749' title='bbox 955 5429 1151 5486; x_wconf 86' lang='lat' dir='ltr'><strong>fratres</strong></span> <span class='ocrx_word' id='word_1_750' title='bbox 1181 5432 1246 5484; x_wconf 93' lang='lat' dir='ltr'><strong>ad</strong></span> <span class='ocrx_word' id='word_1_751' title='bbox 1276 5446 1375 5487; x_wconf 90' lang='lat' dir='ltr'><strong>nos</strong></span> <span class='ocrx_word' id='word_1_752' title='bbox 1416 5430 1751 5494; x_wconf 83' lang='lat' dir='ltr'><strong>admittebat,</strong></span> <span class='ocrx_word' id='word_1_753' title='bbox 1785 5442 1844 5487; x_wconf 89' lang='lat' dir='ltr'><strong>ut</strong></span> 
     </span>
    </p>
   </div>
   <div class='ocr_carea' id='block_1_100' title="bbox 220 5524 1839 5597">
    <p class='ocr_par' dir='ltr' id='par_1_100' title="bbox 220 5524 1839 5597">
     <span class='ocr_line' id='line_1_100' title="bbox 220 5524 1839 5597; baseline -0.001 -16"><span class='ocrx_word' id='word_1_754' title='bbox 220 5534 291 5581; x_wconf 83' lang='lat' dir='ltr'><strong>et</strong></span> <span class='ocrx_word' id='word_1_755' title='bbox 342 5537 460 5576; x_wconf 85' lang='lat' dir='ltr'><strong>nos</strong></span> <span class='ocrx_word' id='word_1_756' title='bbox 499 5534 547 5577; x_wconf 86' lang='lat' dir='ltr'><strong>et</strong></span> <span class='ocrx_word' id='word_1_757' title='bbox 588 5525 662 5578; x_wconf 90' lang='lat' dir='ltr'><strong>illi</strong></span> <span class='ocrx_word' id='word_1_758' title='bbox 716 5524 942 5580; x_wconf 82' lang='lat' dir='ltr'><strong>invicem</strong></span> <span class='ocrx_word' id='word_1_759' title='bbox 992 5524 1434 5595; x_wconf 85' lang='lat' dir='ltr'><strong>refrigeraremus</strong></span> <span class='ocrx_word' id='word_1_760' title='bbox 1481 5540 1599 5595; x_wconf 90' lang='lat' dir='ltr'><strong>cap.</strong></span> <span class='ocrx_word' id='word_1_761' title='bbox 1630 5542 1681 5593; x_wconf 94' lang='lat' dir='ltr'><strong>v,</strong></span> <span class='ocrx_word' id='word_1_762' title='bbox 1710 5525 1735 5597; x_wconf 82' lang='lat'>§</span> <span class='ocrx_word' id='word_1_763' title='bbox 1760 5528 1794 5583; x_wconf 83' lang='lat'><strong>5</strong></span> <span class='ocrx_word' id='word_1_764' title='bbox 1827 5545 1839 5580; x_wconf 89' lang='lat'>:</span> 
     </span>
    </p>
   </div>
   <div class='ocr_carea' id='block_1_101' title="bbox 229 5612 1845 5690">
    <p class='ocr_par' dir='ltr' id='par_1_101' title="bbox 229 5612 1845 5690">
     <span class='ocr_line' id='line_1_101' title="bbox 229 5612 1845 5690; baseline 0.002 -18"><span class='ocrx_word' id='word_1_765' title='bbox 229 5639 254 5677; x_wconf 76' lang='grc' dir='ltr'><strong><em>ι</em></strong></span> <span class='ocrx_word' id='word_1_766' title='bbox 300 5617 464 5672; x_wconf 86' lang='lat' dir='ltr'><strong>Cum</strong></span> <span class='ocrx_word' id='word_1_767' title='bbox 491 5632 517 5669; x_wconf 89' lang='lat' dir='ltr'><strong>a</strong></span> <span class='ocrx_word' id='word_1_768' title='bbox 542 5619 745 5674; x_wconf 89' lang='lat' dir='ltr'><strong>tribuno</strong></span> <span class='ocrx_word' id='word_1_769' title='bbox 769 5620 1076 5689; x_wconf 87' lang='lat' dir='ltr'><strong>castigatius</strong></span> <span class='ocrx_word' id='word_1_770' title='bbox 1124 5633 1188 5674; x_wconf 88' lang='lat' dir='ltr'><strong>eo</strong></span> <span class='ocrx_word' id='word_1_771' title='bbox 1212 5612 1598 5686; x_wconf 84' lang='lat' dir='ltr'><strong>tractarentur,</strong></span> <span class='ocrx_word' id='word_1_772' title='bbox 1632 5620 1751 5690; x_wconf 88' lang='lat' dir='ltr'><strong>quia</strong></span> <span class='ocrx_word' id='word_1_773' title='bbox 1778 5636 1845 5675; x_wconf 86' lang='lat' dir='ltr'><strong>ex</strong></span> 
     </span>
    </p>
   </div>
   <div class='ocr_carea' id='block_1_102' title="bbox 312 5776 1185 5855">
    <p class='ocr_par' dir='ltr' id='par_1_102' title="bbox 312 5776 1185 5855">
     <span class='ocr_line' id='line_1_102' title="bbox 312 5776 1185 5855; baseline 0.006 -21"><span class='ocrx_word' id='word_1_774' title='bbox 312 5782 414 5855; x_wconf 84' lang='lat' dir='ltr'><strong>(I)</strong></span> <span class='ocrx_word' id='word_1_775' title='bbox 446 5776 557 5835; x_wconf 90' lang='lat' dir='ltr'><strong>Lib.</strong></span> <span class='ocrx_word' id='word_1_776' title='bbox 587 5783 647 5835; x_wconf 81' lang='lat' dir='ltr'><strong>de</strong></span> <span class='ocrx_word' id='word_1_777' title='bbox 672 5782 921 5854; x_wconf 79' lang='lat' dir='ltr'><strong>Jejuniis,</strong></span> <span class='ocrx_word' id='word_1_778' title='bbox 952 5798 1068 5853; x_wconf 80' lang='lat' dir='ltr'><strong>cap.</strong></span> <span class='ocrx_word' id='word_1_779' title='bbox 1100 5784 1185 5839; x_wconf 81' lang='grc'><strong>11.</strong></span> 
     </span>
    </p>
   </div>
   <div class='ocr_carea' id='block_1_103' title="bbox 1944 4677 3548 4769">
    <p class='ocr_par' dir='ltr' id='par_1_103' title="bbox 1944 4677 3548 4769">
     <span class='ocr_line' id='line_1_103' title="bbox 1944 4677 3548 4769; baseline 0.016 -39"><span class='ocrx_word' id='word_1_780' title='bbox 1944 4677 2050 4732; x_wconf 90' lang='lat' dir='ltr'><strong>rari</strong></span> <span class='ocrx_word' id='word_1_781' title='bbox 2096 4680 2323 4749; x_wconf 89' lang='lat' dir='ltr'><strong>possint.</strong></span> <span class='ocrx_word' id='word_1_782' title='bbox 2356 4700 2375 4732; x_wconf 76' lang='grc' dir='ltr'><strong><em>ι</em></strong></span> <span class='ocrx_word' id='word_1_783' title='bbox 2424 4681 2472 4736; x_wconf 85' lang='lat' dir='ltr'><strong>Is</strong></span> <span class='ocrx_word' id='word_1_784' title='bbox 2524 4697 2691 4752; x_wconf 91' lang='lat' dir='ltr'><strong>porro</strong></span> <span class='ocrx_word' id='word_1_785' title='bbox 2730 4694 2846 4740; x_wconf 90' lang='lat' dir='ltr'><strong>erat</strong></span> <span class='ocrx_word' id='word_1_786' title='bbox 2884 4686 3193 4745; x_wconf 72' lang='lat' dir='ltr'><strong>christiana:</strong></span> <span class='ocrx_word' id='word_1_787' title='bbox 3224 4695 3394 4762; x_wconf 93' lang='lat' dir='ltr'><strong>plebis</strong></span> <span class='ocrx_word' id='word_1_788' title='bbox 3420 4714 3548 4769; x_wconf 82' lang='lat' dir='ltr'><strong>erga</strong></span> 
     </span>
    </p>
   </div>
   <div class='ocr_carea' id='block_1_104' title="bbox 1943 4771 3548 4858">
    <p class='ocr_par' dir='ltr' id='par_1_104' title="bbox 1943 4771 3548 4858">
     <span class='ocr_line' id='line_1_104' title="bbox 1943 4771 3548 4858; baseline 0.014 -32"><span class='ocrx_word' id='word_1_789' title='bbox 1943 4771 2285 4829; x_wconf 88' lang='lat' dir='ltr'><strong>confessores</strong></span> <span class='ocrx_word' id='word_1_790' title='bbox 2329 4774 2571 4844; x_wconf 73' lang='lat' dir='ltr'><strong>affectus,</strong></span> <span class='ocrx_word' id='word_1_791' title='bbox 2626 4788 2684 4833; x_wconf 91' lang='lat' dir='ltr'><strong>ut</strong></span> <span class='ocrx_word' id='word_1_792' title='bbox 2731 4794 2838 4834; x_wconf 92' lang='lat' dir='ltr'><strong>non</strong></span> <span class='ocrx_word' id='word_1_793' title='bbox 2886 4782 2933 4835; x_wconf 92' lang='lat' dir='ltr'><strong>ei</strong></span> <span class='ocrx_word' id='word_1_794' title='bbox 2989 4783 3088 4837; x_wconf 91' lang='lat' dir='ltr'><strong>hac</strong></span> <span class='ocrx_word' id='word_1_795' title='bbox 3140 4786 3193 4839; x_wconf 92' lang='lat' dir='ltr'><strong>in</strong></span> <span class='ocrx_word' id='word_1_796' title='bbox 3248 4801 3402 4858; x_wconf 78' lang='lat' dir='ltr'><strong>parte</strong></span> <span class='ocrx_word' id='word_1_797' title='bbox 3448 4792 3548 4847; x_wconf 88' lang='lat' dir='ltr'><strong>sti-</strong></span> 
     </span>
    </p>
   </div>
   <div class='ocr_carea' id='block_1_105' title="bbox 1946 4863 3544 4953">
    <p class='ocr_par' dir='ltr' id='par_1_105' title="bbox 1946 4863 3544 4953">
     <span class='ocr_line' id='line_1_105' title="bbox 1946 4863 3544 4953; baseline 0.014 -37"><span class='ocrx_word' id='word_1_798' title='bbox 1946 4863 2121 4919; x_wconf 90' lang='lat' dir='ltr'><strong>mulos</strong></span> <span class='ocrx_word' id='word_1_799' title='bbox 2164 4865 2386 4933; x_wconf 88' lang='lat' dir='ltr'><strong>addere,</strong></span> <span class='ocrx_word' id='word_1_800' title='bbox 2438 4868 2531 4923; x_wconf 89' lang='lat' dir='ltr'><strong>sed</strong></span> <span class='ocrx_word' id='word_1_801' title='bbox 2562 4867 2783 4926; x_wconf 88' lang='lat' dir='ltr'><strong>fratrum</strong></span> <span class='ocrx_word' id='word_1_802' title='bbox 2812 4872 2882 4927; x_wconf 88' lang='lat' dir='ltr'><strong>ad</strong></span> <span class='ocrx_word' id='word_1_803' title='bbox 2923 4889 3170 4932; x_wconf 90' lang='lat' dir='ltr'><strong>carceres</strong></span> <span class='ocrx_word' id='word_1_804' title='bbox 3198 4895 3544 4953; x_wconf 88' lang='lat' dir='ltr'><strong>concursum,</strong></span> 
     </span>
    </p>
   </div>
   <div class='ocr_carea' id='block_1_106' title="bbox 1945 4956 3543 5046">
    <p class='ocr_par' dir='ltr' id='par_1_106' title="bbox 1945 4956 3543 5046">
     <span class='ocr_line' id='line_1_106' title="bbox 1945 4956 3543 5046; baseline 0.015 -37"><span class='ocrx_word' id='word_1_805' title='bbox 1945 4956 2010 5010; x_wconf 89' lang='lat' dir='ltr'><strong>ad</strong></span> <span class='ocrx_word' id='word_1_806' title='bbox 2062 4958 2320 5015; x_wconf 82' lang='lat' dir='ltr'><strong>fovendos</strong></span> <span class='ocrx_word' id='word_1_807' title='bbox 2340 4960 2547 5017; x_wconf 89' lang='lat' dir='ltr'><strong>scilicet</strong></span> <span class='ocrx_word' id='word_1_808' title='bbox 2572 4971 2733 5034; x_wconf 89' lang='lat' dir='ltr'><strong>atque</strong></span> <span class='ocrx_word' id='word_1_809' title='bbox 2760 4964 3140 5025; x_wconf 88' lang='lat' dir='ltr'><strong>refocillandos</strong></span> <span class='ocrx_word' id='word_1_810' title='bbox 3184 4974 3543 5046; x_wconf 82' lang='lat' dir='ltr'><strong>confessores,</strong></span> 
     </span>
    </p>
   </div>
   <div class='ocr_carea' id='block_1_107' title="bbox 2020 5140 3551 5229">
    <p class='ocr_par' dir='ltr' id='par_1_107' title="bbox 2020 5140 3551 5229">
     <span class='ocr_line' id='line_1_107' title="bbox 2020 5140 3551 5229; baseline 0.018 -41"><span class='ocrx_word' id='word_1_811' title='bbox 2020 5140 2097 5210; x_wconf 78' lang='grc'><strong>(1)</strong></span> <span class='ocrx_word' id='word_1_812' title='bbox 2126 5149 2203 5229; x_wconf 38' lang='lat' dir='ltr'><strong>“Oi</strong></span> <span class='ocrx_word' id='word_1_813' title='bbox 2230 5141 2270 5192; x_wconf 86' lang='grc' dir='ltr'>δ’</span> <span class='ocrx_word' id='word_1_814' title='bbox 2291 5147 2337 5195; x_wconf 72' lang='grc' dir='ltr'><strong>ἓν</strong></span> <span class='ocrx_word' id='word_1_815' title='bbox 2359 5148 2490 5196; x_wconf 73' lang='grc' dir='ltr'><strong>τέλει</strong></span> <span class='ocrx_word' id='word_1_816' title='bbox 2528 5151 2608 5198; x_wconf 81' lang='grc' dir='ltr'><strong>καὶ</strong></span> <span class='ocrx_word' id='word_1_817' title='bbox 2634 5151 2787 5202; x_wconf 75' lang='grc' dir='ltr'>αὐτῶν</span> <span class='ocrx_word' id='word_1_818' title='bbox 2822 5153 2905 5202; x_wconf 73' lang='grc' dir='ltr'><strong>καὶ</strong></span> <span class='ocrx_word' id='word_1_819' title='bbox 2944 5159 3273 5210; x_wconf 68' lang='grc' dir='ltr'><strong>συνεκάθευδον</strong></span> <span class='ocrx_word' id='word_1_820' title='bbox 3301 5163 3424 5213; x_wconf 63' lang='lat' dir='ltr'><strong>Evam</strong></span> <span class='ocrx_word' id='word_1_821' title='bbox 3446 5161 3551 5229; x_wconf 79' lang='grc' dir='ltr'><strong>μετ’</strong></span> 
     </span>
    </p>
   </div>
   <div class='ocr_carea' id='block_1_108' title="bbox 1943 5216 3550 5288">
    <p class='ocr_par' dir='ltr' id='par_1_108' title="bbox 1943 5216 3550 5288">
     <span class='ocr_line' id='line_1_108' title="bbox 1943 5216 3550 5288; baseline 0.008 -13"><span class='ocrx_word' id='word_1_822' title='bbox 1943 5216 2465 5288; x_wconf 55' lang='grc' dir='ltr'><strong>αὖτοῧνδιοιφθείραγτες</strong></span> <span class='ocrx_word' id='word_1_823' title='bbox 2490 5224 2597 5276; x_wconf 74' lang='grc' dir='ltr'><strong>τοὺς</strong></span> <span class='ocrx_word' id='word_1_824' title='bbox 2619 5220 2991 5287; x_wconf 68' lang='grc' dir='ltr'><strong>δεσμοφύλακας·</strong></span> <span class='ocrx_word' id='word_1_825' title='bbox 3023 5224 3130 5278; x_wconf 57' lang='grc' dir='ltr'><strong><em>εἶτα.</em></strong></span> <span class='ocrx_word' id='word_1_826' title='bbox 3159 5230 3325 5282; x_wconf 68' lang='grc' dir='ltr'><strong>δεῖπνα.</strong></span> <span class='ocrx_word' id='word_1_827' title='bbox 3350 5216 3550 5288; x_wconf 54' lang='lat' dir='ltr'><strong>«antlia:</strong></span> 
     </span>
    </p>
   </div>
   <div class='ocr_carea' id='block_1_109' title="bbox 1944 5286 3551 5369">
    <p class='ocr_par' dir='ltr' id='par_1_109' title="bbox 1944 5286 3551 5369">
     <span class='ocr_line' id='line_1_109' title="bbox 1944 5286 3551 5369; baseline 0.009 -33"><span class='ocrx_word' id='word_1_828' title='bbox 1944 5288 2282 5369; x_wconf 41' lang='lat' dir='ltr'><strong>dementiae,</strong></span> <span class='ocrx_word' id='word_1_829' title='bbox 2308 5286 2389 5369; x_wconf 45' lang='grc' dir='ltr'><strong>καὶὶ</strong></span> <span class='ocrx_word' id='word_1_830' title='bbox 2416 5288 2545 5352; x_wconf 65' lang='grc' dir='ltr'><strong>λόγοι</strong></span> <span class='ocrx_word' id='word_1_831' title='bbox 2574 5293 2685 5357; x_wconf 70' lang='grc' dir='ltr'><strong>ἱεροὶ</strong></span> <span class='ocrx_word' id='word_1_832' title='bbox 2711 5294 2864 5344; x_wconf 72' lang='grc' dir='ltr'><strong>αὐτῶν</strong></span> <span class='ocrx_word' id='word_1_833' title='bbox 2891 5299 3323 5365; x_wconf 55' lang='grc' dir='ltr'><strong>ἰλέγοντοηηλίαὶ</strong></span> <span class='ocrx_word' id='word_1_834' title='bbox 3342 5314 3438 5369; x_wconf 53' lang='grc' dir='ltr'><strong>μὲν</strong></span> <span class='ocrx_word' id='word_1_835' title='bbox 3467 5310 3551 5359; x_wconf 65' lang='grc' dir='ltr'><strong>καὶ</strong></span> 
     </span>
    </p>
   </div>
   <div class='ocr_carea' id='block_1_110' title="bbox 1944 5358 3553 5439">
    <p class='ocr_par' dir='ltr' id='par_1_110' title="bbox 1944 5358 3553 5439">
     <span class='ocr_line' id='line_1_110' title="bbox 1944 5358 3553 5439; baseline 0.018 -47"><span class='ocrx_word' id='word_1_836' title='bbox 1944 5372 2033 5410; x_wconf 60' lang='grc' dir='ltr'><strong>τῶν</strong></span> <span class='ocrx_word' id='word_1_837' title='bbox 2074 5360 2118 5408; x_wconf 78' lang='grc' dir='ltr'><strong>ἰν</strong></span> <span class='ocrx_word' id='word_1_838' title='bbox 2164 5358 2289 5422; x_wconf 80' lang='grc' dir='ltr'><strong>Ᾱσίᾳ</strong></span> <span class='ocrx_word' id='word_1_839' title='bbox 2318 5358 2492 5439; x_wconf 50' lang='grc' dir='ltr'><strong>τξὸὶλεων</strong></span> <span class='ocrx_word' id='word_1_840' title='bbox 2538 5366 2662 5414; x_wconf 73' lang='grc' dir='ltr'><strong>ἔστιν</strong></span> <span class='ocrx_word' id='word_1_841' title='bbox 2707 5364 2766 5414; x_wconf 77' lang='grc' dir='ltr'><strong><em>ὧν</em></strong></span> <span class='ocrx_word' id='word_1_842' title='bbox 2803 5365 2913 5421; x_wconf 64' lang='grc' dir='ltr'><strong>ἧιόν</strong></span> <span class='ocrx_word' id='word_1_843' title='bbox 2945 5358 3089 5432; x_wconf 62' lang='grc' dir='ltr'><strong>νιῖινες,</strong></span> <span class='ocrx_word' id='word_1_844' title='bbox 3126 5391 3215 5428; x_wconf 73' lang='grc' dir='ltr'><strong>τῶν</strong></span> <span class='ocrx_word' id='word_1_845' title='bbox 3252 5358 3553 5439; x_wconf 53' lang='grc' dir='ltr'><strong>Χρλστιανρν</strong></span> 
     </span>
    </p>
   </div>
   <div class='ocr_carea' id='block_1_111' title="bbox 1948 5428 3552 5516">
    <p class='ocr_par' dir='ltr' id='par_1_111' title="bbox 1948 5428 3552 5516">
     <span class='ocr_line' id='line_1_111' title="bbox 1948 5428 3552 5516; baseline 0.016 -37"><span class='ocrx_word' id='word_1_846' title='bbox 1948 5428 2230 5482; x_wconf 72' lang='grc' dir='ltr'><strong>στελλόντων</strong></span> <span class='ocrx_word' id='word_1_847' title='bbox 2259 5428 2467 5516; x_wconf 48' lang='grc' dir='ltr'><strong>ἀπόΙτοῧ</strong></span> <span class='ocrx_word' id='word_1_848' title='bbox 2496 5440 2673 5497; x_wconf 81' lang='grc' dir='ltr'><strong>κοινοῦ,</strong></span> <span class='ocrx_word' id='word_1_849' title='bbox 2706 5440 3018 5503; x_wconf 77' lang='grc' dir='ltr'><strong>βοηθήσοντες</strong></span> <span class='ocrx_word' id='word_1_850' title='bbox 3046 5446 3127 5493; x_wconf 64' lang='grc' dir='ltr'><strong>καὶ</strong></span> <span class='ocrx_word' id='word_1_851' title='bbox 3155 5428 3552 5516; x_wconf 45' lang='grc' dir='ltr'><strong>ξεναγέρεὺσοντξς</strong></span> 
     </span>
    </p>
   </div>
   <div class='ocr_carea' id='block_1_112' title="bbox 1949 5500 3553 5589">
    <p class='ocr_par' dir='ltr' id='par_1_112' title="bbox 1949 5500 3553 5589">
     <span class='ocr_line' id='line_1_112' title="bbox 1949 5500 3553 5589; baseline 0.016 -41"><span class='ocrx_word' id='word_1_852' title='bbox 1949 5500 2517 5589; x_wconf 30' lang='grc' dir='ltr'><strong>ιξιὶςπαραμυθηξόμξῖοι</strong></span> <span class='ocrx_word' id='word_1_853' title='bbox 2569 5511 2649 5557; x_wconf 74' lang='grc' dir='ltr'><strong>τὸν</strong></span> <span class='ocrx_word' id='word_1_854' title='bbox 2691 5500 2858 5577; x_wconf 58' lang='grc' dir='ltr'><strong>ἄνδρα..</strong></span> <span class='ocrx_word' id='word_1_855' title='bbox 2888 5504 3136 5579; x_wconf 61' lang='grc' dir='ltr'><strong>Ᾱμῆχανον</strong></span> <span class='ocrx_word' id='word_1_856' title='bbox 3162 5500 3212 5567; x_wconf 52' lang='grc' dir='ltr'><strong>δέ</strong></span> <span class='ocrx_word' id='word_1_857' title='bbox 3238 5500 3288 5569; x_wconf 51' lang='grc' dir='ltr'><strong>τί</strong></span> <span class='ocrx_word' id='word_1_858' title='bbox 3318 5500 3380 5572; x_wconf 50' lang='grc' dir='ltr'><strong>,τό</strong></span> 
     </span>
    </p>
   </div>
   <div class='ocr_carea' id='block_1_113' title="bbox 1950 5573 3558 5662">
    <p class='ocr_par' dir='ltr' id='par_1_113' title="bbox 1950 5573 3558 5662">
     <span class='ocr_line' id='line_1_113' title="bbox 1950 5573 3558 5662; baseline -0.011 -22"><span class='ocrx_word' id='word_1_859' title='bbox 1950 5573 2290 5657; x_wconf 57' lang='grc' dir='ltr'><strong>δπίδεξκνυξται</strong></span> <span class='ocrx_word' id='word_1_860' title='bbox 2316 5575 2505 5625; x_wconf 69' lang='grc' dir='ltr'><strong>ἐ’νιίειδεὶν</strong></span> <span class='ocrx_word' id='word_1_861' title='bbox 2530 5585 2808 5662; x_wconf 44' lang='grc' dir='ltr'><strong>τιῐξοιοῦτδν</strong></span> <span class='ocrx_word' id='word_1_862' title='bbox 2822 5589 3016 5646; x_wconf 59' lang='grc' dir='ltr'><strong>γένηται</strong></span> <span class='ocrx_word' id='word_1_863' title='bbox 3047 5587 3289 5653; x_wconf 61' lang='grc' dir='ltr'><strong>δημόσιον,</strong></span> <span class='ocrx_word' id='word_1_864' title='bbox 3316 5596 3360 5642; x_wconf 63' lang='grc' dir='ltr'><strong>έν</strong></span> <span class='ocrx_word' id='word_1_865' title='bbox 3378 5573 3558 5662; x_wconf 32' lang='lat' dir='ltr'><strong>[apage-L-</strong></span> 
     </span>
    </p>
   </div>
   <div class='ocr_carea' id='block_1_114' title="bbox 1950 5643 3561 5728">
    <p class='ocr_par' dir='ltr' id='par_1_114' title="bbox 1950 5643 3561 5728">
     <span class='ocr_line' id='line_1_114' title="bbox 1950 5643 3561 5728; baseline 0.012 -37"><span class='ocrx_word' id='word_1_866' title='bbox 1950 5646 2043 5711; x_wconf 72' lang='grc' dir='ltr'><strong>γὰρ</strong></span> <span class='ocrx_word' id='word_1_867' title='bbox 2070 5643 2313 5711; x_wconf 66' lang='grc' dir='ltr'><strong>ἀφειδοῦσι</strong></span> <span class='ocrx_word' id='word_1_868' title='bbox 2345 5649 2545 5728; x_wconf 40' lang='lat' dir='ltr'><strong>urbem.</strong></span> <span class='ocrx_word' id='word_1_869' title='bbox 2578 5645 2678 5701; x_wconf 72' lang='grc' dir='ltr'><strong>Καὶ</strong></span> <span class='ocrx_word' id='word_1_870' title='bbox 2708 5654 2767 5701; x_wconf 51' lang='grc' dir='ltr'><strong>δὲ</strong></span> <span class='ocrx_word' id='word_1_871' title='bbox 2796 5657 2963 5722; x_wconf 70' lang='grc' dir='ltr'><strong>καὶτῷ</strong></span> <span class='ocrx_word' id='word_1_872' title='bbox 2985 5643 3238 5728; x_wconf 38' lang='lat' dir='ltr'><strong>[lapsi/privat</strong></span> <span class='ocrx_word' id='word_1_873' title='bbox 3263 5643 3426 5716; x_wconf 39' lang='lat' dir='ltr'><strong>suis;</strong></span> <span class='ocrx_word' id='word_1_874' title='bbox 3450 5643 3561 5718; x_wconf 63' lang='grc' dir='ltr'><strong>τῖτε</strong></span> 
     </span>
    </p>
   </div>
   <div class='ocr_carea' id='block_1_115' title="bbox 1954 5718 3567 5805">
    <p class='ocr_par' dir='ltr' id='par_1_115' title="bbox 1954 5718 3567 5805">
     <span class='ocr_line' id='line_1_115' title="bbox 1954 5718 3567 5805; baseline 0.017 -41"><span class='ocrx_word' id='word_1_875' title='bbox 1954 5718 2041 5805; x_wconf 60' lang='grc' dir='ltr'>ἧκῆ</span> <span class='ocrx_word' id='word_1_876' title='bbox 2091 5727 2318 5805; x_wconf 52' lang='grc' dir='ltr'><strong>ζργξμεξται</strong></span> <span class='ocrx_word' id='word_1_877' title='bbox 2343 5718 2461 5805; x_wconf 35' lang='grc' dir='ltr'><strong>πέρ’</strong></span> <span class='ocrx_word' id='word_1_878' title='bbox 2490 5722 2643 5805; x_wconf 42' lang='lat' dir='ltr'><strong>uia-er</strong></span> <span class='ocrx_word' id='word_1_879' title='bbox 2694 5727 2773 5773; x_wconf 69' lang='grc' dir='ltr'><strong>ἐπὶ</strong></span> <span class='ocrx_word' id='word_1_880' title='bbox 2821 5718 3059 5796; x_wconf 53' lang='lat' dir='ltr'><strong>«populati</strong></span> <span class='ocrx_word' id='word_1_881' title='bbox 3216 5718 3431 5805; x_wconf 58' lang='grc' dir='ltr'><strong>’δεσμῶη</strong></span> <span class='ocrx_word' id='word_1_882' title='bbox 3480 5738 3567 5791; x_wconf 67' lang='grc' dir='ltr'><strong>καὶ</strong></span> 
     </span>
    </p>
   </div>
   <div class='ocr_carea' id='block_1_116' title="bbox 1957 5789 2959 5860">
    <p class='ocr_par' dir='ltr' id='par_1_116' title="bbox 1957 5789 2959 5860">
     <span class='ocr_line' id='line_1_116' title="bbox 1957 5789 2959 5860; baseline 0.015 -25"><span class='ocrx_word' id='word_1_883' title='bbox 1957 5789 2179 5857; x_wconf 78' lang='grc' dir='ltr'><strong>πρόσοδον</strong></span> <span class='ocrx_word' id='word_1_884' title='bbox 2209 5790 2260 5842; x_wconf 80' lang='grc' dir='ltr'><strong>οὗ</strong></span> <span class='ocrx_word' id='word_1_885' title='bbox 2275 5795 2450 5860; x_wconf 73' lang='grc' dir='ltr'><strong>μικρὰν</strong></span> <span class='ocrx_word' id='word_1_886' title='bbox 2470 5794 2647 5851; x_wconf 67' lang='grc' dir='ltr'>ταύτην</span> <span class='ocrx_word' id='word_1_887' title='bbox 2669 5789 2959 5858; x_wconf 60' lang='grc' dir='ltr'><strong>ἰποιήσάτᾶ.</strong></span> 
     </span>
    </p>
   </div>
  </div>
