4156 6282
624 289 726 354 tos

1777 289 2149 370 DlSSERTAT
2155 289 2223 351 10
2260 293 2743 369 APULOGETICA

3816 295 3928 359 16/13

616 428 681 465 es
731 407 1025 480 prudentiae
1071 407 1277 481 legibus
1332 407 1601 464 moderari
1655 424 1790 481 opus
1839 420 2005 467 esset.
2057 409 2210 468 Unde
2237 407 2669 470 Aeducandnm.
2719 412 2947 469 Carnem
2976 411 3118 468 enim
3149 412 3401 485 saginari,
3430 419 3486 470 et
3515 412 3766 484 spiritum
3799 430 3930 472 esu-

617 505 798 559 statim
848 501 1162 572 subiungit:
1203 521 1221 554 ι
1253 502 1384 557 Peto
1422 517 1655 580 quoque,
1704 504 1772 558 ad
1825 505 2215 574 procurandum

617 599 876 669 quietem,
923 596 1140 652 solertia
1189 607 1246 652 et
1273 598 1580 652 Sollicitudo
1625 609 1799 653 vestra
1843 614 1948 652 non
1981 599 2211 664 desinat;

622 706 743 745 nam
772 690 872 746 etsi
918 687 1110 746 fratres
1155 705 1252 762 pro
1304 690 1592 746 dilectione
1620 706 1715 748 sua
1764 691 1944 760 cupidi
1984 699 2110 746 sunt
2149 692 2216 747 ad

617 783 1050 840 conveniendum
1101 793 1156 840 et
1204 784 1528 840 visitandunt
1592 785 1934 842 confessot‘es
1998 785 2211 851 bonos,

621 894 756 948 quos
788 878 1073 933 illustravit
1112 879 1224 949 jam
1255 880 1504 951 gloriosis
1547 880 1711 935 initiis
1739 881 1917 936 divina
1954 881 2212 952 dignatio,

620 981 804 1026 tamen
852 983 1007 1028 caute
1037 973 1157 1038 hoc,
1213 981 1267 1028 et
1294 988 1398 1028 non
1431 973 1790 1044 glomeratim.
1828 991 1924 1029 nee
1955 991 2048 1045 per
2079 975 2216 1028 mul-

615 1066 896 1121 titudinem
928 1065 1084 1121 simul
1101 1065 1343 1137 junctam
1375 1075 1505 1136 puto
1529 1084 1651 1124 esse
1684 1067 1986 1124 faciendum
2014 1083 2029 1124 :
2064 1083 2130 1123 ne
2144 1083 2214 1123 ex

617 1161 716 1215 hoc
745 1159 862 1229 ipso
889 1159 1088 1215 invidia
1118 1162 1436 1228 concitetur,
1487 1171 1541 1215 et
1572 1163 1876 1218 introeundi
1915 1162 2090 1217 aditus
2117 1161 2212 1216 dc-

597 1260 860 1323 .ncgetnr,
891 1261 946 1307 et
971 1251 1097 1306 dum
1127 1253 1454 1308 insatiabiles
1480 1254 1705 1308 multum
1739 1254 2008 1316 volumus,
2040 1263 2212 1308 totum

613 1345 920 1414 perdamus.
977 1343 1256 1400 Consulite
1307 1362 1435 1416 ergo
1494 1355 1552 1401 et
1596 1347 1908 1416 providete,
1976 1356 2034 1401 ut
2087 1361 2212 1401 cum

616 1445 1042 1508 temperamento
1098 1438 1200 1494 hoc
1226 1440 1307 1509 agi
1339 1440 1504 1493 tutius
1534 1440 1740 1508 possit:
1788 1440 1857 1495 ita
1890 1448 1950 1494 ut
1988 1440 2211 1510 presby-

614 1534 709 1588 teri
769 1547 1004 1602 quoque,
1062 1533 1150 1600 qui
1211 1532 1319 1586 illic
1369 1532 1511 1602 apud
1561 1533 1904 1590 eonlessores
1953 1533 2208 1599 tulerunt,

611 1624 805 1695 singuli
857 1639 978 1679 cum
1023 1623 1247 1695 singulis
1286 1623 1532 1680 diaconis
1578 1641 1673 1694 per
1722 1628 1870 1682 vices
1917 1626 2206 1680 alternent:

610 1717 730 1788 quia
783 1728 838 1774 et
892 1717 1116 1772 mutatio
1168 1733 1545 1786 personarum,
1603 1728 1660 1775 et
1715 1719 2032 1777 vicissitudo
2075 1736 2209 1776 con-

2321 507 2429 562 rire
2461 524 2564 561 non
2599 507 2836 578 prodest.
2869 525 2887 558 ι
2922 506 2986 562 Et
3014 506 3170 572 infra,
3201 509 3377 578 capite
3399 506 3671 563 secundo:
3709 527 3728 560 ‹
3749 508 3924 578 Ipsam

2324 600 2533 656 interim
2585 600 3046 655 conversationem
3079 601 3259 655 saeculi
3285 610 3339 654 et
3375 601 3609 654 carceris
3639 615 3925 670 compare-

2323 711 2461 762 mus,
2503 696 2546 750 si
2579 710 2683 769 nop
2716 696 2836 766 plus
2883 696 2935 749 in
2983 709 3198 749 carcere
3223 694 3445 764 spiritus
3472 695 3720 764 acquirit,
3760 711 3923 764 quam

2320 803 2446 843 caro
2473 787 2697 852 amittit;
2731 789 2894 842 immo
2913 798 2964 842 et
2985 787 3255 858 qumjuSta
3285 791 3432 852 sunt,
3458 788 3925 843 carononamittit

2321 894 2416 948 per
2457 895 2640 935 curam
2677 879 2961 947 Ecclesiae,
2993 891 3047 933 et
3071 893 3274 949 agapen
3304 877 3550 932 fratrum.
3578 899 3596 930 ι
3633 880 3738 935 Sed
3768 890 3920 950 post-

2319 987 2480 1041 quam
2506 986 2628 1028 sese
2658 987 2881 1042 prorsus
2908 972 2960 1026 in
2991 971 3328 1040 disciplinam
3375 970 3614 1027 Montani
3668 973 3918 1039 tradidit,

2318 1077 2372 1122 et
2415 1067 2662 1122 acerbius
2706 1075 2866 1135 atque
2897 1064 3310 1122 inverecundius
3352 1079 3474 1120 cum
3505 1065 3798 1120 Catltnlicis
3826 1082 3921 1137 ge-

2319 1173 2439 1213 rere
2463 1158 2764 1214 simultates
2783 1158 2945 1227 coepit
2969 1198 2984 1222 ,
3019 1168 3128 1212 tum
3150 1156 3407 1213 Ecclesia:
3432 1172 3557 1228 erga
3579 1157 3921 1215 cenfessores

2326 1251 2641 1307 Charitelen!
2670 1251 2828 1322 longe
2850 1267 3007 1321 quam
3025 1251 3617 1307 Lucianusinvidiosius
3648 1252 3916 1319 traduxit;

2319 1351 2429 1397 tum
2461 1358 2578 1412 quae
2603 1342 2922 1398 Christianis
2949 1343 3284 1399 observanda
3317 1344 3455 1398 foret
3484 1344 3534 1397 in
3584 1343 3814 1398 vinculis
3849 1358 3921 1400 ex

2317 1433 2758 1490 Montanistarum
2778 1435 2980 1505 legibus
2997 1445 3051 1490 et
3066 1435 3323 1491 institutis
3355 1436 3526 1490 victus
3541 1444 3596 1490 et
3616 1435 3918 1505 disciplina:

2316 1529 2597 1596 severitas,
2621 1527 2705 1584 bis
2745 1529 2798 1583 itt
2818 1529 2956 1583 libro
2974 1531 3037 1582 de
3055 1527 3281 1599 Jejum‘is
3307 1528 3484 1584 verbis
3505 1530 3755 1598 exposuit
3785 1528 3862 1600 (Ι)
3896 1548 3909 1584 :

2322 1642 2341 1675 ι
2379 1624 2542 1680 Planc
2573 1635 2809 1681 vestrum
2833 1635 2937 1690 est,
2979 1626 3031 1681 in
3057 1625 3364 1683 carceribus
3394 1626 3618 1695 popinas
3655 1625 3916 1680 exhibere

2315 1719 2638 1789 martyribus
2679 1719 2917 1785 incertis,
2971 1734 3039 1776 ne
3078 1718 3524 1775 consuetudinem
3563 1727 3807 1790 Qtltlll‘ﬂlll
3839 1732 3910 1772 ne

609 1811 935 1867 venientium
985 1811 1174 1865 minuit
1220 1811 1496 1867 invidiam.
1530 1831 1550 1866 ι
1629 1814 1696 1870 Et
1742 1815 1964 1884 epistola
1999 1817 2067 1870 te.
2092 1856 2108 1881 ,
2143 1814 2209 1871 ad
2239 1808 2289 1873 Β
2320 1811 2510 1865 tandem
2565 1812 2707 1877 vius,
2766 1827 2833 1867 ne
2873 1827 3012 1866 nova
3043 1811 3384 1902 abstineptia:
3434 1810 3717 1879 disciplina
3749 1824 3914 1864 scan-

612 1904 832 1960 i’amelii
867 1920 1119 1961 numeros
1148 1905 1240 1972 57,
1267 1904 1336 1961 de
1365 1905 1556 1963 eodem
1583 1919 1901 1979 argumento
1924 1911 1993 1964 ita
2023 1924 2208 1966 rursus

613 1999 802 2054 scribit
827 1998 894 2054 ad
937 1998 1143 2054 clerum
1175 2019 1189 2057 :
1238 2018 1258 2054 ‹
1288 2001 1621 2072 Quamquam
1652 2006 1817 2058 sciam
1861 2019 1978 2066 vos,
2013 2004 2209 2060 fratres

611 2091 936 2158 ebarissimi,
957 2092 1149 2149 litteris
1177 2093 1313 2149 meis
1339 2093 1648 2164 frequenter
1672 2097 1976 2153 admonitos
2002 2113 2123 2154 esse
2150 2105 2208 2153 ut

609 2185 840 2254 gloriosa
872 2200 1005 2242 voce
1033 2186 1321 2242 Dominum
1361 2188 1645 2255 confessis,
1677 2199 1734 2245 et
1761 2191 1812 2244 in
1834 2205 2050 2246 carcere
2075 2205 2208 2245 con-

606 2281 808 2334 stitutis
852 2281 1030 2335 omnis
1067 2279 1340 2352 diligentia
1382 2283 1725 2351 praebeatur;
1784 2291 1963 2340 tamen
2010 2283 2205 2338 identi-

605 2374 727 2431 dem
781 2375 931 2430 vobis
957 2375 1229 2440 incumbe,
1285 2391 1356 2432 ne
1409 2376 1540 2448 quid
1591 2376 1658 2432 ad
1713 2391 1898 2434 curam
1951 2377 2092 2432 desit
2141 2377 2205 2432 iis

607 2468 802 2538 quibus
843 2468 910 2523 ad
954 2468 1183 2538 gloriam
1229 2467 1361 2522 nihil
1391 2467 1564 2524 deest.
1598 2468 1774 2540 Atque
1804 2471 2007 2524 utinam
2055 2469 2159 2525 loci
2185 2511 2201 2538 ,

607 2570 663 2616 et
706 2559 904 2632 gradus
949 2560 1054 2615 mei
1111 2561 1349 2616 conditio
1375 2562 1732 2630 permitteret,
1782 2571 1840 2617 ttt
1893 2563 2006 2634 ipse
2063 2576 2206 2618 nunc

606 2667 845 2725 praisens
887 2667 1009 2709 esse
1053 2668 1306 2724 possem:
1343 2653 1630 2724 Promptus
1658 2665 1711 2710 et
1749 2655 1922 2711 libens
1975 2657 2203 2711 solemni

608 2746 908 2802 ministerio
946 2755 1134 2801 cuncta
1185 2747 1331 2802 circa
1371 2747 1694 2804 fortissimos
1744 2747 1940 2804 fratres
1989 2757 2206 2804 nostros

606 2839 912 2895 dilectionis
940 2840 1196 2910 obsequia
1217 2839 1546 2908 complerem
1579 2858 1591 2895 :
1621 2839 1716 2896 sed
1750 2839 1985 2894 ofﬁcium
2021 2856 2202 2895 meum

605 2943 780 2988 vestra
819 2933 1092 3004 diligentia
1144 2943 1519 3001 repraesentet,
1570 2943 1624 2990 et
1651 2935 1808 2990 faciat
1857 2936 2036 2990 omnia
2081 2953 2202 3005 qua:

606 3026 722 3082 fieri
770 3037 986 3097 oportet
1033 3027 1179 3085 circa
1217 3043 1313 3085 eos
1341 3043 1476 3098 quos
1525 3028 1579 3084 in
1613 3030 1814 3084 talibus
1842 3031 2047 3086 meritis
2077 3031 2202 3087 fidei

605 3134 668 3175 ac
696 3120 906 3174 virtutis
951 3119 1236 3176 illustravit
1281 3121 1460 3178 divina
1512 3122 1773 3192 dignatio.
1809 3144 1828 3176 ι
1865 3124 1932 3180 Et
1982 3126 2116 3181 infra
2147 3128 2198 3182 in

2312 1906 2639 1971 dalizentur,
2678 1921 2798 1962 cum
2832 1921 2930 1961 nec
2957 1906 3046 1961 ille
3075 1905 3337 1960 Pristinus
3367 1913 3545 1960 vester
3587 1920 3692 1958 non
3731 1903 3915 1982 chris-

2313 2002 2489 2056 tianus
2516 2011 2721 2072 martyr
2763 2001 3034 2070 attigrret,
3083 2015 3244 2068 quem
3290 2008 3346 2054 et
3375 1999 3626 2054 facultate
3653 1997 3911 2052 custodite

2312 2093 2496 2148 liberte
2523 2094 2830 2163 aliquandiu
2872 2093 3063 2148 fartum
3101 2093 3352 2148 omnibus
3381 2093 3588 2149 balneis
3607 2091 3757 2163 quasi
3791 2093 3912 2161 bap-

2313 2187 2523 2242 tismate
2568 2187 2904 2254 melioribus,
2953 2197 3008 2242 et
3046 2182 3299 2242 omnibus
3329 2186 3552 2241 luxuria:
3597 2185 3909 2240 secessibus

2309 2282 2457 2351 quasi
2501 2280 2760 2335 Ecclesiae
2797 2279 3181 2336 secretioribus
3205 2321 3219 2343 ,
3245 2287 3298 2334 et
3325 2279 3571 2333 omnibus
3600 2280 3720 2330 vita!
3747 2277 3907 2331 istius

2310 2373 2578 2429 illecebris
2612 2374 2764 2443 quasi
2793 2383 3008 2428 aeternae
3047 2371 3400 2442 dignioribus,
3449 2371 3553 2426 hoc
3579 2379 3707 2440 puto
3758 2368 3904 2423 obli-

2308 2480 2487 2539 gatum
2537 2468 2768 2522 nemori
2796 2467 2997 2522 vellet:
3055 2475 3326 2536 postremo
3359 2467 3474 2536 ipso
3519 2461 3800 2518 tribunalis
3839 2461 3908 2517 de

2309 2559 2427 2614 luce
2447 2574 2654 2614 summa
2676 2559 2894 2613 condito
2923 2573 3074 2614 mero
3103 2566 3374 2628 tamquam
3405 2556 3646 2612 antidoto
3676 2570 3908 2624 praeme-

2308 2651 2566 2717 dieatum,
2598 2652 2668 2706 ila
2697 2651 3016 2716 enervastis,
3073 2661 3130 2706 ut
3157 2652 3341 2721 paucis
3378 2649 3602 2720 singulis
3648 2647 3895 2702 titillatus

2310 2744 2329 2815 (
2347 2746 2445 2800 boc
2474 2746 2617 2800 enim
2645 2745 2883 2801 ebrietas
2911 2744 3208 2815 sentiebat)
3253 2761 3409 2814 quem
3445 2744 3727 2800 Dominum
3773 2757 3908 2797 eon-

2308 2835 2550 2892 fiterctur
2576 2838 2924 2908 interroganti
2975 2837 3189 2907 prtesidi
3223 2835 3554 2906 respondere
3581 2851 3684 2890 non
3710 2842 3908 2905 potue-

2307 2931 2374 2986 rit
2420 2932 2697 3001 amplius:
2740 2943 2901 3002 atqne
2932 2932 3000 2987 ita
3049 2932 3118 2988 de
3166 2930 3270 2986 hoc
3309 2931 3417 3002 jam
3459 2940 3720 2994 extortus,
3780 2945 3908 2985 cum

2306 3023 2568 3092 singultus
2605 3035 2660 3079 et
2711 3034 2896 3079 ructus
2925 3029 3072 3079 solos
3105 3023 3348 3087 haberet,
3399 3025 3451 3077 in
3478 3024 3592 3092 ipsa
3621 3023 3908 3093 negatione

2305 3114 2545 3187 digessit.
2578 3135 2598 3170 ι
2659 3117 2785 3173 llaec
2815 3118 2960 3173 Tert.
3017 3117 3086 3174 de
3129 3117 3440 3180 Catbolicis,
3492 3132 3614 3186 quae
3663 3115 3912 3185 quamvis

605 3210 795 3267 eadem
822 3211 1068 3280 epistola,
1103 3210 1328 3268 Tertulli
1353 3215 1405 3269 in
1429 3215 1494 3270 iis
1515 3215 1725 3284 pietatis
1759 3218 1953 3272 oﬂ'ieiis
1981 3218 2204 3290 diligen-
2233 3205 2281 3272 C
2312 3210 2378 3264 ad
2419 3211 2669 3267 iﬂVidiam
2706 3211 3004 3267 faeiendam
3041 3213 3148 3267 sint
3182 3211 3320 3266 ultra
3351 3211 3570 3266 malum
3595 3220 3902 3281 0338673”.

606 3304 754 3372 tiam,
785 3314 945 3376 atque
959 3303 1374 3362 sollicitudinem
1398 3307 1577 3364 laudat
1604 3328 1619 3363 :
1657 3327 1678 3362 ε
1705 3312 2037 3382 Quamquam
2067 3315 2202 3370 'l‘er-

606 3399 790 3467 tullus,
818 3399 1162 3455 fidelissimus
1189 3410 1245 3456 et
1283 3401 1666 3459 devotissimus
1693 3405 1856 3462 frater
1885 3419 2086 3478 noster,
2107 3427 2204 3482 pro

606 3503 800 3548 extera
853 3493 1217 3550 sollicitudine
1258 3504 1312 3550 et
1341 3510 1468 3551 cura
1495 3501 1612 3564 sua,
1651 3515 1810 3569 quant
1857 3501 2106 3558 fratribus
2149 3507 2201 3561 in

605 3585 750 3641 omni
793 3585 1054 3657 obsequio
1101 3587 1433 3656 operationis
1485 3590 1742 3661 impertit,
1796 3596 1884 3663 qui
1934 3613 2032 3652 nec
2089 3599 2198 3654 illic

603 3679 744 3733 circa
789 3692 971 3733 curam
1019 3693 1308 3749 corporum
1369 3679 1542 3746 deest,
1595 3694 1749 3739 etc.»
1811 3686 1888 3741 Ad
1947 3688 2203 3746 diaconos

606 3769 724 3828 lucc
763 3785 890 3826 cura
936 3770 1245 3840 specialiter
1286 3774 1609 3842 pertinebat,
1659 3786 1717 3831 nt
1766 3794 1872 3834 non
1903 3781 2076 3835 solum
2134 3799 2201 3838 ex

604 3871 910 3920 nostrorum
945 3873 1238 3935 martyrum
1276 3863 1447 3930 Actis,
1504 3868 1600 3923 sed
1649 3869 1812 3925 etiam
1843 3889 1908 3927 ex
1959 3873 2200 3943 ejusdem

603 3955 853 4027 Cypriani
899 3956 1144 4026 epistolis
1186 3967 1240 4012 et
1267 3973 1334 4012 ex
1381 3959 1616 4032 Dionysii
1673 3965 1829 4018 Alex.
1875 3967 2102 4036 epistola
2133 3969 2200 4024 ad

492 4113 504 4126 _
603 4047 890 4103 Domitium
931 4057 987 4103 et
1033 4047 1364 4118 Didymen,
1419 4051 1508 4106 ubi
1563 4053 1782 4110 Eusebii
1839 4057 2055 4113 Diaconi
2114 4076 2202 4118 se-

600 4140 875 4196 dulitatem
903 4141 1266 4211 commendat,
1307 4145 1398 4214 qui
1429 4146 1480 4200 in
1513 4157 1778 4221 martyres
1807 4152 2201 4212 Alexandrinos

601 4249 719 4290 eam
749 4249 934 4290 curam
965 4234 1244 4305 impendit,
1274 4253 1433 4306 quam
1459 4255 1586 4310 erga
1617 4257 1881 4315 martyres
1917 4246 2196 4320 Carthagi-

600 4328 817 4384 nienses
859 4326 1276 4398 Tertullusﬂ):
1311 4347 1329 4380 α
1354 4331 1647 4397 Eusebius,
1694 4351 1852 4404 quem
1897 4339 2035 4395 Deus
2085 4342 2198 4409 jam

2307 3304 2455 3360 clare
2506 3315 2686 3362 tamen
2729 3307 3042 3374 ostendunt,
3092 3305 3259 3363 fuisse
3295 3306 3592 3362 catholicos
3639 3315 3910 3376 martyres

2307 3399 2361 3453 in
2393 3400 2638 3466 vinculis,
2671 3401 2843 3471 quoad
2895 3416 2991 3470 per
3029 3401 3228 3456 milites
3265 3412 3319 3456 et
3367 3401 3619 3455 custodes
3674 3399 3907 3468 lict-bat,

2307 3493 2587 3562 splendide
2631 3510 2694 3549 ac
2740 3494 3300 3549 liberaliter'babitos.
3355 3494 3430 3548 De
3458 3494 3911 3550 Montanistarum

2308 3600 2437 3640 vero
2465 3585 2658 3641 duritia
2687 3587 3054 3657 gravitateque
3080 3587 3193 3641 hmc
3220 3598 3375 3644 antea
3398 3586 3758 3657 praemiserat:
3779 3607 3806 3638 ‹
3835 3586 3914 3642 Ut

2307 3679 2374 3735 ab
2416 3679 2622 3736 Joanne
2667 3680 2973 3736 Paraclelus
3023 3681 3400 3746 obmutuisset,
3449 3681 3547 3748 ipsi
3588 3679 3744 3734 nobis
3777 3693 3913 3750 pro-

2306 3774 2482 3844 pheta:
2511 3775 2562 3828 in
2611 3775 2747 3828 hanc
2784 3775 3016 3830 maxime
3045 3791 3292 3831 caussam
3320 3776 3714 3832 exstitissemus
3745 3817 3780 3831 ..
3812 3776 3906 3830 in-

2304 3867 2546 3922 dicentes
2570 3883 2786 3923 omnem
2811 3873 3224 3940 ταπεινρφρόνησιν
3252 3885 3372 3924 cum
3427 3885 3615 3925 carcer
3643 3868 3904 3924 ediscen-

2305 3959 2426 4024 dus,
2455 3969 2511 4015 et
2538 3960 2704 4016 fames
2737 3976 2800 4015 ac
2828 3961 2946 4016 sitis
2968 3963 3307 4030 exercendm,
3339 3972 3514 4017 etiam
3535 3963 3724 4018 inedia:
3741 3978 3908 4032 quam

2305 4052 2448 4107 anxii
2478 4053 2654 4108 victus
2683 4055 2964 4109 tolerantia
2992 4055 3300 4125 usurpanda
3329 4057 3419 4121 sit,
3452 4064 3510 4110 ut
3539 4055 3589 4110 in
3619 4069 3904 4111 carcerem

2305 4145 2426 4199 talis
2452 4145 3055 4211 introeat‘cbristianus,
3105 4149 3280 4215 qualis
3309 4148 3435 4204 inde
3464 4147 3760 4219 prodisset;
3789 4165 3909 4206 non

2305 4253 2516 4308 penam
2574 4240 2681 4294 illic
2711 4256 2986 4310 passurus,
3015 4242 3111 4298 sed
3156 4242 3525 4313 disciplinam;
3568 4259 3666 4298 nec
3716 4244 3908 4300 smculi

2305 4339 2591 4397 tormenta,
2651 4333 2747 4388 sed
2777 4333 2974 4398 ofﬁcia,
3029 4351 3201 4406 eoque
3257 4336 3508 4391 ﬁdentior
3549 4349 3906 4406 processurus

600 4419 724 4473 inde
768 4420 836 4474 ab
875 4418 1029 4473 initio
1080 4420 1400 4487 roboravit,
1451 4423 1768 4495 impulitque
1812 4437 1870 4482 ιιι
1917 4432 2234 4489 confessed
2300 4424 2367 4479 ad
2413 4435 2686 4482 certamen
2713 4443 2744 4482 e
2775 4429 3017 4484 custodia
3045 4429 3248 4485 abusus
3286 4431 3417 4485 nihil
3451 4431 3656 4486 habens
3690 4431 3902 4496 carnis,

600 4510 750 4565 ribus
803 4507 855 4562 iu
906 4509 1152 4566 custodia
1211 4513 1399 4582 positis
1466 4517 1763 4573 ministeria
1817 4531 2034 4580 strenue
2089 4544 2194 4583 ex-

2300 4519 2378 4575 sic
2420 4530 2478 4574 ut
2523 4536 2624 4577 nec
2673 4521 2904 4578 habeant
2950 4535 3214 4580 tormenta
3245 4526 3561 4592 materiam;
3609 4541 3734 4581 cum
3784 4525 3908 4582 sola

600 4598 850 4663 biberet;
897 4608 1060 4670 utque
1104 4616 1598 4663 consummatorum
1639 4625 1702 4666 ac
1750 4611 2028 4672 beatorum
2055 4636 2194 4676 mar-
2218 4606 2355 4688 Det
2381 4611 2530 4667 arida
2560 4613 2629 4668 sit
2649 4623 2772 4669 cute
2789 4615 3064 4682 loricatus,
3094 4626 3149 4672 et
3178 4627 3366 4672 contra
3391 4617 3617 4686 ungulas
3643 4631 3902 4684 corneus,

603 4698 778 4761 tyrum
801 4689 1063 4748 cadavera
1109 4709 1218 4750 nou
1237 4697 1356 4755 sine
1397 4701 1592 4769 capitis
1629 4705 1712 4759 sui
1760 4708 1997 4775 periculo
2041 4727 2197 4785 sepe-

600 4782 742 4838 liret.
767 4801 785 4836 ι
817 4783 1175 4844 Tertullianus
1201 4798 1485 4861 antequam
1513 4809 1574 4848 se
1602 4795 1672 4850 ab
1695 4796 1929 4855 Ecclesia
1973 4782 2197 4864 omnino

593 4874 972 4944 abalienasset,
1029 4889 1084 4935 et
1131 4880 1413 4952 abruptius
1458 4886 1717 4944 adversus
1755 4907 1873 4947 eam
1914 4895 2194 4968 disputare

596 4969 868 5040 coepisset,
921 4970 971 5024 in
1010 4971 1147 5028 libro
1191 4973 1259 5028 ad
1308 4974 1570 5048 Martyres
1599 4980 1840 5051 ejusdem
1882 4991 2046 5044 moris
2068 5008 2191 5049 cum

595 5059 754 5116 laude
801 5061 1047 5135 mem,init
1077 5081 1090 5118 :
1126 5083 1142 5116 ι
1173 5064 1318 5122 Inter
1358 5069 1536 5126 carnis
1588 5075 1862 5143 alimenta,
1922 5079 2191 5140 benedicti

591 5164 857 5225 martyres
907 5155 1206 5228 designati,
1261 5175 1381 5232 quae
1439 5165 1591 5222 vobis
1643 5177 1698 5223 et
1753 5169 1968 5227 domina
2021 5185 2193 5233 mater

590 5246 834 5306 Ecclesia
876 5249 944 5306 de
970 5251 1228 5308 uberibus
1252 5257 1367 5311 suis
1388 5267 1445 5313 et.
1464 5260 1659 5332 singuli
1690 5261 1883 5321 fratres
1903 5265 1971 5324 de
2000 5271 2191 5340 Opibus

588 5342 701 5396 suis
769 5344 1000 5415 prapriis
1051 5343 1104 5400 in
1157 5361 1430 5407 carcerem
1489 5352 1928 5427 subministrant,
2009 5367 2190 5434 capite

779 5510 999 5600 Eiici'Etoc
1017 5513 1150 5602 δνιέξ
1178 5513 1330 5602 ἀρχῆς
1355 5521 1380 5570 ὁ
1409 5523 1525 5580 Θεὸι·
1553 5522 1867 5591 iustioribus“
1890 5530 1976 5580 καὶ
2011 5551 2187 5602 πάρεσ-

583 5586 860 5669 κεύτισεετάς
889 5586 1147 5669 bonarum;
1173 5596 1260 5641 τῶν
1291 5593 1336 5643 ἐν
1353 5603 1455 5651 ταῖς
1481 5600 1712 5660 φυλακαῖς
1737 5586 1986 5666 θεωμένων
2012 5586 2186 5669 ἀμέλο.

579 5666 735 5742 ῒςιτῶν
755 5656 923 5742 Eastth
947 5676 1003 5719 ως
1024 5657 1352 5742 ἀποτληροῢν,
1386 5666 1464 5713 καὶ
1493 5669 1578 5724 τὰς
1605 5683 1694 5722 τῶν
1719 5656 1944 5736 certauit-era
1963 5656 2183 5742 περιττο-

574 5728 797 5809 ekf?"
837 5731 1042 5809 ξελθίωξζ
1081 5733 1166 5809 καί
1214 5741 1470 5809 μςυξαρέξξζ
1503 5745 1754 5807 μαρτύρων
1783 5728 1878 5798 ὀὒκ
1926 5728 2186 5809 etiamdum:

569 5791 790 5857 huic».
820 5792 974 5863 Apud
993 5791 1638 5883 Ευεθι).;1ἱ1).’γ11,ὀάρ.
1664 5791 1722 5868 ἒξ

2300 4704 2579 4772 praemisso
2603 4706 2713 4774 jam
2747 4707 3024 4777 sanguinis
3053 4723 3237 4775 succo,
3272 4719 3542 4779 tamquam
3567 4708 3762 4763 anima:
3795 4707 3907 4761 im-

2301 4795 2643 4864 pedimentis,
2675 4809 3002 4870 properante
3027 4800 3140 4872 jam
3167 4813 3221 4857 et
3249 4803 3385 4873 ipsa,
3418 4819 3537 4873 qua:
3581 4818 3726 4872 επιξρο
3751 4779 3902 4872 jejtt:

2299 4903 2453 4954 nans,
2499 4900 2726 4946 mortem
2757 4891 2824 4948 de
2853 4893 3104 4963 proximo
3147 4895 3306 4950 norit.
3341 4915 3361 4948 ι
3414 4895 3538 4951 Haec
3573 4897 3746 4950 victus
3770 4910 3909 4950 aus-

2297 4982 2503 5044 teritas,
2557 4999 2717 5053 quam
2771 4985 2858 5040 hic
2910 4986 3280 5044 Tertullianus
3332 5005 3400 5045 ex
3450 4991 3902 5047 Montanistarum

2294 5073 2574 5146 disciplina
2630 5078 2907 5144 describit,
2952 5096 3057 5135 non
3112 5082 3197 5136 hic
3252 5081 3425 5137 solum
3473 5084 3524 5137 in
3579 5093 3897 5142 nostrorum

2299 5179 2592 5240 martyrum
2644 5172 2792 5226 Actis
2836 5173 3022 5230 nullibi
3066 5184 3325 5246 apparet;
3383 5175 3510 5246 quin
3557 5191 3652 5232 eos
3699 5186 3898 5233 contra

2296 5267 2544 5335 superius
2607 5267 2837 5323 vidimus
2887 5269 3010 5324 cibo
3052 5281 3290 5341 potaque
3342 5271 3516 5326 libere
3559 5279 3791 5336 utentes,
3840 5281 3907 5328 et

2293 5371 2414 5412 cum
2468 5358 2779 5430 castigatius
2819 5371 3196 5430 tractarentur,
3230 5363 3550 5434 Perpetuam
3587 5365 3906 5421 audivimus

2295 5449 2378 5506 bis
2424 5453 2697 5508 tribunum
2752 5453 2929 5511 verbis
2975 5457 3366 5529 obiurgantem,
3409 5463 3568 5531 eique
3596 5471 3782 5516 sancta
3804 5477 3908 5517 se-

2290 5545 2520 5600 curitate
2566 5546 2834 5602 dicentem
2864 5567 2876 5600 :
2915 5568 2933 5601 ε
2959 5549 3096 5617 Quid
3129 5552 3310 5622 utique
3352 5568 3458 5608 non
3512 5555 3779 5624 permittis
3803 5570 3902 5611 re-

2288 5636 2544 5709 frigerare
2598 5643 2774 5698 noxiis
2838 5643 3210 5713 nobilissimis,
3251 5645 3478 5704 thsaris
3536 5648 3771 5718 scilicet,
3835 5658 3904 5714 et

2359 5820 2440 5896 (l)
2470 5825 2650 5897 Capite
2681 5824 3016 5886 duodecimo.
