4218 6268
280 313 389 370 1σὸ

1163 305 1298 366 eno
1333 305 1430 366 ss.
1475 305 1859 374 cenemus,
1891 304 2300 386 mnstrare
2340 304 2430 364 ET
2471 291 2704 364 sucus.

3492 309 3598 369 166

278 423 485 498 aliquid
529 431 581 480 et
620 437 651 478 a
701 421 857 479 nobis
888 422 1029 494 quod
1079 421 1235 479 faciat
1263 423 1329 478 ad
1370 423 1626 494 Spiritum
1671 438 1885 494 quinque
1911 424 1964 484 Α
2067 423 2134 478 Χ.
2177 422 2329 477 Nunc
2356 438 2519 489 vero,
2549 423 2792 494 quamvis
2818 423 2948 480 mihi
2972 423 3082 495 jam
3106 423 3325 492 videar,
3357 440 3473 496 quzc
3505 443 3600 496 po-

280 520 456 574 natali
486 517 723 588 ejusdem
781 516 1138 586 pugnaturis?
1179 525 1271 571 aut
1314 533 1419 572 non
1468 526 1557 573 tua
1586 517 1754 587 gloria
1783 526 1886 586 est,

282 611 330 664 si
377 611 684 680 pinguiores
736 608 828 662 illo
879 607 1484 678 producamur?»_Quae
1512 616 1659 664 certe
1688 609 1886 672 verba,

280 712 488 772 praeter
509 701 774 757 excelsum
799 701 964 756 animi
999 701 1339 756 securitatem
1363 710 1417 756 et
1447 701 1704 766 indolem,
1727 718 1887 771 quam

288 811 405 866 prae
435 809 493 850 se
525 794 722 861 ferunt,
744 801 978 848 mentem
1006 793 1168 848 etiam
1209 792 1488 863 Perpetua:
1518 790 1893 848 demonstrant

281 903 314 942 a
357 885 805 943 Montanistarum
839 886 1098 941 institutis
1125 888 1349 940 omnino
1390 886 1644 949 alienam,
1694 895 1749 942 et
1772 886 1890 941 aliis

281 997 447 1052 quam
502 980 873 1036 Tertullianus
926 980 1343 1051 cogitationibus
1411 980 1710 1050 praeditam.
1753 980 1892 1049 Quid

284 1079 431 1131 enim
462 1075 600 1131 adeo
625 1075 956 1130 contrarium
997 1089 1156 1143 quam
1188 1073 1472 1143 Perpetu:c
1499 1084 1553 1128 et
1581 1074 1893 1129 Tertulliani

289 1169 397 1226 hac
445 1169 512 1224 de
557 1185 617 1223 re
652 1183 847 1223 sensus
897 1176 951 1221 et
1001 1166 1207 1221 verba?
1239 1165 1337 1222 llIe
1382 1166 1734 1221 christianum
1784 1168 1897 1222 vult

290 1263 359 1316 ad
409 1269 680 1316 certamen
730 1259 1032 1314 ecustodia
1074 1258 1391 1329 procedere,
1443 1258 1574 1312 nihil
1608 1259 1895 1316 habentem

289 1357 492 1421 carnis,
541 1354 654 1409 sola
685 1364 738 1409 et
785 1352 936 1407 arida
969 1363 1090 1407 cute
1120 1351 1424 1416 loricatum,
1471 1352 1748 1423 praemisso
1786 1354 1896 1424 jam

293 1450 570 1522 sanguinis
620 1465 805 1514 succo,
857 1464 962 1504 etc.
1014 1449 1276 1518 Perpetua
1331 1467 1459 1506 vero
1505 1467 1626 1508 cum
1684 1455 1899 1509 tribuno

296 1543 361 1600 de
392 1545 564 1598 vietus
607 1543 866 1598 tenuitate
900 1543 1204 1611 expostulat
1230 1552 1304 1609 et,
1335 1559 1657 1617 quamquam
1685 1546 1896 1613 feStive,

293 1638 370 1707 ait
420 1644 599 1690 tamen
659 1634 997 1705 pinguiorem
1037 1635 1178 1690 velle
1231 1652 1290 1690 se
1340 1637 1391 1690 in
1447 1638 1898 1708 amphitheatrum

295 1730 543 1801 produci.
581 1729 674 1786 Ille
703 1730 1014 1786 Catltoliciis
1051 1731 1430 1802 reprehendit,
1463 1735 1604 1804 quod
1645 1735 1898 1799 Pristino,

1995 524 2170 572 lerant
2223 516 2275 570 in
2323 524 2604 584 utramque
2665 526 2870 585 partem
2917 517 2984 574 de
3029 518 3230 574 nostris
3274 518 3600 588 martyribus

1991 609 2285 677 disputari,
2339 611 2389 664 in
2436 609 2670 665 medium
2728 611 3014 679 protulisse
3062 629 3075 665 :
3133 612 3341 668 sustine
3384 622 3595 680 tamen,

1993 700 2185 768 lector,
2234 711 2292 756 ut
2345 711 2397 757 te
2457 702 2725 771 paulisper
2775 703 3085 770 detineam,
3144 704 3321 774 quoad
3375 708 3594 774 omnia,

1995 795 2254 863 prolixius
2294 794 2514 849 forsitan
2551 794 2858 864 disputata,
2905 798 3005 852 sub
3052 814 3214 851 unum
3257 798 3418 854 veluti
3465 816 3599 855 con-

1999 895 2239 955 spectum
2288 897 2598 956 ponam;et
2643 888 2919 958 utriusque
2969 890 3238 958 opinionis
3287 890 3594 961 Momenta,

1999 991 2102 1034 tam
2131 980 2246 1049 ejus
2276 980 2522 1035 videlicet
2569 996 2689 1052 quin
2710 993 2926 1037 sanctos
2966 992 3250 1054 martyres,
3288 984 3359 1038 uti
3394 995 3602 1038 monta-

1998 1072 2163 1127 nistas
2221 1073 2479 1140 traducit,
2545 1091 2704 1144 quam
2762 1076 2877 1144 ejus
2923 1092 3043 1146 quae
3107 1077 3317 1134 illorum
3365 1079 3600 1146 patroci-

1997 1166 2142 1221 nium
2167 1169 2430 1236 suscepit,
2462 1182 2627 1237 pauca
2658 1170 2708 1221 in
2732 1172 2892 1222 verba
2920 1169 3189 1223 conferam
3208 1209 3224 1235 ,
3249 1177 3599 1240 utrorumque

1998 1257 2238 1329 instituta
2270 1261 2692 1328 comparatione.
2719 1261 2822 1316 Sed
2844 1261 2988 1330 prius
3018 1263 3172 1316 nobis
3200 1263 3252 1316 in
3281 1265 3598 1318 memoriam

2000 1365 2254 1405 revocare
2281 1350 2571 1417 debemus,
2620 1351 2758 1407 hanc
2787 1368 2942 1406 unam
2989 1368 3107 1409 esse
3134 1369 3198 1409 ex
3244 1355 3348 1410 illis
3378 1365 3599 1410 contro-

2001 1447 2220 1512 versiis,
2263 1446 2331 1502 de
2380 1447 2576 1517 quibus
2627 1449 2891 1504 sententia
2942 1460 3056 1504 tuto
3109 1453 3444 1520 pronuntiari
3490 1467 3598 1510 non

2002 1547 2210 1606 poteSI,
2262 1539 2364 1592 nisi
2406 1540 2473 1592 ad
2523 1540 2763 1611 singulas
2811 1539 2998 1607 uetas,
3029 1551 3084 1596 et
3132 1557 3324 1598 omnes
3369 1545 3605 1600 circum-

2002 1633 2224 1686 stantias
2254 1633 2490 1686 animum
2523 1633 2942 1700 adverterimus,
2974 1650 3092 1704 qua:
3122 1636 3203 1691 vel
3231 1651 3298 1692 ex
3321 1635 3437 1706 ipsa
3468 1653 3526 1692 re
3551 1638 3607 1693 in

2007 1724 2370 1792 disputatione
2407 1727 2594 1795 lposita
2643 1727 2907 1791 oriuntur,
2960 1727 3042 1780 vel
3088 1741 3206 1784 eam
3269 1728 3607 1785 extrinsecus

300 1826 421 1892 ipso
477 1811 776 1878 tribunalis.
803 1822 912 1891 die,
971 1823 1172 1878 lautius
1220 1825 1524 1880 convitium
1576 1829 1899 1895 paraverint.
1935 1822 1980 1884 Β
2007 1817 2368 1882 comitantur;
2409 1819 2474 1872 de
2513 1819 2710 1887 quibus
2753 1820 3151 1888 sapientissima
3184 1821 3272 1875 illa
3314 1823 3606 1891 constituta

297 1917 563 1987 Perpetua
590 1931 738 1979 vero,
772 1917 1012 1986 sociique
1036 1916 1319 1988 martyres,
1345 1919 1512 1986 pridie
1539 1936 1696 1990 quam
1716 1921 1904 1976 bestiis

298 2008 693 2079 obiicerentur,
715 2023 921 2088 caenam
953 2023 1112 2077 quam
1142 2009 1364 2064 liberam
1390 2011 1670 2075 vocabant,
1703 2022 1757 2067 et
1783 2029 1903 2083 quae

300 2105 575 2161 bestiariis
595 2106 879 2162 lautissima
912 2107 1220 2179 parabatur,
1237 2108 1543 2178 neutiquam
1561 2120 1901 2179 respuerent.

371 2199 467 2255 IX.
509 2201 564 2255 In
592 2217 696 2271 quo
722 2217 851 2257 sane
878 2201 1263 2256 catholicorum
1293 2213 1586 2274 martyrum
1617 2215 1905 2262 consuetu-

298 2291 480 2349 dinem
505 2294 676 2364 secuti
713 2302 866 2360 sunt,
898 2295 987 2364 qui
1025 2293 1199 2348 illatos
1241 2293 1341 2350 sibi
1370 2296 1519 2351 cibos
1545 2312 1667 2351 cum
1704 2300 1904 2368 gratia-

300 2401 419 2440 rum
447 2385 658 2440 actione
680 2386 956 2455 percipere
969 2396 1384 2442 consueverunt.
1411 2387 1736 2456 Alcibiades,
1769 2406 1906 2446 unus

300 2491 334 2532 e
376 2479 697 2548 martyribus
724 2476 1188 2548 Lugdunensibus,
1237 2489 1510 2536 austerum
1560 2481 1772 2547 vivendi
1813 2499 1906 2554 ge-

302 2588 438 2640 nus,
487 2571 632 2643 qtlod
684 2582 967 2642 antequam
1021 2589 1118 2644 pro
1168 2571 1270 2629 lide
1320 2573 1901 2644 comprehenderetur,

301 2676 538 2724 sectatus
579 2665 786 2732 fuerat,
833 2667 886 2721 in
926 2681 1143 2722 carcere
1173 2665 1459 2722 retinebat.
1509 2667 1692 2722 Attalo
1726 2677 1905 2725 autem

302 2777 398 2831 per
425 2759 691 2816 visionem
717 2767 992 2814 ostensum
1020 2769 1135 2824 est,
1170 2773 1277 2813 non
1315 2766 1461 2814 recte
1513 2775 1688 2829 neque
1717 2759 1907 2818 ordine

306 2853 487 2908 facere
531 2851 902 2917 Alcibiadem,
958 2849 1101 2922 quod
1153 2849 1288 2905 duro
1336 2850 1428 2906 illo
1471 2860 1527 2906 et
1579 2862 1798 2907 austero
1852 2861 1910 2908 et

302 2946 568 3017 singulari
607 2947 728 3002 vita:
769 2960 968 3016 genere
1012 2953 1272 3000 uteretur.
1303 2943 1489 3000 Testes
1522 2945 1680 3015 hujus
1709 2946 1786 3002 rei
1814 2945 1911 3000 ha-

304 3040 503 3095 bemus
529 3040 682 3110 longe
706 3040 1086 3110 gravissimos,
1130 3038 1518 3110 Lugdunenses
1562 3039 1710 3108 ipsos
1748 3049 1911 3110 atque

307 3131 645 3187 Viennenses
674 3131 725 3184 in
758 3130 1044 3203 Encyclica
1084 3129 1150 3186 de
1180 3131 1437 3202 martyrio
1477 3145 1727 3195 suorum,
1770 3131 1910 3200 apud

2009 1912 2190 1980 regula
2221 1920 2303 1964 est
2328 1911 2407 1983 (l)
2447 1930 2458 1963 ε
2486 1913 2628 1980 quod
2656 1914 2700 1967 si
2732 1913 2946 1981 quidem
2975 1928 3163 1970 omnes
3191 1915 3609 1971 circumstantia:

2008 2003 2141 2056 tales
2169 2014 2326 2068 sunt,
2355 2003 2542 2072 quales
2584 2006 2858 2060 rarissime
2905 2007 3249 2062 inveniuntur
3291 2024 3413 2064 cum
3467 2007 3613 2064 falsi-

2009 2103 2114 2148 tate
2168 2095 2500 2164 conjrmcue,
2551 2097 2648 2152 viri
2700 2099 2976 2167 prudentis
3021 2110 3104 2156 est
3168 2101 3495 2172 morigerum
3549 2117 3610 2160 se

2009 2187 2247 2257 praebere
2266 2229 2281 2255 ,
2310 2198 2362 2243 et
2385 2204 2666 2246 assensum
2694 2193 2849 2250 facile
2876 2195 3305 2252 accommodare.
3329 2195 3485 2262 Quod
3508 2198 3550 2252 si
3582 2213 3615 2253 e

2007 2291 2195 2337 contra
2225 2285 2305 2337 lia:
2329 2284 2752 2342 circumstantia
2780 2288 3046 2357 ejusmodi
3079 2300 3205 2346 sunt
3232 2306 3352 2360 qua:
3377 2273 3614 2360 saepissi-

2009 2391 2094 2431 me
2119 2376 2419 2446 adjunctam
2454 2379 2740 2434 falsitatem
2785 2383 3018 2449 habent,
3052 2385 3192 2440 ratio
3214 2385 3380 2455 exigit
3423 2396 3477 2442 ut
3525 2385 3612 2442 vel

2009 2483 2286 2523 assensmn
2316 2479 2558 2526 nostrum
2591 2473 2962 2538 inhibeanns,
2988 2476 3084 2541 ,vel
3118 2488 3174 2530 ut
3197 2477 3382 2534 hisqu
3407 2478 3616 2548 judice-

2010 2577 2130 2617 mus
2149 2562 2289 2634 quod
2323 2575 2592 2632 narratur,
2614 2582 2734 2620 eum
2759 2570 3064 2626 nullatenus
3085 2581 3338 2638 appareat
3361 2571 3492 2628 illud
3523 2591 3616 2630 ve—

2009 2669 2128 2708 rum
2145 2670 2286 2719 esse,
2311 2657 2551 2726 quamvis
2566 2659 2783 2714 aliunde
2822 2661 2950 2730 quin
2971 2660 3088 2718 fieri
3111 2664 3342 2730 potuerit
3373 2665 3620 2724 absolute

2011 2761 2115 2801 non
2147 2757 2435 2818 repugnet,
2463 2760 2554 2804 aut
2579 2752 2740 2806 etiam
2769 2768 2958 2821 reapse
2985 2752 3184 2810 factum
3226 2771 3331 2809 non
3363 2771 3517 2822 esse,
3547 2774 3613 2816 ea

2011 2845 2332 2899 certitndine
2361 2862 2465 2900 non
2492 2855 2723 2912 constet,
2751 2863 2910 2917 quam
2940 2849 3362 2920 metapliysicam
3398 2864 3617 2921 vocant,

2012 2945 2065 2990 et
2104 2952 2214 3006 qua
2272 2939 2664 2994 mathematica:
2726 2940 3008 2996 facultates
3059 2942 3309 3012 gaudent.
3372 2945 3617 3004 Hominis

2013 3029 2154 3082 enim
2207 3031 2686 3099 imprudentissimi
2732 3042 2789 3090 et
2813 3034 3012 3090 nullius
3043 3035 3232 3104 judicii
3271 3048 3446 3105 esset,
3473 3039 3620 3109 ejus-

2017 3125 2158 3179 modi
2199 3125 2520 3182 evidentiam
2549 3136 2602 3182 et
2635 3127 3010 3184 certitndinem
3052 3133 3325 3199 requirere
3364 3133 3416 3187 in
3458 3134 3618 3190 rebus

304 3224 643 3289 Eusebium,
699 3223 927 3295 epistola
981 3221 1062 3296 (l)
1118 3242 1131 3278 :
1207 3241 1226 3275 ι
1284 3224 1589 3280 Alcibiades
1657 3225 1908 3297 quidam,
1938 3218 1983 3282 C
2018 3219 2482 3290 contingentitms,
2522 3231 2576 3277 et
2606 3223 3020 3290 particularibus
3046 3223 3234 3291 factis,
3268 3243 3388 3296 quae
3420 3227 3470 3282 in
3502 3228 3618 3282 liis-

308 3335 446 3374 uuus
475 3334 542 3373 ex
572 3318 785 3372 illorum
824 3331 1122 3389 martyrum
1153 3333 1400 3385 numero,
1453 3319 1646 3374 durum
1678 3330 1729 3375 et
1755 3335 1916 3390 Squa-

308 3412 478 3467 lidum
509 3411 722 3466 vivendi
752 3425 923 3481 genus
967 3412 1306 3477 sectabatur;
1356 3411 1664 3483 nullumque
1696 3415 1916 3470 omnino

309 3506 494 3562 cibum
523 3505 849 3570 admittens,
901 3504 1019 3558 solo
1071 3520 1205 3574 pane
1256 3516 1310 3560 et
1354 3521 1487 3576 aqua
1532 3507 1598 3562 ad
1648 3508 1700 3562 id
1749 3523 1919 3579 usque

314 3597 571 3667 temporis
596 3597 738 3650 vesci
771 3607 1142 3652 consueverat.
1173 3598 1414 3668 Cumque
1447 3600 1496 3653 in
1528 3614 1744 3656 carcere
1778 3603 1920 3671 posi-

315 3698 402 3744 tus
431 3689 676 3744 eamdem
707 3688 920 3744 vivendi
959 3691 1222 3745 rationem
1249 3692 1410 3746 vellet
1440 3694 1673 3751 retinere
1695 3737 1708 3762 ,
1737 3694 1920 3752 Attalo

319 3792 447 3855 post
475 3785 736 3852 primum,
765 3783 905 3853 quod
935 3785 986 3839 in
1008 3785 1402 3856 amphitheatro
1427 3789 1729 3844 confecerat
1749 3799 1922 3846 certa-

320 3890 488 3938 men,
519 3875 804 3929 revelatum
832 3885 944 3942 est,
998 3892 1102 3930 non
1129 3889 1278 3936 reete
1327 3894 1498 3948 neque
1527 3881 1716 3936 ordine
1745 3882 1924 3938 facere

322 3967 702 4032 Alcibiadem,
737 3969 822 4039 qui
875 3979 926 4024 et
968 3971 1230 4028 creaturis
1269 3971 1362 4027 Dei
1405 3973 1624 4029 minime
1663 3985 1922 4042 uteretur,

319 4071 378 4118 et
403 4060 528 4115 aliis
552 4062 852 4132 exemplum
890 4061 1132 4118 scandali
1161 4062 1329 4119 fieret.
1360 4064 1543 4119 Paruit
1578 4066 1753 4137 itaque
1783 4067 1927 4122 Alci-

320 4155 530 4221 biades,
549 4163 601 4211 et
621 4157 828 4211 cunctis
854 4156 1103 4228 deinceps
1121 4158 1274 4224 cibis,
1307 4160 1610 4229 promiscue
1639 4161 1712 4216 uti
1740 4162 1926 4232 coepit,

321 4251 525 4320 gratias
548 4266 714 4321 agens
745 4251 876 4308 Deo.
904 4251 1089 4324 Neque
1112 4254 1253 4308 enim
1277 4253 1455 4308 divina
1476 4255 1646 4325 gratia
1670 4269 1764 4311 eos
1796 4271 1931 4327 pra:-

323 4345 498 4397 sentia
546 4358 642 4398 sua
695 4343 1050 4412 deStituerat;
1105 4346 1200 4402 sed
1251 4348 1616 4406 consultorem
1665 4348 1934 4406 habebant

2021 3316 2172 3370 tor-iis
2199 3321 2504 3376 narrantur,
2531 3324 2586 3372 et
2614 3317 2890 3374 hominum
2924 3317 3270 3384 testimoniis,
3300 3327 3358 3374 et
3388 3317 3494 3375 fide
3521 3318 3622 3376 huc

2020 3423 2176 3462 mana
2203 3407 2464 3462 nituntur.
3341 3483 3343 3490 Ι

2096 3501 2188 3554 llis
2216 3499 2432 3570 positis,
2464 3511 2778 3571 argumenta
2807 3501 3054 3572 Basnagii
3076 3517 3198 3562 cum
3231 3503 3430 3564 nostris
3458 3521 3618 3575 argu-

2023 3597 2249 3662 mentis,
2292 3596 2530 3652 rationes
2560 3612 2682 3654 cutu
2727 3597 3024 3653 rationibus
3060 3598 3423 3678 conferamus.
3456 3600 3623 3671 Equi

2023 3699 2200 3748 autem
2228 3690 2612 3761 prudentiaque
2638 3691 2854 3746 leutoris
2881 3693 2985 3746 erit
3031 3692 3083 3748 ei
3134 3707 3351 3748 causam
3405 3693 3623 3762 adjudi-

2025 3798 2181 3849 care,
2207 3784 2358 3852 cujus
2385 3784 2618 3840 rationes
2638 3783 2940 3849 rarissime,
2964 3793 3060 3839 aut
3083 3785 3274 3841 saltem
3302 3787 3475 3844 rarius
3493 3801 3617 3842 eum

2029 3876 2263 3932 falsitate
2287 3878 2589 3945 conjuncta:
2617 3887 2761 3941 smn,
2790 3895 2952 3948 quam
2973 3896 3094 3949 qua:
3120 3895 3192 3936 ex
3217 3881 3442 3942 adversa
3471 3891 3625 3952 [terte

2031 3971 2413 4040 producuntur.
2441 3972 2510 4026 Et.
2528 3973 2779 4041 quoniam
2817 3989 2938 4027 cum
2976 3977 3214 4030 externis
3255 3985 3366 4032 tum
3401 3979 3625 4035 internis
3689 4046 3693 4049 I

2029 4062 2358 4130 argumentis
2389 4065 2637 4130 utrinque
2664 4074 2952 4132 pugnatum
2975 4073 3094 4120 est:
3124 4077 3470 4124 externorum
3499 4086 3624 4125 cum

2033 4153 2304 4218 externis,
2334 4161 2390 4209 et
2417 4155 2745 4210 internarum
2788 4171 2912 4211 cum
2965 4155 3034 4212 iis
3067 4174 3188 4226 quae
3230 4171 3355 4214 sunt
3383 4161 3627 4229 ejusdem

2033 4249 2275 4320 generis,
2329 4249 2672 4305 collationem
2729 4250 3089 4310 instituemus.
3139 4251 3293 4318 Quod
3339 4253 3407 4309 ad
3450 4254 3628 4323 priora

2037 4343 2124 4397 illa
2160 4343 2422 4412 pertinet,
2457 4343 2571 4398 sive
2596 4353 2852 4408 externa,
2899 4345 3075 4402 imitus
3120 4344 3367 4415 equidem
3407 4346 3635 4414 dubito,

324 4437 587 4510 Spiritum
615 4446 884 4496 sanetum.
921 4458 940 4492 ι
976 4439 1108 4496 lluic
1146 4441 1324 4511 itaque
1354 4441 1528 4498 eidem
1558 4442 1780 4513 Spiritui
1809 4457 1934 4497 nos-
1997 4435 2164 4508 .quin
2187 4435 2336 4502 juxta
2384 4435 2622 4504 regulam
2671 4436 2931 4506 positam,
2981 4447 3034 4492 et
3080 4438 3382 4507 sapientum
3429 4440 3637 4496 calculo

329 4532 394 4586 tri
450 4543 719 4604 martyres
766 4546 973 4590 morem
1028 4543 1318 4604 gerentes,
1383 4549 1723 4592 communem
1784 4537 1932 4592 illum
2037 4528 2461 4596 comPI‘OIJa'ﬂm.
2495 4527 2672 4594 ηυιὶὶει
2704 4529 3007 4604 δίθυροιίυε
3033 4532 3237 4586 saliuis
3271 4533 3637 4606 martyribUS.

328 4640 489 4696 quem
517 4624 789 4693 diximus,
820 4626 1203 4698 vulgaremque
1234 4628 1356 4683 vitze
1398 4627 1615 4683 modum
1635 4670 1652 4695 ,
1681 4629 1842 4688 etiam
1880 4630 1934 4684 in
1959 4617 2014 4678 D
2039 4635 2197 4676 causa
2230 4620 2580 4691 adjndicanda
2628 4623 2720 4678 sit.
2751 4622 2881 4680 Nam
2908 4640 3029 4693 qua:
3051 4625 3119 4679 de
3147 4635 3453 4684 nostrorum
3493 4644 3641 4686 mar-

332 4717 606 4785 vinculis,
635 4729 998 4792 usurparunt,
1045 4720 1114 4776 ab
1152 4736 1213 4776 ea
1244 4719 1457 4775 vivendi
1500 4724 1707 4778 ratione
1752 4732 1938 4791 aperte

332 4808 629 4878 diversum,
660 4827 816 4882 quem
845 4812 958 4868 suis
979 4811 1313 4869 Montanistac
1342 4814 1665 4886 martyribus
1693 4815 1940 4885 praescri-

335 4912 582 4975 pserunt.

416 5086 492 5158 (Ι)
531 5081 823 5144 Aueiae”
873 5097 965 5162 γάρ
1014 5113 1141 5153 τινος
1191 5095 1241 5156 ἐξ
1295 5093 1468 5157 aziwma,
1521 5094 1646 5144 πάνυ
1695 5092 1943 5160 αὐχμηρὸν

334 5169 557 5233 βιοῦντος
586 5171 719 5231 βίον,
748 5165 830 5215 καὶ
871 5165 1065 5229 μηδενὸς
1089 5168 1199 5222 ὅλως
1225 5170 1450 5233 προτέραν
1497 5167 1946 5231 μεταλαμβάνοντος

334 5232 448 5284 ἀλλ’
481 5239 510 5291 ἦ
545 5241 675 5302 ἄρτῳ
703 5236 826 5302 μόνῳ
857 5238 937 5288 uti
981 5238 1121 5304 ὕδατι
1152 5232 1409 5304 χρωμένη,
1452 5242 1740 5304 πειρωμένω
1771 5257 1822 5287 τε
1866 5236 1946 5284 καὶ

338 5307 390 5356 ἓν
411 5317 469 5370 τῇ
493 5301 658 5375 αἱρεττῇ
687 5311 809 5358 οὕτω
830 5309 1028 5374 διάγειν,
1057 5301 1255 5375 Anan)
1276 5312 1402 5374 μετά
1437 5315 1516 5361 τόν
1532 5301 1540 5304 ⁷
1557 5321 1742 5373 πρῶτον
1767 5310 1948 5374 ἀμῦναι,

335 5380 394 5425 ὃν
415 5380 462 5450 :3
485 5388 548 5442 τῷ
575 5381 880 5448 ἀμῖιθιάτρῳ
905 5388 1080 5445 ἤνυσεν,
1107 5383 1432 5448 ἀπεκαλύφθη,
1449 5384 1602 5444 artu}
1624 5384 1952 5450 καλῶςστοιοίη

337 5447 366 5494 ’3
424 5446 719 5508 Ᾰὶυιιϐιὲιδης
766 5446 838 5516 pii.
888 5458 1118 5518 χρώμενος
1157 5453 1254 5511 τοῖς
1294 5459 1521 5517 κτίσμασι
1557 5458 1639 5502 τοῦ
1685 5453 1824 5523 βεοῧ,
1870 5446 1951 5498 καὶ

342 5522 665 5578 annuens
692 5524 954 5573 σκτνκᾶἓρυ
976 5522 1338 5586 ὑπολειπόμενος
1353 5538 1365 5550 ⁸
1381 5524 1580 5580 πεισθεὶς
1604 5521 1649 5569 δὲ
1670 5521 1953 5577 Eiusdem

344 5593 538 5642 πάντων
554 5594 722 5643 cli-udis
743 5597 1091 5658 μετ-ςήμαινε,
1121 5603 1201 5645 καὶ
1229 5597 1508 5658 negantes-st
1537 5602 1601 5656 τῷ
1617 5597 1718 5656 Θεῷ
1742 5603 1756 5618 ⁹
1794 5591 1845 5640 οὗ
1865 5593 1958 5656 γὰρ

345 5659 687 5717 acuminata-or
711 5669 905 5731 χοὶριτος
929 5671 1050 5717 Θεοῦ
1072 5668 1205 5725 ἦσαν.
1240 5669 1364 5717 ἀλλἐι
1385 5671 1436 5718 τὸ
1465 5667 1652 5726 Πνεῦμα
1678 5661 1886 5731 “ﬁn?”
1902 5663 1958 5720 ἦν

347 5736 612 5806 gem.
678 5728 862 5794 ansa.
925 5733 1079 5806 Apud
1165 5734 1504 5803 sust-bim,
1580 5731 1673 5785 lib.
1722 5729 1758 5783 v
1796 5728 1955 5784 "ist.

350 5799 584 5872 Eodem,
607 5819 724 5882 cap.
754 5807 808 5862 5.

2043 4723 2216 4783 tyrum
2246 4721 2390 4768 recta
2424 4712 2528 4768 fide
2571 4712 2829 4770 habemus
2858 4723 3083 4772 externa
3129 4716 3464 4781 testimonia.
3497 4719 3646 4788 ejus-

2041 4805 2187 4860 modi
2227 4814 2385 4872 sunt,
2428 4815 2485 4860 ut
2513 4808 2759 4875 quamvis
2804 4822 2968 4862 unum
3025 4817 3119 4863 aut
3189 4809 3416 4863 alterum
3455 4809 3643 4866 fallere

2042 4895 2240 4966 possit,
2273 4906 2367 4952 aut
2390 4896 2676 4967 aliquando
2709 4897 2871 4954 etiam
2907 4896 3190 4963 fefellerit,
3223 4899 3402 4954 omnia
3431 4907 3607 4956 uniten
3627 4939 3646 4964 ,

2046 5004 2150 5044 non
2179 4988 2354 5044 dicam
2400 4988 2694 5054 rarissime,
2737 4990 2828 5044 sed
2885 5005 3171 5060 numquam
3231 4989 3452 5046 omnino
3498 4990 3650 5046 inve-

2048 5080 2266 5136 niuntur
2292 5096 2412 5136 cum
2444 5081 2675 5136 falsitate
2692 5081 2997 5151 conjuncta.
3015 5081 3196 5151 Neque
3230 5081 3371 5136 enim
3396 5082 3652 5154 martyris

2049 5174 2307 5244 alicujus,
2359 5183 2450 5226 aut
2502 5173 2830 5227 confessoris
2875 5173 3059 5226 atl'erri
3101 5183 3276 5242 potest
3303 5175 3648 5245 exemplum,

2052 5281 2210 5338 quem
2241 5265 2480 5320 Ecclesia
2513 5266 2564 5318 in
2611 5275 2918 5320 sanctorum
2949 5264 3128 5320 album
3175 5282 3235 5321 ea
3255 5307 3270 5332 ,
3300 5284 3406 5336 qua
3446 5268 3652 5339 Perpe-

2056 5368 2198 5413 tuam
2230 5358 2512 5427 sociosque
2542 5366 2826 5427 martyres,
2859 5356 3174 5414 celebritate
3198 5400 3212 5424 ,
3255 5359 3533 5425 retulerit,
3563 5361 3655 5432 qui

2055 5450 2248 5506 deinde
2278 5461 2397 5520 post
2424 5449 2730 5520 quindecim
2775 5449 2844 5502 ab
2883 5449 3000 5520 ejus
3027 5451 3173 5505 obitu
3219 5452 3414 5506 szeetrla
3453 5469 3480 5506 τι
3513 5463 3658 5511 recta

2057 5542 2162 5598 ﬁde
2193 5552 2441 5613 repertus
2484 5540 2644 5596 fuerit
2687 5539 2914 5603 alienus.
2943 5542 3118 5611 Quare
3151 5543 3484 5613 prudentiam
3527 5545 3660 5601 Bas-

2062 5639 2201 5709 nagii
2244 5636 2648 5704 desideramus,
2705 5653 2828 5692 cum
2867 5636 2938 5694 ad
2981 5637 3351 5696 extenuandas
3397 5637 3661 5709 propositi

2135 5799 2214 5876 (1)
2245 5797 2362 5856 Vid.
2388 5797 2567 5874 Legio.
2599 5797 2713 5856 sive
2739 5798 2803 5854 de
2831 5798 2953 5855 Arte
2969 5795 3135 5872 Cogit,
3159 5805 3296 5873 part.
3319 5812 3394 5870 ιν,
3414 5810 3534 5873 cap.
3564 5795 3656 5880 15,
