4156 6282
596 331 700 389 167

1741 327 2191 389 DISSERTATIO
2231 323 2707 385 APOLOGETICA

3807 334 3911 393 168

592 450 901 521 argumenti
927 448 1069 503 vires
1099 447 1349 519 exempla
1383 447 1585 503 indicat
1619 449 1972 518 quorumdam
2014 448 2194 503 haere-
2224 449 2273 507 Α
2304 446 2496 499 bonam
2533 460 2812 515 possemus
2858 454 2911 501 ct
2953 447 3003 500 in
3049 447 3241 502 malam
3277 456 3483 517 partem
3532 450 3905 520 interpretari.

592 544 855 608 ticorum,
885 558 1112 612 quorum
1164 543 1379 597 nomina
1409 541 1460 597 in
1502 558 1595 597 sua
1640 544 2018 614 martyrologia
2077 542 2193 613 qui-

594 635 717 689 dam
750 635 1008 689 horumce
1041 648 1266 704 operum
1318 635 1731 689 concinnatores
1758 635 1964 705 privato
1990 633 2193 702 judicio

592 729 909 783 retulerunt.
957 727 1037 782 Ad
1093 738 1466 799 argumentum
1525 730 1668 784 enim
1719 728 2189 795 labefactandum,

591 821 735 892 quod
763 836 829 875 ex
853 820 1065 890 publico
1095 830 1147 876 et
1176 822 1483 888 universali,
1509 832 1561 877 et
1591 838 1686 891 per
1712 831 1790 875 tot
1816 820 2010 875 saecula
2040 835 2194 874 num-

599 930 758 985 quam
793 914 1096 983 interrupto
1137 925 1444 969 sanctorum
1500 914 1643 970 cultu
1672 914 1974 977 coniicitur,
2021 912 2193 967 lucre-

591 1007 728 1061 ticus
755 1005 953 1076 aliquis
981 1007 1031 1059 in
1064 1007 1298 1061 medium
1331 1006 1517 1062 fuisset
1548 1006 1924 1069 adducendus,
1956 1004 2109 1075 cujus
2138 1006 2190 1058 in

590 1100 828 1156 Ecclesia
861 1098 1036 1155 cultus
1067 1114 1172 1155 non
1231 1102 1407 1154 minus
1460 1099 1621 1155 fuerit
1672 1115 1830 1168 quam
1884 1108 2190 1153 nostrorum

594 1206 888 1265 martyrum
952 1194 1323 1265 pervulgatas.
1359 1193 1580 1263 Magnus
1612 1190 1937 1246 Athanasius
1966 1190 2019 1243 in
2047 1189 2191 1259 epis-

594 1294 705 1348 tola
732 1294 1061 1364 apologetica
1111 1307 1209 1362 pro
1255 1300 1442 1345 sancto
1494 1286 1749 1355 Dionysio
1778 1285 1931 1340 Alex.
1981 1283 2046 1337 ad
2076 1283 2194 1352 ejus

590 1386 964 1443 orthodoxiam
994 1384 1255 1440 adversus
1282 1382 1514 1437 Arianos
1542 1377 1937 1440 vindicandam,
1963 1376 2065 1430 hoc
2093 1378 2194 1431 im-

590 1480 777 1552 primis
817 1480 984 1534 utitur
1010 1484 1363 1547 argumento,
1392 1472 1535 1543 quod
1563 1486 1811 1542 magnum
1865 1480 1919 1525 et
1968 1470 2192 1525 eviden-

588 1575 855 1629 tissimum
882 1571 1155 1628 existimat
1178 1567 1254 1641 (t)
1286 1586 1299 1622 :
1335 1587 1353 1619 ‹
1388 1566 1558 1635 Magni
1584 1575 1732 1620 certe
1758 1562 2061 1632 argumenti
2085 1572 2189 1629 est,

590 1670 645 1723 in
676 1667 781 1722 hoc
812 1666 935 1721 illos
961 1680 1091 1720 vere
1131 1678 1239 1718 non
1288 1660 1492 1722 dicere,
1527 1657 1624 1713 sed
1652 1657 1825 1711 virum
1852 1656 2189 1721 calumniari,

589 1759 729 1830 quod
763 1773 860 1813 nec
890 1757 981 1812 ille
1008 1768 1260 1825 umquam
1288 1752 1365 1807 ab
1391 1750 1511 1804 aliis
1551 1749 1817 1819 episcoiiis
1842 1746 2194 1817 deprehensa:

2301 537 2407 592 Sed
2456 538 2541 592 ubi
2577 538 2923 593 inveniuntur
2970 555 3090 593 cum
3138 542 3423 595 sanctitate
3469 550 3523 595 et
3566 542 3911 612 simplicitate

2299 632 2441 695 vitae,
2462 648 2582 687 cum
2608 632 2879 688 miraculis
2893 642 2949 689 et
2967 634 3338 689 vaticiniorum
3368 644 3565 690 eventu
3598 636 3906 706 conjuncta,

2297 723 2438 777 ratio
2486 724 2721 793 postulat
2760 734 2906 778 utea
2939 723 2992 777 in
3024 734 3256 793 partem,
3289 725 3465 795 quoad
3511 726 3627 781 fieri
3673 730 3905 798 poterit,

2295 816 2560 886 optimam
2599 818 2946 878 accipiamus.
2978 817 3046 871 Et
3076 818 3200 872 hinc
3243 828 3619 888 argumentum
3658 818 3906 890 exsistit‘,

2294 922 2359 961 ex
2390 924 2497 977 quo
2524 910 2872 964 adversarius
2903 910 3047 965 nulla
3068 951 3082 973 ,
3137 921 3191 964 ut
3240 909 3368 965 mihi
3398 912 3609 967 videtur
3632 955 3644 979 ,
3698 916 3909 972 ratione

2296 1003 2463 1069 possit
2489 1002 2738 1057 evadere.
2773 1003 2881 1058 Aut
2909 1004 3050 1058 enim
3080 1004 3145 1058 iis
3172 1020 3291 1074 qua:
3320 1005 3387 1060 dc
3427 1018 3734 1063 nostrorum
3764 1026 3908 1065 mar-

2295 1104 2470 1166 tyrum
2498 1097 2815 1165 virtutibus,
2868 1099 3199 1169 prophetiis,
3249 1109 3303 1155 et
3352 1102 3625 1157 miraculis
3657 1104 3707 1158 in
3755 1105 3906 1162 Aetis

2294 1188 2621 1255 referuntur,
2657 1189 2814 1245 fidem
2862 1193 3267 1258 accommodat,
3298 1203 3391 1248 aut
3431 1195 3608 1264 potius
3654 1197 3901 1269 abrogat.

2294 1280 2347 1336 Si
2379 1282 2534 1335 fidem
2568 1281 2790 1350 haheat,
2826 1285 2878 1338 in
2913 1293 3025 1339 tuto
3057 1284 3297 1355 profecto
3322 1294 3404 1341 est
3430 1297 3735 1342 sanctorum
3762 1305 3907 1344 mar-

2297 1385 2471 1446 tyrum
2505 1376 2859 1444 orthodoxia;
2904 1394 3025 1433 cum
3068 1394 3147 1434 ere
3177 1383 3425 1445 virtutes,
3459 1384 3511 1435 in
3544 1383 3738 1453 quibus
3768 1384 3903 1440 nihil

2296 1466 2553 1535 fucatum,
2587 1470 2717 1524 nihil
2760 1471 3121 1527 adulterinum
3160 1484 3428 1543 repertum
3457 1485 3558 1539 est,
3591 1475 3721 1530 nihil
3754 1462 3908 1533 deni;

2296 1577 2398 1631 que
2430 1579 2522 1630 pcr
2551 1563 2950 1621 simulationem
2982 1576 3037 1621 et
3066 1567 3393 1637 hypocrisim
3419 1577 3652 1639 gestum,
3701 1586 3763 1625 ea
3803 1573 3905 1627 mi—

2296 1658 2495 1723 racula,
2553 1673 2629 1711 ea:
2686 1660 3004 1730 prophetiae,
3041 1661 3093 1715 in
3149 1662 3455 1733 haereticos:
3482 1674 3747 1736 martyres
3796 1683 3905 1724 non

2296 1751 2661 1817 conveniant;
2717 1753 2887 1807 multo
2941 1765 3120 1810 autem
3180 1756 3357 1811 minus
3407 1757 3460 1811 in
3512 1758 3902 1831 Montanistas,

588 1849 878 1920 impietatis
904 1847 1187 1902 damnatus
1207 1886 1223 1913 ,
1256 1842 1570 1913 episcopatu
1598 1839 1783 1909 pulsus
1812 1838 1917 1903 sit,
1959 1848 2015 1891 ut
2056 1838 2127 1891 illi
2160 1853 2191 1893 e
2220 1850 2268 1909 Β
2297 1856 2414 1909 qua:
2442 1843 2492 1895 in
2525 1844 2672 1897 Actis
2703 1845 2990 1913 habentur,
3018 1848 3085 1902 ab
3111 1862 3298 1902 eorum
3331 1847 3628 1919 dogmatis.
3658 1864 3711 1905 et
3736 1853 3897 1907 disci.

590 1943 752 1998 Clero
818 1939 975 2009 ejecti
1024 1944 1195 2002 sunt;
1265 1948 1440 2003 neque
1493 1931 1718 1986 heresis
1790 1928 2193 1999 propugnandae

589 2048 750 2089 causa
801 2031 1087 2088 secesserit
1125 2028 1194 2084 ab
1224 2026 1500 2090 Ecclesia;
1530 2023 1626 2079 sed
1659 2024 1713 2077 in
1760 2022 1850 2076 illa
1884 2021 1970 2091 pie
1998 2020 2195 2076 obdor-

590 2128 789 2195 mierit,
821 2128 1045 2197 ejusque
1074 2123 1334 2179 memoria
1366 2121 1625 2174 hactenus
1652 2132 1773 2171 cum
1816 2116 2054 2185 patribus
2096 2129 2190 2169 cc-

594 2225 798 2280 lcbrata
826 2262 838 2282 .
871 2230 927 2277 et
951 2234 1058 2274 una
1086 2219 1140 2271 in
1166 2216 1347 2271 album
1376 2214 1546 2268 relata
1576 2211 1665 2265 sit.
1694 2209 1750 2265 Si
1778 2209 1921 2264 enim
1964 2207 2151 2263 eadem
2174 2248 2189 2272 ,

584 2332 704 2388 quin
731 2314 827 2379 illi,
858 2314 1137 2375 sensisset,
1172 2316 1264 2362 aut
1293 2307 1339 2359 si
1382 2304 1710 2375 scriptorum
1757 2315 1981 2356 suorum
2026 2300 2190 2353 ratio-

586 2426 711 2468 nem
743 2424 847 2464 non
878 2404 1241 2466 reddidisset;
1273 2399 1495 2455 minime
1528 2396 1752 2451 dubium
1787 2436 1799 2459 ,
1834 2396 1958 2465 quin
2001 2393 2189 2447 eadem

588 2506 814 2567 fuisset,
860 2515 961 2571 qua
1000 2499 1105 2561 illi,
1154 2508 1312 2566 pcena
1344 2490 1680 2564 plectendas.
1722 2508 1741 2541 ›
1781 2488 1863 2542 An
1906 2487 2008 2541 hoc
2029 2488 2190 2541 etiam

586 2594 863 2653 Athanasii
891 2605 990 2662 pro
1018 2587 1272 2660 Dionysio
1300 2591 1676 2655 argumentum
1706 2581 1894 2651 frigida
1934 2580 2034 2635 hac
2063 2580 2192 2635 Bas-

587 2688 773 2759 nagius
804 2682 1157 2755 responsione
1184 2678 1468 2742 diluisset,
1500 2674 1644 2746 quod
1676 2673 1914 2728 hwretici
1952 2671 2190 2742 episcopi

588 2780 879 2853 aliquando
904 2778 957 2832 in
981 2766 1367 2847 martyrologia
1385 2814 1400 2839 ,
1431 2778 1523 2825 aut
1540 2784 1695 2825 sacra
1717 2768 1768 2823 di
1778 2778 1931 2839 ptyca
1955 2767 2191 2837 irrepse-

588 2875 742 2931 rint?
774 2873 865 2928 Nae
890 2871 1042 2925 futile
1100 2880 1155 2924 et
1206 2881 1429 2938 prorsus
1473 2863 1749 2934 indignum
1777 2863 1894 2916 viro
1942 2860 2189 2930 prudenti

587 2981 903 3039 responsum
936 2966 949 3018 !
982 2962 1235 3030 Quinimo
1280 2958 1585 3028 exemplum
1631 2954 1970 3011 statuendum
2002 2954 2190 3009 fuisset

586 3062 640 3117 in
672 3061 925 3125 homine,
959 3056 1013 3111 in
1058 3069 1219 3126 quem
1268 3052 1383 3107 haec
1428 3049 1608 3105 omnia
1652 3048 1815 3103 simul
1846 3046 2185 3101 ortlmdnxiae

587 3154 779 3211 indicia
809 3149 1200 3214 convenerint,
1232 3146 1321 3213 qui
1350 3154 1524 3199 tamen
1552 3151 1673 3213 post
1700 3141 1930 3211 plurium
1973 3140 2039 3194 ah
2070 3139 2188 3207 ejus

2299 1932 2442 2001 plina
2467 1975 2481 1998 ,
2516 1945 2570 1988 ut
2611 1936 2978 2003 ostendimus,
3024 1953 3279 2010 perquam
3307 1940 3504 1995 aliena.
3556 1941 3622 1995 Et
3651 1952 3805 2009 tunc,
3841 1953 3903 2000 ut

2298 2026 2444 2091 dixi,
2500 2030 2637 2083 ratio
2688 2031 2961 2099 postulat,
3015 2041 3073 2086 ut
3119 2033 3355 2090 visiones
3398 2043 3453 2089 et
3502 2036 3906 2105 revelationes,

2297 2121 2746 2189 quemadmodum
2780 2132 2835 2178 et
2876 2138 2905 2178 a
2936 2126 3125 2189 nobis,
3173 2135 3228 2181 et
3267 2136 3391 2182 ante
3434 2143 3532 2182 nos
3571 2144 3602 2183 a
3640 2129 3767 2185 divo
3797 2130 3907 2183 Au-

2295 2215 2509 2283 gustino
2548 2224 2604 2270 et
2643 2216 2711 2270 ab
2750 2217 2867 2270 aliis
2896 2219 3038 2272 veris
3084 2217 3408 2274 doctissimis
3455 2221 3650 2276 factum
3704 2232 3821 2289 est,
3849 2223 3909 2279 in

2296 2309 2552 2376 optimam
2585 2319 2793 2379 partem
2822 2311 3259 2381 interpretemur.
3305 2313 3396 2369 Sin
3434 2323 3613 2369 autem
3670 2314 3735 2369 iis
3779 2330 3905 2385 qua:

2295 2400 2361 2455 de
2388 2401 2690 2472 Perpetuze,
2721 2404 3021 2461 Felicitatis
3047 2408 3425 2479 sociorumque
3464 2418 3763 2480 martyrum
3795 2409 3906 2464 vir-

2297 2495 2516 2563 tutibus,
2547 2506 2652 2552 etc.
2673 2540 2688 2561 ,
2732 2497 3072 2566 referuntur,
3102 2500 3264 2557 fidem
3311 2501 3605 2573 Basnagius
3636 2502 3859 2573 derogat
3886 2545 3902 2571 ,

2294 2589 2481 2645 eadem
2510 2592 2736 2659 ratione,
2770 2603 2825 2648 et
2856 2595 2919 2649 iis
2950 2594 3107 2651 ﬁdem
3133 2597 3396 2668 abrogare
3426 2597 3666 2663 debebit,
3702 2613 3821 2666 quae
3844 2598 3902 2653 in

2297 2683 2444 2738 Actis
2470 2684 2536 2739 ad
2563 2687 2795 2743 visiones
2823 2698 2876 2743 et
2902 2688 3261 2745 revelationes
3292 2701 3585 2761 martyrum
3612 2691 3900 2761 pertinent.

2294 2772 2442 2828 Nulla
2474 2777 2615 2831 enim
2647 2782 2784 2834 ratio
2826 2781 3055 2850 patitur,
3106 2791 3164 2836 ut
3201 2782 3353 2837 Actis
3398 2793 3585 2838 contra
3636 2793 3903 2853 martyres

2293 2866 2476 2921 credat
2503 2909 2517 2932 ,
2552 2884 2650 2938 pro
2675 2873 3001 2943 martyribus
3030 2872 3190 2928 fidem
3235 2889 3340 2930 non
3376 2873 3589 2929 habeat.
3623 2875 3903 2944 Praacipue

2294 2972 2414 3012 cum
2443 2960 2601 3032 longe
2631 2964 2921 3031 proclivius
2945 2964 3014 3019 sit
3039 2966 3350 3021 existimare
3402 2965 3656 3022 Actorum
3689 2968 3901 3039 compi-

2293 3054 2516 3112 latorem
2550 3059 2598 3112 in
2639 3060 2703 3114 iis
2744 3077 2862 3131 qum
2893 3060 2959 3116 de
2986 3062 3285 3117 visionibus
3320 3072 3524 3131 narrat,
3575 3078 3695 3119 esse
3747 3079 3901 3118 men-

2294 3156 2443 3207 titum
2473 3196 2486 3219 ,
2520 3171 2678 3225 quam
2711 3158 2761 3211 in
2794 3156 2857 3210 iis
2886 3173 3004 3227 qum
3030 3156 3098 3212 de
3126 3158 3291 3227 signis
3318 3166 3373 3213 et
3397 3158 3668 3213 miraculis
3696 3158 3857 3213 habet
3883 3175 3897 3211 :

587 3249 733 3305 obitu
762 3245 1082 3300 smculorum
1113 3239 1452 3295 intervallum
1490 3236 1649 3292 fueril
1680 3235 1966 3288 Ιιίεΐεῑὶοιιε
1996 3232 2185 3300 ἀθιπο-
2212 3248 2255 3309 C
2290 3253 2553 3310 visionum
2583 3252 2759 3317 enim,
2811 3262 2865 3306 ct
2907 3252 3311 3307 revelationnm
3352 3253 3499 3306 solus
3546 3252 3686 3307 Deus
3738 3254 3899 3307 testis

588 3343 807 3399 hensus.
839 3337 945 3394 Sed
977 3335 1200 3405 hujusce
1227 3332 1307 3387 rei
1336 3330 1541 3386 nullum
1568 3328 1788 3382 omnino
1814 3333 1990 3381 exstat
2016 3326 2068 3378 in
2100 3339 2187 3379 ec-

587 3431 905 3501 clesiasticis
932 3424 1295 3483 monumentis
1320 3422 1645 3491 exemplum.
1673 3418 1803 3485 Qua:
1829 3434 1957 3472 vero
1988 3418 2188 3472 Basna-

585 3528 676 3600 gio
702 3534 993 3597 suppetunt
1021 3538 1088 3578 ex
1114 3518 1430 3575 Tertulliani
1457 3515 1775 3570 auctoritate
1795 3554 1809 3578 ,
1843 3521 1897 3568 et
1926 3514 2185 3567 Actorum

586 3621 938 3691 compilatore
963 3617 1221 3673 adversus
1251 3613 1571 3682 Perpetuam
1600 3608 1885 3678 sociosque
1922 3615 2187 3677 martyres

585 3717 910 3787 conjectura:
939 3694 1215 3781 ejusmodi
1237 3715 1383 3771 sunt,
1416 3720 1536 3775 qua:
1566 3703 1850 3757 falsitatem
1879 3700 2185 3770 adjunctam

586 3826 693 3867 non
726 3824 851 3865 raro
881 3816 936 3864 et
986 3802 1420 3861 manifestissime
1451 3799 1668 3853 habent.
1702 3797 1837 3851 Cum
1858 3837 1874 3862 ,
1904 3803 1963 3850 ut
1999 3804 2185 3850 osten-

585 3904 785 3966 dimus,
808 3898 1173 3956 Tertullianus
1189 3904 1245 3950 et
1273 3892 1568 3950 catholicos
1601 3900 1865 3961 martyres
1890 3890 2187 3959 smpissime

584 3996 916 4059 laudaverit,
963 4001 1017 4048 et
1063 3991 1130 4047 ad
1170 4003 1355 4046 eorum
1399 3984 1833 4041 communionem
1880 3983 2189 4052 adspirave-

585 4094 693 4159 rit,
726 4100 781 4148 et
823 4086 1102 4144 Novatiani
1144 4084 1408 4154 denique,
1438 4095 1546 4135 non
1579 4079 1757 4133 minus
1787 4092 1946 4147 quam
1980 4074 2188 4129 Monta-

584 4188 740 4242 nistte
787 4184 854 4237 ab
904 4178 1143 4236 Ecclesia
1193 4175 1456 4232 catholica
1502 4181 1747 4228 extorres
1796 4168 2184 4224 catholicorum

584 4280 719 4335 Acta
767 4286 1064 4346 martyrum
1114 4269 1218 4325 luci
1262 4266 1543 4331 dederint,
1595 4277 1838 4332 seraeque
1888 4260 2188 4331 posteritati

583 4370 1015 4430 commendarint
1031 4407 1044 4432 ,
1087 4373 1189 4419 etc.

657 4467 859 4522 Eadem
886 4471 971 4519 est
1000 4461 1337 4515 internorum
1360 4459 1804 4525 argumentorum
1828 4450 2183 4519 comparatio.
2210 4478 2233 4501 ι

583 4564 778 4619 Nostra
805 4558 947 4614 enim
980 4570 1045 4609 ex
1073 4551 1358 4607 sanctitate
1378 4556 1693 4616 martyrum,
1711 4559 1778 4598 ex
1807 4558 1995 4597 eorum
2017 4541 2186 4596 virtu-

2291 3358 2406 3405 erat
2454 3354 2508 3401 et
2539 3357 2823 3416 martyres,
2852 3344 2940 3415 qui
2966 3343 3076 3415 jam
3099 3344 3319 3401 fuerunt
3342 3361 3372 3401 e
3397 3345 3642 3401 vivorum
3671 3360 3900 3400 numero

2292 3440 2625 3496 immanitate
2668 3439 2980 3494 carnificum
3025 3438 3329 3505 exturbati;
3372 3453 3492 3508 qua:
3530 3452 3660 3493 vero
3699 3436 3765 3492 ad
3797 3437 3901 3492 mi-

2290 3535 2470 3590 racula
2514 3534 2822 3604 pertinent,
2864 3533 2916 3587 in
2960 3541 3146 3603 aperto
3189 3529 3434 3601 quaedam
3461 3544 3681 3595 eorum,
3733 3539 3789 3584 et
3842 3531 3898 3584 in

2291 3626 2470 3681 medio
2495 3626 2896 3695 amphitheatro
2920 3640 2950 3678 a
2989 3624 3255 3694 scriptore
3284 3636 3467 3677 coaevo
3482 3630 3629 3692 gesta
3662 3636 3895 3677 narran-

2292 3727 2407 3785 tur,
2443 3719 2532 3773 ubi
2585 3716 2826 3788 profecto
2872 3718 2923 3771 in
2980 3724 3200 3772 auctore
3246 3724 3699 3783 contemporaneo
3748 3714 3900 3769 ullus

2290 3813 2515 3881 fraudis,
2548 3821 2602 3867 et
2630 3811 2954 3882 suscipionis
2982 3811 3131 3864 locus
3158 3823 3284 3863 esse
3320 3821 3425 3862 non
3476 3815 3687 3876 potest;
3735 3806 3896 3860 facit-

2289 3920 2393 3975 que
2419 3904 2504 3959 hic
2535 3905 2801 3970 maxime,
2834 3901 2976 3973 quod
3006 3901 3074 3957 de
3120 3901 3173 3956 id
3215 3915 3385 3971 genus
3430 3899 3706 3954 miraculis
3747 3913 3895 3967 pra:-

2290 3996 2433 4052 clare
2462 3994 2768 4051 Dodwellus
2795 3994 3047 4049 observat
3069 3990 3146 4064 (l)
3179 4009 3192 4045 :
3222 3990 3277 4046 Si
3309 4005 3372 4046 ea
3399 3990 3606 4044 scilicet
3650 4003 3747 4058 pro
3780 3988 3898 4043 his-

2292 4090 2472 4145 toricm
2514 4087 2637 4144 fidei
2666 4097 2860 4157 captu,
2890 4098 3050 4157 atque
3092 4092 3279 4139 natura
3326 4082 3539 4153 probari
3584 4079 3684 4134 sibi
3722 4080 3900 4135 velint

2290 4182 2469 4247 atliei,
2502 4182 2636 4236 nihil
2667 4195 2887 4251 prorsus
2914 4194 3034 4235 esse
3086 4177 3226 4249 quod
3271 4177 3357 4231 hic
3410 4173 3717 4231 desiderare
3757 4188 3901 4241 pos-

2289 4278 2436 4339 sint,
2492 4275 2780 4345 quominus
2830 4269 3139 4342 hujusmodi
3207 4267 3550 4323 narrationes
3606 4264 3899 4319 videantur

2289 4381 2409 4422 esse
2434 4364 2770 4420 verissimae:
2826 4381 2844 4415 ι
2893 4361 3160 4432 Imprimis
3203 4360 3347 4414 enim
3379 4374 3485 4413 non
3532 4358 3586 4411 in
3637 4354 3892 4425 angulis,

2290 4458 2486 4528 inquit,
2517 4466 2609 4512 aut
2637 4456 2820 4527 paucis
2841 4452 3161 4523 quibusdam
3196 4451 3427 4506 consciis
3451 4491 3466 4516 ,
3508 4462 3734 4519 quorum
3764 4462 3900 4516 pos-

2288 4561 2372 4605 set
2407 4550 2669 4605 interesse
2693 4590 2709 4615 ,
2739 4546 2832 4603 sed
2867 4548 3043 4617 palam
3066 4554 3239 4617 gesta,
3270 4553 3324 4598 et
3353 4544 3408 4597 in
3449 4542 3691 4597 omnium
3728 4553 3899 4595 cons-

586 4658 727 4713 tibus
751 4697 765 4721 ,
797 4661 852 4709 et
877 4647 1172 4713 miraculis,
1202 4653 1257 4701 8t
1287 4639 1574 4705 vaticiniis,
1601 4648 1657 4693 et
1681 4652 1745 4692 ex
1778 4635 2182 4707 prephetiarum
2211 4642 2263 4701 Ι)
2292 4654 2446 4716 peclu
2497 4653 2717 4699 nari-am
2738 4683 2754 4709 ’
2802 4650 2909 4697 tam
2960 4640 3301 4695 inimicorum
3342 4651 3506 4707 quam
3547 4634 3844 4689 amicorum
3870 4674 3894 4699 ,

582 4752 730 4809 exitu
760 4744 1138 4807 conficiuntur,
1179 4753 1297 4810 quae
1328 4734 1488 4792 simul
1518 4731 1697 4787 omnia
1736 4742 2025 4799 numquam
2065 4743 2181 4782 om-

582 4846 712 4901 nino
741 4841 1092 4897 inveniuntur
1120 4847 1245 4888 cum
1278 4828 1469 4885 haeresi
1498 4826 1667 4880 fuisse
1692 4821 2003 4890 conjuncta.
2050 4818 2182 4886 Quae

581 4950 711 4993 vero
747 4931 887 5004 apud
917 4926 1237 4997 Basnagium
1287 4938 1354 4978 ex
1397 4916 1748 4992 quarumdam
1783 4916 2049 4970 visionum
2075 4954 2090 4979 ,
2123 4920 2182 4967 ut

580 5030 683 5101 ipsi
734 5026 994 5093 videtur,
1050 5014 1470 5075 inconcinnitate
1537 5010 1986 5080 proficiscuntur,
2058 5004 2181 5058 talia

576 5099 705 5183 sunt
738 5136 858 5194 quae
899 5128 958 5175 ut
1017 5114 1243 5170 multum
1269 5153 1283 5180 ,
1324 5107 1620 5167 secundum
1651 5119 1709 5161 se
1737 5109 2012 5175 spectata,
2045 5099 2179 5155 etin

584 5310 601 5324 δ’
655 5304 733 5378 (Ι)
772 5310 914 5369 Μέγα.
928 5310 1013 5370 μὶν
1046 5298 1120 5352 οὖν
1143 5303 1397 5364 τεκμήριον
1416 5296 1499 5346 τοῦ
1519 5290 1643 5356 μηδὲ
1658 5292 1795 5340 τοῦτο
1824 5293 1985 5373 λὲγεινῖ
2006 5285 2180 5341 αὐτοὺς

1091 5376 1096 5378 _
1136 5372 1154 5378 ,
1518 5366 1541 5377 η
1617 5364 1635 5378 η
1780 5368 1787 5378 ,
1953 5377 1962 5378 η
2022 5361 2033 5378 ε
2074 5361 2085 5378 ι

580 5355 777 5441 angui“
807 5355 938 5431 ἀλλά
967 5382 1044 5427 τὸν
1073 5372 1221 5434 ἄνδρα
1259 5366 1581 5431 συκῡφιντεῖν,
1611 5364 1681 5414 ὅτι
1722 5368 1845 5441 {Af-re
1865 5355 1985 5422 παρ’
2016 5361 2181 5422 ἑτέρων

578 5431 845 5505 intentiinko
868 5446 942 5501 ἐπ’
973 5431 1165 5508 ἀσεϐείᾴ
1192 5442 1528 5502 καταγνωσθεὶς
1572 5431 1829 5508 alma-don
1861 5444 1947 5487 τῆς
1988 5433 2177 5508 ἐπέσπο-

580 5540 692 5591 πῆς,
723 5531 869 5590 ὥσπερ
903 5522 1033 5572 οὗτοι
1059 5520 1146 5568 τοῦ
1168 5516 1363 5580 κλῆρον,
1392 5522 1508 5574 μήτε
1532 5505 1672 5563 αὐτὸς
1693 5508 1751 5562 ὡς
1776 5505 1954 5569 αἳρεσιν
1982 5501 2176 5585 3x53:an

575 5578 739 5664 έξξὶίθε
784 5578 868 5655 τῆξ
894 5584 1163 5648 ἐκκλησίας
1187 5624 1201 5645 ,
1229 5578 1336 5635 ἀλλ’
1355 5585 1410 5664 εἰς
1433 5582 1554 5644 αὗτῇ
1585 5583 1864 5664 antistitae
1894 5578 2063 5664 κοξλὸξς,
2092 5578 2176 5619 καὶ

578 5647 801 5737 ἶ
830 5647 973 5730 μέχρι
995 5667 1071 5717 νῦν
1100 5655 1381 5737 «irriti/urit
1399 5666 1488 5705 τῶν
1516 5655 1727 5737 πατέρων
1752 5653 1852 5732 id?
1877 5647 2178 5737 tabi-"ur:

572 5720 657 5795 τίη
689 5759 701 5771 .
720 5720 967 5804 -ἓὶσγὲρυξν
995 5739 1057 5787 τὰ
1098 5733 1272 5781 τοῧτων
1296 5734 1549 5805 ﬂavum,
1600 5720 1774 5805 ἣκπερὶ
1797 5720 1863 5805 ,ὧν
1893 5722 2059 5805 ἕγρεῖψε
2084 5720 2176 5803 ’μὶλ

572 5814 629 5872 ἦν
656 5792 1091 5873 ἀπὶ-ἐλελιξάμενος,
1122 5802 1199 5853 οὒκ
1229 5792 1582 5873 ἧνγάιέρίϐῖὶον
1629 5792 1703 5870 ὅτι
1752 5793 1931 5873 «ilicei;
1955 5792 2019 5838 τὰ
2047 5792 2175 5873 aisz

562 5854 1309 5941 54:23:52.;iéa,ismara.
1335 5854 1801 5928 Mbutfaucouian.
1836 5860 2000 5922 lidit.,
2020 5871 2074 5908 ιι.
2103 5854 2155 5908 5.

2286 4742 2415 4809 quin
2442 4739 2616 4810 potius
2642 4737 2977 4792 inimicorum
2998 4776 3012 4801 ,
3041 4734 3133 4804 qui
3157 4732 3332 4788 locum
3359 4731 3411 4785 in
3444 4728 3668 4784 theatris
3699 4727 3896 4797 prazci-

2288 4848 2448 4904 puum
2490 4832 2774 4887 habebant.
2834 4830 2911 4884 lta
2956 4827 3155 4882 factum
3205 4839 3311 4879 non
3359 4821 3521 4877 modo
3570 4829 3627 4876 ut
3675 4818 3766 4889 qui
3818 4832 3893 4873 ea

2284 4928 2629 4998 scripserint,
2662 4939 2726 4981 ea
2754 4935 2905 4979 certo
2935 4929 3157 4992 possent
3183 4930 3549 4989 cognoscere;
3581 4911 3677 4969 sed
3703 4922 3758 4966 et
3789 4912 3891 4981 qui

2281 5023 2384 5078 alia
2414 5023 2465 5076 in
2497 5019 2762 5076 sententia
2809 5026 3030 5083 essent,
3061 5031 3122 5071 ea
3155 5012 3311 5068 facile
3354 5019 3577 5082 possent
3626 5016 3894 5077 certoque

2282 5116 2550 5174 refellere.
2582 5113 2806 5181 Deinde,
2839 5112 2961 5167 talia
3001 5111 3164 5166 fuisse
3191 5107 3306 5163 haec
3331 5116 3501 5178 gesta,
3530 5112 3591 5159 ut
3622 5102 3892 5174 plurimo-

2284 5226 2403 5265 rum
2436 5207 2699 5274 intererit,
2730 5215 2784 5261 et
2822 5219 2979 5276 quam
3025 5202 3279 5265 maxime,
3328 5214 3396 5255 ne
3425 5198 3616 5252 lateret
3642 5195 3843 5250 veritas
3868 5235 3890 5261 ,

2282 5304 2377 5359 sed
2429 5303 2606 5373 potius
2655 5309 2715 5355 ut
2759 5308 2906 5355 esset
2964 5294 3411 5365 compertissima.
3466 5291 3891 5346 Persecutorum

2277 5398 2571 5461 intererat,
2602 5410 2669 5450 ne
2702 5394 2817 5448 haec
2843 5406 2969 5447 vera
3000 5390 3373 5455 crederentur,
3402 5386 3595 5457 quibus
3622 5383 3889 5455 gravissi-

2282 5509 2366 5549 ma
2400 5492 2576 5547 forent
2620 5486 2952 5543 crudelitatis
3001 5484 3218 5539 infamia
3262 5480 3400 5551 apud
3451 5480 3733 5541 absentes,
3769 5485 3890 5534 tam

2279 5589 2431 5643 vivos
2470 5599 2627 5654 quam
2664 5581 2826 5637 etiam
2853 5586 3123 5650 posteros,
3154 5573 3411 5631 onerandi
3436 5588 3451 5638 ;
3480 5572 3675 5643 quibus
3699 5570 3892 5626 divino

2280 5844 2307 5916 ἐ
2351 5770 2431 5897 gl”)
2482 5770 2701 5826 Dissert.
2747 5781 2817 5823 xu
2856 5761 3197 5838 Cyprianica,
3224 5761 3292 5818 de
3320 5757 3541 5831 Mai-lyr.
3593 5754 3891 5826 Fortitud.,

2396 5862 2447 5897 ἱ).

2396 5862 2447 5897 ἱ).
