4156 6282
185 215 280 272 169
759 207 825 264 IN
861 206 1257 266 FRAGMENT.
1291 207 1376 264 DE
1414 207 1508 266 SS.
1551 206 1907 266 SCR-‘PTUB.
1953 207 2226 267 CANONE
2268 209 2812 267 ANNOTATIONES.

3354 215 3453 272 170

188 353 332 408 etiam
373 347 619 419 suffragio
657 347 894 402 damnati
946 348 1276 405 viderentur.
1326 347 1751 404 Christianorum
1783 349 1829 409 Α
1861 359 2068 414 runtur,
2115 366 2233 405 cum
2275 351 2399 406 boni
2427 351 2523 406 viri
2565 351 2630 405 sit
2679 361 2733 408 et
2779 352 2914 422 inqui
2959 350 3152 421 jttdicis
3195 351 3352 408 dubia
3402 355 3453 408 in

190 444 337 498 etiam
363 442 582 496 maxime
608 441 847 494 omnium
889 441 1178 506 intererat,
1225 440 1486 510 siquidem
1537 440 1762 496 fuissent

193 535 312 590 falsa
333 577 348 601 ,
375 549 436 589 nc
466 549 587 587 Vera
609 533 993 598 crederentur,
1022 533 1216 603 quibus
1249 542 1422 606 tantos
1453 531 1609 603 hujus
1638 534 1760 588 vita:

193 626 438 682 cruciatus
488 635 592 678 tant
636 624 778 678 nulla
813 625 1111 679 futurorum
1135 626 1477 694 prmmiorum
1511 626 1759 682 mercede

186 719 434 777 lucraturi.
455 718 567 772 Non
583 727 665 771 cst
680 719 859 788 itaque
879 717 1020 788 quod
1067 717 1404 785 suSpicemur
1426 728 1759 788 contemptas

185 812 272 867 has
311 812 469 865 fuisse
513 810 894 874 narrationes;
941 808 1037 863 sed
1067 824 1195 863 vero
1240 823 1455 863 onmem
1487 809 1661 878 potius
1691 811 1758 866 ab

180 907 399 976 utrisque
433 904 765 974 diligentiam
809 903 860 957 in
907 903 1012 958 illis
1051 903 1302 958 crucndis
1347 903 1464 958 fore
1508 905 1760 959 adhiben-

181 999 306 1054 dam.
341 1016 363 1052 ι
402 996 555 1064 Quod
608 998 654 1051 si
698 997 832 1074 Acta
859 994 1140 1064 Perpetua:
1189 996 1257 1050 ab
1311 1005 1529 1051 auctore
1574 1011 1757 1052 cozttvo

184 1092 390 1147 collecta
421 1089 590 1144 fuisse
614 1088 908 1160 Basnagius
937 1097 1128 1158 negat,
1167 1088 1278 1158 jam
1324 1103 1389 1142 co
1431 1105 1516 1144 res
1567 1089 1761 1144 recidit

189 1195 240 1237 ut
273 1199 475 1238 omnem
509 1199 614 1236 non
644 1181 820 1236 solum
851 1179 1123 1236 miraculis
1146 1222 1159 1243 ,
1207 1178 1302 1234 sed
1334 1180 1491 1234 etiam
1530 1180 1757 1235 visiOni-

186 1275 274 1330 bus
301 1275 457 1329 fidem
485 1274 828 1344 dcrogemus,
854 1281 908 1327 et
933 1271 998 1326 ad
1032 1281 1250 1326 externa
1281 1282 1595 1342 argumenta
1625 1287 1758 1327 con-

189 1368 426 1421 troversia
462 1374 573 1420 tota
607 1373 915 1426 revocetur,
947 1363 1001 1417 in
1031 1362 1222 1432 quibus
1246 1362 1475 1416 vidimus
1502 1371 1760 1432 quantum

192 1457 449 1528 Perpetua:
519 1471 683 1510 causa
759 1453 1070 1523 triumphet.
1141 1454 1338 1509 Demus
1391 1463 1568 1508 tatncn
1615 1454 1762 1523 paria

187 1564 290 1607 esse
317 1567 431 1622 qua:
472 1550 528 1606 in
574 1557 852 1620 utramque
879 1557 1085 1619 partem
1133 1558 1404 1604 momenta
1441 1548 1602 1603 modo
1630 1548 1762 1604 all'e-

1864 443 2137 497 tneliorem
2193 445 2366 512 [tritius
2401 453 2601 517 partem
2643 459 2800 514 quam
2835 445 2886 497 in
2928 444 3250 499 deteriorem
3291 446 3458 502 inter-

1865 537 2060 604 pretari
2086 578 2100 600 ,
2135 547 2186 590 ct
2217 552 2374 592 nemo
2417 553 2521 606 qua
2551 536 2746 591 fruitur
2799 537 2952 592 home
2991 537 3147 592 fama:
3186 549 3237 592 ct
3273 539 3459 594 existi-

1864 630 2112 682 niatiuuis
2173 631 2544 699 [nisscssione,
2594 630 2694 684 nisi
2739 631 2910 685 tualus
2949 631 3110 685 certis
3155 629 3364 684 indiciis
3407 641 3462 687 et

1863 723 2157 790 perspicuis
2203 724 2532 792 argumentis
2571 721 3000 787 demonstretur,
3049 721 3171 777 exui
3215 722 3457 788 debeat,

1862 794 2009 865 nullo
2050 812 2208 866 modo
2251 813 2661 881 pcrmittemltnu
2707 823 2824 868 erat
2864 824 2918 867 ιιι
2955 829 3017 868 ea
3059 829 3176 884 quae
3207 814 3317 884 jam
3367 830 3464 885 per

1862 902 2166 971 quindecim
2189 905 2382 958 saecula
2424 913 2584 959 rectm
2610 903 2730 959 fidei
2777 916 2828 960 et
2859 906 3154 960 sanctitatis
3189 906 3465 962 existima-

1861 995 2007 1049 tione
2052 996 2216 1065 gavisi
2258 1006 2418 1061 sunt,
2471 995 2540 1049 ob
2585 997 2730 1052 leves
2771 997 3028 1067 quasdam
3079 997 3458 1065 conjecturas,

1866 1089 2122 1157 Perpetua
2148 1089 2384 1158 sociique
2415 1099 2678 1161 martyres
2694 1100 3038 1145 cxuerentur.
3069 1078 3220 1158 Quod
3248 1091 3464 1160 quidem

1862 1180 1913 1233 in
1937 1195 2096 1235 causa
2127 1179 2228 1234 fuit
2274 1191 2328 1234 ut
2379 1182 2431 1234 iit
2463 1180 2562 1234 hac
2592 1184 2960 1236 controversia
3011 1183 3312 1237 defensoris
3341 1200 3466 1253 par-

1865 1280 1942 1327 tes
1973 1274 2024 1326 in
2055 1272 2140 1327 me
2162 1272 2304 1326 ultro
2334 1273 2688 1343 susciperem,
2743 1285 2798 1330 et
2837 1274 2975 1328 hanc
3016 1275 3464 1344 qualemcumque

1866 1379 2036 1418 meam
2076 1363 2508 1419 dissertationem
2555 1365 2606 1418 iu
2657 1365 2924 1434 publicum
2972 1365 3307 1428 emitterem,
3348 1381 3468 1435 qua:

1867 1465 1974 1511 tota
2006 1466 2200 1527 quanta
2243 1468 2357 1524 est,
2389 1459 2589 1512 utinam
2620 1458 2671 1512 in
2705 1458 2795 1514 Dei
2852 1459 3111 1515 honorem
3157 1467 3212 1515 et
3240 1458 3466 1530 gloriam

1868 1559 2164 1621 martyrum
2197 1550 2382 1606 cedat!

2735 1781 2843 1795 ;‘_','__."
2852 1782 2914 1795 ζ
2921 1780 2966 1795 ἓ
2971 1780 3244 1795 ’-4ἶέδζζῒῗ-ᾼὛ·
3251 1781 3370 1795 -ᾳ--ου
3379 1779 3456 1795 *Α

1503 1780 1720 1788 --——.———_
1737 1781 2224 1790 p—*——_~._
2253 1781 2735 1788 ——.—.—-——_—-—.—_.—.-_-
2750 1782 2770 1786 η
2789 1781 2878 1787 .-κο-η
2897 1780 2959 1787 --ο

203 1785 336 1795 βᾼ-
381 1785 406 1789 -
533 1789 566 1795 -_
579 1786 594 1794 .-
603 1785 692 1795 -—._..
705 1790 728 1795 μ
744 1784 971 1795 .-..-,.-ι-.-’
984 1783 1028 1790 ν--
1038 1781 1136 1795 .LL:
1149 1779 1172 1795 ξ
1187 1782 1330 1795 ’-μέγ-’ΔΗ
1375 1781 1550 1795 ’ὲ-μ;⁷⁴”;

1594 1811 3456 1836 m

681 1820 715 1829 σο
731 1817 1260 1830 *ιΑρ’-κνισοκιααυυρω
1282 1817 1432 1829 ..ο-ι..
1470 1820 1594 1830 Α--αο

1145 1971 1375 2092 AN
1390 1951 2304 2099 NOTATION
2321 1969 2520 2092 ES

635 2236 755 2321 ΙΝ
807 2235 1655 2340 FRAGMENTUM
1707 2230 2199 2320 INCERTI
2239 2235 2934 2322 SCRIPTORIS

195 2457 450 2600 DE
533 2455 1355 2605 CANONE
1469 2459 1726 2606 ss.
1831 2458 3473 2670 SCRIPTURABUM.

194 2699 619 2786 (l..A._l!urator.
640 2698 839 2786 dntiqq.
867 2702 984 2754 Ital.
1010 2702 1160 2786 medii
1182 2702 1290 2762 (eui.
1312 2710 1347 2756 t.
1373 2720 1442 2756 tn.
1468 2707 1696 2759 ρο1.8ὕι.
1723 2707 1942 2786 Galland.
1971 2709 2099 2761 Bibl.
2132 2715 2257 2761 Vell.
2286 2713 2395 2761 PP.
2418 2717 2452 2760 t.
2480 2727 2528 2772 u,
2560 2727 2608 2776 p.
2628 2712 2738 2764 208.
2764 2713 2942 2765 Routh.
2967 2717 3120 2780 Reliq.
3139 2733 3238 2770 scr.
3281 2724 3317 2768 t.
3362 2736 3424 2784 tv,
3447 2736 3497 2784 p.

249 2785 294 2832 5.
334 2783 495 2835 Evcr.
538 2784 710 2834 Stoeh.
739 2785 996 2836 Comment.
1039 2786 1101 2836 de
1126 2785 1239 2836 libr.
1282 2791 1350 2838 Ν.
1383 2788 1491 2852 T.§
1521 2789 1600 2850 65,
1643 2804 1690 2852 p.
1732 2783 1852 2842 199:
1886 2792 2213 2843 Freindaller.
2255 2801 2536 2857 Comment.,
2566 2795 2699 2847 Line.
2730 2798 3212 2853 1802.1(irchuoser.
3261 2783 3500 2862 Quelten-

246 2881 395 2918 samm
413 2870 542 2931 lung
559 2883 644 2918 ωι-
668 2869 967 2922 Geschichte
987 2871 1078 2921 der
1101 2871 1650 2926 Neutestamentlichen
1671 2888 1868 2926 cauons.
1894 2874 2090 2927 Zurich.
2113 2875 2252 2925 1842.
2280 2890 2327 2940 p.
2351 2876 2399 2937 1,
2423 2877 2498 2940 2.)

1504 3051 2192 3110 -οθὲτ-Φθομθὲο-

263 3251 484 3309 Primus
527 3248 853 3307 Muratorius
889 3247 1232 3304 veterrimum
1278 3247 1382 3304 hoc
1429 3245 1599 3302 edidit
1654 3245 1800 3314 frag-
1829 3244 1878 3305 B
1911 3261 1931 3294 ‹
1965 3257 2028 3298 ac
2056 3252 2342 3314 propterea
2386 3259 2512 3315 spes
2540 3243 2670 3300 mihi
2703 3256 2950 3316 superest
3005 3249 3120 3305 fore
3163 3258 3218 3305 ut
3251 3252 3506 3311 libentius

203 3359 431 3402 mentum
451 3389 470 3415 ,
504 3348 561 3402 in
591 3360 698 3415 quo
739 3344 810 3399 de
846 3358 1050 3398 canone
1079 3341 1214 3398 Novi
1240 3339 1571 3398 Tcstamenti
1603 3337 1798 3408 agitur.
1918 3353 1935 3387 ι
1976 3351 2006 3390 a
2034 3336 2323 3391 lectoribus
2351 3337 2668 3406 accipiatur,
2699 3353 2762 3393 ac
2806 3341 3072 3410 praecipue
3101 3345 3242 3413 quod
3270 3347 3506 3416 antiqui-

214 3437 261 3492 ls
280 3455 405 3494 vero
426 3437 861 3507 inAntiquitatum
881 3433 1180 3489 Italicarum
1201 3433 1352 3488 medii
1381 3431 1455 3486 Αἰ
1462 3434 1527 3498 vi,
1554 3439 1699 3484 tomo
1721 3443 1800 3482 ιιι.
1913 3446 1932 3478 ι
1969 3436 2130 3482 tatem
2161 3427 2402 3484 redoleat
2427 3443 2635 3484 summe
2661 3430 3044 3486 venerabilem.
3090 3452 3109 3486 ι

207 3527 418 3583 Mediol.
451 3528 615 3594 i750,
652 3527 718 3582 de
743 3527 931 3581 codice
972 3539 1114 3580 msto
1133 3568 1148 3592 ,
1175 3541 1238 3580 ex
1256 3540 1362 3595 quo
1383 3524 1523 3578 idem
1546 3521 1803 3589 desump-
1981 3519 2184 3576 Deinde
2207 3521 2666 3590 ostenditOpinari
2693 3537 2752 3577 se
2801 3523 3120 3581 Muratorius
3157 3528 3502 3586 tribuendum

206 3627 316 3673 tum
342 3630 427 3674 est
455 3663 470 3687 ,
504 3620 621 3674 haec
652 3619 949 3689 praemisit:
986 3636 1004 3669 ι
1037 3617 1143 3672 Sed
1173 3617 1384 3687 quando
1408 3609 1672 3688 cmpimus
1690 3613 1805 3667 vul-
1908 3626 2028 3667 esse
2049 3611 2405 3682 fragmentum
2448 3613 2598 3678 Caio,
2621 3614 2864 3670 ecclesiae
2887 3616 3141 3672 Romamn
3161 3620 3505 3691 presbytero,

218 3730 237 3762 ι
272 3727 406 3766 nera
433 3713 613 3766 rimari
641 3712 836 3767 litteris
879 3711 1114 3776 inﬂicta,
1148 3711 1272 3766 dum
1305 3710 1453 3766 rudia
1481 3709 1678 3765 satcula
1703 3708 1801 3764 de-
1910 3705 1999 3774 qui
2042 3704 2223 3760 ﬂoruit
2268 3707 2466 3762 sacculo
2508 3719 2738 3763 exeunte
2784 3710 3040 3764 secundo.
3108 3711 3251 3766 Idem
3302 3715 3516 3768 censuit

220 3821 242 3855 ι
278 3814 601 3868 currerent,
643 3820 711 3860 ne
767 3804 873 3859 hoc
923 3804 1138 3874 quidem
1188 3802 1632 3860 dissimulandum
1675 3810 1758 3858 est
1794 3841 1809 3868 ,
1913 3811 2126 3865 quoque
2156 3797 2226 3850 cl.
2272 3797 2582 3853 Gallandius
2616 3799 2667 3854 itt
2713 3800 3108 3871 prolegomenis
3168 3804 3296 3858 ιοηιί
3347 3821 3382 3858 II
3422 3805 3514 3859 Bi-

219 3913 241 3946 σ
279 3896 708 3964 imperitissimus
741 3906 797 3953 ct
834 3895 1230 3952 inductissimos
1279 3897 1523 3951 homines
1563 3895 1805 3976 crebrius
1914 3889 2178 3944 bliot/tecw
2217 3905 2329 3946 sua:
2374 3893 2632 3956 Patrum,
2684 3907 2734 3960 p.
2793 3894 2888 3958 25,
2941 3904 2996 3948 et
3054 3880 3337 3964 propterea
3371 3898 3516 3968 quod

219 4007 240 4041 ι
270 4005 440 4060 quam
475 4000 630 4046 antea
675 3989 840 4045 fuisse
886 3987 1153 4044 adhibitos
1190 3988 1256 4043 ad
1303 3985 1684 4043 exscribendos
1719 4000 1811 4040 co-
1913 3981 2185 4044 Miltiadis,
2212 3982 2298 4036 vel
2328 3992 2383 4037 ut
2413 3983 2500 4036 hic
2524 3983 2779 4037 seribitur
2804 3999 3032 4048 nomen,
3068 3985 3318 4040 Miltiadis
3348 4029 3362 4052 ,
3397 3989 3514 4042 hae-

216 4100 234 4132 c
267 4082 451 4151 dices,
503 4098 637 4154 quos
681 4090 962 4152 propterea
1006 4080 1278 4136 erroribus
1335 4095 1397 4134 ac
1448 4079 1696 4134 sordibus
1745 4075 1812 4131 ad
1918 4073 2068 4129 retici
2094 4074 2368 4142 cujusdam
2400 4076 2727 4130 mentionem
2753 4076 2936 4145 injecit
2978 4076 3264 4146 tragmenti
3294 4090 3512 4147 auctor,

218 4193 237 4226 ι
269 4190 534 4231 nauseam
553 4191 720 4246 usque
740 4175 976 4241 repletos
999 4173 1258 4229 iutueare.
1279 4172 1358 4227 Ex
1389 4172 1472 4226 bis
1496 4187 1601 4227 non
1616 4183 1815 4241 paucos
1919 4165 2060 4222 istud
2118 4165 2257 4220 idem
2301 4174 2612 4236 excerptum
2643 4166 2756 4219 vult
2797 4165 3108 4222 Gallanditts
3150 4171 3419 4238 pertinere
3447 4173 3514 4226 ad

215 4287 234 4319 ι
275 4285 390 4339 pra:
432 4268 688 4323 manibus
734 4265 925 4331 habui,
972 4275 1025 4321 et
1051 4267 1352 4336 exemplum
1407 4264 1602 4319 afferre
1627 4262 1816 4333 juvat,
1919 4259 2336 4328 disputationem
2373 4274 2534 4329 quam
2578 4257 2833 4314 adversus
2856 4257 3518 4319 ProculumscuPruclum

225 4379 244 4414 t
281 4363 428 4432 quod
464 4379 576 4417 non
618 4377 728 4416 uno
756 4363 972 4416 nomine
998 4403 1012 4426 ,
1043 4360 1141 4416 nisi
1184 4359 1313 4413 mihi
1343 4358 1497 4412 facile
1527 4358 1773 4413 blandior
1798 4396 1814 4420 ,
1921 4352 2381 4424 Cataplirygarum
2447 4363 2770 4409 sectatorem
2799 4353 2959 4408 Caius
2987 4357 3310 4427 composuit.
3377 4361 3522 4414 Anu-

216 4471 235 4505 c
269 4454 455 4511 lucem
479 4468 779 4526 exposcere
809 4454 1035 4510 videtur.
1059 4447 1675 4507 AsservatAmbrosiana
1714 4448 1822 4503 Me-
1926 4461 2117 4516 nymus
2153 4446 2296 4500 enim
2350 4444 2580 4514 scriptor
2621 4445 2760 4514 apud
2802 4445 3090 4500 Eusebium
3129 4448 3221 4503 lib.
3257 4465 3286 4502 v
3353 4449 3520 4516 Ilist.,

219 4564 237 4597 ι
278 4547 622 4602 diolanensis
649 4546 967 4601 bibliotheca
991 4546 1467 4600 ’membranaceum
1497 4542 1764 4606 codicem,
1791 4555 1822 4595 e
1926 4552 1974 4592 c.
2012 4538 2094 4602 l6,
2129 4553 2222 4593 seu
2251 4553 2408 4606 supra
2440 4539 2491 4592 in
2519 4538 2627 4591 vol.
2664 4552 2784 4592 meo
2807 4554 2861 4601 ιι,
2895 4554 2945 4608 p.
2977 4539 3064 4607 75,
3092 4541 3192 4596 sub
3219 4543 3392 4612 ipsum
3426 4545 3526 4600 ini-

225 4658 248 4690 ι
283 4639 552 4693 Bobiensi
583 4646 861 4708 acceptum
894 4679 908 4703 ,
965 4637 1116 4708 cujus
1142 4636 1432 4706 antiquitas
1462 4648 1598 4703 pene
1629 4632 1692 4686 ad
1724 4647 1822 4685 an-
1851 4629 1897 4691 C
1931 4630 2061 4684 tium
2091 4630 2270 4698 Operis
2289 4669 2306 4694 ,
2356 4629 2496 4698 quod
2527 4628 2784 4684 adversus
2813 4627 3179 4702 Cataphrygas
3206 4644 3522 4701 contexuit,

228 4747 249 4780 ι
287 4743 396 4782 nos
442 4730 588 4784 mille
630 4728 889 4785 accedere
933 4729 1063 4784 mihi
1094 4729 1204 4784 visa
1248 4737 1352 4782 est.
1406 4725 1649 4794 Scriptus
1684 4722 1826 4778 enim
1933 4719 2181 4776 hmresim
2239 4719 2478 4775 nominat
2524 4719 2791 4774 Miltiadis.
2854 4719 3006 4784 Quod
3046 4730 3222 4775 tamen
3259 4721 3523 4778 Gallandii

226 4838 249 4870 ε
291 4819 398 4874 fuit
420 4819 616 4876 litteris
636 4821 947 4892 majusculis
967 4831 1019 4877 et
1041 4819 1334 4892 quadratis.
1356 4818 1561 4873 Titulus
1584 4817 1830 4887 prtulixus
1935 4822 2311 4882 argumentum
2337 4850 2353 4877 ,
2399 4809 2607 4865 etiamsi
2656 4809 2725 4865 de
2767 4809 3001 4865 lectione
3043 4809 3328 4877 Miltiadis,
3375 4814 3528 4884 cujus

225 4930 246 4963 ς
287 4914 479 4967 omnia
526 4913 704 4968 tribuit
751 4913 983 4968 Johanni
1027 4913 1454 4983 Chrysostomo,
1501 4909 1595 4964 sed
1645 4908 1833 4962 imme—
1936 4902 2057 4958 loco
2082 4898 2367 4956 Alcibiades
2396 4901 2636 4955 nonnulli
2685 4900 2867 4954 volunt
2896 4915 3188 4970 reponere,
3225 4901 3357 4955 satis
3402 4917 3531 4958 con-

225 5023 245 5057 l
283 5007 418 5071 rite,
457 5021 519 5075 p.
556 5007 676 5061 83L
716 5027 736 5059 ›
788 5007 924 5061 Τυιιι
951 5021 1078 5062 vero
1108 5006 1316 5060 cancris
1351 5004 1663 5058 tractatibus
1691 5043 1705 5069 ,
1745 4999 1835 5070 qui
1941 4993 2138 5048 Stitcrit
2165 5033 2181 5059 ,
2213 4991 2352 5046 haud
2395 4992 2523 5047 satis
2570 4989 2774 5046 valeret
2828 4990 2894 5044 ad
2959 4989 3125 5043 hocce
3175 4990 3530 5060 fragmentum

216 5099 275 5154 in
304 5099 509 5155 codice
553 5101 924 5168 continentur,
961 5102 1304 5165 memoratis,
1339 5099 1511 5169 pergit
1539 5098 1618 5150 vir
1653 5097 1720 5150 cl.
1767 5095 1837 5149 ita
1941 5085 2070 5141 Caio
2099 5083 2510 5169 \'indicaﬂd0m-_
2539 5083 2708 5138 POI‘I‘O
2751 5082 3125 5138 Μυτθιονίθηδθ
3145 5083 3214 5138 de
3237 5082 3368 5138 Caio
3407 5099 3536 5141 00“-

215 5194 480 5249 scribcre
519 5211 536 5246 :
573 5211 590 5242 ί
623 5193 701 5247 Ex
719 5193 908 5248 eodem
939 5208 1066 5264 ergo
1093 5193 1280 5249 codice
1304 5207 1406 5264 ego
1435 5189 1678 5259 decerpsi
1707 5187 1844 5256 frag-
1940 5178 2165 5248 jeeturae
2194 5183 2518 5247 opposuerat
2546 5190 2666 5230 sese
2691 5174 2756 5228 V.
2791 5175 2852 5228 D.
2885 5173 3187 5230 Everardus
3211 5175 3490 5232 Stoschius
3519 5219 3535 5246 ,
3599 5235 3606 5238 _

230 5307 251 5338 ‹
287 5296 560 5342 mentum
595 5288 1020 5356 antiquissimum
1051 5329 1066 5349 ,
1111 5285 1177 5341 ad
1229 5299 1490 5341 canoncm
1543 5283 1841 5336 divinarum
1947 5273 2038 5342 qui
2085 5273 2199 5340 ipse
2237 5271 2289 5324 in
2329 5267 2764 5324 Commentatione
2810 5268 2873 5321 de
2913 5267 3183 5323 Librorum
3215 5269 3349 5323 Novi
3403 5270 3540 5328 Test.

229 5400 250 5432 ι
287 5381 710 5450 Scripturarum
756 5389 1022 5449 spectans.
1081 5379 1223 5433 {\‘ulli
1264 5376 1550 5447 diligentia:
1582 5373 1842 5444 peperci,
1948 5364 2152 5420 Canam!
2180 5403 2195 5429 ,
2247 5359 2495 5416 1³1⁸³1100ίῖ
2545 5359 2613 5414 ad
2675 5359 2926 5414 Viﬂdl'um
2979 5359 3112 5414 edit.
3175 5376 3316 5416 anno
3357 5363 3543 5433 1755,

235 5488 257 5523 ι
296 5481 366 5524 ut
393 5471 523 5540 eius
575 5482 836 5527 auctorem
873 5471 1178 5540 detegerem
1208 5511 1222 5535 ,
1275 5469 1540 5537 simulque
1590 5464 1845 5521 rescirem
1950 5457 2304 5526 fragmentum
2356 5463 2477 5522 post
2521 5451 2872 5509 Muratorium
2901 5451 3168 5523 repetivit.
3202 5454 3290 5508 Ait
3318 5456 3462 5509 enim
3493 5456 3549 5512 in

244 5583 265 5617 ι
310 5579 450 5618 num
485 5563 741 5619 hactenus
784 5563 988 5618 editum
1037 5563 1216 5617 fuerit.
1258 5561 1367 5615 Nisi
1413 5574 1500 5614 me
1547 5557 1759 5612 fefellerl

1955 5551 2002 5623 §.
2063 5549 2170 5616 65,
2225 5565 2276 5619 p.
2351 5545 2494 5609 199,
2553 5557 2868 5618 argumenta
2913 5562 3035 5616 qua:
3086 5545 3151 5601 ad
3191 5546 3556 5616 conjecturam

244 5675 269 5709 α
310 5654 468 5710 oculi
497 5694 514 5719 ,
561 5665 641 5710 aut
680 5656 1034 5725 complurium
1078 5655 1335 5709 librorum
1380 5650 1662 5715 defectus,
1693 5661 1854 5717 quem
1959 5657 2108 5697 suam
2171 5637 2657 5697 commendandam
2701 5639 2843 5695 idem
2890 5637 3047 5694 aiiert
3097 5637 3462 5702 Muratorius,
3508 5640 3562 5694 ci

245 5767 272 5807 ι
315 5763 435 5804 non
465 5748 638 5801 semel
664 5747 818 5800 doleo
838 5789 853 5812 ,
886 5763 1146 5817 nusquam
1176 5743 1503 5816 deprehendi
1525 5742 1856 5814 cvulgatum,
1963 5751 2150 5811 parum
2184 5732 2572 5815 probabilitatis
2600 5733 2894 5794 conciliare
2923 5751 2937 5786 :
2995 5751 3013 5784 ι
3050 5731 3206 5800 Quod
3233 5731 3390 5793 enim
3417 5729 3583 5789 Caius

498 5840 791 5905 Ρλτιοι..
832 5839 942 5903 Ill.

2951 5825 2994 5893 6
