4156 6282
655 301 754 355 171

1315 286 1382 343 ΙΝ
1421 278 1816 342 FRAGMENT.
1863 275 1951 333 DE
1991 269 2090 329 SS.
2133 259 2391 322 SCRIPT.
2438 261 2715 319 CANONE
2753 257 3301 318 ANNOTATIONES.

3847 239 3950 302 172

665 437 682 470 ι
717 410 1012 486 Ειιὶςῑοιθιη
1037 407 1101 463 ad
1122 406 1374 463 Hebraeos
1391 399 1632 473 rejecerit
1664 408 1931 466 tamquam
1960 407 2063 446 non
2085 398 2239 442 cano-

2373 381 2416 434 Id
2447 397 2572 436 saec.
2616 383 2866 453 primum,
2901 381 2929 453 ᾗ
2976 381 3068 447 54,
3102 397 3155 451 p.
3183 378 3322 445 161»,
3353 375 3422 432 de
3450 374 3643 431 eodem
3695 371 3810 426 haec
3853 386 3948 441 po-

665 527 682 559 ι
723 508 930 568 nicam,
962 499 1012 555 id
1059 499 1157 569 ipsi
1196 513 1315 551 cum
1347 494 1585 564 pluribus
1616 490 1733 544 aliis
1756 531 1769 553 ,
1804 487 2005 540 lremeo
2028 498 2077 536 e.
2106 496 2158 550 g.
2197 489 2250 532 et

668 619 686 652 ι
721 595 1031 666 Hippolyto,
1050 592 1211 644 immo
1235 596 1370 642 teste
1389 585 1620 640 Eusebio
1652 583 1743 635 lib.
1773 596 1842 644 vt,
1861 576 2017 639 (2.90,
2039 586 2090 628 et
2123 571 2246 625 Ilie—

647 685 685 740 ἀ
724 663 950 752 ronvmo
1001 683 1064 736 de
1113 679 1247 734 Viris
1299 676 1391 731 ιιι.
1437 690 1488 730 c.
1539 673 1792 740 60,cum
1840 667 2083 738 pluribus
2129 663 2252 716 aliis

667 799 686 834 ι
721 781 980 835 Romana:
1024 771 1266 830 ecclesia:
1311 768 1620 824 doctoribus
1681 771 1963 818 COIllmUIle
2007 758 2119 811 luit.
2186 755 2256 809 Et

667 893 688 926 ι
721 863 865 944 quod
894 869 1118 924 Hermas
1147 862 1475 932 temporibus
1513 857 1746 913 auctoris
1774 851 2056 923 fragmenti
2082 893 2095 915 ,
2129 849 2258 903 Pas-

669 985 689 1018 ‹
728 976 886 1019 torem
939 957 1325 1028 conscripsisse
1373 954 1617 1016 dicatur,
1652 949 1704 1004 id
1755 947 1823 1002 ad
1877 945 2037 1001 alium
2069 956 2258 1013 quem-

671 1077 690 1110 α
726 1069 953 1126 cumque
1000 1051 1090 1123 qui
1146 1065 1208 1104 ea
1261 1057 1418 1102 relate
1487 1043 1618 1098 vixit
1674 1039 1928 1112 applicari
2001 1045 2194 1105 potest.
2235 1053 2253 1086 ι

667 1150 802 1205 Dum
877 1161 1008 1200 vero
1077 1143 1256 1197 clarus
1325 1139 1410 1193 vir
1477 1134 1758 1191 Stoschius
1819 1131 1900 1203 §§.
1958 1129 2021 1184 61
2086 1138 2138 1182 et
2191 1126 2260 1179 62

669 1239 1022 1312 abjudicanda
1055 1238 1173 1292 lucc
1217 1234 1350 1288 Caio
1380 1239 1563 1287 censet
1592 1271 1606 1295 ,
1636 1235 1919 1298 propterea
1946 1221 2088 1291 quod
2121 1219 2260 1273 idem

667 1335 826 1391 Caius
876 1330 1013 1402 apud
1069 1327 1356 1384 Eusebium
1389 1324 1479 1379 lib.
1509 1338 1587 1376 ιιι.
1638 1317 1779 1373 Hist.
1803 1360 1817 1384 ,
1847 1333 1895 1370 c.
1923 1315 2014 1378 28,
2058 1312 2265 1384 Apoca-

667 1426 842 1498 lypsin
868 1422 1088 1479 J0annis
1116 1419 1356 1476 Cerinthi
1382 1433 1502 1472 esse
1531 1415 1834 1475 existimet,
1863 1424 2019 1478 quam
2047 1405 2263 1476 quidem

669 1497 858 1574 auctor
881 1514 1161 1585 fragntenti
1190 1528 1286 1582 pro
1319 1511 1454 1564 libro
1477 1506 1736 1563 Canonico
1776 1501 1968 1566 habet,
2000 1501 2049 1553 id
2078 1497 2267 1552 memi-

669 1613 815 1668 nisse
861 1610 1156 1672 debemus,
1207 1605 1365 1659 verba
1414 1601 1525 1657 Caii
1572 1609 1749 1653 utrum
1797 1596 1864 1649 ad
1908 1590 2265 1664 Apocalypsin

671 1705 730 1761 S.
756 1703 976 1758 Joannis
1003 1699 1304 1768 pertineant
1326 1738 1338 1755 .
1367 1693 1540 1748 adhuc
1566 1692 1666 1744 sub
1685 1689 1863 1758 judice
1894 1701 2046 1748 esse;
2075 1698 2178 1753 qua
2203 1681 2269 1734 de

2353 481 2459 536 suit
2491 500 2502 534 :
2540 501 2556 532 ‹
2594 482 2794 535 Auctor
2824 480 3036 548 ignotus
3071 483 3170 530 est.
3200 470 3526 527 Muratorius
3553 468 3763 531 Caium,
3791 481 3949 536 pres-

2360 599 2378 632 (
2417 579 2662 649 byterum
2692 576 3007 635 Romanum,
3040 585 3158 625 esse
3188 575 3360 639 putat,
3409 564 3498 633 qui
3536 560 3818 616 occidente
3850 574 3951 614 sa:-

2362 689 2379 723 ‹
2419 671 2540 725 culo
2577 667 2812 724 secundo
2841 664 3042 719 ﬂoruit.
3099 661 3210 716 Hoc
3237 657 3451 734 quidem
3489 653 3708 708 dubium
3737 662 3820 706 est
3849 673 3861 707 :
3891 651 3954 706 il-

2363 783 2383 816 (
2417 764 2507 819 lud
2532 778 2656 816 vero
2676 778 2741 816 ex
2765 763 2880 830 ipso
2903 757 3080 812 libello
3103 765 3332 814 certum,
3352 750 3549 806 sarculo
3570 764 3692 804 eum
3716 746 3955 804 secundo

2367 877 2384 908 ι
2421 867 2474 911 et
2505 856 2596 910 illo
2625 853 2836 924 quidem
2869 863 3109 920 tempore
3149 862 3256 916 quo
3285 844 3513 899 Hermas
3551 843 3604 895 in
3654 843 3788 894 vivis
3819 839 3956 907 fuit,

2369 970 2386 1003 ‹
2423 950 2724 1019 scripsisse.
2777 946 2832 1000 In
2880 945 2982 998 hoc
3031 941 3194 1012 igitur
3239 939 3416 1008 magni
3462 935 3619 1006 pretii
3661 935 3962 1003 fragmento

2369 1063 2386 1095 ι
2425 1043 2539 1095 haec
2566 1041 2632 1095 de
2658 1040 2851 1094 Herma
2881 1036 3076 1104 scripta
3109 1034 3360 1104 leguntur
3393 1048 3404 1084 :
3432 1029 3697 1084 Pastorem
3718 1043 3838 1081 vero
3867 1042 3965 1078 nu-

2372 1155 2388 1186 ι
2431 1133 2645 1204 perrime
2671 1127 2979 1199 temporibus
3005 1125 3192 1180 nostris
3213 1125 3265 1177 in
3289 1124 3409 1176 urbe
3437 1120 3602 1174 Roma
3632 1118 3825 1173 Ilerma
3847 1133 3965 1171 catt-

2373 1244 2390 1276 ι
2427 1222 2656 1292 scripsit,
2696 1221 2896 1275 sedente
2931 1217 3174 1272 cathedra
3220 1216 3357 1268 urbis
3392 1213 3572 1269 Romae
3613 1212 3836 1266 ecclesiw
3866 1209 3966 1263 Pio

2373 1334 2391 1366 ‹
2430 1315 2683 1385 episcopo,
2714 1317 2875 1384 fratre
2901 1313 3031 1382 ejus.
3057 1331 3076 1363 ι
3113 1309 3241 1371 Haec
3268 1308 3618 1363 Mosbemius.
3651 1306 3851 1376 Itaque,
3874 1311 3970 1358 aut

2370 1424 2537 1478 prope
2557 1409 2747 1462 abesse
2793 1406 3002 1460 videtur
3021 1415 3208 1458 auctor
3229 1418 3257 1456 a
3288 1402 3464 1457 medio
3488 1403 3686 1458 smeulo
3705 1401 3967 1466 secundo,

2370 1503 2584 1574 quando
2609 1502 2676 1555 ad
2705 1501 2905 1557 exitum
2936 1500 3152 1570 quidem
3186 1498 3475 1567 perductus
3506 1495 3678 1552 fuerat
3716 1496 3794 1550 Pii
3849 1493 3972 1560 epi-

2375 1605 2648 1664 scopatus,
2678 1603 2769 1646 aut
2799 1603 2945 1646 certe
2984 1600 3195 1646 constat
3233 1590 3382 1644 illum
3409 1599 3534 1644 ante
3565 1589 3771 1642 finitum
3799 1601 3973 1642 szecu-

2373 1688 2481 1741 lum
2523 1702 2618 1740 sua
2658 1685 2975 1754 scripsisse,
3015 1684 3220 1738 etiamsi
3267 1683 3332 1736 de
3371 1697 3496 1748 vera
3537 1690 3695 1736 astate
3725 1678 3972 1749 opusculi

672 1814 733 1855 re
762 1813 883 1852 cum
915 1809 1012 1848 nos
1052 1793 1116 1845 ad
1154 1791 1270 1859 ejus
1297 1787 1596 1856 fragmenta
1624 1782 1820 1851 aliquid
1848 1777 2260 1836 annnlm’illmss
2295 1769 2342 1827 Β
2371 1781 2604 1834 Pastoris
2641 1779 2895 1848 appellati
2934 1778 3090 1831 aliter
3138 1783 3419 1829 statuatur.
3467 1773 3564 1841 Qui
3605 1788 3733 1827 vero
3772 1772 3972 1825 factum

675 1890 728 1945 in
758 1889 865 1943 vol.
898 1903 934 1941 ιι
966 1883 1274 1952 Retiqniar.,
1307 1895 1404 1949 pag
1449 1878 1532 1937 16.
1564 1886 1675 1929 tum
1706 1887 1837 1927 vero
1877 1871 1945 1925 cl.
1981 1860 2265 1922 Freindal-

671 1981 815 2036 lerus
854 1973 1132 2046 fragmenti
1166 1971 1325 2041 hujus
1376 1984 1608 2038 nnpcrus
1647 1965 1821 2021 editor
1850 2009 1864 2031 ,
1914 1965 2112 2032 dequo
2143 1975 2264 2014 mox

673 2070 983 2127 memorabo
1011 2110 1025 2134 ,
1055 2065 1308 2121 disseruit
1332 2106 1346 2130 ,
1388 2062 1448 2134 §§
1476 2062 1508 2117 9
1537 2072 1590 2116 et
1619 2061 1705 2116 10.
1746 2060 1904 2116 Aliud
1937 2061 2158 2128 insuper
2185 2065 2268 2111 est

678 2169 1051 2235 argumentum
1079 2169 1264 2214 contra
1282 2155 1468 2210 Caium
1496 2171 1522 2206 a
1541 2153 1788 2209 Stoschio
1808 2154 1876 2206 ita
1902 2149 2261 2222 propositum:

672 2266 942 2312 auctorem
980 2251 1259 2321 fragmenti
1285 2249 1367 2303 vel
1395 2248 1606 2318 penitus
1636 2245 1966 2317 ignoravisse
1998 2285 2012 2309 ,
2042 2242 2122 2297 vel
2156 2241 2264 2295 sal-

673 2357 780 2403 tem
813 2361 916 2400 non
944 2341 1387 2398 animadvertisse
1411 2381 1424 2404 ,
1456 2337 1726 2408 Epistolas
1753 2331 2116 2390 Paulidudum
2144 2343 2268 2388 ante

673 2442 842 2496 visam
897 2449 951 2495 et
999 2437 1196 2492 editam
1253 2451 1281 2488 a
1336 2433 1545 2489 Joanne
1595 2432 1838 2502 apostolo
1907 2429 2264 2499 Apocalypsin

673 2532 902 2600 scriptas
924 2529 1107 2594 fuisse,
1131 2527 1302 2597 qualis
1320 2524 1532 2595 quidem
1556 2539 1708 2580 error
1721 2531 1774 2577 et
1796 2521 2136 2592 incogitantia
2159 2517 2265 2573 dif-

677 2625 885 2680 ficulter
913 2622 980 2676 de
1007 2621 1163 2682 Caio,
1194 2633 1351 2688 quem
1383 2615 1644 2671 Eusebius
1687 2613 1758 2668 Η.
1791 2613 1854 2668 Ε.
1884 2629 1932 2667 vi
1959 2651 1973 2680 ,
2002 2612 2037 2668 ἓ
2061 2623 2093 2666 ι.
2123 2613 2271 2680 ἄνδρα.

675 2725 978 2784 λογιώτατον,
1009 2720 1064 2768 et
1086 2711 1238 2782 cujus
1260 2709 1765 2765 commentationem
1793 2718 1978 2762 contra
2014 2705 2265 2760 Proclum

671 2809 894 2866 Photius
935 2805 1058 2862 cod.
1111 2805 1202 2871 48,
1243 2806 1508 2858 σπουδαίαν
1552 2805 1760 2866 διά>εξιν
1799 2809 1953 2852 vocat
1987 2840 2002 2864 ,
2058 2795 2306 2864 concipi.

673 2902 861 2972 possit.
908 2900 997 2953 Sic
1040 2898 1128 2953 ille
1158 2913 1173 2961 ;
1224 2896 1328 2950 hoc
1365 2912 1493 2950 vero
1529 2902 1662 2966 πα.ρά
1688 2903 1771 2948 τὸν
1812 2902 1970 2962 χρόνον
1994 2887 2271 2944 dumtaxat

673 2998 946 3064 ἁμάρτημα.
972 2991 1129 3052 foret,
1163 2989 1305 3058 quod
1347 2987 1550 3043 interea
1579 2999 1831 3055 Oportere
1869 2986 1939 3038 ita
1971 2981 2266 3038 existimari

675 3093 935 3154 negarent
974 3098 1097 3136 cum
1129 3080 1433 3150 Epiphanio
1463 3080 1514 3132 in
1534 3077 1679 3131 Hier.
1717 3093 1784 3140 LI,
1813 3092 1931 3146 cap.
1968 3075 2035 3129 l2
2063 3084 2116 3129 et
2144 3089 2260 3143 cap.

675 3147 784 3238 36',
813 3177 886 3230 illi
927 3175 1119 3229 eruditi
1146 3147 1258 3244 qui,
1309 3183 1366 3228 ut
1402 3181 1548 3226 notat
1576 3172 1688 3238 ipse
1713 3185 1927 3239 quoque
1960 3171 2039 3222 vir
2065 3168 2262 3232 clarus,
2294 3147 2340 3213 (ἶ

677 3267 1036 3338 Apocalypsin
1058 3265 1280 3320 Joannis
1323 3264 1388 3318 ad
1419 3263 1624 3318 Claudii
1656 3262 1876 3332 Augusti
1912 3271 2149 3330 tempora
2178 3275 2266 3314 re-

679 3361 878 3416 ferunt.
911 3359 1074 3414 Cons.
1102 3369 1156 3412 et
1191 3359 1409 3412 Thomas
1452 3356 1697 3410 Newtoni
1741 3354 2106 3409 Bristoliensis
2151 3353 2267 3422 epi-

679 3453 826 3522 scopi
843 3451 1054 3506 Dissert.
1071 3453 1123 3505 in
1141 3444 1694 3519 PrOphetins,Ang|ica
1719 3448 1896 3519 lingua
1915 3447 2265 3517 conscriptas,

679 3548 786 3600 vol.
819 3561 898 3608 ιιι,
929 3544 956 3615 §
984 3545 1074 3609 24,
1111 3560 1160 3598 c.
1195 3545 1247 3609 1,
1281 3553 1439 3611 atque
1484 3541 1530 3596 J.
1570 3541 1630 3594 D.
1682 3539 1952 3594 Michaelis
2009 3538 2265 3593 Prwlectt.

677 3637 740 3691 de
769 3635 916 3691 Libb.
962 3634 1036 3689 Ν.
1071 3634 1132 3688 Τ.
1173 3645 1309 3688 sect.
1341 3635 1436 3687 ult.
1490 3634 1552 3687 Et
1593 3632 1721 3686 mihi
1767 3631 1981 3701 quidem
2012 3631 2268 3701 majorem

680 3737 921 3783 meveret
956 3727 1263 3796 scrupulum
1312 3740 1494 3780 mevus
1541 3729 1643 3779 line
1689 3725 1847 3796 hujus
1879 3723 2160 3795 fragmenti
2195 3726 2272 3778 in-

679 3829 870 3874 ventus
893 3861 906 3884 ,
959 3818 1046 3873 ubi
1095 3819 1321 3888 positum
1366 3817 1576 3872 videtur
1600 3858 1614 3880 ,
1651 3815 1929 3869 Busitidem
1968 3831 2088 3870 esse
2120 3814 2272 3869 Cata-

678 3915 932 3982 phrygum
957 3952 972 3979 ,
1003 3911 1048 3964 si
1073 3911 1176 3966 diis
1197 3912 1388 3980 placet,
1419 3913 1795 3964 constitutorem
1821 3925 1839 3972 ;
1867 3911 2090 3973 etenim,
2122 3912 2164 3962 si
2196 3909 2268 3962 ita

681 4003 936 4073 legendus
962 4012 1015 4056 et
1033 4002 1425 4058 construendus
1474 4001 1623 4056 locus
1644 4043 1657 4065 ,
1689 4015 1880 4054 vereor
1928 4016 1994 4053 ne
2019 3999 2271 4069 ignoran-

682 4100 771 4154 tiae
800 4110 995 4150 crassaa
1042 4093 1098 4149 in
1128 4094 1231 4150 hoc
1264 4103 1484 4150 auctore
1511 4102 1880 4162 argumentum
1917 4091 2041 4147 inde
2073 4092 2273 4146 ducen-

680 4190 807 4246 dum
833 4189 990 4243 foret.
1167 4227 1183 4243 .
1372 4198 1378 4204 ”

750 4282 1082 4349 Quamquam
1113 4291 1242 4332 vero
1271 4278 1352 4331 vir
1377 4278 1445 4331 cl.
1478 4277 1591 4330 hazc
1606 4274 1719 4330 Caii
1749 4274 1915 4330 fuisse
1946 4275 2096 4338 nolit,
2130 4289 2268 4344 quo-

680 4388 802 4429 cum
834 4371 998 4426 sentit
1031 4379 1140 4423 ttun
1181 4369 1248 4422 cl.
1281 4369 1482 4421 Keilius
1511 4369 1561 4420 in
1590 4366 1967 4420 additamentis
1990 4366 2055 4419 ad
2087 4364 2272 4418 Fabri-

677 4466 841 4519 ciana:
870 4461 1114 4515 Bibiioth.
1146 4458 1335 4522 Grata,
1363 4461 1470 4513 vol.
1494 4474 1590 4522 vn,
1619 4473 1735 4527 pag.
1761 4458 1889 4523 285,
1924 4467 2032 4511 tum
2057 4458 2144 4511 alii
2172 4457 2273 4511 viri

2370 1873 2438 1927 sit
2490 1871 2636 1926 utcl.
2680 1869 2938 1925 Lardneri
2983 1865 3313 1938 diligentiam
3359 1869 3460 1920 hoc
3516 1864 3908 1934 fragmentum,
3941 1877 3975 1917 a

2371 1965 2584 2020 nemine
2612 1965 2875 2031 omnium,
2902 1964 2953 2017 ni
2983 1961 3157 2025 fallor,
3186 1963 3446 2028 rejectum
3469 1968 3561 2012 aut
3581 1958 3969 2027 improbatum,

2368 2061 2650 2131 effugerit,
2683 2057 2735 2112 id
2768 2057 2976 2114 nescire
3009 2069 3096 2109 me
3126 2053 3295 2108 fateor
3317 2095 3329 2114 ,
3363 2068 3482 2106 cum
3536 2051 3627 2106 diu
3681 2060 3970 2120 antequam

2371 2153 2498 2210 illttd
2542 2150 2798 2206 Lardneri
2842 2149 2904 2201 de
2932 2146 3063 2201 Fide
3103 2145 3240 2200 Hist.
3278 2142 3788 2215 Evangelicw-plane
3815 2157 3976 2211 egre-

2367 2251 2510 2317 gium
2552 2260 2688 2315 OpllS
2728 2243 2906 2297 denuo
2949 2241 3087 2309 typis
3133 2237 3202 2293 ab
3250 2238 3366 2308 ipso
3402 2236 3782 2298 mandaretur,
3829 2233 3978 2304 frag-

2372 2348 2610 2394 mentum
2653 2351 2774 2389 cunt
2819 2333 2951 2388 orbe
2993 2331 3204 2388 erudito
3251 2329 3704 2386 communicatum
3753 2327 3972 2381 fuisset.

2371 2448 2531 2506 quum
2575 2443 2701 2484 vero
2731 2426 3008 2498 potiendus
3050 2427 3118 2480 sit
3147 2435 3333 2481 auctor
3364 2426 3502 2478 inter
3531 2423 3823 2492 scriptores
3881 2420 3975 2488 qui

2373 2525 2526 2597 primi
2555 2523 2792 2578 omnium
2820 2561 2835 2585 ,
2865 2528 3090 2590 excepto
3132 2517 3294 2589 Papia
3313 2559 3327 2583 ,
3362 2517 3429 2571 de
3460 2515 3808 2588 evangelistis
3835 2516 3972 2587 ipsis

2371 2623 2456 2678 vel
2499 2614 3043 2674 commemoraverint
3065 2655 3077 2677 ,
3108 2607 3191 2668 vel
3222 2612 3461 2681 ipsorum
3493 2609 3691 2679 scripta
3720 2613 3974 2667 nomina-

2375 2718 2468 2772 tim
2497 2709 2836 2775 adduxerim,
2870 2709 2983 2764 fieri
3029 2723 3132 2762 non
3163 2715 3335 2774 potest
3386 2709 3511 2775 quin
3558 2706 3759 2775 primus
3793 2705 3879 2760 hic
3917 2706 3978 2760 li-

2373 2809 2591 2866 brorum
2632 2805 2764 2860 Novi
2796 2802 3126 2858 Testamcnti
3157 2800 3429 2870 catalogus
3464 2797 3609 2853 curis
3651 2799 3845 2853 nostris
3882 2799 3974 2852 di-

2373 2918 2510 2974 gnus
2535 2906 2838 2955 censeatur.
2869 2895 2962 2949 Est
2995 2904 3170 2948 tamen
3204 2891 3270 2946 ab
3298 2907 3361 2946 eo
3395 2893 3616 2953 omissa,
3648 2891 3788 2960 quod
3825 2890 3976 2944 mul-

2376 3008 2481 3051 tam
2517 3001 2728 3048 moveat
2761 2989 3172 3043 admirationem
3194 3029 3208 3052 ,
3239 2986 3469 3054 epistola
3497 2993 3552 3039 et
3581 2999 3792 3053 semper
3820 2993 3875 3038 et
3902 2985 3976 3039 ab

2374 3087 2622 3144 omnibus
2652 3089 2888 3152 retiepta,
2921 3078 3069 3151 prior
3099 3080 3187 3133 illa
3216 3079 3274 3133 S.
3306 3078 3472 3142 Petri,
3507 3077 3574 3130 de
3602 3076 3756 3145 cujus
3785 3085 3979 3130 aucto-

2374 3185 2528 3238 ritate
2557 3195 2717 3234 nemo
2751 3194 2781 3231 a
2813 3174 3144 3244 temporibus
3177 3187 3347 3242 usque
3377 3170 3652 3241 Polycarpi
3680 3181 3839 3238 atque
3873 3169 3979 3223 Pa-

2347 3275 2475 3344 pia:
2502 3269 2783 3325 dubitavit.
2818 3266 3033 3336 lstaque
3067 3264 3203 3319 facta
3235 3272 3318 3318 est
3345 3263 3568 3318 emissio
3595 3264 3661 3317 ab
3702 3273 3925 3317 auCtore
3945 3304 3968 3328 ,

2373 3363 2461 3433 qui
2491 3371 2601 3416 tres
2644 3375 2707 3414 ex
2750 3367 2952 3428 septem
2989 3359 3370 3424 ἀντιλεγομέναις
3405 3353 3686 3424 scripturis
3723 3353 3937 3424 agnovit
3962 3395 3978 3419 ,

2373 3455 2500 3509 dum
2533 3453 2735 3507 nullum
2763 3453 2963 3505 interea
2997 3451 3187 3504 librum
3216 3452 3360 3513 νόθον,
3391 3462 3497 3502 uno
3520 3445 3747 3502 fortasse
3774 3461 3982 3517 excep-

2376 3559 2456 3613 to,
2505 3548 2556 3602 in
2586 3562 2846 3602 canonem
2887 3543 3018 3600 Novi
3060 3543 3388 3599 Tcstamenti
3417 3543 3648 3596 admisit.
3685 3542 3762 3596 De
3799 3541 3984 3596 altero

2376 3655 2529 3695 naavo
2562 3639 2654 3693 illo
2679 3640 2819 3693 circa
2860 3637 3143 3693 Basiliden]
3185 3637 3494 3691 luereticum
3523 3633 3658 3705 apud
3688 3649 3809 3689 eum
3850 3633 3982 3690 exi-

2376 3741 2549 3785 stcnte
2570 3729 2682 3799 jam
2710 3729 2840 3784 dixi.

2445 3821 2762 3891 Nuperrime
2790 3837 2937 3885 vero,
2969 3837 3087 3876 cum
3117 3819 3374 3875 dixissem
3401 3819 3467 3874 ad
3498 3834 3624 3890 pag.
3659 3834 3747 3873 χιιι
3780 3815 3979 3888 prasta-

2379 3915 2536 3968 tionis
2565 3916 2746 3983 Operis
2783 3917 2923 3979 mei,
2961 3914 3062 3968 hoc
3100 3915 3456 3983 fragmentum
3508 3910 3578 3966 de
3631 3925 3840 3965 eanooe
3865 3908 3985 3963 dis-

2379 4007 2563 4062 tulisse
2600 4023 2685 4062 me
2715 4007 2767 4060 in
2798 4006 3031 4060 medium
3063 4005 3351 4072 adducere,
3383 4013 3666 4075 propterea
3697 3999 3837 4071 quod
3869 4014 3983 4054 no-

2377 4097 2592 4151 vissima
2617 4098 2858 4168 ejusdem
2880 4097 3044 4152 editio
3069 4097 3302 4151 nendum
3327 4095 3394 4150 ad
3421 4109 3608 4149 manus
3633 4091 3986 4163 pervenisset

2378 4207 2546 4256 meas,
2580 4191 2889 4245 transmissa
2913 4208 2978 4245 ex
3010 4186 3296 4246 Germania
3324 4190 3451 4244 mihi
3485 4199 3564 4244 est
3590 4186 3765 4258 opella
3793 4201 3823 4240 a
3852 4186 3984 4241 viro

2378 4282 2542 4336 nobili
2590 4299 2812 4352 peregre
2855 4295 3083 4354 agente,
3136 4298 3255 4353 quae
3297 4291 3421 4336 ante
3469 4280 3639 4336 Lincii
3693 4278 3984 4349 prodierat

2378 4388 2518 4429 anno
2547 4375 2707 4440 1809.,
2740 4392 2860 4431 eum
2893 4376 3360 4432 Commentatione
3391 4374 3661 4430 Francisei
3695 4370 3987 4427 Freindal-

2378 4466 2476 4531 ler,
2518 4468 2762 4523 canonici
2805 4480 2856 4524 et
2890 4469 3052 4524 theol.
3105 4469 3426 4540 professoris
3468 4468 3614 4538 pubi.
3658 4466 3707 4521 ls
3757 4465 3985 4535 quidem

681 4557 848 4617 docti,
881 4568 1015 4621 quos
1045 4552 1116 4604 ibi
1149 4551 1588 4604 commemoravit
1619 4548 1842 4614 Keilius,
1876 4549 2052 4604 eidem
2093 4557 2267 4605 tamen

2382 4563 2578 4619 nullam
2609 4580 2835 4634 usquam
2866 4565 3169 4618 Stosehiani
3210 4564 3330 4619 libri
3377 4563 3443 4618 de
3485 4563 3703 4616 Canoue
3734 4575 3987 4616 eorumc-

683 4644 932 4702 Stuschio
976 4642 1252 4714 probabile
1315 4642 1603 4696 admodum
1644 4643 1854 4697 videtur
1914 4643 2267 4714 fragmentum

682 4740 902 4797 omnino
931 4752 1052 4792 esse
1090 4735 1556 4805 antiquissimum,
1589 4745 1639 4789 et
1668 4737 1809 4790 circa
1839 4738 2020 4791 sxeculi
2053 4734 2271 4793 secundi
2319 4762 2321 4764 -

683 4834 841 4888 linem
873 4841 961 4885 aut
990 4829 1133 4884 tertii
1167 4828 1311 4881 initia
1341 4831 1734 4896 c0nscriptum;
1765 4829 1828 4882 ad
1861 4845 2021 4900 quam
2053 4831 2269 4900 quidem

680 4924 1002 4981 sententiam
1039 4920 1355 4974 ﬁrmandam
1393 4920 1590 4974 multas
1633 4920 1721 4975 ille
1761 4922 2027 4988 rationes,
2072 4936 2270 4991 easque

679 5032 840 5089 quam
865 5013 1279 5077 Valentissimas,
1308 5013 1551 5082 subjecit.
1582 5013 1647 5066 Et
1677 5011 1732 5066 in
1758 5029 1820 5068 ea
1847 5017 2113 5069 sententia
2143 5028 2272 5068 con-

677 5109 901 5164 veniunt
927 5108 1234 5175 scriptores,
1270 5107 1409 5174 quod
1439 5107 1628 5172 sciam,
1660 5121 1868 5171 omnes,
1897 5111 1987 5178 qui
2013 5109 2175 5162 breve
2208 5110 2271 5163 is-

679 5199 768 5255 tud
805 5199 1364 5253 commemoraverint.
1405 5195 1514 5251 Has
1547 5211 1724 5251 autem
1757 5197 1989 5253 Stoschii
2030 5203 2267 5255 rationes

673 5291 742 5346 ad
793 5291 850 5344 S.
893 5289 1186 5358 Scriptura:
1229 5289 1391 5342 libros
1455 5289 1693 5358 singulos
1745 5291 1835 5360 qui
1876 5293 1929 5344 iu
1966 5293 2262 5362 fragmento

672 5381 1036 5444 nominantur,
1059 5377 1316 5447 deinCeps
1342 5379 1582 5445 alieram,
1618 5388 1802 5450 utpote
1826 5398 1943 5450 qum
1969 5384 2263 5451 antiquilav

673 5485 777 5528 tem
806 5474 920 5542 ejus
947 5489 1054 5528 non
1081 5481 1282 5526 tantum
1308 5474 1566 5537 muniant,
1592 5474 1687 5527 sed
1715 5475 1874 5528 etiam
1905 5476 2077 5541 ipsum
2107 5491 2263 5544 egre-

667 5564 751 5636 gie
781 5564 1064 5618 illustrcnt.
1093 5562 1277 5632 Neque
1305 5565 1458 5617 aliter
1483 5565 1549 5617 de
1587 5576 1742 5622 nitate
1771 5570 1956 5640 scripti
1987 5580 2109 5624 ante
2141 5570 2260 5624 Sto-

662 5656 872 5711 schium
899 5652 1232 5722 judicavei-at
1272 5655 1443 5708 αξιοι».
1474 5655 1801 5712 Moshemius
1826 5701 1839 5721 ,
1888 5663 1977 5729 qui
2012 5663 2061 5715 in
2103 5663 2256 5717 Com-

662 5758 812 5804 ment.
856 5748 920 5800 de
957 5743 1123 5804 Belius
1169 5745 1577 5802 Christianortmz
1608 5762 1725 5805 ante
1762 5753 2150 5810 Constantinum
2179 5755 2258 5812 M.

2378 4656 2729 4709 morationem
2762 4655 2912 4720 fecit,
2954 4666 3246 4726 contraque
3297 4656 3427 4709 Caio
3478 4653 3792 4725 presbytero
3837 4654 3987 4731 frag.

2380 4757 2616 4801 mentum
2647 4747 3021 4802 vindicandum
3050 4763 3169 4802 esse
3207 4748 3412 4812 statuit,
3445 4746 3530 4800 ubi
3565 4755 3740 4799 tamen
3769 4748 3820 4799 in
3855 4749 3883 4820 ᾗ
3919 4755 3981 4819 8,

2376 4839 2442 4894 ad
2473 4856 2592 4912 pag.
2619 4841 2706 4903 15,
2741 4838 2854 4894 hate
2887 4841 3078 4894 habet:
3112 4860 3130 4890 ‹
3166 4838 3263 4893 Est
3285 4857 3411 4895 vero
3433 4842 3763 4897 simillimtnu
3788 4842 3986 4902 Colla-

2383 4952 2401 4983 ‹
2439 4934 2637 4986 tionem
2670 4931 2780 4987 Caii
2823 4950 2942 4988 cum
2987 4933 3176 4989 l’roclo
3205 4950 3378 5006 gravce
3410 4952 3530 4991 esse
3578 4938 3810 4994 habitam
3839 4956 3986 4995 cun-

2386 5046 2403 5076 ι
2442 5025 2822 5095 scriptamque.
2865 5025 3048 5081 Talem
3078 5027 3273 5099 quippe
3301 5044 3418 5082 eam
3450 5029 3629 5098 legere
3670 5031 3943 5087 Eusebius
3965 5074 3983 5097 ,

2384 5135 2402 5166 ‹
2444 5115 2699 5180 Photius,
2745 5132 2807 5170 ac
2848 5117 3218 5172 Theodoretus
3244 5161 3257 5182 ,
3304 5121 3392 5190 qui
3435 5120 3526 5174 lib.
3560 5137 3613 5174 ιιι
3650 5119 3981 5176 Fubularum

2383 5227 2401 5260 ι
2441 5209 2787 5262 luereticarum
2852 5211 3094 5264 earndem
3144 5218 3268 5267 κατά
3330 5218 3598 5282 Πάτροκλον
3668 5213 3974 5282 inscripsit.

2379 5317 2399 5345 ι
2436 5299 2588 5352 Addo
2637 5301 2778 5369 quod
2817 5299 3084 5369 Valesius,
3128 5306 3416 5357 momentis
3445 5303 3582 5358 haud
3610 5304 3938 5372 spernendis
3963 5346 3982 5372 ,

2379 5409 2397 5441 (
2439 5389 2684 5444 Proclum
2716 5391 2854 5446 hunc
2882 5409 2912 5448 e
2937 5392 3161 5447 ducibus
3187 5405 3348 5449 sectae
3377 5395 3785 5462 Montanisucte,
3813 5396 3983 5451 Grac-

2377 5503 2395 5536 ι
2429 5499 2548 5540 cum
2578 5485 2812 5540 Asiatcm
2842 5486 3004 5541 fuisse
3036 5497 3244 5557 arguat.
3281 5487 3469 5543 Griece
3507 5488 3685 5556 itaque
3719 5503 3839 5542 cum
3870 5487 3980 5556 llo-

2376 5597 2396 5631 (
2435 5579 2576 5633 mine
2629 5580 2817 5634 Graeco
2856 5578 3015 5634 Caius
3055 5581 3362 5636 contulerit.
3410 5582 3654 5636 Attamen
3694 5579 3979 5650 fragmen-

2375 5692 2393 5724 ι
2431 5682 2539 5727 tum
2585 5683 2827 5727 nostrum
2869 5675 3043 5728 latium
3081 5675 3256 5745 potius
3297 5677 3518 5746 originis
3561 5672 3975 5748 stylum'sapit.

2375 5784 2392 5818 ι
2433 5765 2528 5820 Cui
2558 5766 2770 5836 quidem
2815 5767 3122 5827 difficultati
3163 5783 3225 5824 ea
3251 5767 3594 5827 solummodo
3625 5769 3835 5826 ratione
3881 5782 3984 5833 0t;-
