4218 6268
220 286 332 343 175

874 283 963 339 DE
1002 281 1098 339 SS.
1144 278 1504 339 SCRIPTUR.
1548 277 1823 338 CANO‘NE
1862 277 2336 339 FRAGMENTUM
2384 274 2825 340 ACEPHALUM.

3421 282 3525 343 174

223 422 242 454 σ
286 400 549 468 curreris,
580 398 625 455 si
654 397 924 455 latinitate
954 399 1098 454 illico
1128 396 1380 452 donatam
1411 397 1551 454 hanc
1581 397 1824 464 disputa-
1853 396 1905 454 A
1938 416 1956 450 ‹
1998 398 2183 451 tissimi
2234 396 2331 450 viri
2376 395 2630 466 ell'ugisse
2681 396 2866 451 oculos
2923 394 3165 465 profecto
3218 396 3527 453 mirandum

224 515 242 549 ι
289 499 528 558 tionem,
556 504 648 549 aut
685 494 754 548 ab
785 494 1016 563 ipsumet
1052 492 1181 548 Caio
1223 494 1273 547 in
1314 493 1680 547 Romanorum
1711 509 1830 565 gra-

227 608 244 639 ι
288 591 419 643 tiam
462 590 623 643 latine
665 587 824 640 simul
866 586 1071 640 dixeris
1110 596 1403 640 eraratam.
1448 585 1576 655 Qua:
1605 598 1831 657 utraque

230 704 247 735 ι
290 684 535 753 profecto
563 681 869 751 conjectura
899 696 927 733 a
955 680 1180 734 veritate
1212 678 1350 731 haud
1379 680 1578 731 absona
1609 688 1709 732 est.
1743 679 1831 733 Sic

227 796 245 828 ι
292 777 440 830 enim
481 773 735 844 pleraque
763 773 821 825 S.
862 771 1046 824 lrenaei
1087 784 1247 840 opera
1291 768 1344 823 in
1383 768 1544 824 latina
1584 770 1831 825 versione

226 888 243 919 ι
287 866 688 937 antiquissima,
718 880 816 919 nec
847 879 952 917 non
979 862 1083 915 alia
1115 863 1329 932 generis
1365 862 1521 931 hujus
1552 862 1832 931 quamplu-

229 979 249 1011 ι
290 965 425 1015 rima
467 959 534 1012 ad
580 973 679 1012 nos
707 972 875 1025 uSqne
907 969 1223 1023 pervenere.
1267 973 1286 1004 ι
1323 954 1447 1008 Haec
1476 954 1827 1007 Freindaller.

220 1050 433 1106 Interea
483 1065 585 1119 ego
633 1065 699 1104 ex
744 1046 984 1117 vestigiis
1030 1045 1160 1099 satis
1206 1045 1364 1099 claris
1410 1044 1831 1113 deprehendisse

220 1144 359 1198 mihi
387 1144 575 1198 videor
607 1142 902 1204 hominem,
928 1139 1017 1209 qui
1039 1152 1214 1208 gr.rce
1254 1138 1549 1206 scripserit,
1577 1148 1696 1206 post
1718 1138 1831 1192 haec

226 1238 401 1292 latina
448 1236 606 1291 verba
652 1236 903 1289 latentem
931 1276 945 1297 ,
995 1247 1061 1286 eo
1106 1231 1303 1286 indicio
1340 1231 1480 1301 quod
1531 1230 1719 1285 eadem
1760 1233 1831 1285 ita

221 1331 582 1401 grzecissant,
630 1336 687 1383 ut
727 1327 889 1382 etiam
934 1342 999 1381 ex
1044 1325 1129 1379 illa
1170 1324 1345 1395 lingua
1392 1339 1544 1378 versa
1584 1339 1703 1379 esse
1746 1325 1829 1378 vi-

224 1424 474 1479 deantur.
520 1422 700 1489 Pergit
741 1418 1103 1483 Freindaller,
1138 1416 1204 1470 ad
1248 1416 1276 1488 §
1326 1416 1410 1481 15,
1453 1416 1523 1469 ita
1567 1415 1827 1478 scribere,

222 1527 511 1587 postquam
541 1512 752 1567 monuit
778 1512 830 1565 in
864 1510 980 1581 §lt
1023 1508 1209 1563 Caium
1246 1507 1408 1573 lninc,
1447 1506 1835 1561 consentienti-

230 1607 338 1662 bns
366 1606 574 1659 \‘alesio
605 1613 660 1659 et
685 1603 970 1670 Rninarto,
1002 1618 1124 1656 eum
1154 1615 1274 1655 esse
1304 1599 1372 1654 de
1399 1614 1504 1667 quo
1532 1598 1597 1653 ad
1629 1599 1831 1654 calcem

221 1700 473 1753 Actorum
503 1696 563 1751 S.
596 1693 877 1765 Polycurpi
904 1694 1095 1762 legitur
1116 1712 1130 1747 :
1148 1693 1275 1745 Acta
1305 1694 1409 1747 hwc
1429 1689 1582 1745 Cuius
1606 1690 1831 1760 descrip-

1944 510 1960 543 ι
2000 500 2099 545 est.
2136 490 2337 544 Auctor
2360 492 2608 544 nimirum
2639 490 2773 544 facta
2800 490 2866 545 de
2894 491 3117 559 epistola
3148 489 3292 544 Pauli
3316 490 3381 544 ad
3414 490 3525 543 Ro-

1943 601 1961 633 ι
2000 597 2187 636 manus
2233 582 2453 651 ejusque
2496 590 2811 651 argumento
2854 584 3158 647 mentione,
3208 581 3369 636 verba
3413 582 3528 635 lucc

1944 692 1961 724 r
2000 672 2228 728 subdidit
2259 690 2273 725 ε
2305 671 2382 725 De
2407 674 2588 741 quibus
2619 673 2831 742 singulis
2861 688 3058 726 necesse
3082 682 3155 725 est
3188 689 3219 725 α
3246 671 3388 725 nobis
3417 672 3529 724 dis-

1942 785 1959 818 t
1999 768 2191 837 putari.
2221 766 2355 819 Cum
2403 773 2658 833 praeterea
2701 765 2887 818 nullibi
2932 765 3254 835 caeteroqnin
3293 764 3344 818 in
3390 763 3533 834 frag-

1944 878 1961 909 (
2003 859 2167 913 tuenti
2200 857 2359 925 hujus
2392 858 2597 926 integro
2630 865 2947 925 argumento
2978 856 3246 925 quidpiam
3280 864 3529 909 occurrat

1944 970 1962 1003 ι
2002 951 2350 1020 disputationi
2400 950 2487 1003 tah
2520 950 2831 1014 dissonum,
2866 949 3030 1002 inuno
3064 949 3307 1003 universa
3352 950 3529 1013 potius

1943 1063 1961 1096 ‹
2000 1044 2270 1097 conciliari
2316 1043 2492 1098 eidem
2534 1059 2692 1111 quam
2734 1046 2934 1112 optime
2977 1039 3218 1106 valeant,
3265 1040 3390 1109 quid
3430 1053 3529 1094 nos

1942 1153 1961 1187 ε
2000 1136 2135 1189 ultra
2184 1134 2519 1197 morabitur,
2573 1133 2859 1203 quominus
2902 1132 3004 1186 hoc
3049 1132 3396 1187 veneratione
3450 1129 3532 1185 di-

1945 1245 1961 1277 ‹
1995 1228 2310 1295 gnissimnm
2370 1226 2701 1293 antiquitatis
2767 1226 3147 1280 ecclesiasticae
3203 1239 3531 1278 monumen-

1943 1335 1961 1369 t
2001 1329 2110 1371 tum
2142 1315 2319 1370 denuo
2359 1316 2751 1370 revindicemus
2786 1315 2915 1369 Caio
2944 1315 3141 1381 veteri,
3175 1315 3259 1368 cui
3290 1324 3367 1369 tot
3398 1314 3529 1371 illud

1943 1426 1959 1458 ι
2002 1408 2237 1463 rationes
2290 1405 2596 1471 vindicant,
2650 1407 2713 1461 iis
2780 1422 2901 1477 qua:
2945 1422 3009 1461 ex
3077 1406 3303 1461 adverso
3349 1415 3526 1474 stant,

1943 1517 1961 1551 ι
1997 1499 2371 1564 sufficienter,
2415 1498 2558 1568 quod
2604 1497 2875 1564 arbitror,
2930 1497 3140 1553 solutis.
3194 1482 3214 1549 i
3266 1495 3393 1553 Haec
3438 1497 3531 1553 ille

1936 1591 2171 1663 quidem.

2016 1703 2033 1736 ι
2080 1684 2193 1755 Age
2234 1699 2380 1749 vero,
2440 1702 2457 1736 ι
2503 1684 2575 1737 ait
2614 1682 2954 1750 Muratorius,
2991 1700 3011 1733 ‹
3045 1683 3155 1752 jam
3198 1683 3531 1753 proferamus

217 1794 291 1846 sit
322 1807 348 1844 e
375 1790 735 1857 manuscriptis
763 1786 973 1852 lrenan',
1009 1785 1297 1855 Polyrarpi
1324 1782 1833 1853 discipuli,cuicoae—
1864 1786 1909 1845 Β
1944 1795 1963 1830 ‹
2010 1777 2363 1845 fragmentum
2410 1778 2581 1845 ipsmn
2628 1793 2657 1830 e
2701 1775 3061 1830 vetustissimo
3090 1774 3273 1830 codice
3300 1777 3531 1831 Ambro-

220 1900 323 1937 vus
357 1884 496 1947 fuit;
533 1891 694 1952 atque
722 1879 920 1934 idcirco
961 1894 1066 1932 non
1104 1876 1429 1931 credendum
1484 1891 1604 1929 esse
1652 1877 1823 1929 virum

224 1989 352 2029 cum
384 1973 591 2027 Irenaeo
622 1972 710 2025 diu
743 1980 1010 2026 versatum
1042 1968 1401 2039 Apocalypsin
1442 1966 1662 2023 Joannis
1689 1982 1822 2034 apo-

219 2068 350 2120 stoli
380 2066 805 2135 contempsisse:
840 2082 858 2114 r
888 2061 1040 2128 Quod
1064 2061 1105 2114 si
1135 2068 1431 2124 momenta,
1466 2078 1484 2111 ι
1514 2059 1685 2126 inquit
1705 2059 1819 2125 ille,

226 2175 247 2208 ι
286 2164 657 2227 suppeterent,
690 2155 831 2209 unde
859 2152 1034 2208 securi
1064 2152 1390 2213 videremur,
1423 2149 1692 2219 pertinere
1721 2148 1823 2202 hoc

228 2271 249 2303 ι
286 2251 647 2321 fragmentum
670 2250 735 2304 ad
760 2248 1004 2303 eamdem
1028 2262 1147 2302 cum
1170 2245 1361 2299 Proclo
1394 2243 1820 2313 DiSputationem

229 2366 248 2395 ι
292 2345 434 2399 unde
462 2360 620 2399 suum
663 2352 938 2396 mutuatus
968 2349 1050 2395 est
1079 2338 1379 2402 Eusebius,
1420 2335 1672 2405 quodque
1709 2332 1821 2388 Caii

226 2456 246 2491 ι
288 2452 413 2493 esse
442 2453 548 2491 non
578 2438 912 2506 disputatur,
958 2442 1066 2487 tum
1097 2431 1339 2502 profecto
1372 2430 1452 2483 hic
1493 2439 1692 2482 nostra:
1723 2440 1822 2497 pro

233 2549 253 2582 ι
295 2529 489 2586 eodem
520 2529 762 2583 vindicim
794 2540 961 2597 usque
995 2524 1060 2578 ad
1099 2523 1432 2593 exploratam
1470 2522 1685 2590 penitus
1730 2534 1819 2573 as-

227 2641 246 2674 r
281 2630 568 2692 surgerent
604 2619 1004 2676 certitudinem.
1052 2616 1376 2672 Memoratns
1418 2614 1634 2684 quidem
1675 2613 1819 2682 ipse-

227 2736 247 2769 ι
287 2716 550 2777 metloco
574 2715 739 2769 citato
760 2711 1081 2767 Muratorius
1105 2710 1373 2763 faventem
1393 2706 1677 2775 quamdam
1698 2704 1820 2759 huic

226 2828 243 2860 ι
285 2808 574 2865 sententia!
624 2807 889 2861 rationein
928 2805 1037 2874 jam
1082 2801 1334 2871 protulit,
1377 2799 1501 2852 dum
1542 2813 1605 2851 ex
1648 2796 1822 2866 impu-

223 2920 240 2953 ι
279 2901 433 2956 denti
462 2896 896 2953 adversariorum
928 2897 980 2949 in
1011 2891 1377 2962 supponendis
1408 2890 1565 2945 novis
1592 2888 1821 2958 scriptu-

222 3016 241 3049 α
278 3000 360 3053 ris
386 2998 689 3052 temeritate
713 3010 899 3049 ansam
927 2992 1217 3062 arripuisse
1243 2989 1452 3056 Caium,
1483 2988 1722 3057 cnnjicit,
1754 2986 1822 3041 de

222 3110 240 3142 ι
276 3091 547 3143 librorum
589 3087 649 3141 N.
683 3086 746 3141 Τ.
794 3100 1040 3149 canone,
1089 3082 1230 3155 quod
1279 3082 1331 3137 in
1378 3078 1677 3149 fragmento
1723 3078 1820 3144 fit,

1935 1885 1955 1920 ‹
2003 1870 2155 1924 siano
2195 1870 2527 1935 decerptum,
2570 1874 2730 1936 atque
2758 1866 2883 1920 illud
2924 1866 3253 1921 eruditorum
3290 1869 3532 1923 omnium

1938 1981 1956 2013 ¢
2003 1962 2232 2017 examini
2271 1962 2634 2030 subjiciamus,
2676 1960 2880 2014 nullum
2921 1959 3188 2015 demendo
3227 1975 3291 2014 ex
3333 1962 3533 2016 errori-

1936 2074 1953 2106 r
2003 2055 2101 2110 bus
2141 2056 2333 2125 quibus
2363 2054 2700 2109 librariorum
2734 2054 2999 2122 imperitia
3028 2054 3348 2124 scripturam
3381 2035 3528 2108 satu-

1936 2168 1953 2199 1
2002 2150 2139 2203 ravit
2191 2157 2350 2215 atque
2398 2146 2647 2211 foedavit,
2697 2160 3017 2216 quamquam
3066 2145 3196 2200 nihil
3244 2146 3277 2200 ii
3317 2146 3532 2201 obstent

1934 2260 1952 2293 ι
1999 2243 2283 2312 quominus
2314 2240 2541 2311 pretium
2574 2240 2650 2293 rei
2691 2239 3067 2308 intelligamus.
3118 2257 3137 2290 ι
3171 2238 3260 2293 Sic
3294 2238 3418 2301 ille;
3458 2240 3531 2292 ita

1927 2342 1981 2388 et
2019 2334 2087 2387 cl.
2130 2332 2411 2387 Stoscltins
2456 2330 2809 2399 fragmentum
2854 2344 2975 2384 cum
3024 2330 3273 2384 omnibus
3318 2328 3527 2385 mendis

1926 2438 2090 2495 atque
2139 2424 2414 2478 erroribus
2460 2422 2729 2485 exhibuit;
2773 2420 2927 2475 sicuti
2973 2419 3099 2475 fecit
3127 2419 3438 2475 Gallandins
3469 2422 3524 2475 in

1929 2524 2073 2569 tomo
2111 2531 2149 2569 ll
2180 2513 2508 2567 Bibliotheca:
2548 2526 2659 2565 suae
2698 2509 2815 2564 PP.
2847 2508 2935 2563 ubi
2974 2512 3027 2563 in
3056 2509 3166 2563 Citii
3201 2507 3527 2579 Fragmentis

1927 2605 2058 2660 illud
2093 2604 2393 2661 collocavit.
2422 2600 2635 2658 Utinam
2666 2600 2967 2669 corrigendi
2999 2598 3233 2652 officium
3268 2600 3366 2652 viri
3396 2615 3526 2654 eru-

1924 2699 2020 2753 diti
2085 2698 2135 2752 in
2192 2712 2248 2752 se
2307 2696 2691 2763 suscepissent.
2738 2691 2870 2746 Cum
2916 2705 3040 2745 vero
3081 2690 3277 2744 factum
3324 2690 3375 2743 id
3424 2704 3532 2744 non

1925 2790 2108 2863 fuerit,
2145 2789 2243 2843 nisi
2275 2786 2415 2857 quod
2447 2786 2497 2839 in
2545 2784 2811 2839 nonnullis
2854 2782 3008 2845 locis,
3051 2796 3277 2850 quorum
3324 2779 3529 2834 facilior

1926 2893 2007 2939 est
2052 2881 2377 2947 emendatio,
2428 2878 2498 2931 cl.
2550 2875 2902 2939 Frcindaller,
2952 2872 3307 2941 fragmentum
3358 2884 3528 2925 mem-

1922 2978 2382 3039 bratimtractans,
2407 2987 2589 3027 veram
2616 2970 2932 3038 scripturam
2965 2966 3232 3036 reposuit;
3262 2978 3347 3025 τήν
3378 2970 3530 3035 σιτάρ-

1922 3092 2014 3123 οτιιν
2051 3084 2150 3138 ego
2196 3066 2421 3135 adeptus
2467 3078 2607 3129 sum,
2641 3076 2799 3131 quam
2844 3059 3050 3129 priores
3082 3058 3159 3111 illi
3206 3056 3381 3111 adhuc
3429 3070 3523 3110 or-

224 3201 242 3235 r
278 3180 503 3253 agendi.
545 3179 639 3234 Cui
676 3148 1119 3233 commodissime
1144 3174 1195 3228 id
1237 3148 1632 3243 quoqueiadjici
1665 3178 1817 3240 pote-
1847 3175 1890 3237 ρ
1925 3161 2154 3217 nandam
2184 3160 2531 3227 reliquerant.
2564 3152 2798 3253 Anboni
2824 3150 2950 3253 quid
2982 3150 3160 3253 exuhis
3189 3148 3378 3253 litteris
3416 3157 3524 3251 tam

219 3294 238 3326 ‹
277 3276 372 3340 rit,
402 3273 488 3328 vel
514 3275 563 3326 in
589 3272 889 3343 fragmento
917 3270 1035 3339 ipso
1084 3266 1351 3336 quoddam
1380 3272 1664 3319 contextus
1692 3276 1813 3316 cum

219 3386 238 3418 ι
280 3366 649 3439 disputatione
677 3363 906 3436 quadam
940 3360 1163 3416 indicari
1195 3355 1497 3426 vestigium,
1528 3353 1669 3424 quod
1696 3366 1823 3406 acu-

250 3522 549 3534 υ*

558 3508 1897 3532 ___________________________.__

1923 3254 2068 3310 foede
2090 3252 2383 3308 immutatis
2404 3246 2670 3319 expiscari
2697 3245 2983 3314 potuerim,
3011 3243 3239 3298 aliorum
3266 3239 3525 3310 judicium

1927 3357 2063 3403 BSIO.

1920 3489 3531 3519 ~_————-—————_—_———-“

632 3667 1859 3862 FRAGMEN'I‘UM
1954 3581 3066 3788 ACEPHALUM

1251 3907 1737 3997 INCERTI
1775 3900 2476 3990 SCRIPTORIS

214 4092 497 4267 DE
588 4116 1405 4270 CANONE
1501 4110 1766 4260 SS.
1861 4097 3508 4254 SCRIPTURARUM.

1524 4368 2176 4401 ...θ’-’⁸

467 4535 670 4605 Quraus
702 4543 877 4591 tamen
906 4532 1165 4598 interfuit,
1190 4540 1244 4587 et
1270 4531 1343 4586 ita
1376 4527 1571 4599 posuit.
1603 4524 1807 4588 Tertio,

1916 4514 2192 4586 Evangelii
2222 4512 2417 4569 librum
2448 4509 2686 4567 secundo
2717 4520 2742 4548 ει
2770 4511 2990 4569 Lucam.
3023 4511 3196 4573 Lucas
3227 4517 3327 4574 iste
3359 4519 3529 4576 medi-

1436 4638 1817 4702 LECTIONES
1854 4630 2265 4693 VARIANTES.

288 4777 319 4803 ⁸
360 4773 603 4834 Fortasse,
628 4773 775 4824 Liber
804 4773 1096 4826 secundum.
1122 4768 1300 4824 Routh.

1174 4871 1384 4937 MART.
1425 4864 1703 4927 JOSEPHI
1739 4860 1973 4921 ROUTH
2011 4852 2563 4915 COMMENTARIUS.

298 4998 342 5051 1.
360 5025 431 5037 -—
455 4995 645 5065 Quibus
676 5005 838 5051 tamen
868 4994 1123 5065 interfuit.
1149 4992 1205 5047 Si
1242 4987 1441 5045 Christi
1488 4982 1719 5065 Dontini__
1744 4996 1828 5035 res
1856 4985 1905 5043 D
2936 4977 3528 5065 ξθιηοξῇριξςξἾι-ιςῗιμϐτι

214 5077 415 5139 gestae.
438 5054 544 5121 n'on
564 5069 660 5133 ipsi
690 5068 951 5135 Apostoli,
985 5054 1069 5139 hic
1096 5054 1825 5139 designenturncont‘radixer-

214 5135 296 5196 ἧι
358 5138 638 5208 lragmenti
686 5150 874 5193 auctor
910 5138 1087 5191 verbis
1145 5136 1340 5203 Paphe,
1395 5135 1506 5198 qui,
1562 5135 1619 5208 u_t
1667 5138 1825 5208 supra

214 5193 500 5272 vidimus,
554 5220 790 5264 veterem
854 5193 1236 5278 presbyterum.
1288 5193 1689 5278 secutus,qu
1758 5193 1826 5247 de

214 5282 408 5337 Narro
442 5270 704 5350 negabat,
765 5270 957 5337 nempe
1004 5270 1122 5333 eum
1167 5283 1256 5329 aut
1310 5276 1480 5350 ipsum
1540 5270 1823 5350 Dominum

216 5340 535 5417 audivisse:
582 5340 698 5404 aut'
738 5360 1000 5403 sectatum
1074 5364 1233 5409 esse,
1284 5340 1703 5417 qu_otl__quideut
1758 5350 1823 5388 ex

213 5440 323 5494 σω
372 5410 670 5494 ιπυειὶγιθνί
703 5437 732 5474 a
768 5422 924 5494 Papia
963 5431 1237 5494 acceptum
1264 5410 1399 5494 dein
1442 5410 1823 5494 Hieronymum

212 5478 480 5561 suﬂragio
531 5478 1012 5547 suostabilientcm
1063 5478 1223 5561 habes
1263 5486 1321 5561 in_
1357 5478 1824 5561 ρι’ίξῳιηξέινϐιοηια

212 5549 463 5617 arcularii
510 5580 658 5631 super
702 5562 1041 5631 Matt/urunt.
1079 5559 1253 5631 Τίθει-ο
1294 5549 1370 5609 (16
1406 5554 1522 5606 aliis
1562 5549 1822 5631 Patt'lhus.

213 5634 436 5688 Tamen
467 5624 718 5701 perquam
754 5646 875 5686 nota
909 5645 989 5686 eSt
1015 5630 1081 5685 de
1104 5630 1279 5682 Marco
1310 5637 1589 5701 contraria
1610 5624 1697 5697 illa
1725 5631 1828 5695 Iru-

216 5704 386 5765 ditio,
431 5692 498 5755 an
541 5692 592 5757 et
630 5704 928 5759 certisSima
978 5704 1047 5757 sit
1084 5702 1287 5765 dubito,
1330 5698 1396 5751 ab
1438 5692 1739 5765 Epiphaan
1779 5692 1831 5738 in

1935 5048 2002 5100 ah
2018 5046 2206 5099 eodem
2223 5043 2524 5117 Epiphanio
2543 5051 2789 5093 narratur
2805 5044 2867 5093 ad
2888 5042 2967 5111 §.l
2984 5044 3003 5093 1
3021 5084 3032 5101 ,
3056 5057 3205 5117 prout
3224 5044 3290 5097 de
3305 5056 3530 5117 ttlt‘nqtle

1934 5117 2262 5188 evangelista
2296 5116 2440 5179 prius
2468 5120 2701 5188 posuum
2731 5117 2941 5188 eratab
2972 5126 3037 5188 eo
3062 5113 3115 5164 in
3143 5111 3343 5167 llwresi
3375 5111 3465 5180 xx',
3500 5119 3528 5188 §

1929 5189 1985 5253 4,
2030 5182 2370 5254 Hippolytum
2412 5190 2615 5254 secuto,
2660 5182 3082 5254 si__tr5tinioniis.
3113 5198 3231 5251 qtne
3270 5182 3529 5244 collocata

1930 5250 2053 5312 sunt
2079 5250 2109 5308 a
2135 5250 2304 5307 Mil—lio
2335 5262 2457 5304 ante
2488 5250 2797 5316 Evangelia,
2827 5250 3174 5305 credendum.
3214 5254 3323 5310 Hoc
3349 5269 3529 5313 autem

1930 5344 2051 5381 cum
2096 5320 2560 5396 initio_Evange|_ti
2606 5321 2661 5396 S:
2712 5319 2867 5396 larem
2900 5322 2980 5373 vix
3024 5324 3298 5396 Conciliari
3352 5344 3528 5396 posse,

1932 5399 2079 5452 multi
2116 5396 2211 5447 viri
2241 5390 2535 5445 docti-simi
2578 5390 2971 5463 existimarunt,
3017 5409 3189 5461 neque
3234 5395 3285 5448 id
3333 5390 3530 5463 mirari

1930 5480 2021 5522 aut
2054 5468 2096 5520 si
2131 5464 2285 5516 luerit
2314 5476 2562 5527 umquam
2592 5459 2802 5512 hinnini
2835 5459 3127 5532 discipulus
3160 5464 3353 5528 Lucas.
3387 5459 3532 5525 certe

1932 5552 2071 5592 unus
2098 5553 2186 5592 τῶν
2206 5534 2290 5586 ἀπ’
2317 5539 2469 5602 ἀρχῇ
2492 5536 2758 5607 αὐτοπτῶν,
2802 5532 2844 5584 is
2874 5548 2977 5585 non
3007 5535 3215 5607 videtur
3256 5536 3417 5592 fuisse
3446 5544 3530 5607 qui

1935 5613 2003 5664 ilst
2034 5609 2313 5668 scriberet,
2342 5611 2491 5663 καθὼς
2522 5606 2785 5669 παρέδοσιν
2805 5609 2920 5671 ἡμῖν
2945 5613 2988 5677 of
3008 5605 3094 5659 ἀπ’
3120 5612 3272 5677 ἀρχῆς
3298 5605 3532 5664 ain-03111;)

1936 5684 2018 5733 uti
2046 5684 2282 5750 ὕπηρξςτνξι
2321 5677 2553 5750 γενόμενοι
2584 5680 2667 5750 rei}
2722 5684 2894 5747 Λόγου.
2938 5676 3217 5750 Consentit
3254 5695 3373 5732 (:lltll
3408 5684 3534 5750 viris

219 5743 592 5844 ﬂgiti}?
611 5743 1287 5845 ’
1308 5743 1628 5822 isset—ludar
1672 5758 1836 5812 fuisse
1940 5752 2047 5806 illis
2074 5743 2297 5803 eruditis
2322 5743 2606 5817 l'raginenti
2634 5743 2847 5811 auctor,
2886 5755 2941 5802 ut
2974 5762 3093 5801 mox
3123 5749 3348 5818 videbis,
3374 5745 3531 5811 Luca:
