4218 6268
333 348 449 404 18⁸5

331 460 662 518 catholicam
748 458 1044 517 Ecclesiam
1129 457 1292 528 recipi
1376 472 1480 512 non
1555 468 1747 529 potest.

330 560 482 616 enim
542 572 666 612 cum
726 556 888 612 melle
941 554 1153 610 misceri
1211 570 1315 610 non
1371 555 1636 626 congruit.
1695 553 1934 625 Epistola

1489 339 1965 398 FRAGMENTUM
2007 339 2453 399 ACEPllALUM.

1842 458 1932 514 Fel
1961 462 2014 522 Α
2039 473 2168 516 sane
2248 461 2430 530 Judae,

3521 343 3637 400 .186

2521 470 2576 520 et
2648 461 2995 536 superscripti
3082 461 3343 524 Johannis
3423 465 3556 524 duas
3611 473 3636 502 ει

1572 671 1952 731 LECTIONES
1990 669 2407 728 VARIANTES.

408 798 434 829 ⁸
457 795 579 846 Duae
605 792 880 844 Freindall.

1307 921 1519 978 MART.
1560 920 1837 978 JOSEPHI
1877 920 2110 977 ROUTH
2149 919 2711 979 COMMENTARIUS.

410 1063 594 1118 Altera
638 1061 726 1115 hic
764 1069 1046 1129 przeterea,
1080 1076 1099 1111 ι
1131 1058 1303 1128 inquit
1341 1058 1705 1124 Freindalter,
1744 1077 1762 1109 ‹
1798 1059 1926 1113 sub-

411 1135 624 1201 reptitia
651 1148 772 1186 cum
803 1131 1150 1200 inscriptione
1188 1129 1257 1184 ad
1295 1130 1716 1192 Alexandrinos,
1741 1144 1929 1185 oecur-

413 1207 479 1259 rit
522 1204 673 1261 Pauli
710 1202 980 1271 Epistola,
1021 1202 1087 1256 de
1117 1217 1220 1269 qua
1251 1201 1466 1270 quidem
1509 1201 1635 1268 quid
1687 1212 1927 1255 Statnen-

412 1280 574 1341 dum,
628 1274 728 1344 ipsi
782 1273 1070 1326 Mnratorio
1097 1272 1432 1340 exploratum
1476 1288 1580 1325 non
1631 1282 1746 1337 est,
1802 1273 1928 1340 quin

410 1364 511 1402 nec
541 1362 644 1416 ego
676 1345 892 1416 memini
934 1344 1000 1398 de
1027 1344 1432 1416 simililipistola
1459 1359 1706 1416 umquam
1732 1344 1927 1413 aliquid

410 1419 540 1472 mibi
585 1414 798 1469 venisse
827 1415 891 1468 ad
932 1430 1141 1469 manus.
1195 1414 1422 1468 Litteras
1450 1430 1608 1484 porro
1641 1415 1797 1466 basee
1821 1425 1928 1468 tum

409 1490 475 1543 ad
504 1488 870 1547 Laodicenos,
906 1494 1014 1539 tmn
1069 1485 1494 1549 Alexandrinos,
1548 1486 1931 1540 confirmanda:

410 1560 685 1614 haereseos
727 1557 1156 1612 Marcionitarum
1230 1558 1397 1624 gratia
1454 1555 1712 1611 conflatus
1768 1557 1931 1611 fuisse

410 1640 601 1685 auctor
641 1643 824 1684 noSter
863 1636 1286 1689 commemorat,
1341 1644 1447 1697 quo
1497 1627 1556 1681 ﬁt
1621 1635 1679 1680 ut
1739 1627 1950 1697 origini

413 1718 596 1756 earum
636 1711 778 1754 certa
805 1699 1007 1767 epocba
1051 1700 1134 1767 tigi
1190 1698 1378 1766 possit.
1407 1699 1585 1765 Quid?
1631 1699 1770 1766 quod
1804 1700 1923 1766 Epi-

415 1773 596 1843 pbauii
628 1786 838 1842 quoque
864 1770 1227 1843 testimrmitim
1249 1769 1394 1823 hisee
1415 1779 1697 1843 consonet,
1728 1767 1927 1843 (heresi

415 1839 524 1899 xui
571 1839 772 1897 diserte
822 1841 1105 1894 scribentis
1133 1840 1454 1895 Marcionetn
1485 1839 1800 1894 rolturattdis
1818 1843 1928 1894 suis

419 1915 697 1968 erroribus
747 1912 815 1966 ab
872 1911 1106 1981 EpiStola
1179 1912 1244 1964 ad
1303 1910 1634 1966 Laodiceuos
1696 1911 1933 1967 subsidia

342 2005 361 2037 ι
411 1995 706 2040 mntnasse.
737 2002 755 2033 ι

413 2056 599 2124 Recipi
643 2071 738 2107 non
787 2062 967 2123 potest.
1021 2053 1097 2106 Ad
1141 2052 1363 2108 formam
1418 2053 1576 2124 δι’πεὶ
1642 2054 1930 2120 sermonis,

336 2135 792 2200 παραλαμϐάνεσθαι
811 2131 874 2200 εὖ
901 2129 1095 2200 tiu-iactv
1120 2132 1238 2181 ἐστι.
1261 2126 1364 2181 Sed
1395 2135 1604 2196 possunt
1628 2141 1723 2194 pro
1751 2135 1931 2196 potest,

334 2197 601 2268 reponere
645 2199 759 2251 vult
809 2197 1157 2268 Freindaller.

409 2269 508 2324 Fel
529 2271 665 2324 enim
695 2284 811 2322 cum
851 2267 998 2321 melle
1053 2268 1250 2321 misceri
1303 2283 1405 2321 non
1450 2269 1704 2338 congruit.
1761 2267 1931 2323 Simili

334 2356 463 2396 usus
506 2349 591 2394 εει
640 2339 952 2407 metaphora
993 2339 1176 2392 senior
1227 2339 1316 2394 ille
1355 2338 1496 2408 apud
1551 2344 1813 2394 trenantm
1866 2340 1933 2394 ad

335 2429 458 2484 pag.
487 2413 576 2466 42.
607 2411 714 2466 vol.
744 2411 765 2464 Ι
791 2409 1071 2480 Reliquiar.
1110 2426 1128 2463 :
1159 2409 1226 2464 In
1253 2410 1344 2464 Dei
1389 2413 1518 2464 lacte
1537 2428 1752 2482 gypsum
1802 2411 1934 2466 male

333 2486 592 2537 miscetur.

409 2555 478 2608 Et
538 2552 898 2622 surperscripti
947 2553 1172 2606 Joannis
1223 2554 1372 2607 (luas.
1417 2553 1478 2608 L.
1522 2555 1653 2608 dum.
1691 2564 1746 2607 ut
1772 2568 1930 2623 supra

332 2627 398 2679 ad
436 2628 528 2679 Iiu.
561 2628 614 2679 8.
660 2623 974 2689 Stoscbius,
1022 2626 1085 2678 de
1113 2623 1317 2696 Canone
1346 2625 1488 2678 Libb.
1529 2624 1599 2678 N.
1635 2623 1695 2680 T.
1758 2624 1806 2696 §.
1865 2627 1934 2682 5'5

335 2697 452 2751 ἤλυε
475 2697 663 2750 scribit
692 2715 704 2749 :
746 2714 764 2746 ι
802 2699 1088 2749 Auctorem
1119 2695 1276 2760 hujus
1325 2696 1604 2765 fragmenti
1650 2696 1715 2750 ad
1746 2695 1931 2752 ultima

338 2788 355 2818 ι
404 2769 589 2821 srectni
644 2784 677 2822 ιι
730 2767 811 2820 vel
855 2767 1000 2820 initia
1024 2767 1207 2821 smculi
1252 2783 1309 2821 ιιι
1377 2766 1717 2822 referendum
1777 2782 1928 2831 esse,

339 2858 357 2891 ι
404 2855 472 2892 ex
521 2855 587 2892 eo
637 2838 828 2907 colligo
879 2839 1020 2907 quod
1061 2837 1200 2892 haud
1248 2854 1416 2907 pattca
1470 2840 1518 2892 iu
1577 2856 1642 2892 eo
1687 2838 1753 2893 de
1783 2839 1930 2894 libris
1973 2864 1976 2866 ·

341 2930 360 2961 ι
408 2909 543 2964 Novi
572 2910 900 2980 Testamenti
953 2919 1265 2975 occurrant,
1297 2926 1414 2980 quae
1433 2909 1777 2977 opinionibus
1800 2926 1933 2978 quo.

343 3005 362 3032 ι
412 2983 654 3034 rmndam
691 2979 1120 3035 Christianorum
1151 2982 1292 3036 illius
1321 2979 1495 3035 aetatis
1533 2983 1687 3049 plane
1715 2982 1931 3034 confor-

341 3071 361 3104 ε
413 3055 516 3104 mia
551 3062 688 3104 sunt.
716 3051 930 3105 Scilicet
961 3067 999 3105 ι.
1045 3052 1374 3108 Utnittuntur
1402 3053 1452 3106 in
1483 3052 1648 3106 haece
1673 3053 1928 3106 librorum

344 3143 362 3174 ι
407 3139 684 3177 sacrorum
733 3138 939 3194 canone
982 3116 1215 3194 Epistola
1246 3124 1312 3178 ad
1355 3119 1642 3187 lleliricos,
1690 3124 1926 3192 Epistula

403 3174 588 3250 Jacobi
603 3174 757 3260 ,Weti
785 3174 1294 3264 Junii—ttigrapostoli
1349 3211 1453 3249 non
1500 3196 1600 3249 nisi
1626 3174 1922 3250 iituereom-
1953 3174 1997 3236 Ο

342 3286 357 3317 ι
407 3276 794 3319 menmrautnr.
847 3265 963 3318 Jatn
1013 3282 1140 3321 vero
1197 3277 1506 3336 utramque,
1549 3267 1616 3321 ad
1670 3267 1924 3321 Hebraeos

339 3357 357 3389 ι
406 3346 461 3391 et
484 3337 670 3391 JaCobi
702 3337 1014 3407 Epistolam,
1060 3338 1186 3405 quin
1214 3339 1375 3392 etiam
1413 3341 1619 3394 tertiam
1680 3337 1922 3404 Joannis,

339 3427 357 3458 ι
408 3423 594 3462 versus
644 3408 824 3462 smculi
871 3408 1094 3480 secundi
1161 3411 1350 3475 linem,
1397 3425 1425 3461 a
1493 3410 1809 3480 quibusdam
1874 3413 1926 3466 in

343 3499 360 3530 ι
409 3494 616 3534 canene
658 3495 761 3532 non
807 3479 1002 3532 relatas
1048 3479 1232 3538 fuisse.
1272 3479 1582 3535 clarissimis
1607 3482 1926 3536 testimoniis

340 3570 356 3600 ι
406 3559 637 3604 constat.
685 3549 837 3616 Quod
885 3551 1026 3603 enim
1085 3551 1149 3604 ad
1209 3550 1500 3621 Epistolam
1551 3552 1614 3606 ad
1669 3552 1928 3609 Hebraeos

339 3641 356 3673 ι
405 3623 626 3685 attinet,
669 3637 786 3674 eam
843 3623 910 3674 ab
963 3621 1168 3675 lrcuaro
1212 3632 1268 3677 et
1329 3621 1590 3689 discipqu
1634 3626 1750 3689 ejus
1801 3625 1928 3692 llip-

339 3710 356 3742 t
406 3693 627 3762 polyto,
659 3709 761 3764 non
809 3695 1095 3764 genuimnu
1125 3692 1273 3746 Pauli
1301 3707 1436 3764 opus
1483 3695 1713 3748 habitam
1739 3693 1923 3762 fuisse,

341 3780 358 3813 ς
412 3772 636 3833 testatur
674 3763 974 3833 Stephanus
1019 3763 1262 3818 Gobares
1306 3763 1443 3833 apud
1477 3765 1746 3833 Pltotium,
1790 3767 1926 3821 Bibl.

344 3853 363 3884 ι
398 3832 530 3884 (λιιι
552 3833 658 3887 252
683 3825 1038 3897 ὀτιῖππό).υτος
1065 3839 1146 3888 καὶ
1170 3825 1444 3905 Εἰρηνελιιῖς
1457 3848 1541 3890 τυὶν
1564 3848 1679 3908 πρὸς
1698 3830 1928 3907 ἑϐραῖους

344 3923 364 3954 1
413 3911 670 3977 Emeterii-1
697 3914 898 3964 nam.
927 3911 1009 3960 cini.
1036 3914 1208 3960 ἰκτίνου
1238 3909 1356 3961 εἶναι
1384 3920 1542 3976 φασίν.
1617 3909 1929 3977 Hippolytus

340 3994 360 4025 ι
410 3985 460 4028 et
504 3973 1034 4049 [rettu’tts_l§pistolitiit
1088 3977 1260 4049 Pauli
1284 3979 1351 4030 ad
1386 3973 1639 4032 Hebraeos
1666 3973 1775 4049 ejus
1814 3973 1928 4034 'esse

339 4065 358 4098 ι
392 4059 618 4120 _r_tegant.
674 4046 802 4101 ibid.
845 4045 976 4102 Cod.
1010 4049 1098 4102 ΓΜ
1159 4064 1221 4102 ex
1254 4048 1519 4120 Hippolyti
1562 4045 1700 4103 libro
1741 4060 1926 4103 contra

337 4137 355 4168 ι
388 4116 803 4183 liuere-cimini
830 4123 877 4195 ςῖὲ
905 4125 1030 4173 allici.
1061 4127 1109 4175 τε
1133 4143 1238 4175 τινα
1263 4116 1344 4182 τῆξ
1367 4116 1612 4190 ἀκριϐείας
1635 4124 1894 4186 λειπόμενα,
1911 4163 1924 4186 ,

337 4208 355 4239 ι
405 4200 488 4242 καὶ
510 4196 585 4244 ὅτι
620 4199 643 4249 ἡ
669 4201 779 4260 «ﬁt;
808 4200 1042 4260 Εϐραίιυς
1068 4198 1290 4246 ἐπίστω-ἴε
1319 4197 1398 4245 cini
1430 4199 1526 4246 ἔστι
1556 4199 1637 4247 τοῦ
1667 4196 1931 4246 ἀποστόλου

408 4268 615 4332 Παιωςιυἶ
664 4261 800 4314 Dicit
857 4274 904 4314 et
955 4264 1058 4314 alia
1095 4263 1324 4332 quietiam
1369 4279 1549 4330 parum
1593 4273 1851 4323 accurata,
1885 4273 1930 4316 et

405 4335 540 4394 quod
574 4331 805 4400 Epistola
847 4333 916 4384 ad
965 4331 1208 4386 Hebra'os
1260 4350 1361 4387 non
1401 4335 1465 4386 sit
1493 4335 1708 4400 apostoli
1752 4333 1927 4388 Pauli.

409 4401 480 4472 De
512 4401 642 4456 Caio
665 4404 976 4472 presbytero
1011 4404 1268 4471 Romano,
1305 4405 1378 4456 uti
1407 4404 1456 4458 id
1493 4405 1600 4472 jam
1630 4405 1932 4462 observavit

404 4471 757 4536 Muratorins,
796 4471 1056 4529 Eusebius
1101 4474 1234 4528 (list.
1274 4473 1414 4527 Eccl.
1455 4471 1543 4528 lib.
1575 4492 1644 4530 γι.
1687 4492 1801 4544 cap.
1834 4477 1924 4542 20,

408 4615 594 4688 clum,
647 4615 1105 4686 Catapbrygarum
1163 4618 1384 4671 Iurresis
1431 4629 1879 4688 prepugnatoretn
1911 4662 1926 4686 ,

343 4705 362 4736 ‹
413 4685 645 4758 tredecim
687 4688 854 4740 solum
888 4685 1052 4740 idivini
1092 4689 1320 4757 Apostoli
1347 4685 1739 4743 commemorare
1772 4685 1922 4758 Epic?

345 4775 363 4806 ι
417 4756 736 4829 (alpheum
785 4775 902 4828 qua:
955 4758 1021 4812 ad
1070 4759 1320 4812 llebrzros
1367 4758 1616 4829 inscripta
1659 4772 1760 4828 est,
1807 4756 1928 4817 cum

344 4846 364 4877 ι
417 4825 637 4901 reliquis
671 4846 772 4882 non
804 4825 1199 4884 'annutnerans.
1240 4830 1377 4898 Quid
1429 4825 1690 4901 Origenes
1742 4825 1809 4886 de
1863 4848 1926 4887 ea

341 4917 360 4948 ι
402 4900 658 4973 senserit,
714 4902 832 4956 vide
900 4918 1060 4970 supra
1109 4901 1136 4973 §
1183 4902 1252 4956 48
1281 4943 1296 4965 ,
1340 4920 1360 4953 ι
1419 4900 1622 4973 (tibide
1651 4905 1748 4956 ista
1780 4904 1930 4972 Epis-

335 4969 447 5024 tola
501 4978 770 5042 tamquam
821 4969 1082 5042 opuscitlo
1111 4969 1434 5026 sententiam
1470 4973 1614 5027 Pauli
1667 4969 1928 5030 referente

333 5043 572 5096 sensisse
593 5041 878 5115 prigeucm
898 5085 913 5105 ,
942 5045 1221 5100 Stoscbins
1253 5044 1529 5114 ostendit).
1581 5064 1598 5096 ι
1637 5045 1925 5115 Epistulam

342 5133 360 5164 ε
413 5128 540 5166 τρι-υ
584 5111 767 5168 Jacobi
804 5116 945 5168 circa
1000 5117 1140 5171 idem
1193 5124 1404 5182 tempus
1439 5111 1541 5168 neu
1588 5117 1654 5169 ab
1680 5111 1928 5172 ontuibus

338 5203 356 5233 ι
409 5185 458 5236 in
488 5199 698 5239 canone
724 5187 948 5239 relatam
979 5186 1173 5252 luisse,
1210 5190 1360 5240 testis
1385 5197 1466 5241 est
1494 5187 1756 5241 Eusebius
1784 5186 1922 5242 Hist.

339 5274 358 5305 «
410 5253 552 5330 Eccl.
611 5257 703 5309 lib.
752 5272 809 5310 ιι.
861 5273 911 5311 c.
957 5258 1047 5330 25,
1107 5259 1157 5313 in
1211 5261 1330 5312 line.
1368 5257 1696 5330 Saiteﬁpauci
1743 5261 1927 5312 admo-

338 5344 357 5377 ι
406 5327 529 5398 (tum
584 5343 648 5380 ea:
707 5328 1082 5394 vrtustioribus,
1126 5339 1232 5382 tum
1277 5330 1430 5398 hujus
1479 5327 1765 5396 Epistolw.
1821 5339 1928 5382 tum

338 5416 356 5448 ι
407 5396 549 5452 illius
597 5398 772 5464 Judw,
817 5416 930 5468 qua:
971 5402 1169 5470 etIipsa
1214 5401 1266 5453 in
1327 5396 1515 5469 septem
1560 5401 1927 5453 catholicarum

339 5488 357 5519 ι
407 5487 652 5542 munero,
679 5481 993 5537 recensetur,
1046 5473 1346 5525 mentionem
1404 5476 1580 5542 fecere.
1639 5471 1712 5524 lle
1772 5473 1925 5542 tertia

342 5559 360 5589 ι
410 5551 586 5612 autem
629 5541 855 5596 Joannis
908 5554 1114 5597 Constat
1160 5557 1276 5596 eam
1311 5547 1513 5612 pariter
1548 5560 1573 5593 a
1607 5541 1924 5609 quibusdam

343 5629 364 5660 ς
414 5609 625 5666 dubiam
682 5613 939 5666 habitam.
986 5615 1144 5669 Certe
1182 5609 1414 5667 lrena'us
1473 5614 1694 5681 primum
1735 5622 1788 5665 et
1841 5627 1926 5665 se-

344 5701 364 5732 ι
410 5683 633 5735 eundem
684 5682 903 5738 Joannis
943 5687 1098 5748 citat;
1149 5686 1319 5738 tertia:
1364 5693 1539 5737 autem
1601 5684 1923 5736 mentionem

345 5771 364 5803 ι
417 5768 523 5805 non
575 5755 758 5821 injicit.
806 5756 926 5810 Vul.
979 5756 1282 5810 Lartlncrus
1335 5755 1465 5808 It'ide
1517 5753 1650 5806 Hist.
1701 5751 1919 5823 Erang.,

343 5844 363 5897 ι
411 5833 549 5897 part.
596 5841 652 5888 ιι,
703 5837 831 5897 tOm.
885 5843 927 5897 ι.
970 5843 1018 5882 c.
1064 5828 1160 5897 717,
1221 5843 1336 5897 pag.
1411 5825 1695 5897 501,502.
1731 5845 1746 5876 ι
1803 5825 1925 5880 ll;er

333 5896 683 5951 Stocliius.-—
700 5896 740 5950 1.
761 5898 837 5952 De
867 5896 1102 5970 Epistola
1133 5913 1260 5955 vero
1284 5897 1350 5951 ad
1373 5896 1615 5952 llebrteos
1644 5898 1744 5953 boe
1766 5897 1922 5953 velim

409 4547 608 4629 pariter
638 4547 956 4629 refer-tcum
1006 4547 1056 4599 in
1104 4545 1462 4629 disputatione
1508 4546 1766 4601 adversus
1801 4549 1925 4602 Pro-
1953 4570 2008 4629 Ι)

2035 1058 2298 1130 adjicere,
2359 1059 2616 1114 Barnabse
2691 1073 2795 1115 non
2857 1057 3022 1114 Paulo
3093 1072 3212 1114 eam
3277 1057 3637 1130 adscripsisse

2035 1129 2426 1184 Tertullianum
2478 1133 2528 1184 in
2580 1131 2670 1186 lib.
2725 1131 2788 1185 de
2832 1130 3120 1198 Pudicitia,
3172 1146 3224 1186 c.
3265 1129 3356 1196 20,
3392 1129 3533 1197 quod
3583 1144 3639 1189 et

2037 1201 2397 1276 l_'l_i_t‘.l‘0lly_lllUS
2445 1213 2706 1276 memorat
2762 1203 2827 1256 de
2884 1202 3218 1276 Ter-tulliano
3269 1202 3337 1276 in_
3373 1202 3512 1276 libro
3575 1207 3640 1260 de

2048 1270 2179 1325 Viris
2235 1272 2325 1326 Ill.
2380 1289 2498 1342 cap.
2568 1274 2618 1335 ii,
2681 1289 2852 1340 neque
2911 1275 2961 1326 in
3011 1288 3270 1327 eanonem
3323 1270 3634 1332 Latinorum

2039 1355 2306 1416 receptam
2336 1345 2580 1416 eamdem
2635 1345 2797 1399 fuisse
2839 1343 2998 1398 etiam
3030 1344 3338 1416 Hieronymi
3383 1349 3629 1416 tempori-

2038 1413 2155 1486 bus.
2209 1413 2441 1468 Videudzt
2483 1415 2626 1467 enim
2683 1417 2822 1468 inter
2863 1417 2995 1468 alios
3027 1417 3173 1468 locos
3210 1413 3378 1483 Epist.
3411 1413 3526 1486 ejus
3568 1420 3636 1473 ait

2039 1483 2338 1537 Dardanum
2383 1504 2431 1553 p.
2486 1486 2554 1540 69
2605 1486 2691 1539 ed.
2725 1487 2995 1540 Frobcuii.
3033 1489 3278 1539 Attamen
3311 1483 3454 1540 baud
3496 1504 3630 1544 con-

2034 1564 2138 1609 stat
2190 1557 2450 1611 Ireuzeum
2508 1557 2918 1628 Hippolytumve
2966 1557 3284 1626 discipulum
3316 1558 3460 1627 ejus,
3500 1576 3636 1628 quos

2033 1641 2192 1694 Supra
2240 1629 2478 1682 nominat
2515 1630 2812 1689 Stoscbins,
2876 1630 3010 1682 banc
3065 1629 3360 1698 Epistolatn
3409 1646 3436 1683 e
3470 1631 3634 1685 libro—

2034 1713 2149 1769 rum
2199 1714 2473 1754 Sacrorum
2529 1715 2756 1753 mtmero
2781 1699 3035 1768 ejerisse,
3089 1701 3285 1769 quippe
3316 1714 3463 1766 cum,
3496 1709 3634 1758 teste

1958 1782 2004 1839 Β
2033 1768 2264 1823 Eusebio
2316 1771 2404 1824 lib.
2466 1786 2496 1822 v
2540 1770 2677 1824 Hist.
2723 1786 2839 1838 cap.
2872 1771 2941 1826 26
2973 1812 2986 1834 ,
3053 1786 3116 1825 ex
3169 1774 3278 1841 ipsa
3334 1773 3630 1826 sententias

2040 1841 2297 1912 quasdam
2343 1843 2480 1896 idem
2534 1842 2622 1896 ille
2655 1842 2886 1912 lrcnzeus
2937 1844 2986 1895 in
3031 1857 3196 1912 opere
3225 1857 3323 1895 suo
3362 1841 3631 1897 Varianth

2042 1911 2458 1982 Disputationmn
2499 1913 2829 1968 adduxisset.
2864 1911 3364 1982 OrigeneS'qnoque
3395 1915 3445 1968 in
3495 1914 3632 1970 hanc

2039 1981 2332 2050 Epistolam
2351 1985 2563 2052 scripsit
2589 1987 3022 2038 commentarios.
3056 1981 3222 2038 Porro
3246 1985 3296 2037 in
3326 1985 3443 2038 loro
3469 1988 3630 2038 modo

2037 2056 2268 2125 excitato
2323 2055 2567 2109 Dardano
2595 2056 2830 2109 ostendit
2864 2057 3252 2122 Hieronymus,
3282 2056 3480 2125 suscipi
3513 2073 3630 2112 eam

2037 2124 2187 2196 quasi
2218 2126 2363 2179 Pauli
2390 2126 2614 2196 apostoli
2642 2130 2707 2180 ab
2747 2126 2988 2181 ecclesiis
3018 2127 3253 2182 Orientis
3268 2138 3321 2181 et
3349 2127 3414 2181 ab
3434 2124 3634 2180 omni-

2038 2194 2136 2268 _bus
2186 2199 2348 2266 grreei
2389 2194 2668 2268 sermonis
2709 2199 3076 2268 seriptoribus.
3140 2200 3300 2252 Certe
3349 2214 3449 2268 ego
3495 2200 3633 2254 inter

2039 2265 2318 2340 legendum
2352 2267 2496 2323 clare
2542 2282 2701 2340 atque
2753 2265 2941 2334 aperte
2982 2269 3178 2324 factum
3226 2268 3351 2324 illud
3385 2265 3468 2324 'ab
3507 2285 3633 2325 auc-

2039 2337 2272 2406 toribus,
2325 2354 2460 2412 quos
2512 2337 2958 2401 hie—nominabo.
3007 2343 3148 2406 vidi;
3198 2341 3394 2412 quique
3420 2358 3629 2408 otuncs,

2036 2413 2281 2482 exceptis
2313 2411 2368 2466 S.
2403 2411 2561 2466 Petro
2593 2413 2956 2466 Alexandrino
2994 2413 3269 2481 episcopo,
3313 2423 3472 2482 atque
3529 2414 3632 2466 liu-

2036 2479 2216 2542 sebio,
2269 2491 2393 2534 ante
2446 2484 2699 2535 sarculum
2733 2483 2942 2537 tertium
2997 2479 3201 2538 tiiiitum
3269 2479 3548 2548 vixerant;
3600 2501 3629 2539 a

2036 2549 2311 2622 Clemente
2344 2552 2592 2606 nimirum
2625 2554 2990 2608 Alexmtdrino
3009 2598 3022 2618 ,
3049 2556 3148 2608 etsi
3174 2571 3201 2606 ιι
3228 2554 3472 2608 Romano
3498 2572 3631 2622 quo-

2035 2636 2139 2694 que
2177 2621 2455 2677 Clemente
2485 2627 2643 2678 etiam
2673 2626 2935 2677 existente
2966 2627 3162 2678 Sa-cnlo
3195 2626 3366 2694 primo
3403 2621 3629 2693 cpistola

2035 2692 2259 2764 adducta
2304 2704 2384 2748 est
2439 2695 2490 2747 iu
2540 2694 2800 2764 capitibus
2855 2695 2972 2764 ejus
3025 2696 3090 2749 l7
3131 2692 3327 2760 et‘56;
3373 2711 3400 2748 a
3440 2692 3631 2751 vetere

2037 2762 2255 2832 insuper
2288 2762 2618 2836 presbytero
2652 2767 2790 2826 apud
2825 2762 3071 2821 eutudem
3103 2769 3434 2821 (Σιυιιιθιιιριιι
3469 2765 3625 2822 Alex.

2034 2849 2192 2903 quem
2227 2851 2276 2902 p.
2302 2836 2428 2890 472.
2467 2837 2616 2890 vol.l
2666 2837 2946 2906 Reliquiar.
2983 2840 3262 2902 collocavi,
3285 2840 3350 2891 ab
3373 2838 3626 2905 Origene,

2035 2921 2153 2980 cum
2200 2907 2357 2980 alibi,
2408 2923 2518 2962 tum
2579 2911 2630 2963 in
2691 2907 2854 2978 Epist.
2902 2911 2970 2963 ad
3035 2911 3331 2980 Africanum
3385 2925 3435 2962 c.
3468 2909 3544 2980 79;
3599 2926 3630 2963 a

2035 2977 2291 3050 [tiotiysio
2347 2977 2746 3050 Alexandrino,
2798 2977 3113 3050 pra-.suliluis
3160 2979 3509 3035 Antaei-benis
3576 2981 3629 3035 in

2035 3048 2270 3122 Epistula
2317 3065 2408 3103 sua
2455 3053 2520 3103 ad
2553 3049 2774 3104 Paulum
2801 3048 3012 3107 'Santos.
3056 3069 3143 3122 pp.
3172 3055 3278 3108 475
3321 3062 3375 3107 et
3429 3051 3531 3106 ιιἹὶ
3576 3053 3628 3106 iu

2035 3121 2142 3172 vol.
2195 3119 2258 3174 ll.
2291 3124 2500 3190 posita,
2559 3124 2719 3178 Petro
2750 3119 3122 3179 Alexamlrino
3165 3126 3216 3178 in
3276 3124 3482 3178 Cimone
3531 3137 3630 3176 suo

2032 3207 2201 3256 nono,
2258 3193 2487 3263 denique
2523 3197 2590 3247 ab
2627 3195 2861 3250 Eusebio
2905 3199 3020 3264 ipso
3097 3198 3158 3250 de
3205 3195 3362 3249 Mart.
3415 3195 3625 3249 Paltcst.

2030 3277 2080 3338 ς.
2120 3265 2208 3338 lt.
2244 3263 2490 3319 Addendi
2539 3267 2796 3320 Clementi
2847 3263 3118 3333 Romano,
3162 3270 3249 3338 qui
3284 3268 3628 3338 bamlipsum

2032 3332 2179 3410 Pauli
2214 3350 2407 3410 nomen
2434 3339 2701 3410 apposuit,
2732 3339 2954 3410 Pinytus
2985 3339 3035 3392 iu
3069 3332 3304 3404 Epiltola
3337 3341 3403 3391 ad
3434 3332 3630 3410 Diony-

2029 3406 2160 3459 sium
2215 3406 2563 3473 Corinthium,
2617 3427 2667 3476 p.
2721 3406 2848 3466 15%:
2901 3411 3001 3464 vol.
3051 3410 3413 3478 lReliquiar.;
3448 3406 3627 3463 Thro-

2027 3487 2251 3546 gnosius
2308 3481 2650 3534 catecbetica:
2700 3482 2748 3534 in
2800 3482 3159 3536 Alexandrina
3234 3487 3364 3535 urbe
3429 3480 3630 3534 scholae

2033 3548 2346 3623 pra'l‘ectus;
2380 3551 2436 3623 SA.
2492 3551 2828 3617 Mettiodius,
2875 3551 3186 3608 ittmeivio
3239 3551 3381 3623 Virg.
3413 3567 3502 3620 pp.
3560 3551 3630 3605 90

2031 3628 2096 3693 et
2131 3620 2201 3675 96
2251 3622 2339 3676 ed.
2392 3620 2684 3678 Combetis.
2724 3641 2738 3687 ;
2792 3624 3078 3693 Manesque
3108 3634 3162 3677 et
3227 3620 3523 3677 Arcbelaus
3575 3624 3627 3674 iu

2031 3689 2386 3760 Disputatione
2410 3711 2566 3761 capp.
2599 3695 2652 3760 5,
2683 3696 2773 3758 54,
2807 3707 2858 3750 et
2890 3697 2949 3750 Η
2981 3689 3033 3750 et
3063 3695 3306 3751 55.—l|.
3335 3695 3414 3750 Ad
3446 3693 3629 3747 Jacobi

2031 3763 2175 3832 quod
2221 3766 2413 3819 attinet
2461 3763 2770 3833 Epistulam,
2822 3784 3004 3835 quam,
3056 3769 3192 3822 siCut
3244 3767 3394 3821 Jttdzc
3441 3767 3626 3828 illam,

2031 3835 2211 3886 ouiisit
2263 3837 2450 3890 saltem
2492 3840 2544 3891 in
2578 3839 2889 3892 recensione
2916 3854 3009 3892 sua
3050 3839 3309 3892 librorum
3353 3853 3625 3891 sacrorum

2031 3906 2168 3972 apud
2206 3906 2526 3973 Eusebium,
2576 3909 2670 3963 lib.
2708 3925 2775 3963 \‘t.
2820 3924 2938 3974 cap.
3005 3909 3097 3974 25,
3153 3909 3448 3976 Origenes,
3497 3907 3629 3960 milii

2032 3977 2359 4048 monendum
2420 3991 2499 4030 est
2547 3981 2705 4032 verba
2755 3981 2965 4033 Eusebii
3027 3996 3147 4048 quae
3186 3979 3629 4034 commemoravit

2033 4047 2341 4113 Stoscbins,
2403 4049 2454 4101 in
2520 4050 2710 4118 greecis
2753 4065 2903 4111 esse,
2956 4057 3007 4105 οὗ
3046 4047 3223 4103 nam;
3275 4069 3362 4105 τῶν
3416 4059 3628 4102 nimim

2032 4124 2180 4177 αὐτῆς
2202 4123 2562 4186 ἐμνημὸνευσειν,
2597 4135 2713 4188 quae
2759 4123 2918 4173 vertit
2964 4121 3177 4188 quidem
3227 4121 3505 4182 Valesius,
3533 4119 3625 4170 Sed

2032 4191 2118 4242 vix
2156 4201 2434 4252 accurate,
2503 4191 2655 4258 pauci
2703 4191 2977 4242 admodum
3004 4207 3065 4243 ex
3091 4190 3474 4251 vetustim‘ibus;
3527 4188 3626 4240 etsi

2032 4259 2214 4314 forsan
2261 4263 2326 4314 ita
2357 4260 2700 4331 loqui.etiam
2746 4261 2962 4316 Eusebii
3004 4263 3334 4326 temporibus
3365 4260 3624 4331 licuisset,

2035 4347 2192 4391 imm.
2244 4333 2288 4385 si
2331 4330 2441 4402 qui
2469 4343 2592 4385 sunt
2648 4347 2842 4401 praeter
2881 4332 3164 4397 il‘Ctt;l‘tttll,
3207 4332 3298 4387 lib.
3343 4347 3414 4396 tv,
3461 4344 3510 4384 c.
3561 4330 3627 4384 16

2033 4403 2136 4457 vel.
2197 4403 2286 4466 50,
2337 4405 2490 4473 pauci
2544 4404 2777 4458 existunt
2826 4421 2854 4456 e
2895 4405 3245 4471 scriptoribus
3269 4402 3503 4458 Eusebio
3529 4418 3623 4454 ve-

2035 4476 2345 4529 tttstioribus
2366 4518 2380 4540 ,
2415 4491 2555 4530 nunc
2585 4476 2987 4544 superstitibus,
3020 4478 3107 4545 qui
3141 4475 3276 4530 hanc
3332 4474 3624 4544 Epistolam

2034 4556 2218 4615 aperte
2245 4546 2566 4601 adduxerim
2592 4565 2605 4610 ;
2636 4547 2874 4601 nonnulli
2924 4557 3099 4601 tamen
3146 4548 3232 4601 alii
3281 4548 3502 4600 istorum
3537 4563 3627 4598 su-

2036 4619 2318 4686 perstitum
2342 4618 2407 4672 ad
2440 4619 2631 4686 ipSatn,
2666 4621 2930 4688 przecipue
2962 4619 3048 4672 ubi
3076 4619 3626 4674 VeterisTestamcnti

2036 4689 2136 4743 loci
2195 4690 2245 4740 in
2293 4704 2354 4742 ea
2401 4689 2778 4757 adducuntur,
2841 4701 3059 4760 possunt
3119 4693 3427 4760 respicere.
3470 4691 3627 4760 Certe

2035 4775 2156 4813 mox
2204 4770 2520 4814 ostensurus
2574 4777 2690 4819 sum
2758 4759 2944 4814 omnes
3000 4759 3266 4830 Epistolas
3329 4759 3625 4814 catholicas

2032 4846 2060 4884 a
2115 4831 2388 4886 Clemente
2419 4833 2781 4886 Alexandrino
2832 4833 2884 4886 in
2915 4831 3472 4903 Hypotgposibussnis
3501 4831 3625 4903 bre-

2034 4903 2169 4956 viter
2219 4915 2495 4957 enarratas
2525 4903 2705 4958 fuisse.
2741 4904 2875 4958 Tum
2925 4901 3052 4958 vero
3095 4901 3126 4956 ξι
3157 4903 3307 4971 Syris
3333 4901 3623 4970 Epistolam

2032 4972 2214 5027 Jacobi
2247 4985 2516 5039 receptam
2539 4990 2679 5040 esse,
2700 4974 2861 5029 refert
2893 4973 3150 5027 Cztttsmas
3177 4973 3621 5036 ludicopleustes,

2033 5045 2095 5096 de
2136 5044 2330 5098 Mundo
2380 5046 2472 5097 lib.
2529 5061 2614 5106 vn,
2662 5061 2778 5114 pag.
2856 5044 2965 5098 9.9:).
3013 5045 3144 5098 edit.
3218 5042 3620 5114 Montl'aueon.;

2033 5115 2328 5183 eademque
2355 5115 2577 5183 epistola
2602 5111 2927 5169 inversione
2950 5130 3163 5182 semper
3182 5112 3355 5166 extitit
3379 5111 3621 5181 Syriaca,

2033 5187 2164 5240 sicut
2219 5201 2318 5237 uua
2375 5186 2476 5237 alia
2529 5195 2785 5254 prieterea
2811 5203 2872 5238 ex
2912 5195 3116 5252 septem
3149 5183 3438 5254 Scripturis
3483 5187 3620 5237 ἀντιο

2033 5264 2299 5323 ὶεγομξνκις
2329 5297 2344 5320 ,
2396 5253 2630 5322 Epistula
2671 5256 2734 5308 ad
2781 5256 3052 5310 llebriros.
3083 5285 3152 5294 —
3180 5254 3268 5308 lll.
3297 5253 3532 5319 Denique
3557 5254 3623 5305 de

2034 5327 2203 5380 Tertia
2249 5325 2482 5395 Epistola
2515 5326 2574 5380 S.
2603 5326 2821 5378 Joannis
2850 5327 2964 5379 lttcc
2990 5327 3179 5379 addam
3203 5333 3620 5395 commentatum

2031 5399 2243 5466 quidem
2278 5394 2438 5450 tuisSe
2492 5397 2542 5450 iit
2598 5397 2731 5450 duas
2763 5398 2964 5464 priores
3014 5396 3174 5466 hujus
3200 5394 3429 5464 apostoli
3467 5395 3624 5463 Epis-

2033 5469 2168 5520 tolas
2204 5467 2452 5522 eumdem
2480 5467 2850 5533 Clementem,
2887 5468 2937 5523 id
2982 5476 3210 5522 testante
3242 5469 3292 5520 in
3323 5467 3412 5519 lib.
3450 5466 3622 5536 primo

2031 5538 2182 5592 Dicin
2221 5537 2512 5592 Lectionum
2553 5538 2899 5604 Cassiodoro,
2971 5554 3088 5609 cap.
3136 5540 3191 5602 8,
3251 5539 3416 5609 immo
3495 5553 3622 5590 vero

2029 5621 2242 5665 exstare
2294 5609 2469 5664 adhuc
2529 5626 2646 5679 qme
2704 5607 3080 5664 adscribuntur
3150 5607 3411 5664 Clementi
3463 5609 3615 5661 Alex.

2029 5681 2451 5735 Adumbrationes
2480 5682 2529 5734 iti
2563 5683 2657 5735 bas
2685 5682 2814 5735 duas
2842 5682 3124 5749 Epistolas,
3156 5695 3260 5733 non
3290 5680 3339 5749 iu
3369 5679 3578 5731 tertiam
3603 5695 3618 5742 ;

2029 5754 2121 5806 sed
2170 5764 2342 5806 lmuen
2392 5753 2602 5806 tradere
2660 5748 2948 5806 Eusebium
2997 5752 3087 5804 liti.
3150 5767 3222 5812 vr,
3291 5748 3423 5802 Hist.
3497 5763 3616 5819 cap.

2031 5824 2114 5889 14,
2147 5824 2475 5878 Clementem
2507 5827 2557 5878 in
2590 5824 2736 5878 libris
2784 5830 3121 5880 ὑποτυτωσέων
3156 5822 3392 5876 omnium
3420 5822 3618 5874 utrius-

2028 5909 2132 5965 que
2163 5894 2492 5952 Testameuti
2548 5894 2942 5965 Scripturarum
2995 5895 3428 5967 compendiosam
3463 5891 3616 5946 iusti-
