4156 6282
518 268 622 327 193

1350 265 1442 322 DE
1487 263 1642 324 VITA
1674 263 1762 323 ET
1799 263 2109 324 SCRIPTIS
2139 260 2351 323 MARCI
2388 262 2643 321 MlNUCll
2692 261 2983 321 FELICIS.

3712 264 3812 321 196

513 386 871 456 Hieronymus
903 384 982 457 (ι)
1011 385 1113 438 hoc
1138 385 1313 455 palam
1342 392 1635 454 aperteque
1657 392 1987 439 asseverant.
2022 381 2105 452 lp-
2131 381 2183 442 A
2210 398 2314 452 quo
2339 389 2579 452 tempore
2598 381 2804 436 scilicet
2824 380 3053 435 ethnicm
3075 378 3441 451 superstitioni
3464 386 3610 436 esset
3634 380 3810 436 adhuc

511 487 683 532 semet
711 492 838 531 vero
868 476 1126 530 Minucius
1160 475 1309 529 initio
1350 476 1427 529 sui
1459 476 1576 529 libri
1622 474 1697 546 (ἑ)
1737 476 1921 530 scribit
1947 474 2107 529 Octa-

512 572 657 625 vium
687 572 751 625 ad
793 586 851 625 se
900 570 1122 623 Romam
1168 570 1412 635 venisse,
1446 581 1605 640 atqtte
1637 584 1739 623 una
1772 584 1892 622 cum
1921 583 2021 629 eo,
2054 575 2110 621 et

511 666 681 718 altero
706 665 903 717 comite
928 664 1081 732 paulo
1110 674 1227 734 post
1264 663 1466 718 Ostiam
1503 664 1756 731 petivisse
1786 676 1799 715 :
1830 678 1846 711 t
1877 660 2009 715 Cum
2043 660 2109 714 ad

512 757 831 810 vindemiam
860 799 875 822 ,
909 758 1110 826 inquit,
1142 756 1286 811 feriae
1314 757 1647 827 jndieiariatn
1680 771 1860 809 curam
1894 754 2106 808 relaxa-

512 858 714 913 verant,
760 868 777 900 ι
812 849 860 902 id
891 860 990 908 est.
1016 864 1137 903 cum
1165 866 1194 903 a
1224 848 1418 903 forensi
1454 848 1654 911 labore,
1688 862 1792 915 quo
1824 862 1915 914 per
1940 855 2107 899 totum

512 957 708 995 annum
756 940 1567 1009 occupabatur,‘vindcmiarum
1602 949 1842 1007 tempore
1870 944 2105 991 vacaret.

510 1035 698 1089 Nonne
726 1033 885 1086 etiam
913 1032 1164 1087 Octavius
1194 1032 1260 1087 de
1289 1048 1348 1088 se
1379 1032 1495 1102 ipso
1520 1074 1532 1094 ,
1561 1042 1614 1086 et
1640 1032 1704 1085 de
1736 1031 1989 1094 Minucio,
2026 1029 2109 1084 vel

510 1125 687 1195 potius
714 1124 927 1178 Minucii
952 1132 1156 1178 tantum
1180 1126 1395 1178 nomine
1424 1124 1589 1179 dixit:
1627 1141 1643 1173 t
1682 1122 1797 1176 Non
1830 1131 2004 1176 tamen
2034 1136 2111 1176 sa-

509 1219 737 1287 crilegos
792 1217 1002 1287 aliquos
1048 1226 1101 1271 et
1128 1218 1381 1280 incestos,
1418 1214 1709 1285 parricidas
1739 1217 1897 1268 etiam
1922 1214 2109 1267 defen-

511 1309 718 1365 dendos
750 1321 803 1364 et
833 1308 1059 1364 tuendos
1090 1312 1512 1380 suscipiebamus
1547 1326 1561 1363 ε
1593 1309 1691 1363 bos
1722 1324 1872 1374 vero,
1909 1326 1926 1359 ι
1964 1306 2113 1361 scili-

509 1413 598 1458 cet
628 1403 964 1456 Christianos
990 1444 1004 1466 ,
1059 1421 1076 1454 t
1115 1420 1212 1457 nec
1256 1403 1552 1458 audiendos
1583 1406 1632 1456 in
1682 1409 1847 1455 totum
1882 1402 2107 1470 putaba-

509 1510 626 1549 mus
644 1496 747 1565 (5).
774 1512 791 1545 ι
820 1494 898 1547 Ex
917 1494 1110 1563 quibus
1129 1494 1295 1564 liquet
1328 1495 1500 1561 illum,
1522 1509 1643 1548 eum
1670 1494 1917 1548 etlmicus
1938 1492 2111 1547 adhuc

512 1598 678 1653 esset,
704 1585 955 1640 causidici
986 1603 1178 1641 munus
1209 1587 1426 1643 obiisse.

580 1677 665 1732 III.
714 1706 784 1716 -—
822 1675 1013 1731 Verum
1046 1689 1225 1731 nostra
1256 1686 1413 1732 aetate
1440 1678 1519 1732 vir
1548 1678 1852 1733 acerrimini
1885 1677 2108 1747 ingenii,

2213 474 2476 541 addictus,
2506 474 2762 528 causidici
2794 490 3015 528 munere
3042 473 3206 529 fuisse
3238 474 3594 545 perfunctum.
3631 473 3810 544 Neque

2215 588 2343 625 vero
2370 572 2491 639 jure
2521 571 2639 641 quis
2689 581 2897 640 regerat
2954 570 3234 624 Octavium
3279 571 3361 623 hic
3392 586 3421 623 a
3466 569 3701 623 Minucio
3743 569 3813 622 ita

2215 664 2524 734 loquentem
2570 663 2785 727 induci;
2831 662 3074 732 adeoque
3106 662 3232 716 illud
3264 678 3427 716 unum
3478 673 3534 715 ut
3581 662 3815 716 maxime

2216 757 2341 811 inde
2364 758 2539 828 colligi
2583 771 2761 823 posse,
2794 756 3071 811 Octavium
3103 756 3341 825 quidem,
3379 772 3483 809 non
3511 763 3687 808 autem
3714 754 3812 808 Mi-

2216 849 2428 903 nucium
2451 890 2465 913 ,
2512 864 2792 902 causarum
2828 857 3107 916 patronum
3136 848 3330 917 egisse.
3361 847 3491 913 Quis
3517 847 3697 912 enim,
3730 847 3813 901 itt-

2215 945 2330 1012 qnit
2357 942 2437 997 vir
2467 942 2709 997 eruditus
2736 938 2841 1012 (I),
2875 941 3039 1010 probe
3070 957 3173 993 non
3221 940 3485 1009 intelligat
3536 940 3810 993 Octavium

2219 1037 2295 1091 vel
2325 1035 2391 1091 de
2416 1052 2476 1091 se
2506 1037 2640 1105 ipso,
2669 1035 2842 1105 deque
2865 1033 3095 1087 Minucio
3120 1032 3301 1096 simul,
3324 1034 3405 1086 vel
3437 1032 3610 1101 potius
3642 1031 3815 1086 Minu-

2216 1132 2285 1184 cii
2320 1138 2522 1184 tantum
2553 1129 2767 1183 nomine
2792 1128 3024 1192 dixisse,
3054 1144 3072 1178 ι
3107 1140 3165 1181 se
3187 1126 3474 1195 aliquando
3501 1125 3814 1195 sacrilegos,

2217 1228 2270 1275 ct
2303 1222 2555 1283 incestos,
2591 1218 2881 1289 parricidas
2906 1219 3090 1283 etiam,
3120 1216 3490 1272 defendendos
3512 1224 3566 1270 et
3589 1216 3816 1271 tuendos

2218 1313 2553 1380 suscepisse;
2581 1312 2914 1368 Christianos
2943 1326 3070 1368 vero
3096 1326 3195 1366 nec
3233 1310 3533 1365 audiendos
3563 1311 3613 1364 in
3650 1320 3814 1365 totum

2219 1416 2433 1477 putasse
2454 1407 2476 1459 ?
2511 1424 2530 1458 ι

2290 1501 2379 1557 lV.
2424 1531 2496 1542 ——
2536 1500 2686 1569 Quod
2717 1499 2761 1554 si
2785 1514 2894 1554 rem
2926 1500 2995 1553 ita
3028 1512 3085 1552 se
3120 1496 3318 1551 habere
3357 1496 3695 1566 perspicuum
3728 1495 3817 1560 sit,

2218 1593 2349 1649 illud
2381 1610 2592 1664 quoque
2640 1607 2978 1661 consequens
3010 1589 3203 1653 fuerit,
3231 1587 3515 1642 Minucium
3554 1599 3817 1653 nostrum,

2217 1687 2377 1740 etiam
2408 1694 2527 1755 post
2563 1685 2871 1760 christiana;
2898 1681 3174 1751 religionis
3203 1680 3611 1747 professionem,
3652 1681 3700 1733 in
3731 1695 3822 1734 co-

509 1768 876 1831 lleunnannuS.
896 1768 1125 1823 dubitari
1156 1770 1219 1824 de
1252 1780 1390 1824 statu
1423 1768 1667 1837 Minucii.
1696 1786 1927 1839 eumque
1952 1787 1981 1824 e
2012 1786 2112 1824 nu-
2141 1772 2190 1833 B
2220 1777 2339 1831 dem
2369 1790 2590 1830 munere
2618 1776 2865 1829 obeundo
2894 1774 3216 1843 perstitisse.
3238 1772 3509 1842 Siquidem
3540 1772 3821 1826 Octavium

512 1875 661 1914 mero
714 1859 1106 1914 causidicorum
1162 1859 1277 1914 sive
1326 1860 1831 1931 juriscousultorunt
1864 1862 2109 1915 eximen-

508 1953 635 2007 dum
668 1968 789 2008 esse
817 1954 1020 2008 censuit
1067 1951 1169 2023 (4).
1207 1952 1466 2007 Nimirum
1491 1995 1503 2017 ,
1536 1954 1707 2023 inquit
1741 1954 2108 2017 Hetnnanuus,

511 2044 854 2108 Lactantius,
889 2046 976 2114 qui
1010 2046 1214 2115 primus
1246 2046 1484 2099 omnium
1518 2046 1659 2099 inter
1686 2047 2020 2115 antiquiores
2046 2060 2111 2100 eo

510 2154 734 2192 munere
762 2138 1001 2192 functum
1032 2154 1151 2193 esse
1183 2138 1469 2192 Minucium
1504 2140 1787 2207 perhibere
1826 2140 2109 2193 existima»

512 2238 616 2293 tur,
642 2230 877 2299 appellat
910 2230 1057 2284 illum
1086 2228 1301 2300 quidem
1337 2248 1355 2282 t
1387 2230 1713 2284 causidicum
1740 2247 1753 2293 ;
1785 2248 1804 2281 ι
1840 2245 1902 2284 ea
1932 2241 2111 2284 tamen

509 2325 740 2393 eleganti
773 2325 993 2379 notione
1022 2366 1036 2390 ,
1066 2340 1169 2394 qua
1199 2326 1371 2393 ipsum
1406 2340 1511 2377 non
1558 2341 1577 2374 ς
1614 2323 1880 2378 forensem
1910 2365 1922 2386 ,
1961 2340 1978 2373 ι
2017 2321 2114 2377 sed

516 2432 534 2465 ι
572 2414 880 2469 Christianae
933 2416 1208 2485 religionis
1248 2432 1266 2466 ι
1346 2414 1675 2469 causidicum
1722 2415 1906 2467 innuat
1948 2432 1959 2466 :
2006 2428 2113 2483 quo

511 2508 681 2563 semel
713 2508 888 2578 posito
914 2550 929 2575 ,
994 2507 1256 2562 Lactantii
1307 2509 1467 2563 verba
1515 2522 1797 2577 perperam
1838 2508 2114 2577 accepisse

514 2602 898 2672 llier0nymum
925 2601 1217 2656 arbitratur
1243 2619 1254 2654 :
1292 2601 1418 2670 quin
1449 2609 1501 2654 et
1526 2614 1591 2655 eo
1622 2600 1884 2669 procedit,
1923 2608 1981 2653 ut
2010 2599 2111 2653 sibi

516 2694 901 2763 propemodum
955 2692 1273 2761 persuadeat
1339 2691 1478 2745 haud
1527 2692 1810 2759 scripsisse
1887 2689 2112 2743 Lactan-

516 2786 645 2840 tiutn
680 2803 691 2838 :
727 2805 745 2837 t
783 2785 1045 2839 Minucius
1078 2786 1223 2839 Felix
1257 2801 1361 2837 non
1396 2783 1644 2854 ignobilis
1691 2784 1827 2837 inter
1884 2782 2112 2835 causidi-
2139 2830 2151 2843 ,

512 2891 605 2931 eos
638 2877 779 2943 loci,
817 2894 835 2928 ι
898 2878 989 2931 sed
1041 2895 1059 2927 t
1098 2892 1200 2931 non
1236 2876 1480 2947 ignobilis
1511 2875 1648 2929 inter
1675 2874 1974 2928 causidicos
2006 2875 2109 2928 Ec-

513 2969 693 3023 clesia:
733 2970 849 3023 fuit.
895 2990 912 3022 ι
944 2970 1160 3024 Scilicet
1184 2971 1291 3036 ait,
1320 2984 1385 3022 ex
1428 2966 1806 3035 compendiosa
1848 2967 2110 3034 scriptura

496 3059 652 3114 'Ecce
680 3076 776 3130 pro
805 3059 1048 3115 Ecclesia:
1075 3102 1089 3125 ,
1126 3061 1280 3114 facile
1312 3060 1409 3111 loci
1431 3099 1444 3121 ,
1478 3060 1621 3111 nasci
1661 3058 1851 3126 potuit.
1888 3058 1953 3110 At
1983 3072 2113 3125 ope-

2218 1870 2280 1923 a.l
2310 1885 2368 1923 se
2402 1869 2622 1921 Romam
2655 1871 2863 1921 venisse
2906 1866 3091 1921 scribit
3126 1866 3203 1932 (Ξ)
3233 1905 3247 1929 ,
3285 1884 3301 1915 t
3338 1881 3497 1933 quum
3538 1864 3604 1919 ad
3638 1865 3821 1919 vindec

2218 1964 2381 2018 iniam
2444 1962 2587 2016 feria:
2637 1961 2973 2030 judiciariam
3030 1976 3210 2027 curant
3254 1960 3658 2022 relaxaverant;
3699 1977 3715 2009 ι
3766 1958 3819 2013 id

2219 2067 2334 2121 est,
2368 2071 2488 2109 cum
2520 2071 2547 2108 a
2599 2054 2795 2107 forensi
2847 2053 3063 2118 labore,
3099 2068 3204 2122 quo
3248 2067 3343 2122 per
3389 2053 3652 2119 reliquum
3695 2050 3837 2121 anni~

2221 2157 2431 2215 tempus
2461 2145 2835 2210 distinebatur,
2873 2143 3303 2198 ineuntbentibus
3326 2144 3721 2197 autumnalibus
3745 2143 3822 2198 fe-

2220 2239 2311 2292 riis
2341 2247 2573 2291 vacaret.
2607 2237 2787 2306 Neque
2813 2245 2895 2289 est
2946 2235 3161 2289 demum
3188 2250 3284 2289 cur
3306 2237 3426 2304 quis
3449 2236 3669 2289 miretur
3694 2249 3816 2288 cum

2220 2332 2477 2386 Balduino
2509 2332 2615 2401 (ὅ),
2655 2349 2671 2381 ι
2712 2332 2760 2382 in
2794 2339 2898 2383 tam
2931 2328 3156 2399 profano
3190 2340 3241 2382 et
3280 2329 3493 2383 inimico
3537 2329 3649 2381 foro
3691 2343 3818 2382 con-

2219 2427 2409 2480 sistere
2441 2424 2765 2477 causidicnm
2800 2424 2942 2491 pium
2992 2422 3263 2491 potuisse;
3308 2443 3325 2474 ›
3360 2437 3422 2476 ac
3454 2422 3677 2492 proinde
3711 2436 3818 2476 non

2219 2526 2299 2571 est
2349 2532 2444 2570 cur
2489 2515 2610 2568 inde
2657 2516 2830 2583 potius
2884 2513 3101 2585 colligat
3152 2513 3497 2569 licutnannus
3529 2515 3609 2585 (4)
3654 2513 3823 2567 Minu-

2219 2608 2360 2661 eintn
2409 2605 2734 2660 causidicum
2765 2606 2989 2659 Romani
3041 2606 3138 2658 fori
3189 2604 3596 2675 haudquaquam
3632 2604 3819 2659 fuisse.

2226 2718 2241 2750 t
2284 2697 2345 2752 lli
2372 2699 2512 2751 enim
2545 2698 2588 2749 si
2632 2696 3004 2758 considerent,
3047 2696 3221 2750 verbis
3273 2704 3393 2749 ntnr
3422 2694 3699 2750 Mamachii
3725 2695 3823 2749 viri

2218 2792 2289 2845 cl.
2319 2789 2432 2862 (5),
2489 2804 2662 2859 neque
2716 2804 2931 2857 semper
2979 2788 3330 2858 imperatores
3368 2790 3573 2842 cavisse
3618 2804 3684 2843 ne
3730 2789 3821 2858 qui

2221 2892 2461 2936 nostrum
2497 2882 2722 2951 publicis
2752 2881 3064 2935 mnneribtts
3090 2881 3465 2951 fungerentur,
3500 2894 3671 2951 neque
3701 2898 3821 2935 om-

2219 2988 2346 3037 nes,
2381 2973 2533 3027 facile
2561 2973 2778 3043 quidem
2810 2983 2957 3027 ecrte
2986 2973 3383 3028 confitebuntur
3412 2974 3568 3027 tertio
3598 2975 3819 3038 saeculo,

2217 3080 2324 3135 quo
2353 3065 2643 3133 Septimius
2672 3065 2903 3118 Severus
2947 3066 3152 3133 :cquior
3178 3064 3471 3133 aliquando
3512 3080 3673 3134 quam
3726 3063 3823 3118 de-

514 3170 628 3208 rant
661 3154 843 3207 ludere
871 3158 951 3207 vir
974 3154 1191 3207 criticus
1212 3153 1557 3221 cotnperitnr.
1589 3150 1738 3204 Mitto
1766 3150 1937 3203 locum
1963 3150 2109 3202 illum
2138 3154 2183 3216 C
2217 3172 2463 3211 cessares
2509 3157 2589 3210 sui
2636 3166 3028 3211 consueverant
3058 3198 3070 3222 ,
3123 3158 3320 3210 nostris
3350 3155 3456 3226 (6),
3500 3166 3553 3210 et
3591 3156 3823 3211 Alexan-

515 3245 877 3300 Minucianum
908 3244 1065 3298 modo
1092 3242 1386 3310 laudatum,
1417 3257 1576 3314 quem
1608 3257 1769 3296 unum
1803 3240 1952 3305 vidit,
1983 3240 2107 3294 alio-

515 3355 619 3410 que
649 3339 876 3394 detorsit
908 3338 1275 3393 Heumannus.
1307 3337 1456 3391 Licet
1487 3336 1629 3390 enim
1655 3350 1719 3389 ex
1747 3334 1865 3403 ejus
1892 3341 2109 3388 senten-

516 3433 588 3485 tia
618 3433 777 3486 verba
809 3432 954 3485 illius
992 3431 1093 3484 loci
1124 3431 1300 3483 minus
1340 3438 1461 3497 apta
1490 3428 1883 3492 existimentur,
1917 3426 2109 3495 quibus

514 3524 774 3594 ejusmodi
815 3524 879 3578 lis
918 3524 1229 3586 dirimatur;
1262 3522 1386 3576 alibi
1421 3531 1598 3575 tamen
1628 3518 1763 3575 adeo
1804 3517 2104 3574 luculenter

516 3632 666 3671 suam
696 3630 911 3669 causam
964 3623 1178 3683 perorat
1209 3623 1389 3667 noster
1423 3629 1442 3664 t
1479 3611 1783 3666 causidicus
1807 3652 1821 3677 ,
1860 3630 1878 3661 ι
1916 3620 1969 3665 et
1994 3610 2110 3679 qui-

514 3707 635 3763 dem
664 3724 682 3757 t
720 3722 822 3761 non
854 3706 1100 3776 ignobilis
1127 3705 1265 3769 loci;
1303 3722 1319 3755 ι
1358 3712 1414 3757 ut
1438 3719 1594 3757 nemo
1623 3704 1780 3771 plane
1809 3700 1968 3755 fuerit
1994 3700 2107 3769 qui,

514 3799 652 3869 tequi
678 3798 875 3869 jndicis
907 3806 1084 3867 partes
1122 3796 1221 3850 sibi
1249 3810 1466 3849 sumens
1490 3833 1505 3861 ,
1540 3794 1686 3861 iuxta
1718 3793 1884 3863 ipsius
1918 3792 2112 3862 placita

514 3890 835 3945 sententiam
879 3888 1020 3944 ferre
1054 3888 1336 3943 detrectet.
1368 3887 1457 3941 Sic
1487 3887 1644 3956 igitur
1672 3886 1761 3939 ille
1788 3882 1866 3956 (5)
1896 3902 1910 3940 :
1948 3901 1966 3934 ι
2005 3878 2112 3938 Nos

513 3994 633 4033 cum
665 3979 953 4049 sacrilegos
985 3980 1218 4046 aliquos,
1250 3988 1299 4032 et
1327 3978 1560 4032 incestos
1580 4021 1592 4042 ,
1630 3977 1923 4046 parricidas
1949 3976 2111 4030 etiam

513 4070 918 4135 defendendos,
953 4079 1008 4124 et
1056 4070 1282 4124 tuendos
1313 4069 1775 4138 suscipiebamus;
1812 4071 1908 4121 hos
1934 4066 2113 4135 (Chri-

512 4163 741 4235 stianas)
775 4179 875 4218 nec
923 4162 1219 4217 audiendos
1251 4163 1303 4215 in
1351 4171 1521 4216 totum
1569 4161 1908 4231 putabamus.
1943 4178 1961 4211 ι
2013 4157 2113 4213 Ubi

513 4256 807 4311 notandum
848 4255 900 4309 in
936 4255 1124 4325 primis
1157 4254 1376 4309 verbum
1417 4253 1871 4322 suscipiebamus,
1902 4266 1964 4306 ex
1997 4250 2113 4305 foro

511 4356 813 4417 sumptum,
849 4354 904 4399 ut
932 4344 999 4400 ad
1025 4361 1146 4400 cum
1179 4345 1355 4399 locum
1380 4361 1446 4400 ex
1475 4345 1749 4400 Wowerio
1774 4343 2113 4397 animadver-

510 4454 651 4493 sum.
690 4457 708 4490 ι
738 4437 981 4506 Suscepti
1012 4456 1030 4488 ι
1065 4437 1206 4491 enim
1241 4454 1261 4487 ε
1297 4437 1539 4491 clientes.
1580 4453 1598 4485 ι
1635 4434 1863 4492 Servius
1889 4433 1956 4487 ad
1983 4433 2111 4488 illttd

511 4529 863 4599 Virgilianum
895 4524 977 4597 (6)
1007 4543 1021 4580 :

974 4639 1037 4690 Et
1058 4638 1190 4689 fraus
1212 4640 1395 4689 innexa
1418 4639 1586 4689 clienti
1619 4676 1628 4685 .

516 4765 533 4799 t
572 4745 701 4801 Vult
731 4784 746 4810 ,
790 4745 981 4814 inquit,
1042 4744 1258 4813 intelligi
1302 4746 1745 4815 przevaricatores
1784 4745 1872 4815 qui
1898 4744 2109 4814 patroni

508 4849 637 4895 sunt
663 4839 964 4904 clientium,
1005 4850 1140 4908 quos
1171 4852 1311 4891 nunc
1339 4846 1617 4907 susceptos
1653 4856 1671 4888 ι
1703 4852 1974 4891 vocamus.
2002 4838 2103 4892 Re-

508 4931 649 5000 liqua
680 4945 839 4999 porro
866 4929 1151 4983 Minueiaui
1182 4938 1486 4994 contextus,
1511 4944 1669 4999 quem
1702 4928 2103 4998 descripsimus,

507 5026 579 5078 ita
627 5024 904 5078 conterere
935 5031 1229 5076 noscuntur
1266 5023 1529 5092 ejusmodi
1560 5022 1703 5075 vocis
1748 5021 1885 5074 illius
1915 5036 2106 5089 accep-

507 5120 660 5185 tioni,
690 5126 748 5172 ut
771 5118 1011 5187 quisquis
1034 5117 1295 5186 integram
1319 5118 1553 5169 auctoris
1581 5115 1902 5169 sententiam
1934 5114 2105 5183 inspi-

506 5210 630 5275 ciat,
690 5208 918 5263 fateatur
987 5216 1236 5275 Oporteat
1307 5209 1481 5276 ipsum
1550 5207 1838 5275 aliquando
1888 5206 2103 5267 saltem.

501 5349 561 5473 iu
575 5346 655 5418 (l)
695 5347 1009 5419 Hieronym.
1030 5347 1083 5401 in
1111 5344 1372 5416 Catalog.,
1395 5359 1513 5415 cap.
1543 5344 1635 5412 58,
1660 5356 1713 5399 et
1738 5344 1908 5416 Epist.
1941 5344 2011 5399 83
2036 5343 2105 5397 ad

567 5436 780 5473 uanum.

567 5436 780 5472 annum.

575 5437 780 5487 agnum.

575 5490 657 5558 (2)
701 5488 896 5559 Minue.
927 5490 979 5543 in
1001 5488 1235 5559 Dialog.,
1256 5501 1377 5558 cap.
1400 5488 1455 5541 2.

598 5561 652 5628 5)
695 5558 864 5621 Idem,
891 5576 1008 5627 cap.
1043 5560 1132 5613 28.

598 5633 650 5698 4)
694 5632 992 5701 Heutttautt.
1028 5630 1237 5699 Purcrg.
1272 5628 1511 5696 Gmlliug.
1546 5644 1596 5693 x,
1623 5644 1741 5701 pag.
1767 5628 2027 5685 208312.

596 5703 650 5768 5)
690 5700 888 5757 Minue.
922 5700 1157 5770 Dialoq,
1188 5716 1305 5769 cap.
1342 5701 1434 5753 9-8.

492 5834 498 5843 _
689 5771 869 5843 Virgil.
904 5769 1124 5829 zEueid.
1165 5787 1235 5840 v1,
1270 5771 1396 5827 609.

2209 3249 2306 3303 der
2326 3248 2405 3321 (ἶ)
2436 3257 2489 3303 et
2528 3247 2759 3317 Philippi
2791 3247 3014 3318 Augusti
3042 3288 3056 3311 ,
3100 3249 3188 3317 qui
3222 3246 3357 3302 nihil
3404 3246 3689 3303 adversum
3721 3261 3822 3303 nos

2209 3339 2607 3397 decernendum
2660 3341 3102 3395 existimaverunt
3147 3339 3269 3411 (8),
3320 3339 3499 3409 adepti
3544 3348 3690 3404 sunt,
3740 3339 3822 3393 fas

2212 3432 2377 3488 fuisse
2409 3433 2719 3488 Christiano
2764 3434 2877 3486 viro
2905 3434 2957 3486 in
2998 3432 3170 3487 forum
3195 3432 3400 3503 venire,
3437 3432 3821 3501 patrocinium-

2211 3540 2313 3596 que
2343 3540 2529 3581 eorum
2561 3526 2833 3595 suscipere
2887 3539 3023 3594 quos
3077 3533 3169 3576 aut
3204 3523 3397 3592 injuria
3449 3522 3667 3576 affectos
3725 3531 3821 3576 aut

2213 3617 2369 3671 bonis
2397 3618 2591 3687 injuste
2620 3620 2854 3686 privatos
2883 3615 3045 3670 fuisse
3073 3616 3452 3670 arbitraretur.
3496 3635 3512 3666 ι
3551 3614 3817 3668 Arnobius

2214 3712 2491 3767 enimvero
2542 3720 2768 3764 testatur
2830 3708 2907 3780 (9)
2971 3727 2987 3758 (
3030 3709 3236 3778 magnis
3290 3707 3520 3778 ingeniis
3566 3708 3819 3777 prmditos

2215 3815 2477 3869 oratores,
2505 3813 2559 3859 et
2590 3804 2865 3858 consultos
2894 3802 3027 3872 juris
3065 3802 3366 3871 magisteria
3399 3802 3688 3856 christiana
3720 3818 3820 3857 ex-

2214 3898 2453 3968 petiisse,
2509 3898 2702 3968 spretis
2746 3896 2938 3963 quibus
2982 3895 3143 3964 paulo
3200 3904 3323 3948 ante
3376 3894 3632 3947 lidebant.
3666 3911 3683 3943 ι
3744 3890 3817 3948 Et

2219 3994 2340 4061 quis
2373 4004 2502 4046 vero
2530 3989 2739 4044 dubitet
2769 3988 3064 4043 Arnobium
3095 3986 3179 4040 his
3218 3986 3400 4040 verbis
3427 3985 3493 4039 ad
3532 3984 3816 4038 Minucium

2218 4096 2493 4149 nostrum,
2525 4086 2685 4136 immo
2713 4099 2866 4136 suum
2890 4122 2903 4143 ,
2930 4082 3265 4149 respexisse,
3296 4094 3455 4148 quem
3491 4080 3627 4131 inter
3656 4078 3808 4143 ejus-

2217 4177 2362 4231 modi
2388 4186 2631 4231 oratores
2658 4185 2710 4230 et
2734 4174 3149 4243 jurisconsultos
3184 4172 3380 4242 primas
3410 4170 3595 4225 tulisse
3645 4170 3818 4238 probe

2218 4270 2661 4336 novct'at‘lQuid,
2694 4268 2834 4339 quod
2868 4268 3245 4326 Tertullianus.
3277 4284 3295 4316 t
3330 4264 3577 4319 Hesterni
3603 4277 3818 4329 sumus,

2218 4364 2490 4433 inquiebat
2512 4362 2651 4434 (10),
2680 4371 2734 4416 et
2760 4371 2935 4416 vestra
2963 4361 3138 4415 omnia
3171 4358 3824 4430 implevimus,urbes,in-

2223 4457 2392 4523 solas,
2441 4457 2683 4519 castella,
2714 4455 3027 4525 municipia,
3060 4453 3435 4519 conciliabula,
3466 4460 3639 4507 castra
3681 4451 3820 4519 ipsa,

2142 4540 2198 4600 Ῑ)
2226 4556 2415 4621 tribus,
2443 4554 2712 4618 decurias,
2740 4560 3005 4618 senatum,
3040 4551 3212 4605 forum
3242 4568 3254 4603 :
3291 4549 3402 4603 sola
3428 4548 3577 4602 vobis
3603 4546 3824 4615 reliqui-

2218 4663 2339 4701 mus
2384 4648 2601 4716 templa.
2646 4665 2662 4698 ›
2719 4646 2905 4701 Deleat
2931 4644 3091 4714 igitur
3134 4658 3201 4697 ex
3251 4642 3361 4695 suis
3390 4639 3632 4708 Parergis
3672 4636 3825 4692 Heu-

2212 4754 2439 4794 mannus
2514 4740 2949 4795 observationem
3000 4736 3144 4790 illam
3203 4749 3305 4805 qua
3356 4732 3643 4788 Minucium
3689 4729 3823 4785 albo

2283 4921 2363 4990 (1)
2404 4920 2477 4974 Le
2501 4917 2728 4986 Nourry,
2759 4918 3037 4987 Apparet,
3058 4923 3198 4990 ‘tom.
3227 4929 3284 4979 tl,
3310 4926 3435 4983 pag.
3475 4911 3563 4965 Η.

2285 4986 2365 5058 (2)
2410 4991 2608 5044 Minue.
2639 4986 2871 5059 Dialog.,
2895 4986 3099 5059 cap.

2310 5053 2363 5128 ὃ)
2409 5063 2649 5115 Balduiu.
2686 5053 2903 5115 Dissert.
2929 5053 2991 5111 de
3018 5054 3380 5128 Minur._Fel.,
3407 5053 3435 5124 ᾗ
3465 5053 3517 5107 5.

2308 5126 2361 5202 4)
2406 5132 2702 5187 lleuntaun.
2736 5133 2838 5184 loc.
2869 5132 3113 5202 cit.,pa_g.
3141 5126 3267 5202 2l2.

2402 5202 2661 5256 Mamach.
2724 5202 2869 5272 Orig.
2926 5194 3201 5261 et'A'ntiq.
3250 5194 3482 5259 Christ.,
3534 5200 3665 5248 tom.
3728 5208 3812 5261 ιιι,

2210 5290 2328 5345 pag.
2363 5274 2469 5329 299
2496 5290 2645 5343 seqq.

2284 5339 2361 5414 (6)
2403 5339 2712 5398 Tertullian.
2746 5345 2813 5414 ad
2841 5341 3079 5414 Scapul.,
3108 5339 3307 5414 cap._4.

2285 5408 2366 5486 (7)
2409 5416 2612 5486 Euseb.
2636 5414 2705 5467 Η.
2733 5413 2801 5467 E.
2836 5412 2926 5486 lib.
2960 5428 3029 5476 vt,
3054 5425 3173 5478 cnp.
3200 5408 3267 5463 16
3293 5416 3350 5464 et
3368 5408 3457 5462 28.

2282 5482 2363 5557 (8)
2404 5486 2479 5541 ld.
2513 5485 2640 5540 ibid.
2676 5482 2915 5557 canum.

2281 5548 2360 5621 (Ὀ)
2404 5558 2604 5610 Arnob.
2646 5548 2761 5608 adv.
2796 5554 2969 5618 Gent.,
2998 5553 3086 5605 lib.
3126 5568 3182 5617 ll,
3205 5566 3323 5621 pag.
3350 5550 3443 5614 21,
3472 5548 3604 5604 edit.
3629 5548 3813 5612 Paris,

2211 5629 2377 5684 1656.
3738 5629 3742 5632 ’

2278 5698 2658 5826 ἕίῖὶῖτρηυιι.
2708 5695 2973 5767 Apologet.
3030 5708 3147 5764 cap.
3178 5694 3245 5749 '57
3271 5735 3285 5760 ,
3328 5692 3413 5749 ed.
3461 5691 3655 5763 Migtte,
3689 5698 3725 5744 t.
3765 5703 3812 5756 1,

2209 5778 2311 5828 col.
2341 5778 2466 5825 ιω.
