4156 6282
249 196 355 255 197

240 317 752 386 jnrisCthultorum
799 316 1128 373 cradendum
1178 319 1446 373 statuebat
1495 338 1506 372 :

245 411 568 466 Firminiani
609 421 663 466 et
694 410 1010 482 Hieronymi
1034 413 1344 478 auctoritas,
1374 414 1732 466 asscrentium
1757 413 1850 466 Mi-

244 505 463 556 nucium
493 502 727 556 Felicem
754 520 858 556 non
887 504 1134 572 ignobilis
1164 503 1267 558 loci
1293 545 1306 569 ,
1339 503 1467 573 quin
1495 511 1550 558 et
1572 504 1840 575 insignem

241 593 387 648 inter
408 594 708 648 causidicos
735 595 921 648 Roma:
941 597 1213 649 exstitisse
1241 595 1342 664 (1).

319 685 743 741 V.—-Minueins
780 689 830 740 in
877 689 1190 757 paganismo
1219 689 1286 743 ab
1308 687 1627 743 incunabilis
1653 688 1848 744 educa-

238 787 329 833 tus
354 777 550 842 fuerat,
584 779 680 833 sed
713 779 765 832 in
814 781 1136 848 provectiori
1180 792 1388 835 aetatea
1429 779 1713 851 gentilium
1759 797 1848 835 su-

233 873 555 941 perstitione
600 871 816 939 defecit,
870 882 924 928 et
974 873 1323 929 christianum
1360 875 1518 938 ﬁdem
1569 877 1846 946 amplexus

233 974 321 1020 est
345 981 360 1030 ;
385 965 839 1033 quemadmodum
869 966 934 1020 de
964 967 1140 1036 seipse
1173 978 1419 1034 testatur,
1451 968 1538 1022 ubi
1587 969 1654 1022 de
1690 969 1848 1024 Octa-

233 1056 329 1109 vio
351 1058 464 1110 bare
483 1056 645 1109 habet
675 1056 754 1127 (2)
787 1073 800 1109 :
837 1075 854 1108 ι
877 1056 1031 1120 Cum,
1061 1057 1303 1113 discussa
1328 1059 1580 1128 caligine,
1602 1059 1670 1115 de
1698 1071 1847 1115 tene-

235 1148 461 1204 brarum
509 1149 778 1219 profundo
825 1151 876 1204 in
928 1151 1099 1206 lucem
1156 1153 1438 1221 sapientia:
1499 1165 1552 1208 et
1604 1155 1847 1208 veritatis

193 1285 196 1291 λ
233 1255 598 1312 emergerem,
621 1257 730 1296 non
758 1245 961 1312 respuit
986 1244 1262 1311 comitem,
1308 1244 1424 1312 sed,
1456 1245 1596 1314 quod
1627 1255 1708 1300 est
1735 1247 1848 1316 glo-

229 1332 438 1397 riosus,
473 1334 773 1402 praecurrit,
805 1353 823 1385 ι
859 1333 910 1388 id
941 1343 1043 1398 est,
1074 1335 1324 1389 Octavius
1353 1352 1437 1388 me
1466 1336 1516 1387 in
1539 1335 1849 1390 Christianae

231 1424 365 1478 ﬁdei
398 1423 734 1493 professione
755 1426 1034 1494 praecessit
1065 1444 1075 1476 :
1109 1425 1249 1494 quod
1280 1435 1334 1480 et
1361 1425 1609 1482 Caecilius
1649 1426 1845 1493 innuit,

235 1514 369 1568 dum
424 1515 631 1582 Dialogi
688 1515 839 1568 initio
898 1515 1190 1570 Minucium
1242 1529 1392 1587 rogat
1445 1535 1463 1568 ι
1500 1528 1574 1581 nt,
1625 1532 1745 1570 cum
1796 1519 1848 1571 in

230 1617 472 1676 utroque
502 1609 624 1661 vita:
667 1624 864 1676 genere
905 1621 1150 1664 versatus
1179 1610 1358 1676 lueris,
1391 1610 1689 1679 repudiaris
1719 1611 1851 1665 alte-

1105 199 1192 255 DE
1237 192 1391 256 vim
1433 201 1516 255 ET
1558 187 1864 256 scm‘rrts
1904 197 2113 255 MARCI
2157 199 2412 258 MINUCII
2455 199 2736 261 FELICIS.

3453 217 3553 272 l98

1566 321 1844 390 vigentque
1873 319 1925 377 A
1954 327 2154 374 tantum
2181 321 2336 376 habet
2367 332 2421 377 et
2445 325 2595 378 salis.
2629 325 2905 394 Ingenium
2937 339 2964 378 a
3006 335 3194 382 natura
3228 329 3327 398 ipsi
3371 330 3550 387 datum

1954 428 2058 467 non
2082 413 2147 467 ad
2178 415 2502 483 tingendum,
2534 417 2626 470 sed
2654 418 2717 471 ad
2754 420 3030 473 veritatem
3057 420 3359 485 dicendam,
3393 439 3550 492 quam

1951 507 2254 562 adulterare
2294 510 2484 564 nescit.
2525 510 2952 566 Christianorum
2983 513 3281 568 doctrinam
3318 518 3555 572 crimini-

1949 597 2049 652 bus
2098 599 2286 653 liberat
2350 615 2469 670 qua:
2511 603 2702 671 pagani
2753 603 2832 658 eis
2887 603 3240 674 objecerant;
3301 606 3555 662 adversa-

1951 690 2261 760 riorumque
2313 694 2607 747 calumnias
2673 695 2725 748 in
2780 695 3016 764 ipsormn
3074 697 3387 768 religionem
3446 709 3553 753 tam

1950 793 2071 851 apte
2117 792 2333 854 tamque
2377 784 2654 841 evidenter
2699 797 2994 858 retorquet,
3039 799 3094 843 ut
3121 806 3201 857 se,
3231 807 3350 846 cum
3399 794 3554 849 malae

1951 889 2126 930 causae
2157 875 2506 931 fortissimum
2540 881 2875 949 maximeque
2903 882 3196 938 timendum
3221 896 3555 954 oppugnato-

1951 984 2088 1032 rem,
2112 979 2220 1023 tum
2244 970 2397 1024 bonae
2426 972 2816 1027 nobilissimum
2843 985 3060 1043 prsestet
3089 990 3372 1043 patronum
3397 977 3496 1050 (l).
3531 996 3548 1029 ι

2031 1060 2494 1116 Vll.—C-.eternm
2522 1062 2590 1118 de
2612 1064 2729 1118 aliis
2757 1065 2967 1120 Minucii
2999 1067 3119 1121 vita:
3145 1068 3329 1137 gestis,
3363 1086 3556 1139 quam-

1952 1152 2042 1206 diu
2072 1155 2280 1218 vixerit,
2313 1156 2643 1225 qualiterque
2674 1169 2912 1212 mortuus
2941 1160 3028 1223 sit,
3063 1161 3227 1213 altum
3276 1161 3416 1229 apud
3461 1176 3558 1215 an-

1954 1244 2132 1314 tiquos
2161 1256 2214 1299 et
2237 1248 2566 1301 recentiores
2597 1248 2889 1318 scriptores
2925 1250 3196 1304 silentimn
3233 1269 3244 1303 :
3279 1265 3454 1317 neque
3491 1252 3558 1306 de

1956 1344 2114 1390 altate
2169 1353 2270 1406 qua
2302 1339 2564 1393 Minucius
2593 1338 2740 1393 Felix
2766 1342 2914 1407 vixit,
2968 1343 3291 1412 scriptorum
3334 1341 3560 1398 habetur

1952 1431 2258 1482 consensio.
2324 1429 2585 1484 Henricus
2652 1431 2960 1487 Dodwellus
3009 1433 3087 1504 (2)
3138 1437 3401 1504 persuasit
3458 1435 3559 1491 sibi

1954 1536 2074 1574 eum
2099 1523 2353 1575 extremis
2380 1523 2536 1576 Marci
2569 1526 2822 1580 Antonini
2858 1530 3186 1596 temporibus
3209 1529 3474 1595 ﬂoruisse,
3506 1540 3562 1585 ct

1956 1612 2120 1666 David
2154 1613 2461 1668 Blondellus
2493 1615 2597 1687 (5),
2628 1618 2773 1671 illum
2802 1622 3059 1688 :rqualem
3111 1621 3234 1676 fecit
3280 1621 3558 1687 Frontoni,

239 1713 396 1763 rum,
447 1699 671 1750 alterum
723 1699 1112 1768 comprobaris,
1152 1719 1169 1750 ι
1209 1715 1402 1768 nempe
1421 1702 1540 1754 licet
1571 1701 1847 1770 gentilium
1879 1708 1927 1766 B
1957 1706 2044 1772 qui
2091 1707 2159 1762 M.
2212 1708 2539 1761 Anmninum
2588 1709 2769 1764 docuit
2798 1711 2938 1766 circa
2963 1729 3157 1766 annum
3190 1713 3386 1768 Christi
3430 1715 3554 1769 160.

238 1792 686 1858 superstitionem
719 1792 1108 1856 repudiaveris,
1132 1799 1368 1846 attamen
1402 1791 1559 1844 [idem
1597 1792 1848 1846 christia-

238 1896 368 1935 nam
429 1882 865 1950 comprobaveris
914 1901 931 1932 ι
968 1883 1018 1935 in
1069 1883 1480 1954 praesentiarum
1529 1891 1728 1950 tamen,
1779 1881 1849 1936 ita

241 1974 342 2026 tibi
373 1973 740 2027 informandus
773 1987 856 2028 eSt
885 1977 1114 2035 animus,
1150 1983 1207 2026 ut
1237 1972 1425 2027 libram
1453 1984 1636 2028 teneas
1665 1977 1853 2045 acquis-

239 2066 372 2118 simi
413 2065 638 2132 judit'ii,
676 2081 774 2120 nec
809 2066 863 2118 in
899 2066 1120 2120 alteram
1170 2078 1370 2132 partem
1422 2083 1718 2134 prOpensus
1768 2070 1850 2122 in-

238 2158 490 2222 cumbas,
515 2171 583 2211 ne
607 2173 713 2212 non
741 2158 857 2212 tam
886 2173 952 2213 ex
990 2160 1189 2213 nostris
1229 2159 1676 2226 disputationibus
1728 2175 1851 2216 nota

237 2252 532 2314 sententia,
563 2265 721 2319 quam
751 2267 820 2305 ex
868 2249 1116 2304 sensibus
1169 2251 1370 2320 prolata
1413 2250 1784 2326 videatur_(5).
1824 2271 1845 2305 ι

237 2344 422 2410 Quam
445 2345 527 2412 pie
567 2353 746 2398 autem
777 2355 831 2398 et
861 2355 1046 2399 sancte
1091 2353 1209 2413 post
1250 2345 1658 2400 conversionem
1700 2362 1850 2401 suam

239 2435 509 2491 Minucius
533 2437 753 2500 vixerit,
787 2438 866 2490 his
895 2437 1214 2502 Eucherius,
1247 2437 1622 2508 Lugdunensis
1649 2438 1855 2507 episco-

240 2544 348 2600 pus
374 2529 533 2582 docet
583 2528 761 2582 verbis
805 2526 890 2601 (4)
925 2548 948 2602 ς’
981 2548 999 2579 ι
1036 2528 1103 2582 Ει
1140 2530 1352 2598 quando
1397 2531 1726 2584 clarissimos
1781 2530 1855 2583 fa-

234 2620 438 2674 cundia
476 2620 829 2685 Firmianum,
861 2619 1170 2685 Minucium,
1199 2620 1546 2692 Cyprianum,
1573 2621 1854 2687 Hilarium,

234 2711 532 2778 Joannem,
563 2714 904 2768 Ambrosium
932 2729 998 2767 ex
1027 2713 1118 2767 illo
1147 2713 1420 2769 volumine
1449 2716 1859 2773 numerositatis

233 2806 538 2861 evolvam?
571 2805 858 2872 Dixeram,
893 2805 1088 2860 credo:
1143 2806 1280 2872 Quid
1324 2806 1425 2861 hoc
1466 2807 1586 2862 est?
1633 2817 1859 2878 surgunt

233 2897 455 2952 indocti
489 2898 759 2950 eternium
789 2897 1038 2966 rapiunt;
1072 2909 1123 2952 et
1156 2913 1250 2952 nos
1281 2915 1400 2953 cum
1437 2897 1694 2954 doctrinis
1733 2881 1859 2955 ecce

235 2989 348 3043 tibi
381 2991 434 3040 in
457 3003 634 3042 errore
658 2988 967 3042 Volutamur
1007 2997 1059 3043 et
1080 2991 1371 3060 sanguine!
1407 2991 1661 3044 Dixerunt
1686 2991 1854 3056 istud;

239 3092 300 3138 et
332 3079 537 3134 idcirco
560 3090 742 3149 postea
768 3082 872 3134 vim
898 3081 1185 3135 intulerunt
1213 3084 1312 3150 ipsi
1346 3097 1534 3153 regno.
1572 3102 1590 3134 ›

312 3173 410 3227 Vl.
437 3203 509 3213 —
537 3174 824 3244 Postquam
874 3173 1132 3228 Minucius
1169 3173 1384 3229 Christo
1437 3189 1631 3230 nomen
1663 3173 1849 3242 dedit,

247 3286 262 3317 ι
307 3267 546 3320 nominis
601 3267 760 3334 hujus
811 3268 1162 3322 sacramentis
1215 3268 1509 3332 institutus,
1552 3288 1569 3318 ι
1623 3278 1680 3322 ιιι
1732 3283 1854 3322 cum

238 3357 492 3412 Arnobio
519 3355 597 3428 (5)
645 3359 851 3427 l0quar,
897 3361 1003 3426 jam
1033 3359 1270 3414 veritatis
1299 3359 1586 3425 vindicem,
1626 3369 1854 3416 asserto-

239 3466 474 3520 remqne
505 3466 561 3504 se
607 3450 960 3522 praebuit(6).
997 3451 1271 3520 Dialogum
1320 3452 1498 3520 itaque
1546 3450 1859 3521 perscripsit

243 3543 387 3598 duas
415 3547 467 3597 in
494 3554 675 3615 partes
703 3543 1031 3609 distinctum,
1062 3559 1287 3616 quarum
1320 3544 1488 3601 altera
1520 3545 1720 3601 Caecilii
1761 3561 1857 3615 pro

242 3637 520 3704 Ethnicis,
561 3639 725 3692 altera
792 3639 998 3693 Octavii
1048 3655 1145 3708 pro
1195 3639 1514 3694 Christianis
1557 3640 1854 3694 orationem

250 3730 670 3796 complectitur;
699 3746 927 3800 eumque
957 3731 1533 3800 inscripsitOcnvws,
1564 3741 1622 3785 ut
1645 3730 1857 3785 tradunt

245 3819 574 3874 [Auantius
619 3827 669 3874 et
701 3821 1055 3893 llier0nymus
1082 3841 1093 3874 :
1125 3824 1362 3877 imitatus
1399 3824 1651 3877 nimirum
1683 3821 1860 3876 Plato-

243 3928 409 3976 nem,
462 3912 762 3968 Ciceronem
815 3916 1054 3986 aliosque
1103 3926 1332 3982 veteres,
1379 3909 1482 3986 'qui
1529 3913 1858 3985 ejuscemodi

242 4003 403 4059 libris
446 4005 500 4058 in
543 4001 732 4076 dialogi
787 4006 1014 4061 formam
1072 4008 1415 4074 compositis,
1468 4006 1611 4061 illius
1661 4021 1856 4062 nomen

243 4101 713 4168 prmlixeruntqui
746 4101 1042 4170 praecipuas
1072 4100 1124 4153 in
1153 4101 1233 4156 eis
1263 4100 1370 4169 agit
1397 4110 1597 4170 partes.

330 4209 347 4241 ι
389 4191 488 4244 Est
530 4201 711 4246 autem
751 4191 962 4246 Minucii
993 4192 1256 4264 dialogus,
1299 4211 1316 4244 ι
1351 4193 1522 4262 inquit
1566 4191 1635 4247 cl.
1668 4191 1859 4247 Black-

243 4285 488 4348 wallius,
530 4302 549 4336 ι
573 4295 749 4348 acute,
777 4285 1050 4356 eleganter
1080 4303 1140 4341 ac
1172 4287 1451 4357 perspicue
1477 4287 1734 4356 digestus.
1759 4287 1862 4341 Tot

245 4375 367 4430 fere
417 4377 472 4431 in
501 4390 570 4431 eo
605 4390 798 4446 graves
849 4371 1140 4432 sententias
1189 4387 1318 4448 quot
1356 4378 1608 4448 periodos
1662 4380 1859 4449 depre-

245 4466 469 4534 hendis,
512 4479 569 4523 et
596 4470 876 4523 sententia:
921 4471 1158 4540 quidem,
1217 4479 1408 4540 sponte
1451 4488 1513 4525 ex
1544 4481 1860 4542 argumento
1885 4477 1939 4538 D

247 4559 608 4630 proﬂuentes,
661 4563 887 4617 solerter
930 4564 1156 4617 orationi
1203 4575 1329 4618 sunt
1396 4565 1630 4618 inlextze.
1677 4563 1858 4620 Ratio-

249 4651 428 4705 nibus
462 4663 512 4706 et
550 4663 748 4724 pugnat
802 4666 857 4710 et
895 4656 1092 4723 vineit,
1146 4665 1508 4727 quantumque
1561 4657 1851 4724 acuminis,

340 4785 427 4855 (1)
473 4786 695 4842 Viilenda
730 4787 808 4841 Μ.
836 4787 1050 4842 Minucii
1081 4787 1268 4843 Felicis
1299 4805 1392 4857 pro
1436 4805 1490 4841 se
1513 4798 1563 4842 et
1597 4797 1732 4841 statu
1762 4804 1855 4842 suo

244 4854 503 4929 Epistolis
536 4858 817 4929 Apologica
841 4860 907 4911 ad
934 4857 1000 4912 F.
1035 4861 1098 4912 0.
1143 4858 1218 4911 Μ.
1270 4854 1318 4913 id
1365 4869 1474 4923 est,
1523 4859 1854 4913 Fridericum

236 4927 510 4981 Ottouem
540 4925 906 4983 Menclienium
931 4971 946 4992 ,
976 4946 1102 5000 qua,
1133 4931 1389 4984 adversus
1422 4930 1718 5000 llemuanni
1758 4931 1852 4982 oh-

235 5001 640 5066 servationem,
677 4999 1005 5054 monstratur
1035 5001 1318 5054 Minucium
1346 5000 1579 5054 Felicem
1603 4999 1744 5055 inter
1762 5001 1850 5068 ju-

236 5073 593 5124 reconsultos
626 5087 687 5124 ac
709 5086 989 5125 causarum
1024 5081 1278 5140 patronos
1301 5074 1420 5140 jure
1444 5075 1741 5140 meritoque
1769 5073 1851 5124 ln-

240 5155 385 5211 gua
415 5141 568 5194 tueri.
613 5141 738 5197 Hec
789 5142 1014 5209 epistola
1059 5145 1316 5211 translata
1351 5153 1434 5200 est
1478 5145 1528 5197 in
1561 5158 1698 5197 nova
1729 5143 1855 5196 Acta

243 5206 532 5282 Eruditor.
573 5211 732 5275 I738,
765 5206 879 5282 pag.
915 5212 1040 5266 210.

327 5279 418 5354 (ᾖ)
447 5281 633 5354 Minue.
669 5283 720 5335 lu
749 5279 973 5353 Dialog”
1001 5294 1121 5354 cap.
1159 5285 1210 5338 1.

327 5351 423 5416 (5)
453 5351 617 5418 Idem,
651 5369 770 5421 cap.
804 5354 857 5409 5.

333 5421 422 5496 (ᾗ)
461 5423 624 5496 Eneti.
681 5424 920 5496 Lngdnn.
952 5425 1120 5496 Epist.
1163 5427 1232 5481 ad
1271 5425 1612 5495 Valerianum,
1661 5435 1791 5482 tom.
1833 5441 1864 5480 v

239 5489 510 5563 Biblioth.
536 5491 674 5560 ΡΡ.,
711 5489 825 5563 pag.
853 5495 976 5551 771.
1001 5489 1011 5496 ”
1111 5515 1122 5524 '

334 5562 427 5629 (5)
457 5565 637 5626 Arnol,
673 5562 892 5621 loc.’cit.

333 5634 438 5698 (ὕ)
465 5634 783 5705 Let‘iourry.
817 5639 1066 5708 Appat'ttl.
1125 5645 1194 5696 ad
1239 5640 1485 5698 Biblioth.
1525 5639 1670 5698 Max.
1720 5638 1865 5710 PP.,

255 5715 420 5767 tom.
449 5717 512 5774 ιν,
545 5723 663 5778 pag.
697 5710 786 5764 19.

1956 1800 2202 1870 Plerique
2228 1819 2330 1855 non
2363 1803 2481 1856 sine
2521 1803 2726 1858 ratione
2767 1805 2983 1874 quidem
3016 1821 3138 1860 eum
3193 1815 3472 1860 numerant
3508 1809 3561 1861 in

1955 1893 2304 1961 scriptoribus
2327 1895 2508 1949 saeculi
2538 1895 2680 1948 tertii
2713 1897 3132 1961 ecclesiasticis;
3167 1913 3269 1953 non
3311 1902 3440 1952 satis
3479 1909 3561 1953 ta-

1958 2002 2079 2041 men
2109 1981 2310 2041 certum
2339 1998 2391 2042 et
2424 1991 2766 2057 perspiCnum
2800 1999 2883 2044 est
2926 1991 3121 2060 quibus
3153 1992 3251 2044 :evi
3282 1991 3436 2062 hujus
3467 2007 3561 2046 au-

1959 2082 2040 2134 nis
2070 2080 2336 2146 ﬂoruerit,
2392 2082 2544 2152 enjus
2588 2083 2921 2149 potissinmm
2976 2086 3313 2154 imperatoris
3357 2099 3565 2152 tempo-

1956 2172 2104 2227 ribus
2126 2173 2311 2227 Romae
2331 2174 2546 2228 vixerit.
2569 2173 2709 2230 Guil.
2739 2174 2948 2230 Cavens
2975 2175 3053 2249 (4)
3077 2178 3206 2231 dicit
3240 2195 3251 2229 :
3283 2195 3298 2226 ι
3317 2177 3390 2231 De
3407 2187 3564 2234 a‘tate

1957 2265 2073 2334 ejus
2102 2309 2116 2332 ,
2165 2283 2266 2336 qua
2325 2267 2478 2332 vixit,
2536 2268 2688 2321 nihil-
2715 2269 2884 2322 habeo
2915 2271 3053 2338 quod
3087 2284 3184 2340 pro
3227 2279 3374 2323 certo
3415 2271 3562 2324 allir-

1961 2375 2110 2412 mare
2143 2359 2350 2422 ausim;
2376 2362 2418 2412 si
2451 2369 2624 2413 tamen
2657 2361 2708 2413 in
2737 2377 2794 2414 re
2831 2361 3058 2416 obscura
3091 2363 3356 2430 dubiaque
3386 2361 3564 2416 hario-

1961 2451 2058 2505 lari
2125 2453 2301 2515 liceat,
2366 2453 2669 2520 conjiciam,
2747 2453 2920 2516 illiilli,
2977 2465 3162 2521 tttpete
3232 2453 3562 2508 Tertulliano

1960 2560 2269 2614 snpparem,
2302 2544 2572 2617 Cypriano
2627 2545 2982 2613 antiquiorem
3028 2546 3169 2600 circa
3220 2560 3415 2600 annum
3458 2546 3566 2599 220

1961 2639 2238 2692 claruisse.
2280 2657 2297 2690 ι
2343 2637 2428 2692 .Ιο.
2481 2637 2603 2691 Alb.
2649 2636 2924 2691 Fabricius
2976 2636 3055 2709 (5)
3107 2637 3378 2704 observat,
3423 2638 3566 2708 quod

1962 2745 2150 2786 omnes
2174 2734 2531 2794 consentiant,
2556 2731 2842 2785 Minucium
2866 2749 2892 2783 a
2920 2732 3250 2801 temporibus
3277 2733 3560 2797 Antonini,
3589 2740 3593 2744 ‘

1963 2823 2243 2876 Commodi
2295 2840 2357 2877 ac
2383 2823 2567 2878 Severi
2618 2840 2723 2877 non
2768 2823 2922 2891 longe
2975 2824 3228 2879 abfuisse.
3272 2822 3566 2894 Zephyrini

1965 2913 2238 2970 Pontiliets
2283 2916 2508 2970 Romani
2580 2926 2735 2970 actate
2794 2916 3079 2971 Minucium
3123 2917 3307 2970 Roma:
3369 2917 3566 2972 vixisse

1964 3009 2182 3075 Conjicit
2221 3006 2520 3063 Ccillierius
2653 3025 2717 3064 cx
2744 3009 3093 3080 Hict'OIiymo,
3118 3011 3206 3080 qui
3236 3009 3286 3062 in
3319 3007 3564 3078 catalogo

1885 3093 1930 3155 C
1965 3099 2028 3152 de
2086 3099 2216 3152 Viris
2273 3100 2551 3154 illustribus
2600 3101 2886 3154 Minncimn
2936 3103 3074 3154 inter
3129 3100 3422 3169 scriptores
3474 3098 3565 3168 qui

1963 3192 2017 3246 id
2064 3195 2319 3262 temporis
2354 3196 2631 3256 exstitere,
2678 3197 2962 3250 recensuit.
3009 3193 3263 3264 Ejusdem
3286 3193 3566 3248 sententiae

1961 3284 2108 3338 luere
2138 3285 2232 3339 viri
2257 3285 2551 3340 doetissimi
2595 3287 2855 3342 Barciiius
2883 3289 2962 3360 (7)
2986 3287 3433 3343 etTillemontius
3457 3282 3561 3356 (8).

1959 3375 2150 3431 Nostra
2170 3388 2327 3432 aetate
2353 3381 2432 3434 vir
2463 3380 2533 3434 cl.
2566 3380 2651 3435 Jo.
2694 3380 2878 3434 Daniel
2907 3381 2974 3433 ab
3007 3379 3193 3434 Hoven
3233 3379 3283 3432 in
3336 3375 3565 3446 epistola

1963 3467 2030 3523 ad
2083 3469 2419 3524 Cerhardum
2478 3472 2806 3537 Meermanu,
2861 3471 3147 3526 Minucium
3207 3470 3565 3545 Athenagoran

1962 3560 2221 3628 aequalem
2281 3561 2444 3617 luisse
2496 3564 2779 3633 eidemque
2842 3564 3135 3634 principem
3182 3563 3324 3618 inter
3371 3561 3565 3616 latinos

1963 3653 2255 3719 scriptores
2282 3654 2604 3711 christianos
2633 3657 2806 3711 locum
2830 3656 3103 3712 vindicare
3120 3655 3435 3711 allaboravit
3458 3653 3562 3726 (9).

2035 3747 2463 3805 VlL—Prmter
2511 3747 2778 3819 dialogum
2824 3748 2985 3814 hunc,
3040 3749 3200 3802 alium
3243 3746 3455 3801 Minucii
3499 3745 3566 3798 li-

1964 3843 2118 3898 brum
2150 3843 2212 3894 de
2261 3840 2410 3911 Fato,
2459 3843 2542 3896 vel
2572 3852 2748 3895 contra
2778 3840 3168 3895 Mathematicos
3202 3840 3560 3910 Hieronymus

1963 3935 2026 3988 de
2070 3933 2202 3985 Viris
2255 3933 2537 3987 illustribus
2589 3933 2763 4001 capite
2813 3933 2882 3986 58
2916 3975 2929 3998 ,
2991 3933 3061 3985 ita
3091 3942 3349 3986 enarrat:
3402 3950 3419 3982 ι
3454 3930 3562 3986 Sed

1963 4039 2016 4084 et
2037 4028 2175 4081 alius
2203 4027 2301 4080 sub
2340 4025 2556 4080 nomine
2587 4025 2700 4093 ejus
2751 4023 2920 4078 fertur
2975 4025 3036 4076 de
3064 4023 3198 4078 Fato
3218 4065 3234 4090 ,
3263 4025 3346 4079 vel
3385 4036 3564 4077 contra

1967 4119 2387 4182 Mathematicos,
2430 4118 2518 4185 qui
2556 4133 2675 4170 eum
2728 4116 2796 4169 sit
2834 4127 2889 4171 et
2933 4116 3045 4185 ipse
3080 4116 3266 4170 diserti
3305 4115 3560 4185 hominis,

1965 4229 2070 4270 ηοιι
2104 4212 2232 4266 mihi
2263 4211 2474 4265 videtur
2521 4226 2641 4265 cum
2689 4207 2984 4278 superioris
3015 4209 3134 4263 libri
3176 4208 3316 4280 stylo
3363 4225 3563 4265 conve-

1965 4307 2101 4361 nire.
2140 4323 2158 4356 ι
2193 4304 2353 4358 Liber
2379 4301 2485 4368 hic,
2514 4302 2667 4373 cujus
2688 4301 3042 4374 Hieronymus
3065 4304 3227 4357 etiam
3256 4302 3309 4365 in
3338 4301 3563 4372 epistola

1965 4400 2032 4454 ad
2054 4399 2297 4470 Magnum
2345 4395 2675 4451 mentionem
2703 4395 2831 4450 facit
2865 4397 3002 4467 (l0),
3030 4395 3189 4452 hodie
3238 4412 3344 4453 non
3387 4405 3562 4454 exstat

2037 4573 2114 4646 (l)
2163 4571 2475 4646 Bla_c1twal.,
2514 4572 2595 4646 de
2627 4571 2935 4629 Prwstantia
2991 4571 3266 4628 Classicor.
3327 4573 3562 4642 Auctor.,

1961 4643 2210 4714 θερμῇ»,
2244 4643 2271 4716 §
2300 4645 2353 4710 5,
2385 4659 2504 4716 pag.
2539 4643 2662 4699 195.

2034 4716 2111 4787 (‘2)
2145 4714 2381 4769 Dodwel.
2411 4714 2683 4787 Disseruit.
2703 4715 3029 4786 Cyprianica.
3053 4731 3130 4777 ιιι,
3153 4715 3186 4787 ᾗ
3207 4715 3292 4780 16,
3321 4730 3442 4785 pag.
3467 4715 3557 4770 12.

2058 4789 2113 4858 3)
2138 4787 2426 4858 Blondel_|..
2451 4786 2516 4858 de,
2540 4784 2911 4846 Enclmristia.,
2939 4802 3061 4858 pag.
3094 4784 3217 4841 119.

2056 4856 2112 4925 4)
2141 4860 2296 4919 Cave,
2326 4856 2459 4909 Hist.
2483 4857 2697 4911 litterar.
2728 4859 2904 4926 script.
2930 4857 3091 4917 Eccl.,
3119 4866 3250 4926 tom.
3283 4873 3317 4917 ι,
3345 4872 3397 4924 p.
3435 4856 3557 4910 101.

2034 4925 2111 5001 (5)
2142 4928 2348 4983 Fabric.
2372 4927 2492 5001 Not.
2523 4929 2601 5001 ᾼίί
2623 4925 3016 5001 Hierongmum,
3033 4930 3096 4980 de
3126 4925 3259 4979 Viris
3279 4927 3563 4980 illustribus

1957 5015 2073 5068 cap.
2093 4998 2195 5064 ⁷58,
2228 5015 2344 5068 pag.
2381 4999 2502 5052 155.
2533 4999 2788 5053 Bihliotb.
2816 4998 3124 5068 Ecclesiast.

2031 5066 2111 5139 (6)
2141 5066 2289 5123 Hemi
2315 5070 2550 5133 Ceillier,
2586 5069 2723 5125 Hist.
2751 5069 2838 5124 des
2865 5070 3083 5124 Auteurs
3105 5066 3301 5122 Ecclés.
3334 5075 3463 5123 tom.
3492 5083 3550 5136 tl,

1959 5140 2114 5209 chap.
2147 5142 2237 5205 ΞΖ),
2263 5155 2383 5208 pag.
2416 5139 2543 5193 2'22.

2033 5209 2114 5284 (ξ)
2143 5213 2336 5284 ljaron.
2368 5210 2435 5262 ad
2463 5228 2583 5284 angi.
2615 5212 2743 5273 ΞΗ.
2778 5211 2861 5282 §3
2888 5223 2940 5266 et
2962 5211 3016 5265 4,

2034 5279 2476 5362 (8)_"l‘i‘_llemont.,
2510 5279 2934 5349 Ménwir.,'tom.
2967 5299 3044 5338 ιιι.
3079 5279 3215 5336 Note
3230 5297 3319 5336 sur
3335 5279 3557 5351 Minuta,

1967 5352 2281 5505 #7233331:
2312 5421 2537 5505 primum
2572 5423 2747 5505 locum
2775 5436 2996 5505 occupat
3029 5424 3079 5505 in
3214 5425 3275 5478 D.
3309 5420 3568 5505 ‘Cmpggii.

1968 5493 2104 5550 sibus
2134 5494 2547 5567 snespirilegiis
2578 5495 3110 5567 criticwuutiqunriis.
3136 5494 3424 5567 CampisLl

1970 5567 2157 5621 Exstat
2203 5565 2360 5619 etiam
2413 5566 2462 5619 in
2510 5564 2768 5622 Lindncri
2813 5564 3048 5622 secunda
3102 5567 3313 5622 Minucii
3375 5564 3568 5620 Felicis

1970 5637 2228 5700 editione,
2264 5635 2419 5691 1775.

2046 5708 2160 5786 (to)
2191 5728 2207 5761 ι
2231 5707 2491 5766 Minucius
2512 5709 2667 5767 Felix
2682 5709 2735 5764 in
2753 5709 2893 5768 libro
2909 5711 2996 5766 cui
3016 5709 3196 5769 titulus
3209 5716 3292 5770 est
3310 5707 3454 5772 Octa
3464 5704 3573 5763 vim
