4156 6282
605 256 706 309 199

1713 254 1800 309 DE
1841 251 2098 311 MINUCII
2138 250 2399 308 FELlClS
2437 251 2733 309 OCTAVIO

3799 252 3906 312 200

602 373 734 443 Ejus
760 371 1042 428 Minucium
1076 371 1242 428 fuisse
1272 380 1566 437 auctorem,
1591 387 1698 427 non
1723 384 1926 428 certum
1948 373 2162 443 quidem
2184 412 2198 439 ,
2230 375 2280 433 Λ
2309 372 2397 438 rit,
2426 380 2564 426 etan
2598 378 2872 435 tractatus,
2902 369 2991 440 qui
3020 368 3328 442 Hieronymi
3359 368 3690 439 temporibus
3729 379 3906 425 exsta-

605 467 782 522 sitnite
811 477 987 522 tamen
1017 481 1144 522 vero
1205 475 1308 522 est.
1341 466 1458 538 Ipse
1490 467 1632 522 enim
1672 466 1873 520 indit-at
1901 481 1962 521 se
1991 465 2058 520 de
2097 464 2204 519 tato
2238 467 2242 470 ’

601 558 953 614 commentari
996 558 1245 625 voluisse,
1289 558 1372 612 his
1416 559 1590 614 verbis
1618 558 1744 629 (l):
1793 576 1811 607 ί
1847 560 1923 612 Ac
1972 556 2039 611 de
2093 556 2201 610 fato

603 652 755 716 satis,
786 651 868 706 vel
899 652 944 706 si
976 666 1142 720 pauca
1173 667 1269 723 pro
1303 661 1564 722 tempore,
1597 649 1912 719 disputaturi
1958 648 2112 709 alias,
2148 656 2202 701 et

601 746 820 802 uberius
849 753 903 801 et
946 745 1173 815 plenius.
1215 745 1515 815 t};_Verum,
1555 742 1876 798 observante
1914 741 1987 796 cl.
2041 740 2202 809 Dupi-

603 838 694 895 nio
720 841 826 911 (ἓ),
859 847 1035 894 utrum
1057 839 1108 893 in
1135 839 1240 894 alio
1262 838 1398 893 libro
1429 839 1491 894 de
1513 835 1644 890 Fato
1678 834 1906 905 amplius
1931 834 2200 889 disserue-

603 1005 658 1052 et
687 997 737 1050 itt
766 996 933 1050 altero
964 1006 1138 1050 contra
1165 995 1574 1059 Mathematicos,
1623 995 1665 1048 si
1694 1002 1868 1047 tamen
1926 991 2202 1058 inscriptio

604 1083 710 1122 non
737 1069 990 1121 mentitur
1021 1079 1314 1132 auctorem,
1347 1066 1472 1136 quid
1506 1067 1781 1134 gentilium
1815 1065 2202 1136 scripturarum

604 1139 806 1208 dimisit
839 1140 1114 1192 intactum.
1149 1159 1166 1190 ι
1205 1133 1520 1208 Hit‘l‘oltym.
1548 1136 1646 1205 Ep.
1677 1138 1741 1188 ad
1769 1135 2033 1208 Magnum.
2063 1133 2154 1188 85.

677 1206 757 1280 (I)
793 1209 1014 1275 Minuc.,
1046 1211 1095 1261 itt
1129 1208 1306 1262 Οιτιιιυ.
1331 1206 1562 1276 Dialem,
1587 1223 1705 1276 cap.
1739 1206 1826 1260 56.

679 1276 756 1352 (2)
791 1281 982 1350 Dupiu.
1016 1280 1257 1334 Bibliotlt.
1290 1280 1376 1333 des
1417 1281 1654 1344 Autettrs,
1701 1288 1828 1332 tom.
1855 1293 1892 1344 ι,
1928 1292 2048 1347 pag.
2082 1276 2203 1331 189.

2306 465 2415 531 bat,
2452 465 2496 520 is
2534 473 2682 520 esset
2735 479 2893 535 quem
2937 464 3274 534 promiserat,
3319 477 3385 516 an
3421 462 3600 532 potius
3639 461 3766 516 inde
3815 478 3908 518 an-

2305 577 2419 618 sam
2452 561 2768 630 arripuisset
2793 570 2980 616 auctor
3001 559 3196 628 aliquis
3250 555 3538 628 quemdam
3572 555 3783 610 Minucii
3811 572 3908 612 no-

2304 657 2449 711 mine
2495 655 2871 725 supponendi,
2929 655 3194 708 incertum
3244 660 3347 706 est.
3398 651 3532 705 Cum
3583 665 3713 705 vero
3778 650 3908 706 satis

2303 759 2546 818 apertum
2580 749 2648 802 sit
2677 748 2778 802 hoc
2806 746 3003 817 ingenii
3055 752 3458 800 monumentum
3489 743 3773 811 interiisse,
3804 744 3909 800 mi-

2303 854 2421 895 rum
2453 855 2582 896 sane
2632 839 2771 910 quod
2813 840 3022 896 Sebast.
3067 838 3248 893 Nanus
3301 836 3674 892 Tillemontius
3704 838 3781 909 (l)
3841 836 3911 894 de

2307 933 2537 988 Minucio
2565 934 2784 1004 ejusque
2840 931 3055 1000 Dialogo
3129 930 3341 987 erudite
3392 931 3684 998 disserens,
3754 931 3914 988 addat

2306 1024 2438 1079 illud
2512 1025 2615 1097 legi
2689 1026 2828 1097 typis
2886 1025 3211 1096 exscriptum
3273 1024 3326 1079 in
3389 1023 3619 1094 quadam
3687 1023 3910 1080 Arnobii

2311 1117 2566 1173 editione.

2386 1271 2465 1343 (1)
2499 1273 2830 1342 Tillemont.,
2859 1272 3121 1340 Mémoir.,
3155 1282 3286 1329 tom.
3320 1290 3397 1341 Ill,
3430 1289 3550 1346 pag.
3581 1275 3672 1330 75.

3552 1463 3732 1470 ..ο--ρ-

623 1459 3888 1512 Ἧ⁴

602 1479 3650 1528 ‘WW.

1535 1645 2120 1722 FBANCISCI
2176 1644 2640 1718 BALDUIN
2643 1645 2681 1716 Ι
2739 1647 2895 1717 JC.

1391 1793 3112 2026 DISSEBTATIO

750 2184 1026 2342 DE
1100 2187 1898 2338 MINUCII
1980 2183 2738 2358 FELICIS
2811 2182 3769 2338 OCTAVIO.

683 2627 748 2683 Ut
796 2621 1087 2694 huucIsive
1116 2619 1351 2677 libellum
1372 2659 1385 2684 ,
1416 2617 1530 2673 sive
1561 2613 1828 2684 dialogum
1850 2655 1863 2679 ,
1895 2611 1986 2682 qui
2019 2609 2202 2664 multis
2232 2612 2280 2670 B
2309 2611 2647 2683 subreptum,
2683 2613 2967 2686 alterique,
2998 2630 3105 2671 non
3134 2617 3372 2682 domino,
3421 2618 3618 2690 injuste
3663 2621 3906 2694 adscrip-

601 2720 712 2790 jam
767 2718 977 2773 saeculis
1017 2717 1152 2770 falso
1194 2713 1429 2769 creditus
1459 2720 1541 2766 est
1583 2709 1875 2794 dictusque
1908 2720 2029 2761 esse
2058 2714 2205 2759 octa-

606 2828 707 2868 vus
746 2811 968 2866 Arnobii
1013 2809 1271 2863 adversus
1300 2805 1529 2867 Gentes,
1591 2810 1644 2856 et
1698 2799 2088 2863 inscriberem,
2151 2806 2206 2850 et

607 2922 728 2963 esse
760 2906 918 2977 plane
945 2902 1257 2974 liquidoque
1287 2901 1612 2953 al'tirmarem
1639 2894 1722 2963 TM.
1767 2893 1981 2948 Minucii
2014 2889 2206 2944 Felicis

612 3000 899 3064 Octavium,
968 2997 1121 3051 facile
1180 2993 1311 3048 Inibi
1369 2997 1755 3062 persuaserunt
1800 2987 1908 3041 duo
1953 2994 2007 3039 et
2037 2983 2159 3037 boni
2187 3022 2201 3047 ,

609 3099 663 3146 ct
685 3089 885 3155 antiqui
908 3132 921 3155 ,
951 3096 1008 3143 et
1046 3100 1236 3156 graves
1268 3093 1429 3139 testes
1453 3090 1844 3150 auctoresque,
1897 3076 2206 3131 Lactantius

607 3193 768 3252 atque
806 3181 1183 3250 Hieronymus.
1227 3177 1319 3232 [lle
1359 3175 1501 3230 enim
1554 3186 1772 3227 suarum
1815 3168 2206 3223 Institutimtum

605 3276 704 3331 lib.
735 3292 772 3342 ι,
798 3290 918 3344 cap.
957 3274 1046 3333 ll,
1075 3272 1205 3328 citat
1235 3289 1252 3322 ‹
1292 3268 1579 3323 Minucium
1623 3264 1856 3320 Felicem
1907 3263 1959 3316 in
2000 3277 2100 3328 eo,
2147 3269 2207 3314 ut

607 3368 724 3433 ait,
782 3368 949 3430 libro,
1007 3366 1095 3435 qui
1166 3363 1404 3416 Octavius
1469 3358 1800 3414 inscribitur.
1841 3376 1858 3408 ›
1913 3354 1975 3408 Et
2026 3367 2090 3407 ex
2140 3366 2205 3406 co

609 3460 773 3516 verba
805 3457 1047 3529 quaedam
1075 3456 1342 3524 descripta
1397 3453 1586 3508 recitat
1639 3466 1758 3520 qua:
1789 3465 1894 3502 non
1929 3447 2206 3518 patiuntur

609 3569 709 3609 nos
736 3561 828 3607 aut
854 3549 1015 3604 alium
1041 3548 1274 3614 aliquem
1301 3586 1314 3611 ,
1349 3553 1439 3598 aut
1463 3543 1682 3598 alterius
1711 3541 2026 3611 cujusquam
2051 3581 2064 3604 ,
2097 3537 2206 3593 Oc-

607 3647 807 3702 tavium
858 3644 1080 3713 ﬁngere.
1129 3641 1271 3694 Idem
1325 3637 1418 3692 lib.
1470 3653 1524 3701 ν,
1580 3649 1696 3706 cap.
1756 3635 1805 3698 1,
1862 3633 2084 3702 loquens
2139 3630 2207 3686 de

607 3738 1040 3794 Christianorum
1092 3746 1227 3803 quos
1269 3729 1461 3800 legerit
1491 3726 1829 3796 eloquentia,
1888 3724 2063 3795 primo
2087 3725 2206 3778 loco

609 3829 753 3888 hunc
801 3830 1087 3886 Minucium
1121 3825 1322 3880 laudat.
1354 3843 1372 3875 ‹
1413 3821 1708 3887 Minucius,
1761 3819 1967 3889 inquit,
2017 3818 2204 3886 Felix,

609 3945 719 3984 non
741 3926 990 3998 ignobilis
1042 3925 1181 3978 inter
1224 3917 1523 3976 causidicos
1558 3917 1658 3971 loci
1691 3915 1809 3970 fuit.
1846 3913 2014 3982 Hujus
2041 3912 2198 3978 liber,

2313 2714 2419 2758 tum
2455 2723 2468 2770 ;
2505 2717 2564 2760 ut
2607 2717 2661 2762 et
2707 2709 2878 2781 plagio
2908 2720 2963 2766 et
3011 2721 3164 2781 partu
3210 2714 3487 2782 supposito
3535 2714 3668 2769 facta
3719 2727 3908 2772 nostro

2309 2799 2540 2854 Minucio
2567 2800 2762 2872 duplex
2800 2804 2992 2874 injuria
3025 2820 3145 2861 esse
3173 2805 3434 2861 videatur.
3481 2807 3585 2863 Sed
3635 2808 3747 2864 tunc
3803 2810 3908 2866 fre-

2310 2907 2480 2960 quens
2509 2902 2590 2948 est
2633 2895 2846 2964 querela
2895 2896 2961 2951 de
3015 2897 3355 2953 librariorum
3407 2898 3539 2954 nihil
3572 2915 3676 2954 non
3705 2911 3908 2956 temere

2311 2985 2650 3041 miscentium
2700 2988 3048 3043 facinoribus.
3079 2989 3360 3057 FortaSse,
3408 3001 3465 3045 ttt
3496 2992 3638 3047 hunc
3665 2993 3907 3050 libellum

2310 3080 2549 3135 Arnobio
2580 3080 2796 3150 quidam
2835 3083 3228 3147 adscriberent,
3281 3083 3524 3153 quiedam
3553 3086 3676 3154 styli
3727 3095 3781 3141 et
3818 3103 3912 3142 ar-

2310 3173 2550 3239 gumenti
2601 3173 2928 3241 similitudo,
2959 3191 3078 3244 quae
3125 3176 3400 3244 imperitos
3448 3192 3687 3247 persarpe
3730 3177 3906 3248 fallit,

2313 3265 2434 3319 fecit
2487 3283 2500 3316 :
2547 3273 2601 3318 et
2643 3280 2762 3319 cum
2806 3267 3045 3336 legerent
3113 3265 3407 3334 Octavium,
3455 3270 3632 3323 statim
3677 3272 3916 3326 somnia-

2311 3367 2436 3412 runt
2487 3367 2733 3412 octavum
2786 3359 3016 3429 aliquem
3067 3375 3188 3415 esse
3243 3361 3458 3415 librum.
3504 3361 3750 3417 Ridicule
3782 3379 3909 3433 pro-

2312 3450 2450 3506 fecto
2488 3461 2541 3506 et
2569 3452 2768 3522 inepte.
2812 3451 3014 3508 Saltem
3058 3453 3297 3508 Arnobio
3345 3465 3601 3524 perpetua
3656 3457 3914 3513 oratione

2310 3547 2478 3598 uteuti
2525 3544 2794 3616 dialogum
2855 3555 3061 3602 temere
3123 3546 3536 3602 adscribendum
3613 3566 3716 3604 non
3785 3567 3916 3608 esse

2311 3637 2655 3705 cogitassent.
2683 3637 2879 3693 Verum
2927 3638 3154 3694 inscitbe
3181 3647 3286 3694 tam
3339 3654 3480 3695 creca
3528 3657 3685 3711 quam
3735 3642 3914 3697 confi-

2311 3725 2444 3782 dens
2471 3737 2554 3782 est
2607 3728 2847 3784 audacia.
2904 3731 3044 3786 Sane
3083 3730 3441 3803 Hieronymus
3503 3733 3687 3788 scribit
3733 3733 3919 3804 Nepo-

2313 3820 2513 3874 tianum
2551 3836 2704 3876 suum
2737 3831 2842 3876 tam
2893 3823 2944 3876 in
2992 3823 3345 3894 scriptoribus
3371 3825 3751 3882 ecclesiasticis
3780 3826 3912 3882 dili-

2311 3921 2500 3982 genter
2528 3923 2800 3968 versatutn
2833 3914 3017 3980 fuisse,
3046 3923 3123 3980 ut,
3147 3915 3192 3969 si
3223 3902 3345 3983 quid
3369 3930 3432 3971 ex
3465 3917 3528 3970 iis
3550 3919 3911 3986 proferretur,

608 4020 695 4075 cui
763 4017 1002 4073 Octavius
1051 4015 1234 4069 titulus
1294 4021 1407 4077 est,
1475 4009 1718 4065 declarat
1779 4022 1936 4077 quam
1983 3998 2278 4070 idoneusC
2314 4005 2492 4059 statim
2514 4016 2832 4076 agnosceret
2858 4017 3016 4077 atque
3039 4007 3537 4079 discerneret,quid
3565 4009 3912 4080 Tertulliani,

605 4111 846 4168 veritatis
871 4118 1108 4165 assertor
1133 4120 1251 4162 esse
1279 4103 1574 4175 potuisset,
1608 4103 1651 4155 si
1700 4115 1758 4154 se
1811 4109 1977 4154 totum
2025 4097 2090 4151 ad
2147 4095 2201 4151 id

607 4206 842 4263 studium
869 4203 1203 4260 contulisset.
1241 4218 1260 4251 ι
1296 4197 1472 4252 Testis
1517 4195 1654 4249 alter
1680 4203 1762 4249 est
1801 4191 2164 4263 Hieronymus
2187 4231 2200 4256 ,

606 4300 698 4370 qui
740 4298 902 4362 hunc,
947 4294 1100 4350 sicuti
1129 4293 1244 4361 ipse
1275 4289 1470 4344 fatetur
1495 4329 1509 4351 ,
1564 4285 1899 4339 Lactantium
1949 4294 2199 4348 secutus,

607 4389 661 4445 in
714 4388 948 4457 catalogo
999 4385 1319 4452 Scriptorum
1372 4377 1825 4432 ecclesiasticarum
1875 4375 1993 4428 ait:
2031 4394 2049 4424 ‹
2098 4373 2196 4426 Mi-

607 4480 796 4535 nucius
821 4477 1008 4541 Felix,
1070 4473 1255 4527 Roma:
1307 4469 1530 4538 insignis
1585 4467 1926 4530 causidicus,
1967 4466 2204 4535 scripsit

610 4572 889 4640 Dialogum
937 4566 1228 4623 Christiani
1277 4573 1331 4620 et
1369 4561 1579 4618 Ethnici
1633 4560 2017 4631 disputantium
2047 4602 2062 4627 ,
2113 4561 2204 4629 qui

613 4664 852 4720 Octavius
904 4660 1233 4717 inscribitur.
1271 4677 1289 4710 ι
1362 4655 1508 4711 ldem
1583 4655 1635 4709 in
1695 4653 1920 4723 epistola
1965 4653 2033 4705 ad
2082 4651 2202 4704 Ma-

606 4776 786 4834 gnum,
842 4765 1112 4815 oratorem
1168 4755 1503 4818 Romanum,
1561 4770 1579 4802 ι
1638 4749 1931 4812 Minucius,
1994 4747 2200 4817 inquit,

609 4855 794 4920 Felix,
829 4851 1132 4909 causidicus
1158 4848 1384 4902 Romani
1414 4845 1512 4901 fori
1537 4887 1553 4913 ,
1594 4845 1647 4898 in
1681 4843 1819 4897 libro
1842 4884 1856 4907 ,
1905 4843 1990 4896 cui
2023 4842 2204 4897 titulus

611 4945 852 5002 Octavius
893 4951 996 5009 est,
1043 4941 1167 5012 quid
1230 4937 1507 5010 gentilium
1563 4935 1948 5005 scripturarum
2004 4933 2204 4988 dimisit

605 5037 908 5094 intactum?
953 5054 972 5087 ι
1008 5033 1123 5089 Jam
1145 5040 1324 5087 autem
1365 5045 1473 5084 non
1518 5043 1640 5083 esse
1667 5027 1810 5082 hunc
1851 5026 2046 5081 librum
2098 5025 2202 5080 Ar-

604 5130 774 5193 nobii,
807 5129 936 5183 satis
962 5135 1137 5198 patet,
1166 5140 1286 5180 cum
1310 5121 1523 5176 Minucii
1550 5133 1669 5174 esse
1699 5126 1936 5188 apparet.
1961 5117 2024 5170 Et
2053 5131 2201 5184 vero,

605 5220 747 5293 quod
780 5220 1138 5291 Hieronymus
1176 5217 1230 5270 in
1272 5213 1460 5270 eadem
1503 5212 1729 5282 epistola
1775 5210 2023 5280 subjicit,
2068 5208 2207 5262 indi-

604 5329 730 5370 care
761 5312 957 5382 alioqui
995 5318 1203 5380 poterat
1229 5303 1452 5362 Arnobii
1495 5318 1600 5359 non
1654 5318 1796 5366 esse,
1837 5317 1958 5355 cum
1989 5298 2203 5370 quidem

2309 4095 2437 4163 quid
2484 4096 2775 4168 Cypriani,
2807 4098 2933 4169 quid
2976 4099 3272 4167 Lactantii,
3314 4101 3440 4170 quid
3479 4101 3722 4170 Minucii,
3773 4103 3913 4173 quid

2309 4188 2596 4258 Victorini,
2627 4191 2752 4261 quid
2784 4193 3002 4248 Arnobii
3033 4203 3194 4249 esset.
3229 4194 3518 4262 Caeterum,
3552 4204 3697 4249 tanto
3739 4198 3917 4265 magis

2307 4281 2473 4335 miror
2499 4281 2779 4337 Erasmutn
2812 4300 2879 4339 eo
2932 4285 3080 4352 loco,
3126 4286 3278 4340 illutn
3329 4285 3449 4341 dico
3490 4288 3768 4342 Erasmum
3809 4288 3919 4345 ho-

2308 4374 2507 4427 minem
2539 4376 2803 4432 acerrimo
2835 4377 3036 4446 judicio
3083 4379 3390 4450 praeditum,
3419 4390 3474 4436 et
3516 4382 3699 4437 talium
3728 4383 3908 4454 scrip-

2309 4474 2480 4520 torum
2514 4467 2734 4522 minime
2760 4469 3010 4524 obtusum
3051 4486 3355 4539 censorem,
3419 4484 3709 4530 aunotasse
3749 4474 3910 4546 hujus

2307 4557 2522 4614 Minucii
2553 4559 2683 4613 nihil
2709 4577 2849 4617 nunc
2875 4573 3114 4618 exstare.

2378 4648 2542 4720 Cujus
2566 4653 2898 4722 petissimum
2951 4655 3290 4725 imperatoris
3332 4658 3663 4729 temporibus
3713 4659 3904 4717 Roma:

2306 4741 2500 4796 vixerit
2524 4755 2708 4799 noster
2734 4744 3018 4811 Minucius,
3073 4748 3306 4802 nondum
3357 4749 3486 4804 milti
3534 4750 3664 4804 satis
3713 4752 3901 4822 liquet.

2306 4833 2662 4905 Hieronymus
2706 4838 2760 4892 in
2807 4852 2905 4894 suo
2947 4840 3220 4910 catalogo,
3271 4855 3377 4909 quo
3407 4841 3698 4911 scriptores
3725 4843 3910 4898 eccle-

2307 4931 2550 4986 siasticos
2579 4946 2644 4986 eo
2685 4928 2776 5001 qui
2831 4930 3080 4985 vixerunt
3107 4930 3307 4985 .ortline
3337 4947 3621 4988 recensere
3669 4933 3902 5000 videtur,

2307 5024 2454 5080 illum
2503 5024 2719 5093 Origeni
2766 5027 3094 5094 proximum,
3139 5023 3409 5096 Cypriane
3440 5027 3670 5095 priorem
3700 5026 3904 5095 fuisse,

2307 5115 2534 5170 obscure
2574 5116 2857 5185 signiﬁcat.
2903 5115 3009 5171 Sed
3053 5116 3211 5185 hujus
3259 5116 3455 5186 alioqui
3515 5117 3598 5172 vel
3649 5117 3908 5172 sazcniutn

2307 5209 2389 5262 vel
2419 5217 2629 5262 aetatem
2664 5223 2766 5263 non
2808 5207 3024 5264 indicat.
3054 5207 3214 5263 Certe
3245 5208 3297 5262 in
3329 5205 3579 5280 Cypriani
3609 5209 3675 5264 de
3716 5209 3907 5265 Idolo-

2307 5317 2420 5353 rum
2480 5303 2699 5354 vanitate
2747 5300 2928 5355 libello
2981 5299 3207 5371 plurima
3266 5308 3394 5355 sunt
3464 5317 3584 5372 qua:
3636 5311 3712 5356 tot
3757 5302 3906 5359 idem

605 5422 714 5462 non
767 5405 869 5460 nisi
917 5413 1152 5470 septem,
1200 5401 1289 5469 qui
1342 5407 1397 5453 et
1438 5399 1678 5469 jamnum
1731 5403 1977 5457 exstant,
2033 5387 2274 5447 librosD
2302 5393 2477 5448 verbis
2509 5393 2560 5448 itt
2597 5392 2817 5448 Octavio
2846 5392 3056 5448 Minucii
3089 5394 3373 5463 leguntur;
3428 5408 3651 5449 necesse
3694 5394 3905 5466 utﬁsitf,

603 5501 866 5560 adversus
903 5499 1103 5555 Gentes
1133 5493 1431 5551 Arnobium
1466 5489 1747 5558 scripsisse
1774 5496 2018 5542 testetur.
2039 5485 2203 5541 Cum-

601 5610 708 5666 que
739 5593 967 5648 alterum
1009 5585 1293 5660 quemdam
1325 5584 1518 5638 librum
1565 5581 1795 5638 Minucio
1841 5587 2028 5634 nostro
2067 5577 2203 5632 falso

598 5689 923 5760 inscriptum
954 5684 1114 5739 fuisse
1155 5689 1366 5745 narret,
1399 5684 1546 5730 tanto
1587 5677 1753 5731 miror
1779 5673 2042 5742 doleoque
2087 5686 2201 5726 ma-

599 5781 682 5855 gis
709 5779 895 5845 hune,
927 5779 1015 5851 qui
1058 5775 1174 5849 ejus
1219 5781 1337 5833 erat
1364 5770 1548 5828 unicus
1578 5775 1666 5835 χιὶ
1706 5778 1907 5837 γνήσιος,
1938 5764 2101 5823 fuisse
2129 5763 2204 5819 illi

2307 5496 2398 5540 aut
2425 5487 2565 5540 hunc
2612 5485 2679 5538 ab
2719 5485 2808 5539 illo
2834 5527 2847 5551 ,
2901 5495 2993 5539 aut
3022 5485 3168 5540 illum
3216 5485 3284 5540 ab
3315 5485 3416 5542 hoc
3466 5501 3530 5541 ea
3560 5487 3903 5557 sumpsisse.

2310 5577 2665 5649 Hieronymus
2693 5592 2818 5631 vero
2850 5577 2901 5631 in
2937 5578 3159 5647 epistola
3189 5577 3256 5630 ad
3285 5576 3556 5646 Magnam,
3587 5578 3812 5648 laqueus
3833 5578 3909 5635 de

2309 5670 2489 5724 latinis
2543 5669 2896 5738 scriptoribus
2949 5667 3235 5734 Ecclesitn,
3283 5669 3383 5723 etsi
3435 5667 3724 5724 Minucium
3777 5678 3909 5726 ante

2309 5762 2634 5836 Cyprianum
2664 5762 2872 5832 laudet,
2899 5771 3075 5819 tamen
3110 5763 3250 5820 illam
3291 5761 3358 5818 de
3385 5761 3543 5820 idolis
3588 5763 3896 5822 orationem
