4218 6268
331 306 436 364 εοι

335 514 421 584 gia
453 529 549 583 pro
579 513 690 566 suis
712 514 973 569 adversus
1022 513 1362 569 Jovinianum
1393 516 1544 570 libris
1569 560 1583 583 ,
1620 520 1795 587 primo
1825 521 1944 574 loco

338 608 766 675 Tertullianum,
805 607 1044 663 secundo
1087 608 1435 679 Cyprianum,
1465 611 1621 664 tertio
1655 612 1943 667 Minucium

335 708 749 756 commemorat.
806 700 1141 767 Sabellicus,
1187 703 1283 757 sed
1324 704 1442 759 sine
1496 714 1665 765 teste,
1714 706 1946 762 affirmat

337 807 462 849 eum
511 793 698 847 Roma:
748 791 995 849 ﬂoruisse
1024 809 1130 864 quo
1165 804 1409 866 temporc
1453 795 1701 853 Urbanus
1732 798 1802 852 ibi
1831 808 1944 854 erat

336 888 660 957 episcopus,
716 887 818 942 hoc
862 896 977 953 est,
1032 889 1363 958 temporibus
1408 890 1703 945 Alexandri
1761 891 1946 947 Severi

336 977 707 1048 imperatoris.
756 976 811 1034 Si
862 979 931 1032 ita
964 989 1128 1045 esset,
1162 990 1308 1035 esset
1360 981 1624 1036 Minucius
1676 983 1948 1052 antiquior

334 1067 633 1141 Cypriano,
663 1069 882 1140 aequalis
909 1069 1273 1135 Tertulliano,
1315 1073 1620 1141 nostrisque
1669 1073 1803 1129 adeo
1849 1073 1947 1129 Ju-

342 1162 571 1217 riscons.
602 1161 833 1233 Ulpiauo
858 1172 914 1216 et
963 1162 1144 1218 Paulo.
1200 1161 1399 1219 Verum
1452 1166 1552 1219 etsi
1595 1166 1947 1234 posteriorem

346 1254 515 1311 fuisse
539 1255 755 1310 credam
777 1299 792 1324 ,
827 1264 1003 1311 tamen
1046 1257 1293 1326 proxima
1322 1257 1412 1312 illa
1441 1267 1677 1329 tempora
1705 1270 1945 1315 secutum

345 1364 468 1405 esse
495 1351 747 1405 existimo
774 1368 787 1403 :
819 1356 1001 1405 nostra
1052 1364 1179 1405 vero
1201 1366 1308 1405 non
1347 1353 1607 1421 attingere
1638 1354 1741 1407 nisi
1786 1355 1949 1409 inter-

346 1443 491 1497 vallo
519 1442 859 1513 longissimo,
890 1442 990 1498 hoc
1016 1453 1129 1509 εει,
1153 1458 1414 1498 annorum
1446 1460 1612 1514 prope
1645 1461 1730 1502 cm
1757 1462 1873 1501 ccc.

419 1537 705 1591 Minucium
738 1547 951 1606 gentem
997 1535 1121 1591 olim
1149 1535 1334 1592 Romae
1363 1538 1594 1593 nobilem
1628 1538 1791 1594 fuisse
1832 1556 1945 1595 mc-

350 1630 503 1692 miui,
538 1629 592 1682 in
620 1644 722 1699 qua
753 1638 983 1699 quatuor
1007 1629 1257 1684 consules
1280 1628 1494 1685 Minucii
1527 1632 1784 1701 Augurini
1814 1633 1947 1686 intra

351 1737 526 1777 annos
553 1721 904 1791 quadraginta
935 1722 1206 1776 numerari
1237 1731 1476 1791 possunt.
1533 1722 1638 1779 Sed
1683 1736 1737 1780 et
1774 1724 1949 1779 Minn-

1496 310 1557 366 F.
1628 306 1949 366 BALDUINI
2027 308 2491 371 DISSERTATIO.

334 420 646 476 adscribere
673 419 942 492 Cypriano
967 421 1138 490 magis
1182 419 1410 476 videtur.
1441 421 1546 478 Sed
1577 435 1632 479 et
1661 426 1711 478 iu
1757 427 1951 496 Apolo-
1978 428 2024 485 Α

3541 327 3647 385 ΞιὶΞ

2129 428 2415 484 Minucium
2468 437 2705 485 nostrum
2757 431 2944 487 Romae
2990 446 3179 488 causas
3229 435 3439 506 egisse,
3489 442 3650 508 paulo

2050 530 2173 575 ante
2228 538 2292 575 cx
2342 523 2618 577 Lactantio
2649 533 2701 578 et
2749 523 3072 596 llicrmiymo
3096 527 3293 581 dictum
3323 538 3444 584 est:
3477 547 3650 600 reque

2052 611 2154 666 hoc
2200 612 2312 681 ipse
2343 612 2661 679 dissimulat,
2712 630 2831 669 cum
2866 617 3254 673 vindemiarum
3284 620 3430 677 feriis
3460 640 3645 681 curam

2046 702 2382 770 judiciariam
2413 705 2511 761 sibi
2544 708 2821 761 remissam
2864 708 3029 764 fuisse
3070 720 3267 765 narrat.
3303 712 3391 767 Sic
3420 715 3562 769 enim
3595 726 3650 771 et

2049 797 2306 868 Ulpiauus
2363 801 2413 855 in
2484 802 2766 857 Pandectis
2818 803 2935 872 lege
2990 820 3005 857 ι
3059 805 3122 858 de
3203 804 3368 861 Feriis
3420 809 3647 877 scribit,

2052 888 2119 943 M.
2157 892 2406 946 Antonini
2443 893 2783 964 imperatoris
2828 897 3069 949 oratione
3101 912 3414 968 expressum
3449 901 3611 957 fuisse
3635 945 3650 971 ,

2058 1002 2076 1035 ι
2114 1000 2179 1039 uc
2202 986 2319 1055 quis
2352 987 2605 1041 messium
2648 999 2739 1041 aut
2772 988 3158 1043 vindemiarum
3191 999 3430 1059 tempore
3458 994 3654 1049 adver-

2050 1080 2248 1133 sarium
2296 1091 2511 1150 cogeret
2558 1081 2622 1135 ad
2660 1082 2917 1151 judicium
2948 1084 3149 1139 venire.
3191 1102 3209 1135 ι
3246 1084 3409 1139 Sicuti
3440 1096 3495 1140 ct
3521 1087 3655 1141 Suc-

2051 1173 2230 1227 tonius
2286 1174 2422 1245 (cap.
2486 1173 2578 1245 55)
2630 1186 2808 1230 narrat
2850 1179 3146 1246 Augustum
3203 1178 3475 1241 statuisse,
3535 1198 3552 1231 ‹
3588 1195 3655 1234 ne

2052 1264 2353 1335 Septembri
2384 1268 2672 1323 Oetobrive
2721 1284 2906 1324 mense
2948 1285 3171 1325 necesse
3220 1281 3364 1326 esset
3398 1290 3417 1324 ι
3478 1272 3528 1327 in
3563 1288 3653 1328 sec

2052 1369 2233 1413 natum
2272 1361 2474 1414 venire.
2529 1362 2697 1416 Immo
2733 1376 2863 1416 vero
2901 1370 2955 1417 et
2997 1363 3108 1429 ipse
3145 1362 3469 1433 Cyprianus,
3514 1373 3655 1418 tam-

2052 1467 2209 1522 quam
2239 1452 2374 1508 alter
2412 1452 2695 1517 Minucius,
2755 1455 2805 1508 in
2850 1469 2943 1509 sua
2992 1454 3227 1522 Epistola
3276 1456 3341 1508 ad
3390 1456 3656 1511 Donatum

2053 1541 2221 1617 (Edit.
2246 1544 2411 1599 Oxon.
2439 1543 2682 1599 Tractalu
2711 1547 2773 1598 de
2789 1546 2988 1610 Gratia,
3016 1562 3135 1615 pag.
3172 1546 3246 1616 ‘1.)
3270 1546 3510 1600 meminit
3540 1548 3657 1616 ejus

2054 1638 2313 1707 temporis
2363 1654 2505 1707 quo,
2560 1648 2615 1692 ut
2667 1640 2770 1703 ait,
2809 1658 2826 1689 ι
2870 1640 3176 1707 indulgente
3239 1639 3504 1693 vindemia
3565 1655 3654 1694 so-

2054 1728 2202 1783 lutus
2228 1730 2439 1782 animus
2480 1730 2531 1782 in
2564 1729 2820 1797 quietem,
2880 1729 3151 1783 solemnes
3203 1740 3257 1784 et
3310 1739 3473 1784 statas
3529 1731 3659 1786 anni

355 1815 467 1869 cios
496 1813 681 1876 Rufos,
714 1822 767 1868 et
812 1813 1068 1869 Minucios
1094 1814 1355 1870 Thermos
1387 1816 1437 1870 in
1489 1816 1662 1871 Fastis
1706 1819 1953 1873 consula-
1983 1817 2028 1876 B
2057 1821 2583 1891 fatigantisinducias
2608 1824 2847 1876 sortitur.
2889 1842 2907 1874 ι
2944 1824 3011 1876 At
3040 1834 3148 1877 tum
3173 1823 3388 1891 quidem
3411 1836 3659 1878 secessus

360 1904 506 1959 ribus
554 1905 695 1974 lego.
768 1904 1005 1975 Denique
1053 1914 1107 1961 et
1156 1905 1418 1962 Minucius
1462 1908 1752 1963 Fundanus
1812 1911 1954 1964 Asia:

357 2010 561 2066 przcses
601 1994 698 2049 fuit
726 1994 967 2061 illustris,
1012 1996 1077 2050 ad
1104 2012 1261 2065 quem
1316 1998 1613 2055 Hadrianus
1667 2002 1957 2072 imperator

361 2102 471 2143 noxi
524 2087 754 2158 iniquam
810 2087 879 2143 de
934 2087 1255 2144 Christianis
1304 2090 1476 2161 legem
1529 2094 1671 2147 misit
1704 2112 1716 2147 :
1749 2104 1803 2147 ut
1845 2095 1954 2163 jam

366 2178 500 2234 nihil
530 2178 703 2233 dicam
727 2178 795 2234 de
822 2196 887 2233 eo
918 2180 1074 2250 cujus
1105 2182 1156 2235 in
1187 2182 1442 2250 Epistolis
1471 2186 1713 2240 meminit
1735 2186 1954 2254 Plinius,

358 2270 443 2324 vel
468 2284 630 2337 quem
666 2271 755 2325 ille
776 2281 962 2327 noster
986 2271 1166 2327 laudat
1193 2273 1458 2339 Julianus,
1491 2277 1642 2345 cujus
1690 2277 1755 2333 ad
1785 2278 1957 2334 Miuu-

359 2361 503 2417 cium
531 2362 771 2417 Natalem
803 2363 921 2418 libri
956 2363 1025 2420 de
1051 2364 1179 2420 Jnrc
1208 2366 1347 2421 civili
1373 2367 1671 2424 laudantur.

438 2454 531 2509 llis
560 2469 694 2510 vero
724 2455 974 2511 omnibus
1000 2472 1162 2511 unum
1207 2454 1493 2513 Minucium
1546 2459 1812 2528 Felicem,
1859 2464 1961 2519 etsi

362 2560 470 2601 non
502 2546 664 2602 fuerit
709 2545 950 2617 ejusdem
998 2557 1090 2603 aut
1130 2550 1306 2619 gentis
1350 2559 1441 2605 aut
1497 2550 1749 2618 familiae,
1808 2554 1963 2612 facile

362 2649 661 2710 antepono,
703 2648 860 2695 aetate
890 2640 1105 2710 quidem
1154 2643 1544 2712 posteriorem,
1597 2645 1839 2702 doctrina
1885 2658 1965 2704 ta-

363 2747 511 2800 men,
544 2733 744 2788 virtule
772 2743 847 2800 et,
878 2733 1020 2801 quod
1062 2736 1244 2805 primo
1271 2736 1391 2791 loco
1417 2738 1806 2794 numerandum
1845 2749 1961 2807 est,

364 2827 565 2896 pietate
610 2826 777 2881 multo
823 2828 1175 2896 superiorem.
1226 2828 1347 2883 Fuit
1391 2831 1532 2885 enim
1563 2848 1667 2887 non
1697 2833 1857 2888 modo
1878 2835 1967 2905 ju-

366 2917 723 2972 risconsultus
771 2933 1015 2987 magnus,
1056 2932 1109 2974 et
1130 2921 1402 2978 excellens
1428 2938 1526 2978 suo
1558 2935 1799 2994 tempore
1839 2941 1965 2980 ora-

372 3017 459 3064 tor
483 3027 498 3063 :
522 3008 615 3063 sed
641 3020 693 3064 et
713 3052 728 3074 ,
773 3008 915 3080 quod
946 3010 1117 3079 majus
1144 3020 1245 3077 est,
1296 3012 1394 3067 fuit
1433 3015 1576 3071 serio
1598 3016 1955 3072 Christianus.

374 3100 565 3157 Afrum
598 3100 759 3158 fuisse
790 3104 1053 3173 suspicor,
1084 3105 1208 3159 licet
1255 3104 1306 3159 id
1338 3106 1605 3163 affirmare
1638 3123 1741 3163 non
1771 3111 1965 3164 ausim.

372 3194 532 3251 Certe
568 3195 852 3250 Frontonis
879 3195 1140 3253 Cirtensis
1176 3198 1342 3269 (Cirta
1372 3211 1548 3257 autem
1597 3202 1692 3257 fuit
1744 3205 1969 3260 nobilis-

370 3287 508 3342 sima
540 3286 806 3341 Numidia:
832 3289 1043 3356 civitas,
1076 3290 1228 3360 cujus
1272 3301 1325 3346 et
1354 3292 1405 3345 in
1457 3293 1739 3349 Pandectis
1770 3298 1971 3352 mentio

374 3380 475 3448 ﬁt)
526 3380 597 3434 ita
630 3383 895 3445 meminit,
948 3391 1007 3437 ut
1054 3384 1106 3437 in
1136 3384 1316 3439 Africa
1364 3399 1635 3441 versatum
1663 3404 1722 3442 se
1744 3403 1864 3444 esse
1895 3389 1971 3444 si-

374 3472 617 3543 gniticet.
648 3471 851 3542 Estque
875 3487 1043 3543 genus
1069 3473 1280 3529 dicendi
1319 3476 1699 3548 scribendique
1735 3488 1971 3548 secutus,

376 3565 536 3633 quale
564 3563 673 3618 Afri
717 3564 830 3630 illi,
861 3564 1251 3633 Tertulliauus,
1284 3564 1619 3639 Cyprianus,
1668 3570 1972 3625 Arnobius:

377 3668 433 3711 ut
486 3656 596 3727 jam
640 3656 708 3711 de
739 3657 1128 3726 posterioribus
1174 3674 1280 3713 non
1336 3660 1548 3731 loquar,
1603 3676 1738 3732 quos
1786 3661 1974 3717 eadem

380 3750 514 3806 olim
566 3751 698 3804 aluit
741 3750 941 3816 Africa,
994 3751 1106 3816 illa,
1155 3751 1394 3818 inquam,
1452 3751 1581 3807 felix
1628 3751 1979 3823 {iracundaque

388 3841 594 3905 Africa,
640 3858 755 3911 qua:
805 3853 862 3898 ut
907 3858 1121 3913 semper
1159 3843 1362 3915 aliquid
1404 3845 1528 3899 novi
1561 3844 1801 3913 proferre
1828 3845 1977 3901 dice-

390 3932 574 3998 batur,
602 3933 679 3988 sic
713 3934 867 3988 etiam
896 3936 1171 4005 religionis
1209 3945 1407 3990 nostrae
1441 3936 1683 3991 vindices
1713 3947 1764 3991 et
1795 3946 1978 4005 patro-

401 4038 507 4079 nos
546 4022 883 4081 doctissimos
915 4028 1316 4097 acerrimosque
1340 4027 1580 4096 protulit,
1613 4036 1666 4082 et
1701 4027 1767 4081 ad
1814 4028 1982 4096 ipsius

385 4133 602 4190 quoque
636 4117 893 4173 Romana:
932 4119 1190 4175 Ecclesia:
1247 4119 1557 4189 praesidium
1605 4129 1767 4188 atque
1794 4119 1983 4174 defen-

386 4212 594 4268 sionem
624 4214 823 4280 emisit,
864 4227 986 4266 nam
1018 4220 1073 4267 et
1119 4227 1183 4267 ex
1236 4212 1423 4267 eadem
1471 4210 1649 4267 Africa
1703 4211 1986 4281 prodibant

388 4303 572 4360 hostes
604 4305 827 4359 minime
874 4303 1077 4375 ignavi,
1110 4318 1283 4373 neque
1311 4302 1543 4372 improbi
1575 4303 1752 4357 minus
1774 4345 1788 4369 ,
1823 4316 1984 4372 quam

388 4398 735 4454 vehementes
764 4397 1196 4452 calumniatores.
1218 4396 1414 4466 qualis,
1445 4412 1513 4451 ne
1540 4395 1750 4466 longius
1770 4395 1982 4462 abeam,

390 4492 490 4547 fuit
533 4492 641 4559 ille,
674 4490 831 4561 cujus
866 4490 976 4559 jam
1026 4489 1266 4554 memini,
1302 4488 1503 4543 Fronto
1534 4507 1547 4543 :
1579 4504 1738 4559 quem
1771 4488 1985 4558 quidem

2060 1929 2302 1969 amoenos
2332 1928 2549 1984 captare
2576 1930 2634 1969 se
2653 1916 2746 1977 ait,
2794 1914 2882 1967 ubi
2931 1915 2996 1968 de
3030 1915 3191 1969 rebus
3219 1915 3414 1969 divinis
3444 1917 3661 1985 cogitet.

2059 2006 2175 2060 Non
2205 2007 2481 2062 dissimilis
2521 2016 2603 2062 est
2650 2008 2888 2061 narratio
2944 2008 3112 2061 nostri
3166 2008 3401 2063 Minucii.
3458 2008 3666 2066 Felices

2063 2114 2189 2153 vero
2220 2099 2326 2153 illa:
2350 2098 2516 2164 ferite,
2546 2098 2738 2168 quibus
2769 2114 2797 2151 a
2829 2097 2947 2152 foro
2997 2099 3371 2169 subselliisque
3399 2099 3664 2156 abductus

2062 2190 2427 2244 nobilissimus
2466 2189 2768 2244 causidicus
2795 2200 2873 2244 est
2922 2188 2985 2241 ad
3019 2189 3323 2259 religiosam
3376 2191 3487 2245 sive
3518 2205 3668 2245 corn-

2064 2286 2451 2339 mcntationem
2491 2285 2605 2339 sive
2637 2284 3073 2350 diSputationetn.
3105 2283 3295 2340 Cicero
3317 2326 3332 2351 ,
3378 2287 3520 2356 quod
3570 2286 3668 2343 abs

2064 2384 2251 2430 nostro
2286 2374 2525 2430 Scaevola
2563 2376 2801 2443 accepit,
2846 2384 3028 2429 narrat
3082 2373 3207 2447 (lib.
3244 2392 3277 2429 ll
3325 2377 3387 2429 de
3429 2376 3669 2443 Oratore,

2066 2483 2185 2538 cap.
2218 2468 2295 2535 6).
2327 2485 2345 2517 ‹
2377 2466 2599 2520 Laelium
2640 2482 2761 2520 cum
2801 2466 3055 2535 Scipione
3083 2468 3300 2521 solitum
3331 2483 3453 2525 esse
3502 2471 3671 2524 rusti-

2066 2560 2175 2614 cari
2208 2576 2221 2613 :
2252 2572 2453 2628 eosque
2480 2557 2865 2613 incredibiliter
2886 2573 3269 2627 repuerascere.
3295 2574 3416 2615 esse
3454 2562 3665 2627 solitos,

2068 2665 2189 2705 cum
2231 2664 2325 2703 rus
2360 2664 2428 2704 ex
2469 2649 2621 2714 urbe,
2661 2658 2930 2718 tamquam
2959 2664 3023 2703 ex
3062 2650 3286 2704 vinculis
3319 2652 3619 2707 evolassent
3656 2670 3671 2706 :

2068 2740 2303 2795 conchas
2332 2758 2351 2792 ι
2386 2740 2570 2803 etiam,
2606 2758 2625 2790 ί
2662 2747 2717 2794 et
2747 2739 3030 2795 umbilicos
3076 2740 3139 2795 ad
3186 2739 3444 2805 Caietam,
3500 2753 3553 2796 et
3604 2743 3675 2798 ad

2069 2832 2359 2888 Lucrinum
2390 2831 2570 2901 legere
2607 2846 2917 2898 consuesse,
2949 2841 3002 2885 et
3035 2832 3101 2886 ad
3134 2847 3347 2886 omnem
3374 2834 3539 2887 animi
3583 2850 3674 2889 re-

2071 2926 2384 2979 missionem
2414 2924 2705 2994 ludumque
2730 2923 3079 2979 descendere.
3118 2944 3136 2976 ι
3172 2926 3299 2994 Ejus
3334 2941 3465 2980 vero
3492 2942 3675 2981 exem-

2072 3017 2142 3086 pli
2175 3014 2357 3069 statim
2410 3015 2539 3069 milii
2569 3014 2621 3068 in
2674 3024 2908 3069 mentem
2965 3018 3137 3081 venit,
3197 3032 3317 3071 cum
3378 3017 3667 3072 Minucium

2073 3107 2337 3173 audirem,
2371 3106 2560 3162 relicto
2591 3108 2817 3176 strepitu
2843 3106 3076 3173 forensi',
3129 3124 3249 3163 cum
3301 3123 3399 3163 suo
3449 3110 3673 3166 Octavio

1997 3202 2043 3266 C
2078 3199 2357 3264 rusticari,
2412 3207 2467 3254 et
2517 3198 2568 3251 in
2600 3182 2802 3252 littore
2862 3198 3095 3253 Ostiensi
3141 3199 3376 3253 suaviter
3427 3210 3676 3270 spectare

2075 3293 2366 3364 puerilem,
2395 3307 2553 3363 quem
2582 3291 2869 3354 describit,
2901 3290 3106 3347 ludum.
3159 3291 3265 3347 Sed
3313 3307 3435 3347 cum
3480 3291 3677 3347 deinde

2076 3386 2235 3440 audio
2284 3399 2442 3454 quam
2500 3385 2551 3438 in
2604 3383 2693 3438 illo
2745 3396 2959 3438 secessu
3003 3392 3053 3437 et
3106 3384 3283 3451 gravis
3327 3392 3381 3437 et
3426 3384 3566 3437 seria
3608 3382 3678 3437 de

2076 3479 2335 3548 religione
2361 3476 2649 3547 disputatio
2684 3476 2875 3540 fuerit,
2927 3484 2981 3530 et
3029 3476 3186 3545 quale
3233 3476 3302 3530 sit
3351 3476 3403 3529 in
3451 3475 3670 3530 deserto

2078 3570 2282 3624 fornice
2307 3570 2589 3623 Consilium
2610 3611 2625 3635 ,
2654 3569 2826 3622 sentio
2874 3583 3163 3638 numquam
3196 3576 3441 3622 coactum
3488 3567 3673 3623 Roma:

2080 3665 2244 3721 fuisse
2294 3673 2539 3720 senatum
2594 3664 2783 3732 majori
2832 3663 2899 3718 de
2948 3678 3007 3719 re
3042 3681 3055 3717 :
3091 3662 3405 3733 nullumque
3460 3662 3673 3728 forum,

2080 3760 2267 3813 urbem
2296 3757 2500 3811 nullam
2521 3796 2536 3822 ,
2567 3755 2768 3809 nullum
2805 3757 3097 3824 negotium,
3127 3754 3201 3808 illi
3229 3755 3348 3808 sive
3391 3754 3521 3820 otio,
3566 3756 3681 3809 sive

2082 3849 2353 3903 solitudini
2384 3849 2670 3918 praetulere
2701 3867 2713 3901 :
2750 3848 3054 3917 saepiusque
3096 3856 3151 3900 ut
3198 3847 3565 3915 iurisconsulti
3614 3862 3681 3902 eo

2084 3941 2247 3996 modo
2302 3940 2521 4006 feriari,
2569 3939 2825 3995 secedere
2880 3951 3040 4008 atque
3085 3940 3330 3992 rusticari
3393 3939 3682 4008 aliquando

2085 4033 2271 4096 velint,
2295 4041 2480 4099 Optare
2501 4046 2683 4099 cogor.
2710 4034 2789 4084 An
2815 4030 2864 4083 in
2904 4045 3090 4084 eorum
3118 4029 3326 4084 animos
3354 4029 3548 4086 cadere
3575 4046 3681 4085 non

2088 4132 2260 4194 potest
2291 4130 2476 4177 sancta
2500 4121 2673 4190 aliqua
2704 4129 2757 4175 et
2785 4119 3033 4189 religiosa
3073 4129 3126 4172 et
3156 4130 3367 4173 secreto
3397 4135 3495 4173 suo
3523 4121 3682 4190 digna

2087 4231 2267 4272 rerum
2293 4215 2594 4270 divinarum
2646 4211 2940 4281 cogitatio?
2982 4212 3291 4265 Lactantius
3338 4212 3531 4276 innuit,
3586 4212 3680 4267 Mi-

2089 4308 2305 4363 nnciam
2337 4320 2458 4362 sese
2506 4314 2673 4359 tetum
2717 4318 2821 4358 non
2861 4303 3154 4359 contulisse
3204 4301 3270 4357 ad
3302 4301 3537 4358 studium
3598 4319 3685 4360 re-

2089 4414 2207 4453 rum
2230 4396 2735 4454 ecclesiasticarum.
2765 4395 2871 4451 Sed
2901 4404 3047 4450 tanto
3093 4393 3325 4450 nobilior
3370 4395 3487 4465 ejus
3523 4396 3686 4464 juris-

2091 4491 2377 4562 prudentia
2408 4489 2537 4553 fuit,
2565 4504 2715 4559 quae,
2739 4489 2910 4559 qualis
2941 4504 3060 4544 esse
3088 4487 3285 4554 debet,
3319 4488 3370 4542 in
3415 4489 3689 4559 republica

391 4596 500 4641 tam
529 4585 895 4654 impudentem
920 4583 1211 4645 rhetorem,
1255 4597 1413 4652 quam
1465 4581 1685 4652 impium
1727 4579 1988 4635 Christia-
2012 4591 2065 4652 Ῑ)
2095 4584 2192 4638 fuit
2217 4602 2230 4637 :
2255 4591 2310 4638 et
2351 4596 2531 4637 rerum
2571 4581 2869 4635 divinarum
2901 4580 3361 4649 humanarumque
3400 4595 3584 4636 curam
3635 4590 3692 4636 et

395 4691 587 4732 norum
616 4675 981 4731 adversarium
1010 4674 1194 4738 fuisse,
1223 4689 1290 4729 ex
1317 4672 1547 4727 Minucio
1603 4670 1985 4741 intelligemus.

397 4768 606 4824 Nollem
637 4768 772 4823 hunc
800 4768 965 4823 fuisse
1000 4767 1270 4835 Papirium
1324 4766 1673 4831 Frontonem,
1722 4765 1993 4834 juriscon-

399 4859 821 4929 sultum.quiin
852 4858 1134 4913 Pandectis
1181 4858 1450 4912 laudatur.
1500 4856 1757 4925 Suspicor
1815 4857 1993 4925 potius

400 4950 564 5008 fuisse
589 4949 893 5006 Cornelium
940 4949 1265 5005 Frontonem
1294 4948 1587 5013 rhetorem,
1636 4964 1793 5017 quem
1837 4947 1996 5018 Capi-

401 5042 599 5099 tolinus
645 5052 827 5097 narrat
872 5042 1038 5097 fuisse
1070 5052 1452 5112 praeceptorem
1489 5040 1559 5094 M.
1590 5039 1841 5094 Antenini
1873 5039 1995 5109 phi-

399 5133 652 5205 losophi,
708 5133 1086 5203 imperatoris,
1151 5142 1205 5187 et
1256 5147 1320 5187 ex
1376 5132 1527 5200 cujus
1595 5133 1755 5185 etiam
1815 5130 2000 5185 schola

398 5228 631 5282 oratoria
658 5226 964 5294 accepimus
991 5224 1253 5295 prodiisse
1295 5224 1444 5279 illum
1472 5232 1713 5277 nostrum
1751 5222 1827 5294 (1)
1846 5221 1999 5275 Meli-

402 5329 607 5385 tonem,
636 5318 731 5389 qui
760 5319 825 5372 ad
865 5318 1291 5373 Christianorum
1319 5316 1711 5380 defensionem,
1745 5316 2002 5382 eloquen-

402 5412 534 5467 tiam
567 5426 720 5466 suam
750 5412 1052 5467 convertit:
1084 5419 1142 5465 ut
1184 5410 1323 5480 quod
1353 5410 1455 5465 illis
1488 5411 1682 5479 impius
1706 5417 2006 5478 prteceptor

404 5505 664 5574 probrum
703 5513 1005 5573 asperserat
1051 5502 1439 5567 malediceudo,
1490 5503 1661 5557 bonus
1715 5498 2010 5568 discipulus

413 5596 753 5666 abstergeret
781 5594 1180 5665 respondendo.

495 5729 575 5803 (1)
604 5732 925 5790 Sardensem
948 5733 1283 5803 episcopum,
1310 5740 1587 5789 auctorem
1617 5728 1891 5801 Apologice
1919 5744 2016 5801 pro

418 5800 757 5861 ChrISIiattis.
793 5800 1107 5876 Hleroriytn.
1134 5800 1369 5877 Lata/eg.

868 5899 1149 5961 PATROL.
1183 5899 1325 5969 111.;

2092 4675 2451 4745 cognitionem
2504 4675 2827 4742 conjunxit:
2874 4682 3129 4743 tantoque
3188 4682 3468 4743 pr0ptcrea
3520 4675 3690 4744 magis

2093 4770 2211 4839 ejus
2238 4767 2543 4837 exemplum
2575 4766 2741 4821 nostri
2765 4765 2970 4822 ordinis
2998 4763 3302 4818 hominibus
3328 4765 3650 4819 commendo
3670 4806 3689 4830 ,

2095 4872 2154 4917 ut
2180 4861 2369 4916 saltem
2406 4859 2594 4914 diebus
2636 4858 2857 4914 nefastis
2888 4858 2939 4910 in
2981 4856 3091 4909 otio
3139 4854 3377 4908 melioris
3417 4855 3694 4924 religionis

2099 4954 2262 5009 fastos
2309 4952 2578 5016 excolam,
2610 4952 2779 5021 iisque
2820 4964 2880 5003 se
2922 4948 3051 5003 dent
3086 4956 3246 5015 atque
3275 4945 3545 5000 addicaut.
3580 4947 3690 4999 Ha-

2102 5046 2298 5101 bebant
2339 5046 2468 5100 olim
2516 5043 2771 5098 fertantes
2817 5040 3041 5094 Romani
3071 5053 3224 5093 suam
3259 5056 3278 5088 ‹
3314 5037 3692 5092 decursionem

2104 5136 2433 5198 Tiberinam,
2466 5152 2484 5185 ι
2533 5133 2687 5202 cujus
2722 5131 2967 5186 meminit
2991 5128 3180 5184 Cicero
3220 5128 3345 5193 (lib.
3384 5143 3418 5181 v
3459 5129 3520 5182 de
3570 5126 3696 5185 Fin.

2106 5244 2219 5296 cap.
2242 5226 2387 5295 24.),
2416 5237 2696 5292 suamque.
2715 5231 2772 5275 ut
2799 5221 2943 5285 leges
2968 5217 3045 5289 (2)
3064 5226 3262 5273 nostrae
3284 5227 3507 5287 vocant,
3546 5238 3564 5271 ι
3596 5218 3702 5274 Ma-

2104 5320 2307 5386 jumam
2347 5332 2366 5365 ι
2408 5312 2474 5367 ad
2526 5312 2753 5366 Ostiam.
2803 5308 2909 5364 Sed
2959 5309 3209 5363 excursio
3261 5309 3428 5363 nostri
3490 5307 3705 5365 Minucii

2109 5424 2269 5480 quam
2325 5406 2547 5461 minime
2598 5411 2689 5456 aut
2741 5401 2912 5457 otiosa
2961 5409 3053 5455 aut
3097 5399 3301 5455 ludicra
3350 5398 3481 5454 fuit?
3540 5400 3706 5472 Digna

2190 5586 2273 5659 (2)
2301 5584 2479 5659 Titqu
2507 5583 2781 5659 utriusque
2830 5579 3046 5659 Codicis
3071 5580 3162 5659 “de
3204 5579 3456 5650 Majuma.
3519 5580 3712 5639 Suidas

2123 5650 2281 5715 astas
2318 5671 2412 5711 eos
2455 5654 2609 5709 ludos
2636 5650 2937 5708 celebratos
2983 5650 3166 5717 addit,
3223 5667 3450 5721 quorum
3503 5668 3712 5710 ~umma

2122 5733 2220 5787 fuit
2257 5733 2513 5792 ἡδυπαθεῖν
2541 5732 2585 5783 ἰν
2622 5732 2721 5788 τοῖς
2758 5733 3033 5785 θαλαττίοις
3073 5727 3257 5790 ὕδασιν,
3292 5728 3519 5787 ἀλλήλους
3541 5731 3717 5794 φρει,

2128 5809 2301 5863 λιντες.
