4156 6282
571 201 680 269 205

1710 203 1798 262 DE
1837 203 2098 262 MINUCII
2135 201 2400 262 FELICIS
2437 203 2739 261 OCTAVIO

3766 203 3872 261 20L

572 321 847 395 profecto,
875 319 1027 390 cujus
1065 317 1288 389 vestigia
1330 316 1562 372 libenter
1599 317 1936 382 CODSIliCBI‘el
1983 316 2168 386 Augu-
2197 317 2250 378 Α
2277 316 2476 370 sidicus
2531 326 2676 372 esset
2733 315 2894 380 ullus,
2951 316 3036 370 vel
3082 318 3172 387 jus
3213 316 3520 388 postulandi
3586 316 3873 387 quisquam

573 417 749 472 stinus
783 431 794 466 :
830 423 884 469 et
915 413 1063 467 illum
1090 426 1394 476 recessum,
1429 411 1480 462 in
1509 424 1615 478 quo
1659 408 1838 462 habita
1863 418 1947 462 est
1985 408 2168 477 dispu-

580 509 731 573 tatio,
765 507 1060 572 salutaret,
1107 519 1230 559 cum
1281 501 1334 556 in
1383 503 1608 556 ecclesua
1658 502 1892 556 Ostiensi
1943 511 2170 554 matrem

576 613 728 654 suam
781 596 1044 652 Monicam
1104 594 1376 664 sepeliret.
1437 592 1700 662 Equidem
1758 591 1995 662 religiosi
2056 589 2173 659 ejus

573 689 861 759 colloquii,
891 687 1035 757 quod
1062 695 1247 741 sancta
1295 686 1411 740 haec
1455 693 1700 739 matrona
1739 699 1860 738 cum
1916 683 2026 737 lilio
2075 697 2173 737 suo

575 782 766 838 habuit
837 781 903 835 ad
964 781 1099 836 ostia
1150 780 1242 834 illa
1290 778 1539 834 Tiberina
1587 779 1766 848 (sicuti
1824 779 1938 847 ipse
1988 777 2176 831 recitat

567 877 667 936 lib.
722 893 777 932 ιι
817 874 1164 947 Confession.)
1220 874 1532 929 meminisse
1579 873 1760 938 soleo,
1807 871 2016 941 quoties
2046 869 2172 924 Dia-

579 972 760 1045 logum
788 969 930 1024 hunc
958 968 1317 1024 Minucianum
1343 967 1480 1037 lego.

647 1062 906 1130 Quasnam
981 1070 1126 1116 esset
1183 1060 1410 1114 Romani
1454 1058 1555 1113 fori
1612 1057 1879 1122 conditio,
1931 1070 2094 1125 quum
2118 1053 2173 1107 in

576 1170 644 1212 eo
704 1164 1011 1210 versziretur
1064 1151 1362 1217 Minucius,
1413 1165 1639 1221 quaeque
1683 1149 1939 1205 Ecclesia:
2005 1147 2059 1199 in
2110 1160 2172 1198 ea

573 1249 709 1306 urbe
753 1256 880 1302 tunc
913 1245 1076 1301 facies
1098 1255 1274 1312 esset,
1322 1248 1439 1315 ejus
1479 1245 1654 1299 aatatis
1699 1242 1957 1297 memoria
2016 1240 2173 1310 plane

571 1339 838 1397 ostendit:
899 1349 953 1392 et
999 1352 1118 1407 quae
1175 1336 1463 1407 aliquando
1505 1335 1696 1405 scripsi
1737 1334 1805 1388 ad
1863 1332 2051 1387 Edicta
2080 1346 2169 1384 ve-

565 1443 741 1488 terum
781 1430 1090 1499 Principum
1143 1429 1302 1483 Rom.
1345 1428 1413 1483 de
1457 1427 1814 1492 Christianis,
1869 1440 1986 1479 eain
2047 1437 2168 1477 rem

569 1526 861 1581 illustrant.
917 1522 1103 1592 Neque
1150 1523 1331 1592 ignota
1379 1533 1464 1576 est
1535 1521 1757 1575 historia
1828 1528 2168 1587 temporum,

567 1619 766 1690 quibus
821 1617 1015 1672 Decius
1043 1624 1137 1669 aut
1165 1614 1487 1668 Valerianus
1511 1613 1811 1681 imperavit.
1844 1612 1991 1666 Bene
2042 1625 2170 1664 vero

2275 408 2532 475 haberet,
2582 410 2672 477 qui
2735 409 3074 464 Christianus
3139 426 3246 465 non
3291 421 3456 467 esset.
3515 410 3704 480 (Lege
3757 426 3875 466 vru.

2275 501 2406 557 Cod.
2461 503 2525 555 de
2590 500 2980 570 Porta/ando.)
3051 504 3219 571 Quam
3284 504 3382 557 fuit
3447 504 3626 573 itaque
3697 503 3878 558 nobile

2275 593 2488 649 Minucii
2537 595 2703 648 nostri
2749 595 3077 661 exemplum,
3131 593 3223 664 qui
3272 595 3534 650 bonarum
3597 595 3873 663 partium,

2275 696 2531 754 quantum
2588 686 2775 753 potuit,
2808 696 3066 754 patrOnus
3092 685 3280 740 Romae
3331 687 3447 750 luit,
3499 702 3606 756 quo
3638 697 3881 756 tempore

2278 775 2512 829 nondum
2553 776 2772 845 impune
2823 775 2926 830 hoc
2955 777 3189 832 licebat!
3223 787 3371 832 certe
3396 777 3721 832 Christianis
3745 788 3874 834 tunc

2286 875 2402 921 erat
2476 867 2822 923 interdictum
2876 869 3014 933 foro,
3074 884 3252 938 neque
3325 869 3389 923 iis
3431 868 3522 938 jus
3575 869 3878 938 postulandi

2277 973 2479 1030 praetor
2525 962 2708 1016 dabat.
2743 962 2942 1017 Verum
3001 963 3104 1018 etsi
3155 964 3325 1033 magis
3367 962 3441 1018 illi
3493 962 3689 1033 palliati
3721 979 3878 1033 quam

2285 1055 2446 1123 togati
2494 1069 2617 1110 esse
2665 1055 2947 1110 solerent:
2997 1064 3178 1112 tamen
3233 1056 3359 1125 quia
3436 1055 3501 1110 iis
3570 1055 3876 1125 respublica

2279 1158 2425 1213 saepe
2466 1159 2653 1200 carere
2687 1162 2793 1200 non
2831 1155 3058 1215 poterat,
3139 1146 3426 1217 aliquando
3500 1155 3708 1215 togatos
3763 1161 3884 1202 esse

2278 1251 2395 1301 eos,
2448 1247 2501 1290 et
2543 1251 2729 1292 eorum
2772 1239 3034 1308 quosdam
3079 1239 3298 1308 aliquod
3342 1239 3398 1295 in
3447 1240 3654 1307 republ.
3687 1255 3882 1296 munus

2277 1327 2426 1381 obire
2453 1327 2597 1398 passi
2641 1329 2868 1383 subinde
2893 1339 3017 1384 sunt
3040 1329 3241 1384 ethnici
3290 1332 3584 1401 principes.
3613 1332 3880 1387 Christia-

2277 1421 2328 1471 ni
2380 1420 2738 1489 imperatores
2803 1421 2999 1478 deinde
3045 1423 3218 1478 multo
3251 1424 3398 1478 luere
3437 1423 3881 1493 indulgentiores,

2285 1514 2372 1580 qui
2423 1528 2516 1567 eos
2567 1522 2621 1568 et
2647 1515 2894 1571 consules
2951 1525 3005 1569 et
3035 1515 3319 1585 pra-lectos
3347 1517 3464 1572 urbi
3509 1526 3672 1588 atque
3715 1519 3879 1573 etiam

2275 1606 2529 1672 praetorio
2574 1606 2840 1661 interdum
2890 1608 3166 1673 creabant,
3199 1623 3335 1678 quos
3373 1609 3574 1678 alioqui
3601 1611 3888 1681 noriigno-

567 1711 762 1768 habet:
813 1707 1255 1774 Jurisconsultis,
1311 1719 1538 1775 quorum
1580 1705 1649 1758 de
1693 1705 1816 1773 jure
1864 1702 2006 1757 civili
2051 1717 2168 1755 res-
2196 1709 2246 1768 Β
2275 1698 2462 1751 rabaut
2501 1713 2623 1753 esse
2669 1701 2966 1756 acerrimos
3016 1701 3200 1758 hostes
3239 1704 3539 1772 religionis,
3592 1705 3734 1773 quod
3793 1706 3881 1759 in-

566 1819 738 1880 pousa
794 1801 1044 1871 legimus,
1099 1814 1205 1852 non
1262 1799 1434 1850 solum
1503 1796 1571 1850 ab
1622 1795 1879 1865 religione
1941 1793 2166 1857 alienis,

565 1894 665 1951 sed
715 1902 770 1947 et
806 1892 921 1962 ejus
972 1890 1251 1945 acerrimis
1277 1888 1637 1952 adversariis,
1671 1886 1996 1940 successisse
2025 1883 2170 1936 chri-

567 1987 805 2042 stianum
870 1983 1241 2039 causidicum:
1285 1991 1338 2035 et
1387 1979 1519 2033 illud
1560 1979 1674 2033 sive
1701 1978 1876 2032 forum
1916 1977 2028 2030 sive
2053 1975 2169 2029 col-

565 2078 764 2148 legium
815 2077 976 2131 Rom.
1040 2087 1176 2144 toga:
1222 2083 1378 2144 atque
1443 2073 1845 2136 advocatiOuis,
1896 2068 2039 2139 quod
2089 2077 2167 2122 tot

562 2169 677 2242 jam
722 2168 877 2223 anuis
937 2180 1281 2236 consipersuin
1324 2164 1494 2218 fuerat
1520 2164 1779 2234 sanguine
1809 2171 1864 2217 et
1899 2162 2170 2216 cineribus

570 2265 782 2334 piorum
832 2261 1135 2323 hominum,
1189 2261 1401 2313 tandem
1433 2258 1721 2327 aliquando
1750 2273 1879 2312 voce
1906 2266 1960 2312 et
2005 2255 2168 2310 vesti-

569 2359 673 2430 giis
739 2355 1018 2411 christiani
1073 2353 1371 2424 jurisperiti
1433 2355 1704 2421 eXpiatum
1756 2360 1918 2421 atque
1979 2363 2171 2404 conse—

565 2462 773 2510 cratum
815 2449 1005 2504 fuisse.
1067 2447 1337 2502 Arnobius
1359 2445 1498 2499 libro
1546 2445 1717 2514 primo
1759 2445 2058 2514 gloriatur,
2109 2451 2164 2496 et

573 2553 820 2600 oratores
867 2552 922 2596 et
973 2539 1416 2611 jurisconsultos,
1471 2537 1710 2606 mugilis,
1759 2548 1816 2589 ut
1855 2537 1960 2602 ait,
2019 2536 2166 2605 inge-

567 2639 674 2694 niis
701 2637 974 2708 prteditos,
1007 2633 1285 2689 transiisse
1311 2631 1377 2686 ad
1409 2631 1726 2685 Ecclesium.
1775 2629 1952 2684 Credo
2015 2630 2169 2697 equi-

564 2733 689 2788 dem
716 2772 730 2795 ,
789 2746 912 2785 cum
971 2729 1022 2783 id
1084 2727 1374 2788 scriberet,
1409 2723 1479 2777 de
1519 2721 1750 2776 Minucio
1793 2736 1919 2776 eum
1950 2735 2048 2774 suo
2073 2735 2167 2774 co-

557 2826 786 2896 gitasse.
833 2821 1028 2875 Multos
1070 2823 1188 2888 ejus
1235 2815 1441 2871 ordinis
1467 2815 1698 2868 fortasse
1749 2827 2038 2867 numerare
2077 2813 2167 2865 vix

563 2917 849 2988 potuisset.
901 2913 1010 2968 Sed
1049 2909 1263 2965 Minucii
1313 2917 1489 2962 tamen
1533 2907 1843 2976 exemplum
1906 2905 2167 2974 quosdam

564 3017 784 3063 secutos
833 3019 955 3060 esse
1005 3003 1202 3058 credo:
1259 3011 1317 3054 ut
1368 3009 1422 3054 et
1477 2998 1738 3053 Minucius
1777 2997 1983 3060 habuit,
2030 3010 2167 3066 quos

2281 1790 2445 1861 telligi
2502 1802 2677 1860 potest
2721 1793 2806 1846 vel
2862 1809 2929 1848 ex
2984 1794 3141 1850 unius
3191 1796 3498 1866 Symmachi
3546 1795 3880 1852 conditione.

2281 1882 2390 1938 Sed
2443 1883 2572 1939 facti
2625 1887 2839 1942 tandem
2869 1888 3193 1957 ,aliquaudo
3237 1898 3362 1946 sunt
3421 1892 3763 1955 severiores,
3825 1899 3883 1946 et

2273 1984 2520 2030 senatum
2573 1978 2856 2048 forumque
2909 1979 3066 2036 Rom.
3115 1993 3507 2052 perpurgarunt
3537 1993 3592 2038 et
3618 1983 3882 2038 Minucios

2273 2069 2532 2136 quosdam
2585 2083 2708 2124 esse
2764 2071 3076 2139 jusserunt,
3131 2073 3457 2145 quicumque
3509 2076 3590 2130 vel
3645 2075 3736 2145 jus
3798 2076 3882 2130 di-

2273 2169 2492 2226 cerent,
2541 2161 2627 2215 vel
2663 2178 2856 2217 cansas
2881 2173 3124 2232 agerent.
3156 2167 3318 2220 Aram
3348 2166 3614 2230 Victoritn,
3665 2183 3788 2238 quas
3816 2169 3876 2223 in

2274 2252 2536 2307 vestibulo
2577 2256 2741 2308 curia:
2784 2259 2992 2321 stabat,
3035 2268 3088 2312 et
3134 2259 3203 2313 ad
3241 2275 3401 2329 quam
3449 2273 3666 2316 senatus
3694 2263 3881 2331 jurare

2274 2354 2433 2413 atque
2471 2347 2778 2402 sacriﬁcare
2821 2349 3070 2414 solebat,
3114 2351 3435 2421 jampridem
3503 2362 3862 2420 everterant,

2273 2435 2390 2505 ipso
2438 2441 2595 2492 etiam
2645 2455 2697 2494 et
2727 2441 3051 2511 Symmacho
3076 2441 3158 2515 (5)
3187 2453 3246 2498 et
3291 2455 3480 2499 senatu
3519 2448 3872 2502 reclamante.

2282 2529 2388 2588 Sed
2437 2527 2733 2586 etfucerunt
2777 2544 3069 2602 postremo,
3125 2544 3183 2590 ut
3241 2551 3347 2590 non
3398 2537 3559 2592 modo
3599 2553 3629 2590 a
3671 2537 3762 2592 tali
3787 2554 3882 2593 su-

2271 2623 2591 2696 perstitione
2642 2627 2802 2681 liberi
2855 2639 3037 2683 essent
3080 2645 3270 2686 omnes
3315 2632 3523 2701 togati,
3576 2631 3670 2686 sed
3715 2635 3880 2686 etiam

2275 2727 2331 2772 ut
2375 2717 2521 2772 nulla
2551 2719 2604 2771 in
2657 2719 2774 2774 foro
2813 2720 2916 2775 nisi
2962 2720 3253 2776 christiana
3279 2733 3425 2778 esset
3463 2723 3556 2778 illa
3603 2724 3880 2794 jurispru-

2273 2806 2477 2871 deutia,
2533 2810 2691 2877 cujus
2751 2811 2863 2880 jam
2917 2813 3046 2868 olim
3085 2815 3260 2884 aliqua
3310 2815 3365 2869 in
3410 2815 3645 2872 Minucio
3691 2828 3883 2874 nostro

2271 2898 2475 2972 efﬁgies
2515 2901 2711 2956 fuerat.

2343 2990 2628 3047 Minuciani
2661 2993 2815 3062 hujus
2843 2994 3012 3050 libelli
3043 2997 3343 3067 inscriptio,
3373 3008 3428 3054 et
3449 2999 3645 3072 dialogi
3670 3000 3877 3070 forma,

567 3103 622 3157 in
671 3100 863 3157 eodem
921 3097 1096 3152 stadio
1154 3103 1492 3164 sequeretur.
1539 3091 1739 3148 Saltem
1807 3090 2238 3159 HieronytuusC
2271 3082 2549 3151 antiquum
2603 3085 2984 3156 eruditumque
3062 3090 3326 3145 scribendi
3407 3106 3615 3147 morem
3691 3094 3879 3150 τεῖρε-ι,

565 3193 638 3250 ad
695 3193 966 3263 Magnum,
1019 3188 1105 3243 ubi
1156 3186 1446 3242 Minucium
1490 3184 1686 3248 laudat,
1735 3183 1978 3237 meminit
2028 3181 2162 3238 duo-

567 3301 689 3341 rum
740 3284 996 3338 Romanae
1037 3280 1185 3336 urbis
1231 3291 1572 3340 senatorum,
1630 3275 1900 3345 Hippolyti
1945 3282 2004 3328 et
2053 3277 2164 3343 Ap-

566 3375 812 3444 pollonii.
855 3375 968 3445 qui,
1012 3383 1065 3428 ut
1117 3382 1173 3427 et
1221 3372 1358 3424 inter
1401 3370 1705 3438 Scriptores
1772 3367 2166 3423 ecclesiasticos

569 3469 917 3530 referrentur,
959 3464 1132 3521 meriti
1179 3467 1306 3517 sint.
1335 3461 1476 3529 Quid
1503 3461 1676 3515 dicam
1701 3459 1769 3514 de
1803 3461 1896 3514 illo
1924 3459 2002 3528 (l)
2038 3459 2166 3513 Vet-

570 3563 646 3615 tio
689 3557 967 3629 Epagatho
1024 3554 1398 3625 Lugdunensi,
1449 3553 1539 3622 qui
1571 3553 1696 3605 olim
1735 3564 1790 3607 et
1826 3553 2005 3605 multis
2044 3551 2159 3622 qui-

569 3652 693 3707 dem
741 3660 869 3706 ante
917 3648 1203 3702 Minucium
1244 3646 1399 3699 annis
1454 3653 1510 3697 et
1555 3643 1654 3696 fuit
1682 3654 1736 3696 ct
1789 3643 1980 3711 partim
2015 3644 2167 3712 igno-

572 3746 790 3812 miniaa,
859 3741 1053 3812 partim
1104 3740 1322 3794 honoris
1369 3753 1530 3791 causa
1569 3735 1653 3806 (ut
1681 3737 1824 3789 varia
1850 3746 1975 3789 tunc
2015 3745 2170 3789 erant

569 3837 851 3894 hominum
903 3835 971 3890 de
1019 3833 1276 3902 religione
1311 3830 1538 3898 judicia)
1593 3829 1806 3898 publice
1869 3828 2170 3898 appellatus

569 3939 655 3986 cst
725 3926 804 4000 (2)
887 3937 1198 3982 ADVOCATUS
1259 3922 1735 3976 cnnts'rntuonuu?
1831 3920 1914 3976 An
1979 3920 2171 3975 horum

569 4035 786 4077 causam
826 4015 1120 4086 aliquando
1172 4015 1222 4068 in
1278 4013 1398 4068 foro
1453 4013 1684 4067 Roman.
1728 4012 1994 4067 Minucius
2043 4027 2170 4082 ege-

571 4116 663 4180 rit,
706 4112 908 4168 nescio.
955 4111 1112 4165 Certe
1142 4107 1500 4162 Tertullianus
1545 4107 1628 4161 vix
1672 4105 1772 4160 hoc
1801 4107 2020 4161 licuisse
2059 4108 2170 4174 sig-

573 4207 779 4261 nificat.
815 4204 946 4259 Tam
993 4203 1181 4257 odiosa
1237 4210 1363 4253 tunc
1411 4211 1526 4255 erat
1571 4213 1757 4252 eorum
1807 4199 1919 4253 sive
1961 4199 2168 4267 religio,

572 4298 687 4354 sive
714 4296 952 4351 Ecclesia
971 4336 986 4359 ,
1016 4293 1099 4346 cui
1132 4301 1302 4345 status
1329 4289 1635 4358 reipublicae
1667 4290 1983 4358 imperiique
2012 4289 2170 4344 Rom.

575 4386 999 4447 adversabatur,
1045 4392 1225 4450 totque
1250 4380 1360 4449 jam
1409 4390 1523 4432 erat
1569 4378 1796 4448 publicis
1850 4381 2174 4449 piwjudiciis

2265 3172 2452 3232 Genus
2489 3175 2700 3231 dicendi
2740 3187 2826 3234 est
2875 3188 3124 3250 argutqu
3151 3223 3164 3246 ,
3215 3199 3376 3246 acre,
3408 3184 3735 3241 vehemens:
3792 3196 3882 3242 est

2265 3284 2536 3338 pressum,
2563 3270 2826 3340 densum,
2855 3288 3176 3342 nervosum,
3209 3277 3388 3332 erebis
3409 3281 3698 3333 sententiis
3723 3295 3881 3334 com-

2265 3369 2516 3436 pactum,
2559 3363 2909 3433 omniumque
2969 3368 3350 3437 antiquitatum
3402 3379 3564 3440 atque
3612 3371 3876 3427 historia-

2264 3469 2388 3523 rum
2433 3457 2695 3510 meritoria
2751 3456 3039 3524 refertum,
3096 3471 3151 3516 et
3191 3463 3244 3516 in
3300 3478 3408 3532 quo
3451 3464 3631 3532 plures
3655 3476 3884 3520 senten-

2271 3546 2373 3602 tias
2436 3563 2595 3617 quam
2660 3550 2910 3619 periodos
2952 3569 3237 3609 numerare
3273 3559 3464 3626 possis.
3517 3557 3649 3612 Nam
3697 3573 3882 3628 neque

2274 3641 2489 3694 verbosi
2545 3641 2676 3696 olim
2743 3642 2960 3700 fuerunt
3008 3646 3322 3711 Christiani,
3375 3652 3464 3719 qui
3525 3653 3686 3706 verba
3743 3653 3884 3709 dare

2275 3730 2508 3786 nondum
2556 3732 2884 3791 didicerant:
2941 3747 2997 3792 et
3030 3754 3223 3795 eorum
3273 3744 3484 3810 patroni
3537 3754 3695 3800 erant
3775 3747 3883 3800 ho-

2273 3826 2448 3882 mines
2498 3827 2666 3893 docti,
2725 3846 2809 3893 ac,
2870 3844 2926 3886 ut
2955 3849 3062 3888 uno
3087 3835 3256 3891 verbo
3309 3837 3506 3903 dicam,
3570 3839 3883 3910 poly‘bisto-

2274 3937 2381 3980 res.
2429 3924 2582 3991 Quod
2627 3927 2694 3981 ad
2750 3927 2881 3984 falsa
2923 3933 3148 3986 crimina
3197 3935 3406 3999 attinet,
3463 3949 3571 3990 non
3605 3945 3709 3989 tam
3755 3951 3886 3991 ver-

2277 4015 2358 4070 bis
2394 4027 2448 4072 et
2503 4019 2721 4086 libellis,
2772 4038 2934 4092 quam
2992 4023 3098 4078 vita
3149 4034 3204 4080 et
3267 4041 3330 4081 re
3389 4027 3503 4098 ipsa
3555 4027 3888 4084 refellebant

2275 4108 2634 4167 adversarios.

2349 4203 2586 4267 Quaestio
2631 4219 2749 4274 quae
2797 4206 2886 4262 hic
2930 4210 3267 4278 proponitur,
3318 4222 3375 4268 et
3442 4227 3604 4268 musa
3669 4229 3784 4283 qua
3817 4213 3892 4269 de

2277 4294 2451 4361 agitur
2495 4311 2684 4366 magna
2733 4307 2834 4365 est,
2891 4300 2957 4354 de
3029 4303 3287 4372 religione
3341 4319 3534 4374 nempe
3599 4321 3724 4361 vero
3793 4318 3894 4362 aut

2281 4386 2431 4441 falsa.
2502 4392 2776 4446 Acerrima
2823 4395 3093 4466 utrimque
3147 4409 3229 4453 est
3265 4400 3408 4453 actio
3451 4407 3613 4469 atque
3653 4411 3895 4456 conten-

576 4478 850 4537 cunlossa,
895 4485 953 4530 ut
1004 4474 1171 4544 ipsius
1227 4472 1460 4527 nominis
1488 4472 1780 4527 Christiani
1805 4474 2076 4531 confessio
2103 4478 2250 4540 adi)
2279 4481 2372 4534 tio.
2431 4482 2615 4536 Exitus
2655 4497 2707 4538 et
2746 4487 2966 4541 victoria
3011 4498 3097 4544 est
3142 4490 3316 4556 qualis
3369 4505 3490 4546 esse
3534 4492 3696 4548 debet
3725 4534 3745 4558 ,
3799 4493 3896 4549 ubi

578 4568 978 4625 damnationem
1028 4567 1159 4620 satis
1206 4577 1367 4619 esset.
1412 4564 1640 4619 Tantum
1675 4567 1850 4632 abest,
1902 4576 1958 4622 ut
2013 4569 2173 4638 hujus

575 4658 851 4728 religionis
897 4666 1064 4723 esset,
1123 4673 1242 4727 qua:
1289 4657 1553 4710 libertatis
1606 4666 1741 4722 erat,
1773 4662 2020 4717 assertio.
2064 4662 2171 4718 Sed

576 4761 725 4809 tanto
772 4752 940 4821 magis
996 4751 1198 4804 interea
1245 4751 1410 4802 miror
1455 4753 1504 4802 in
1553 4760 1658 4804 tam
1705 4752 1924 4820 profano
1979 4764 2035 4810 et
2073 4757 2171 4810 ini-

575 4847 718 4904 mico
764 4843 882 4898 foro
955 4839 1253 4896 consistere
1318 4839 1646 4894 causidicum
1713 4843 1862 4912 pium
1911 4847 2167 4912 potuisse.

573 4941 764 4996 nitrum
817 4952 968 4998 vero,
1017 4933 1268 5002 cutnjam
1315 4933 1472 4990 annis
1528 4949 1692 5003 prope
1742 4935 1990 4992 ducentis
2027 4941 2171 4995 orbis

571 5033 849 5088 Romanus
899 5036 953 5081 et
1007 5024 1179 5093 palam
1220 5032 1272 5078 ct
1329 5023 1542 5092 publice
1588 5035 1642 5078 et
1711 5025 1883 5082 libere
1957 5028 2176 5086 Christo

572 5140 772 5184 nomen
826 5118 1086 5179 dedisset,
1148 5117 1461 5171 auctoribus
1524 5118 1655 5186 ipsis
1716 5117 2172 5189 imperatoribus.

570 5231 742 5273 vrsam
809 5228 928 5270 esse
995 5213 1169 5280 legem
1226 5211 1606 5277 necessariam,
1662 5228 1783 5281 quae
1844 5225 1896 5269 et
1957 5218 2172 5273 tandem

575 5314 682 5368 lata
725 5320 827 5376 est,
875 5315 936 5363 ut
977 5305 1031 5362 in
1085 5304 1230 5358 nullo
1269 5302 1394 5359 foro
1437 5305 1521 5362 vel
1571 5305 1861 5364 adVocatus
1909 5311 1991 5365 vel
2043 5329 2169 5368 cau-

638 5484 939 5558 (l)M,artyr
987 5479 1527 5558 biigdunensis_suli_
1558 5483 1627 5538 Μ.
1688 5487 1920 5542 Antonio
1973 5501 2029 5547 et
2093 5495 2154 5550 L.

557 5552 722 5618 Vero.
769 5552 958 5611 Testes
991 5552 1192 5627 Euseb.
1245 5552 1309 5605 11.
1370 5552 1434 5606 Ε.
1477 5554 1574 5627 lii).
1595 5571 1647 5612 ν.
1672 5573 1790 5627 cap.
1839 5562 1895 5626 1,
1924 5573 1978 5616 et
2020 5563 2156 5622 Gre-

551 5648 668 5701 gor.
706 5625 1051 5690 Turonensis,
1100 5622 1198 5678 lib.
1249 5639 1286 5688 t,
1328 5641 1474 5701 cap.“
1515 5625 1603 5701 29..

621 5700 697 5780 (ρ)
725 5704 1028 5777 παράκλητος
1051 5705 1374 5769 Χριστιοινῶι.
1434 5694 1634 5757 Euseb,
1687 5699 1740 5754 d.
1774 5701 1808 5753 l.

2281 4589 2466 4626 rerum
2515 4590 2636 4628 cum
2689 4575 2825 4631 falso
2867 4580 3128 4650 conﬂigit.
3190 4583 3446 4636 Maiarum
3495 4585 3734 4653 partim
3790 4601 3894 4640 ve-

2278 4667 2502 4721 hemens
2564 4682 2838 4738 patronus,
2898 4685 2952 4728 et
3004 4675 3264 4730 bonarum
3315 4679 3492 4745 gravis
3553 4677 3727 4732 hostis
3809 4687 3899 4733 est

2276 4757 2526 4814 Crucibus
2579 4761 2801 4818 Natalis.
2849 4765 3047 4820 Harum
3100 4780 3284 4822 contra
3336 4769 3552 4835 vind‘ex,
3583 4779 3637 4824 et
3665 4771 3897 4824 illarum

2276 4866 2556 4908 accusator
2611 4858 2907 4913 acerrimus
2951 4871 3111 4931 atque
3144 4864 3477 4932 justissimus
3509 4878 3592 4922 est
3619 4866 3898 4922 Octavius

2277 4945 2575 5014 januarius.
2625 4951 2828 5006 Medius
2874 4956 3025 5009 sedet
3072 4957 3242 5012 bonus
3309 4960 3474 5027 judex
3521 4971 3681 5028 atque
3739 4962 3895 5017 arbi-

2283 5049 2364 5093 ter
2415 5041 2676 5098 Minucius
2709 5045 2878 5101 Felix.
2913 5049 3285 5106 Contentionis
3312 5054 3528 5109 occasio
3559 5053 3678 5120 fuit,
3709 5055 3895 5125 quod,

2279 5145 2399 5182 cum
2466 5135 2554 5186 hic
2591 5151 2712 5190 cum
2757 5139 2966 5195 duobus
3013 5143 3139 5209 illis,
3169 5158 3303 5213 quos
3351 5145 3647 5207 nominavi,
3708 5149 3769 5202 in
3807 5149 3900 5204 lit-

2281 5233 2398 5280 tore
2433 5226 2664 5284 Ostiensi
2707 5234 3035 5301 ambularet,
3083 5238 3151 5291 ab
3179 5237 3400 5294 Octavio
3423 5239 3746 5296 Christiano
3799 5255 3900 5297 re-

2277 5319 2577 5385 prehensus
2642 5325 2712 5378 sit
2758 5326 3004 5382 Caecilius
3061 5331 3345 5399 ethnicus,
3425 5335 3514 5403 qui
3583 5350 3905 5392 occurrens

2271 5411 2414 5468 idolo
2481 5417 2776 5488 Serapidis,
2825 5422 2958 5477 illud
3010 5427 3190 5484 colere
3218 5445 3277 5484 se
3330 5430 3704 5499 signiﬁcasset.
3740 5433 3904 5491 Sane

2344 5574 2805 5656 (5)“.f‘ym‘uiachtts
2861 5581 2949 5656 tib.
2991 5600 3052 5656 _x.
3111 5588 3261 5653 epist.
3357 5588 3447 5644 54.
3512 5589 3598 5644 ed.
3673 5588 3896 5656 Juret‘i,

2261 5645 2604 5730 δξυελίϐἷςά.
2662 5651 2896 5730 δςὶρργή,
2941 5654 3009 5710 ad
3065 5645 3450 5730 Valentinum,
3497 5645 3902 5720 Theodosium

2259 5723 2316 5770 et
2368 5717 2656 5777 Arcadium
2695 5717 2855 5780 ΑΑᾸ.
