4218 6268
344 289 466 348 205

1534 287 1599 345 F.
1639 283 1966 346 BALDUN
2001 282 2479 347 DlSSERTATIO.

351 407 490 463 olim
544 405 740 461 Pisone
787 412 845 461 et
885 405 1118 463 Gabinio
1163 420 1306 463 coss.
1345 405 1627 476 Serapidis
1667 421 1822 462 sacra
1851 402 1955 460 Ca-
1981 400 2042 462 Δ
2133 402 2380 464 Cmcilius
2420 408 2680 481 principio
2699 413 2884 470 laudat
2907 415 3090 472 nescio
3115 431 3275 489 quam
3301 421 3416 476 sive
3441 423 3653 484 Acadea

353 501 551 573 pitolio
595 510 650 555 et
707 501 842 557 urbe
893 500 1108 557 fuerant
1179 501 1387 572 ejecta:
1443 501 1539 557 sed
1591 511 1779 571 postea
1846 499 1962 556 fue-

357 604 488 650 runt
547 593 814 662 restituta,
875 604 933 648 et
973 595 1026 649 in
1096 594 1369 651 suburbiis
1425 594 1584 651 facile
1661 593 1957 648 hauebant.

358 685 746 757 Reprehensos
785 687 1032 744 Caecilius
1078 689 1279 754 fremit,
1329 697 1385 744 et
1410 699 1683 760 tamquam
1721 687 1962 742 irritatus

359 781 598 850 graviter
666 781 721 835 in
784 779 1213 836 Christianorum
1269 781 1578 852 religionem
1644 779 1957 836 invehitur:

361 889 634 944 suamque
682 874 842 929 simul
905 875 1345 945 superstitionem
1405 874 1739 943 defendens,
1795 875 1961 931 Octa-

2057 496 2258 552 .micam
2272 502 2643 572 ἀιιιααληψίιιν,
2689 507 2806 561 sive
2827 506 3212 578 Pyrrhonicam
3240 520 3448 582 ίπχῆν,
3502 519 3658 586 quasi

2059 591 2210 647 nulla
2251 605 2396 650 esset
2441 597 2714 668 religionis
2750 602 2970 658 scientia
3000 620 3015 669 ;
3054 613 3111 659 et
3137 606 3399 676 Epicurea
3429 609 3656 666 audacia

2061 683 2297 773 exagitat
2321 686 2415 743 Dei
2437 690 2847 759 providentiam,
2865 710 3034 764 prope
3050 707 3108 750 ut
3131 696 3223 754 ille
3239 699 3262 773 (
3272 702 3288 753 ι
3304 699 3323 770 )
3337 699 3489 754 Cotta
3514 702 3656 772 apud

2063 771 2376 832 Ciceroneni
2405 779 2458 834 in
2481 780 2636 837 libris
2655 782 2728 838 de
2753 784 2949 840 Natura
2968 786 3224 854 Deorum,
3252 771 3502 847 Oaavius
3515 771 3651 849 Pro-

2064 864 2353 924 videntiam
2367 871 2606 928 defendit
2631 893 2642 928 :
2661 875 2844 947 Neque
2865 879 2932 933 iis
2952 881 3111 935 etiam
3132 886 3463 954 argumentis
3483 885 3558 940 uti
3573 887 3662 943 de-

357 966 502 1020 vium
551 966 715 1020 veluti
765 966 1003 1022 lacessit.
1057 966 1163 1024 Sed
1235 967 1549 1036 imprudens
1613 968 1839 1023 incurrit
1907 966 1962 1021 in
2057 957 2332 1030 dignatur,
2352 966 2543 1033 quibus
2564 969 2949 1040 Velleiusapud
2967 977 3214 1033 eumdem
3232 979 3547 1039 Ciceronem
3574 1001 3660 1042 re-

351 1059 732 1118 adversarium
765 1057 962 1116 fortem
1015 1068 1073 1117 et
1136 1075 1350 1116 acrem:
1421 1069 1476 1116 et
1549 1072 1640 1127 ut,
1716 1061 1806 1116 ille
1844 1060 1960 1127 ait,

866 1172 1047 1235 Fragili
1069 1174 1276 1235 cupiens
1293 1171 1493 1235 illidere
1505 1234 1511 1235 γ
1523 1173 1746 1235 dentem,

677 1233 893 1300 Megit
910 1232 1084 1287 solido.
1135 1232 1147 1235 “
1237 1237 1435 1301 (Haut.
1455 1232 1541 1285 lib.
1564 1251 1618 1296 ιι,
1644 1233 1781 1286 salit.
1808 1235 1875 1296 1.)

427 1342 628 1400 Causa:
664 1351 838 1398 status
858 1357 967 1396 non
997 1355 1134 1396 unus
1157 1353 1259 1397 est.
1293 1342 1543 1398 Cmoilius
1574 1344 1725 1398 varie
1753 1352 1809 1398 et
1833 1357 1964 1397 con-

351 1438 478 1494 fuse
519 1437 626 1507 agit
668 1435 738 1492 de
782 1436 985 1492 multis.
1053 1436 1307 1492 Octavius
1344 1437 1605 1508 pleraque
1645 1447 1701 1492 et
1742 1437 1968 1507 depellit

357 1535 478 1591 sola
505 1532 861 1597 inﬁciatinne,
889 1541 944 1587 et
998 1539 1276 1602 retorquet
1313 1531 1456 1601 justa
1505 1532 1960 1588 recriminatinne.

355 1626 622 1696 Quaedam
653 1626 882 1695 ingenue
907 1623 1227 1680 conﬁtetur:
1260 1624 1355 1679 sed
1390 1625 1516 1696 jure
1553 1625 1809 1680 defendit.
1865 1625 1968 1680 lta~

357 1735 470 1792 que
497 1719 616 1774 haec
642 1717 962 1787 disceptatio
987 1718 1179 1786 partim
1209 1715 1358 1784 facti,
1405 1718 1598 1787 partim
1625 1717 1760 1787 juris
1789 1732 1961 1787 quaes-

2063 1051 2204 1108 fellit
2221 1056 2391 1114 Cottae
2414 1062 2718 1118 vanitatem.
2739 1064 2991 1123 Caecilius
3006 1074 3381 1140 exprobrabat,
3401 1074 3663 1134 Christia-

2061 1163 2164 1205 nos
2184 1153 2313 1224 Deo,
2331 1164 2389 1210 ut
2408 1157 2622 1228 quidam
2641 1160 3076 1232 Fato,addicerc,
3095 1169 3349 1239 quidquid
3370 1174 3548 1243 agitur
3561 1186 3659 1243 ge-

2058 1246 2289 1304 riturve.
2303 1249 2416 1307 Abs
2431 1251 2595 1308 verbo
2614 1252 2749 1320 Fati,
2766 1259 2980 1313 tametsi
2996 1259 3188 1316 odioso
3203 1272 3420 1334 propter
3433 1265 3664 1337 ineptias

2065 1343 2391 1410 Stoicorum,
2445 1349 2538 1418 qui
2588 1365 2650 1404 ea
2685 1365 2818 1407 voce
2857 1353 3231 1421 abolebantur,
3273 1372 3379 1412 non
3410 1359 3668 1416 abhorret

2068 1435 2344 1494 Oetavius.
2406 1441 2512 1498 Sed
2540 1442 2832 1514 longiorem
2861 1461 2923 1501 ea
2959 1448 3027 1504 de
3071 1463 3130 1503 re
3173 1449 3585 1521 disputationem
3611 1453 3668 1509 in

2067 1532 2209 1587 aliud
2255 1542 2465 1604 tempus
2513 1536 2707 1606 rejicit,
2745 1547 2802 1592 et
2843 1554 2964 1593 eum
3001 1541 3164 1596 veluti
3203 1545 3481 1613 scopulum
3513 1557 3669 1602 caute

2069 1631 2285 1701 refugit.
2325 1633 2468 1689 Sane
2494 1632 2849 1705 Hieronymus
2874 1636 2925 1690 in
2953 1636 3225 1709 Catalogo,
3256 1651 3306 1695 et
3335 1640 3401 1695 ad
3417 1640 3668 1712 Magnum

2071 1723 2288 1797 (Epist.
2342 1725 2574 1800 Lxxxw)
2627 1728 2780 1784 testis
2809 1740 2910 1794 est,
2963 1731 3249 1801 quemdam
3299 1734 3365 1788 de
3415 1735 3548 1790 F.th
3597 1737 3664 1791 li-

373 1809 612 1866 tionibus
655 1818 889 1866 constat.
937 1808 1296 1864 Tertultianus
1317 1817 1495 1875 antea,
1521 1820 1576 1864 et
1601 1821 1727 1866 ante
1754 1810 1966 1866 Tertul-
1993 1792 2046 1860 Β
2075 1792 2228 1872 brum
2274 1817 2403 1873 οιίηι
2455 1792 2686 1876 Μίιίηοίο
2725 1792 3038 1893 επιεριυίρωἠι
3089 1823 3258 1882 fuisse
3287 1843 3301 1881 ε
3329 1828 3424 1882 sed
3483 1828 3668 1886 fajsam

367 1902 570 1958 lianum
599 1902 840 1960 Justinus
865 1912 923 1958 et
948 1903 1338 1973 Athenagoras,
1358 1918 1584 1972 quorum
1607 1912 1819 1957 exstant
1841 1919 1970 1974 apo-

363 1996 587 2066 logetici
605 1995 790 2060 libelli,
831 2004 885 2051 et
907 2006 1092 2065 postea
1108 1996 1408 2067 Cyprianus
1432 1996 1622 2067 partim
1645 2006 1832 2052 contra
1861 1997 1968 2052 De-

365 2091 714 2151 metrtanum,
745 2089 936 2159 partim
965 2089 1016 2144 in
1047 2089 1225 2144 libello
1245 2090 1312 2144 de
1330 2089 1576 2145 Vanitate
1599 2090 1894 2160 ldolorum,
1918 2099 1975 2146 et

370 2180 549 2237 multo
574 2180 768 2236 deinde
807 2183 977 2252 magis
1001 2183 1270 2238 Arnobius
1297 2194 1458 2254 atque
1483 2184 1791 2240 Lactantius
1837 2185 1973 2239 lianc

367 2287 589 2328 causam
631 2282 859 2344 egerunt
889 2292 903 2328 :
937 2283 992 2329 et
1018 2276 1098 2332 usi
1124 2276 1433 2346 plenamque
1468 2285 1592 2331 sunt
1637 2291 1741 2332 non
1783 2277 1972 2333 iisdem

367 2368 539 2425 modo
563 2382 614 2423 et
638 2369 919 2424 sententiis
944 2379 996 2425 et
1013 2372 1364 2440 argumentis,
1388 2371 1481 2425 sed
1500 2380 1556 2426 et
1581 2371 1758 2425 verbis
1785 2380 1842 2426 et
1867 2370 1977 2425 for-

376 2462 561 2518 mulis.
617 2461 709 2518 Sic
730 2463 872 2517 enim
899 2463 1130 2534 majores
1167 2466 1332 2520 nostri
1381 2465 1568 2521 eadem
1589 2465 1658 2520 de
1683 2465 1892 2534 iisdem,
1918 2474 1978 2521 ut

371 2555 467 2611 ille
489 2554 619 2610 olim
641 2556 871 2622 dicebat,
903 2557 1084 2612 dicere
1111 2557 1378 2613 solebant.

449 2653 628 2718 Atque
671 2649 875 2704 utinam
925 2651 1211 2720 posteritas
1255 2650 1360 2706 tale
1403 2651 1744 2706 observasset
1791 2663 1978 2704 exem-

373 2740 558 2811 plum,
611 2739 892 2795 ambitiosa
946 2743 1154 2796 novitas
1199 2743 1393 2796 bonam
1442 2741 1817 2812 antiquitatem
1871 2754 1978 2795 non

373 2834 734 2905 inquinasset.
770 2833 939 2889 Velim
969 2850 1099 2891 sane
1128 2835 1416 2906 Apologias
1443 2849 1655 2901 eorum,
1688 2848 1823 2904 quos
1844 2833 1976 2899 dixi,

377 2943 506 2984 cum
549 2928 652 2982 hoc
677 2927 984 2983 Minuciano
1043 2928 1234 2984 libello
1261 2928 1492 2984 conferri
1521 2944 1534 2982 :
1561 2935 1620 2981 ut
1652 2927 1814 2981 alium
1844 2942 1981 2982 nunc

381 3020 826 3076 commentarium
873 3021 1132 3090 Colligere
1163 3037 1271 3074 non
1307 3021 1376 3075 sit
1411 3034 1654 3075 necesse.
1704 3018 1873 3073 Multa
1913 3035 1980 3074 ex

384 3121 626 3167 veterum
691 3112 1134 3182 philosOpborum
1183 3111 1654 3182 disputationibus,
1689 3120 1746 3166 et
1790 3118 1976 3180 poeta-

379 3220 507 3263 rum
539 3179 728 3261 fabulis
756 3215 812 3260 et
860 3179 1102 3260 Romana
1132 3179 1428 3275 Gmcaque
1468 3204 1690 3259 historia
1718 3179 1984 3258 subtiliter
1999 3179 2055 3249 Β

373 3305 440 3354 .et
475 3296 636 3352 docte
665 3296 752 3351 hic
777 3305 1113 3366 repetuntur.
1157 3296 1353 3350 Verum
1383 3295 1621 3365 ineptum
1647 3303 1794 3350 esset
1821 3295 1887 3349 iis
1917 3295 1986 3351 de

382 3390 549 3446 rebus
559 3391 939 3446 annotationes
964 3389 1160 3444 multas
1180 3389 1450 3444 etotiosas
1477 3387 1580 3442 hoc
1608 3387 1729 3443 loco
1751 3387 1988 3442 inculca-

367 3496 467 3544 λε.
484 3485 700 3539 Mallem
717 3497 842 3552 quae
865 3483 935 3538 ad
949 3482 1324 3552 antiquitatum
1341 3479 1765 3535 Christianarum
1781 3495 1987 3537 memo-

385 3579 522 3634 riam
567 3581 870 3650 pertinent,
925 3579 1147 3648 mpiose
1197 3577 1487 3646 explicare.
1546 3573 1653 3630 Sed
1693 3583 1748 3629 et
1798 3573 1988 3629 barum

383 3672 793 3727 commentariis
832 3670 969 3724 alius
1005 3669 1221 3724 dabiwr
1241 3668 1466 3723 liberior
1491 3666 1681 3723 locus:
1727 3681 1854 3721 nam
1901 3665 1986 3731 iis,

371 3781 530 3835 .quos
549 3765 659 3833 jam
687 3763 953 3829 inchoavi,
979 3759 1323 3816 absolvendis
1345 3759 1635 3830 aliquando
1659 3774 1747 3813 me
1769 3757 1988 3813 dedam.

391 3855 520 3912 1am
556 3870 686 3910 vero
722 3865 910 3925 prater
951 3854 1096 3919 illos,
1136 3866 1274 3924 quos
1298 3851 1428 3914 dixi,
1462 3852 1672 3906 libellos
1718 3850 1870 3907 valde
1902 3864 1991 3904 ve-

391 3949 496 4007 lim
519 3950 680 4005 etiam
710 3948 796 4004 bic
819 3949 918 4021 legi
946 3958 1003 4004 et
1019 3947 1322 4019 corripui-ari
1351 3947 1690 4003 adversarios
1715 3946 1993 4000 orationes

383 4044 706 4116 Symmachi
762 4052 818 4098 et
856 4041 1172 4098 Ambrosii:
1213 4051 1276 4096 ut
1321 4055 1481 4111 quam
1528 4052 1746 4094 causam
1793 4038 1991 4092 acriter

390 4139 634 4210 quidem,
661 4136 753 4194 sed
781 4137 1032 4208 privatim
1062 4146 1239 4190 tamen
1261 4150 1370 4204 quo
1399 4143 1643 4202 tempore
1671 4129 1993 4185 Christianis

391 4231 568 4301 palam
597 4244 722 4286 esse
762 4229 855 4284 vix
897 4228 1112 4291 licebat,
1167 4235 1340 4282 actam
1371 4239 1491 4279 esse
1539 4238 1611 4277 ex
1638 4221 1872 4276 Minucio
1897 4235 1992 4276 att-

385 4323 642 4380 dientes:
671 4319 920 4378 eamdem
947 4321 1129 4376 multis
1152 4331 1270 4390 post
1297 4318 1453 4372 annis
1481 4317 1690 4387 publice
1727 4315 1782 4369 in
1821 4313 1994 4369 aulico

387 4417 722 4476 consistorio
743 4417 942 4472 iterum
971 4415 1270 4482 iterumque
1295 4412 1548 4481 agitatam
1573 4427 1588 4462 ε
1624 4408 1678 4463 in
1705 4421 1877 4476 eaque
1897 4420 1996 4460 no-

395 4509 559 4564 bilem
602 4508 965 4562 Romanorum
993 4521 1267 4562 sacrorum
1309 4513 1614 4574 patronum,
1645 4501 1739 4571 qui
1767 4508 1824 4555 et
1852 4499 1993 4554 Pon-

397 4600 528 4655 tifex
566 4601 836 4656 maximus
859 4608 914 4654 et
941 4597 1222 4666 praefectus
1267 4569 1384 4650 urbi
1411 4603 1548 4658 erat,
1593 4569 1717 4647 cum
1762 4591 1994 4646 maximo
2016 4569 2073 4634 θ

402 4700 459 4746 et
486 4693 750 4747 acerrimo
777 4691 1031 4746 Antistite
1063 4688 1382 4744 Christianae
1415 4685 1698 4756 religionis
1743 4683 1999 4739 commis—

405 4795 547 4846 sum,
576 4797 682 4851 quo
709 4792 948 4854 tempore
973 4781 1140 4840 nnatri
1170 4779 1325 4836 liberi
1354 4787 1529 4843 erant,
1575 4786 1632 4833 et
1657 4777 1793 4832 bona
1821 4788 2002 4845 aequa-

405 4889 515 4945 que
538 4875 840 4934 conditioite
881 4917 896 4942 ,
925 4872 1206 4928 audiamus
1233 4890 1245 4924 :
1281 4871 1576 4942 praesrtim
1613 4886 1733 4926 cum
1756 4869 1920 4940 judex
1945 4876 2003 4921 et

399 4968 609 5024 arbiter
646 4955 880 5036 sederet,
907 4982 1020 5024 non
1050 4967 1210 5023 modo
1259 4976 1367 5020 tam
1402 4965 1684 5036 religiosus
1717 4979 1876 5036 quam
1907 4959 2004 5020 Mi.

403 5063 619 5130 nucius,
675 5063 772 5124 sed
802 5063 969 5118 multo
1004 5063 1226 5133 majoris
1270 5062 1621 5128 auctoritatis,
1663 5071 1718 5116 et
1754 5064 1843 5132 qui
1886 5077 1998 5118 rem

401 5154 858 5224 benejndicatam
899 5160 1140 5228 exsequi,
1173 5165 1229 5211 et
1263 5154 1558 5210 adversarii
1599 5155 2005 5211 calumniatoris

2074 1911 2239 1969 fuisse
2266 1915 2668 1986 inscriptionem
2700 1931 2900 1973 monet.
2965 1919 3140 1974 Credo
3181 1920 3254 1975 illi
3296 1935 3324 1974 a
3353 1923 3671 1992 quibu~dam

2073 2020 2195 2063 esse
2223 2007 2572 2079 adscriptum,
2609 2011 2730 2082 quia
2761 2011 2846 2066 hic
2872 2012 3151 2068 videbatur
3184 2015 3289 2069 tale
3315 2015 3512 2083 aliquid
3553 2029 3675 2073 esse

2075 2100 2369 2170 pollicitus.
2438 2102 2725 2169 Arnobius,
2783 2120 2939 2174 quem
2990 2105 3203 2163 Minucii
3263 2107 3581 2178 discipulum
3622 2120 3676 2166 et

2076 2193 2402 2250 imitatorem
2429 2197 2702 2267 appellare
2731 2199 2900 2264 soleo,
2929 2199 3088 2254 modo
3118 2199 3455 2257 adversarios
3480 2204 3548 2260 de
3571 2203 3677 2260 fato

2075 2297 2312 2354 accusat,
2339 2285 2500 2343 modo
2528 2290 2688 2344 etiam
2706 2289 3039 2348 Christianos
3061 2295 3250 2349 eodem
3275 2295 3492 2352 nomine
3514 2312 3678 2354 accu-

2077 2389 2224 2435 satos
2277 2379 2441 2436 fuisse
2470 2382 2746 2438 ostendit:
2793 2391 2847 2439 et
2882 2385 2939 2438 in
2990 2397 3216 2457 utraque
3274 2399 3449 2444 tamen
3494 2404 3678 2457 causa,

2080 2485 2201 2526 cum
2228 2471 2296 2525 ad
2323 2487 2436 2529 rem
2469 2484 2689 2530 ventum
2719 2484 2822 2540 est,
2858 2476 3028 2532 hzerct
3071 2487 3127 2533 et
3177 2482 3359 2535 nescio
3413 2481 3682 2552 quomodo

2079 2569 2338 2623 attonitus
2379 2576 2557 2638 επέχει.
2604 2569 2735 2623 Nam
2773 2569 2942 2641 (juvat
2980 2572 3123 2626 enim
3153 2583 3371 2644 propter
3395 2573 3682 2631 Minucium

2082 2667 2134 2714 et
2159 2659 2416 2730 quosdam
2444 2661 2580 2714 alios
2611 2660 2784 2715 obiter
2815 2661 2902 2716 hic
2933 2660 3144 2733 notare)
3195 2662 3290 2717 lib.
3327 2678 3422 2730 vn,
3468 2675 3682 2735 postea-

2082 2765 2241 2822 quam
2271 2752 2558 2822 exagitavit
2591 2749 2778 2819 fatum,
2811 2755 3107 2822 prcescrtim
3137 2755 3293 2825 quale
3320 2753 3483 2812 Stoici
3515 2756 3682 2827 finge-

2083 2843 2250 2898 bant:
2290 2861 2310 2895 t
2355 2841 2454 2897 has
2495 2853 2695 2910 tamen,
2730 2845 2917 2916 inquit,
2952 2855 3148 2914 partes,
3183 2847 3305 2915 quia
3333 2860 3420 2902 res
3462 2848 3685 2903 nimium

2083 2935 2229 3008 longi
2261 2946 2343 2991 est
2370 2935 2630 3006 multique
2660 2937 2945 3003 sermonis,
2977 2938 3323 3007 inexplit-atas
3362 2940 3685 2994 transcurri-

2083 3043 2204 3084 mus
2252 3040 2411 3098 atque
2459 3029 2707 3084 intactas.
2747 3048 2766 3080 ι
2804 3029 2947 3085 Idem
3007 3027 3100 3084 lib.
3152 3045 3209 3097 ιι,
3250 3045 3372 3084 cum
3425 3031 3692 3086 scriberet

2086 3121 2420 3177 Christianos
2475 3123 2651 3194 urgeri
2699 3132 2941 3193 rogatos,
2998 3137 3065 3177 an
3105 3123 3222 3177 sine
3260 3123 3534 3177 voluntate
3587 3122 3684 3179 Dei

2087 3216 2377 3288 quidquam
2425 3214 2612 3270 ﬁeret?
2655 3224 2761 3270 tam
2816 3231 2874 3270 se
2905 3213 3172 3287 utrimque
3201 3217 3370 3285 premi
3396 3215 3576 3281 sentit,
3610 3223 3687 3281 ut,

2088 3309 2156 3364 ad
2206 3308 2547 3376 elabendum,
2607 3309 2984 3378 deprecatione
3036 3307 3312 3379 cujusdam
3370 3308 3690 3378 ignorantiae

2089 3408 2290 3455 utatur.
2339 3418 2357 3452 ι
2396 3401 2476 3466 Si,
2508 3401 2699 3469 inquit,
2733 3408 2923 3454 cuncta
2953 3399 3069 3470 ejus
3098 3400 3371 3455 voluntate
3397 3397 3692 3454 conﬁciun-

2089 3499 2196 3561 tur,
2247 3509 2345 3549 nec
2374 3493 2508 3549 citra
2549 3493 2669 3564 ejus
2695 3501 2882 3548 nutum
2912 3492 3197 3564 quidquam
3225 3501 3401 3564 potest
3440 3493 3493 3547 in
3530 3493 3690 3550 rebus

2090 3586 2176 3642 vel
2221 3587 2506 3657 provenire
2576 3588 2657 3642 vel
2713 3587 2925 3654 cadere,
2988 3587 3293 3642 necessario
3343 3588 3584 3657 sequitur
3635 3597 3695 3644 ut

2093 3681 2232 3736 mala
2263 3681 2423 3736 etiam
2452 3692 2642 3736 cuncta
2692 3682 2965 3736 voluntate
3011 3680 3128 3751 ejus
3159 3680 3524 3752 intelligantur
3554 3697 3689 3737 ena-

2093 3778 2168 3834 sci
2195 3793 2212 3847 ;
2246 3777 2327 3833 sin
2355 3784 2532 3830 autem
2559 3773 2737 3829 dicere
2781 3773 3127 3838 voluerimus,
3153 3774 3505 3842 pessimorum
3532 3774 3600 3828 ab
3627 3787 3694 3829 eo

2092 3874 2396 3944 rejicientes
2420 3884 2630 3935 causas,
2665 3866 2787 3921 mali
2817 3882 2935 3922 esse
2965 3867 3259 3929 conscium,
3291 3876 3692 3937 generatorcm-

2093 3979 2197 4036 que
2225 3963 2422 4016 nullius
2445 3977 2463 4014 :
2495 3959 2750 4027 incipient
2780 3956 2949 4012 videri
2989 3966 3081 4011 aut
3104 3972 3170 4012 eo
3211 3956 3378 4012 invito
3407 3973 3491 4013 res
3521 3959 3694 4029 pessi-

2095 4073 2198 4112 mze
2225 4055 2362 4120 ﬁeri,
2396 4062 2506 4120 aut,
2535 4049 2676 4121 quod
2705 4049 2774 4103 sit
2822 4049 3054 4103 immane
3099 4047 3325 4116 dixisse,
3379 4053 3685 4118 nesciente,

2097 4152 2304 4222 ignaro,
2335 4161 2398 4198 ac
2423 4142 2622 4198 nescio.
2665 4159 2684 4192 ι

2167 4238 2303 4309 Quid
2345 4237 2503 4309 igitur
2542 4233 2754 4289 tandem
2791 4232 2932 4288 inter
2972 4231 3067 4286 has
3113 4231 3280 4288 veluti
3320 4233 3693 4306 symplegadas

2096 4333 2438 4396 constrictus,
2486 4326 2765 4399 quaestioni
2809 4325 3135 4395 respondet?
3169 4336 3187 4377 t
3223 4324 3686 4397 ReSpondeamus,

2098 4426 2286 4497 inquit,
2331 4436 2553 4478 necesse
2579 4428 2678 4484 est,
2722 4418 2928 4472 nescire
2954 4433 3050 4472 nos
3078 4417 3197 4481 ista,
3245 4429 3349 4474 etc.
3384 4437 3408 4475 ι
3451 4419 3695 4476 Justinus

2098 4535 2252 4578 antea
2279 4521 2330 4574 in
2370 4533 2464 4573 sua
2505 4512 2762 4585 Apologia
2791 4527 2895 4565 non
2932 4510 3270 4567 dubitaverat
3312 4526 3397 4570 riv
3424 4531 3505 4578 ri;
3528 4520 3696 4586 εἱμαρ-

2095 4627 2238 4686 μένης
2287 4619 2509 4680 ἀνάγκην,
2556 4604 2887 4675 utappellat,
2922 4613 3106 4674 aperte
3137 4606 3384 4668 inliciari,
3429 4608 3695 4678 planeque

2100 4711 2344 4780 rejicere,
2371 4707 2496 4760 dum
2520 4700 2799 4770 scopulum
2843 4715 3027 4767 unum,
3069 4715 3225 4769 quem
3257 4703 3538 4757 imminere
3565 4703 3698 4758 alio-

2102 4805 2188 4876 qui
2220 4807 2388 4874 putat,
2410 4797 2521 4851 vult
2547 4793 2801 4864 cﬂ‘ugere.
2850 4790 3008 4860 Atqui
3042 4802 3163 4846 tunc
3192 4794 3241 4846 in
3265 4793 3488 4845 alterum
3518 4795 3697 4847 incur-

2102 4895 2192 4960 rit,
2222 4907 2383 4964 quem
2424 4905 2530 4945 non
2560 4886 2737 4940 minus
2762 4889 2853 4936 aut
2895 4879 3149 4936 Minucius
3195 4891 3286 4936 aut
3322 4883 3591 4938 Arnobius
3615 4899 3701 4939 re-

2107 4985 2426 5043 formidasse
2483 4977 2716 5033 videtur.
2777 4971 3019 5026 Tandem
3071 4989 3200 5026 vero
3253 4974 3582 5044 AuguStinus
3641 4975 3697 5028 in

2106 5082 2292 5134 eadem
2321 5073 2492 5130 Africa
2516 5072 2703 5126 volens
2725 5067 2886 5122 veluti
2919 5069 3244 5140 persolvere,
3276 5066 3415 5137 quod
3439 5066 3699 5122 Minucius

2111 5171 2376 5242 pollicitus
2407 5181 2525 5222 esse
2552 5165 2862 5232 dicebatur;
2896 5173 2970 5240 et,
3001 5160 3142 5232 quod
3171 5159 3258 5215 hic
3296 5170 3553 5231 prmslare
3584 5159 3699 5216 for-

393 5249 757 5316 petulantiam
787 5250 1083 5320 reprimere
1102 5260 1264 5320 atque
1287 5263 1541 5304 coercere
1569 5256 1770 5316 posset.
1801 5249 1856 5303 Si
1887 5249 2007 5315 quis

401 5340 641 5443 denique
772 5342 1028 5443 adjungat
1050 5343 1332 5443 Augustini
1352 5342 1515 5443 libros
1540 5341 1608 5443 de
1633 5340 1862 5443 (livitate
1881 5339 2007 5443 .Dei,
2195 5377 2241 5442 (Ι
2257 5375 2276 5443 )
2304 5369 2646 5438 Transposila
2666 5377 2720 5443 ei
2747 5363 2968 5443 oppr-usa
2988 5365 3262 5443 mmini-la.
3287 5363 3351 5443 Cr
3385 5365 3530 5443 θρίω
3574 5361 3702 5421 γει,

414 5432 482 5488 ad
512 5432 722 5492 θαδώ
749 5433 1167 5503 “ululantium”
1202 5433 1427 5488 “iulium
1459 5432 1593 5487 Ῑυάε
1624 5441 1680 5487 0‘-
1707 5431 2010 5500 εβίθηάυῖίε)
2117 5431 2271 5505 Ιρὶιῖδξ
2299 5431 2534 5506 senator,
2561 5450 2641 5495 est
2670 5438 2757 5492 ille
2790 5437 3100 5506 EpicureUs,
3131 5435 3219 5490 lib.
3251 5453 3285 5492 I.
3318 5436 3379 5488 de
3407 5433 3553 5491 Orat.
3583 5453 3701 5506 cap.

413 5525 742 5594 adjunxerit,
789 5542 889 5597 ego
911 5528 964 5580 in
991 5526 1187 5581 talibus
1215 5527 1614 5581 commentariis
1649 5540 1789 5579 nunc
1813 5525 2018 5580 descri-
2117 5533 2194 5600 vi.
2244 5512 2634 5600 qniindergay‘
2681 5507 3271 5600 ζειξήςθρίξθμῇίῘ-ξξξζ
3303 5507 3705 5600 ΡῙΫΪξίξςῐξιξξιηξ

415 5616 608 5671 bendis
634 5633 738 5672 non
770 5619 1128 5685 immorabor;
1179 5619 1272 5684 sed
1321 5619 1554 5674 breviter
1587 5625 1790 5672 tantum
1815 5616 2019 5676 deliba-
2597 5580 3645 5685 (ggnﬁﬂ‘fﬁgﬁ‘ci‘ffﬁ'wfﬁ;“iis
3677 5597 3708 5634 ²¹

416 5649 608 5671 ³¹⁰¹¹υ¹¹³
634 5649 738 5672 """
770 5649 1088 5720 """f"""f"'
1115 5662 1128 5685 ’
1149 5709 1158 5718 _
1179 5649 1272 5719 9°.“
1320 5649 1544 5719 ,"m'fw'
1587 5649 1790 5672 ’⁸³⁸⁸⁵⁵⁵⁸
1815 5649 2019 5726 Ψλωτ
2121 5649 2244 5729 cap.
2272 5649 2372 5711 illo
2398 5671 2490 5712 xxi
2517 5653 2584 5710 ad
2617 5653 2777 5708 tinem
2801 5651 2940 5708 libri.
2998 5649 3152 5706 Adde
3203 5651 3410 5703 initium
3451 5650 3574 5704 libri
3609 5666 3669 5705 ιι,

416 5707 491 5764 bo
508 5708 750 5778 quaedam
773 5720 950 5782 capita
965 5708 1251 5766 Mil-uetant
1291 5708 1483 5775 libelli,
1516 5717 1572 5762 ut
1592 5707 1851 5763 lectorem
1879 5719 2020 5778 prae-
3179 5720 3494 5794 (ιικυδιςιιη,

429 5816 488 5863 ω
500 5815 712 5861 coeant.
