4156 6282
541 216 646 274 207

1679 208 1768 265 DE
1806 202 2063 264 ΜΙΝοοΠ
2102 192 2369 259 FELICIS
2406 195 2707 257 OCTAVIO

3737 193 3839 251 ‘208

539 345 688 390 tasse
716 329 807 386 vix
835 328 1135 400 potuisset,
1182 327 1449 384 cumulate
1488 324 1795 393 dependere
1821 342 1834 377 :
1880 321 2145 378 subtiliter
2172 318 2225 381 Α
2250 330 2414 371 unttm
2437 324 2491 370 et
2520 311 2871 383 singularem,
2926 320 3048 365 cum
3076 306 3285 362 Numen
3309 306 3525 361 invocat
3552 321 3566 359 :
3600 303 3758 360 sicuti
3788 316 3843 362 et

543 424 801 496 exposuit
840 423 893 477 in
938 420 1039 475 hac
1083 421 1379 490 quzestione
1422 417 1656 474 medium
1697 414 1991 486 quidpiam,
2035 424 2141 480 quo

543 516 795 575 satisfieri
825 527 983 585 posse
1008 511 1267 583 judicavit
1288 511 1498 580 utrique
1521 507 1841 565 difficultati.
1893 504 2145 560 Sciebant

546 621 602 667 et
651 604 917 663 Minucius
962 613 1018 660 et
1063 604 1332 659 Arnobius
1380 617 1625 674 quaenam
1657 600 1783 655 olim
1815 598 2004 653 fuisset
2033 594 2145 650 dis-

542 700 726 756 sensio
767 696 1165 768 disputatioqne
1204 696 1345 752 inter
1373 694 1737 767 Chrysippum
1768 701 1823 747 et
1853 688 2141 745 Diodorum

540 795 649 864 περὶ
701 793 906 846 dueum
959 793 1375 860 καὶείπαρμένης,
1421 787 1536 843 sive
1576 787 1643 843 de
1694 784 1848 840 Fato.
1907 782 2040 837 Nam
2091 788 2147 836 et

546 900 646 941 nos
672 900 736 940 ex
767 884 1031 940 Cicerone
1060 890 1220 953 atque
1248 878 1533 937 Plutarcho
1563 878 1707 935 illam
1739 886 2029 946 utcumque
2053 888 2144 928 co-

539 976 873 1048 gnoscimus.
945 974 1051 1030 Sed
1096 989 1164 1028 ne
1211 974 1265 1028 in
1313 972 1473 1043 hujus
1526 970 1741 1042 quidem
1790 967 2058 1038 judicibus
2089 974 2143 1021 et

544 1069 767 1125 arbitris
800 1067 969 1122 nostri
997 1066 1285 1137 quidquam
1312 1062 1807 1137 deprehendebant,
1857 1059 1998 1131 quod
2030 1072 2145 1112 om-

534 1162 665 1218 nino
714 1167 1097 1230 sequerentur.
1164 1157 1350 1227 Itaque
1402 1154 1655 1226 quamdiu
1706 1168 1818 1207 non
1870 1149 2143 1220 liquebat,

545 1252 768 1323 amplius
808 1250 1159 1321 pronuntiare
1210 1263 1371 1319 quam
1406 1258 1607 1303 temere
1655 1244 1800 1300 aliud
1850 1242 2145 1311 statimque

544 1344 774 1399 delinire
821 1341 1145 1396 maluerunt.
1216 1383 1229 1390 -

622 1435 807 1491 Redeo
831 1434 896 1488 ad
923 1432 1216 1488 Caecilium.
1267 1430 1316 1487 Is
1341 1445 1560 1487 suorum
1606 1428 1883 1484 numinum
1915 1424 2147 1495 antiqui-

554 1535 739 1592 tatem,
774 1524 1082 1595 passimque
1126 1534 1397 1593 receptam
1442 1519 1838 1586 auctoritatem,
1887 1528 2148 1588 quantum

550 1629 749 1690 potest,
795 1627 993 1674 tuetur.
1049 1617 1479 1672 Christianorum
1524 1617 1690 1670 Deum
1729 1628 1914 1669 verum
1954 1620 2008 1665 et
2035 1609 2150 1663 uni-

2246 408 2555 464 Lactantius
2591 406 2682 460 lib.
2728 420 2789 471 ll,
2826 418 2945 471 cap.
3007 403 3072 465 1,
3112 402 3186 455 ait
3226 401 3496 465 ethnicos,
3537 414 3659 454 cum
3696 400 3845 469 jura-

2246 510 2385 568 rent,
2419 499 2585 554 Deum
2612 500 2808 569 potius,
2840 510 2999 567 quam
3028 492 3209 549 Jovem
3238 493 3563 548 nominasse.
3608 493 3664 547 In
3706 492 3847 548 anti-

2245 608 2348 664 qua
2380 591 2604 647 formula
2642 588 2993 661 jurisjurandi
3036 587 3192 643 Rom.
3227 588 3532 642 nominatur
3558 586 3843 658 Diespiter.

2247 685 2352 741 Sed
2380 685 2588 749 Cicero,
2621 684 2715 739 lib.
2740 699 2812 739 vn
2849 682 3022 753 Epist.
3059 681 3128 735 ad
3156 679 3389 747 Trebat.,
3422 680 3575 747 dixit,
3614 699 3632 732 ι
3662 681 3847 751 jurare

2246 782 2433 838 Jovem
2467 779 2718 853 lapidem.
2769 798 2788 831 ι
2823 779 2979 849 Saepe
3006 778 3168 832 etiam
3196 776 3345 832 Jovis
3374 777 3684 833 meminisse
3718 779 3846 835 olim

2243 875 2488 945 jurantes
2527 882 2759 939 constat,
2809 882 2861 929 et
2906 872 3041 942 apud
3072 871 3289 929 Grazcos
3317 880 3429 932 Ζεὺς
3455 878 3610 942 ὅρκιος
3634 879 3717 927 est
3756 886 3848 943 ap-

2250 966 2496 1036 pellatus.
2530 966 2716 1019 Mirum
2748 979 2897 1032 vero,
2939 964 3079 1034 quod
3109 964 3363 1020 Caecilius
3391 965 3669 1035 gloriatur,
3700 965 3849 1035 igno-

2253 1057 2322 1112 tis
2350 1057 2511 1111 etiam
2540 1056 2850 1112 numinibus
2876 1056 3149 1112 Romanos
3176 1072 3298 1113 aras
3328 1058 3678 1113 exstruxisse.
3715 1056 3851 1113 Nam

2248 1150 2375 1221 quid
2404 1150 2504 1204 hoc
2530 1148 2672 1203 aliud
2703 1157 2807 1216 est,
2850 1164 3010 1219 quam
3049 1164 3291 1205 errorem
3337 1148 3619 1205 confiteri?
3666 1149 3852 1205 Talem

2254 1257 2402 1297 aram
2435 1241 2630 1297 Paulus
2674 1240 2902 1297 Athenis
2937 1241 3138 1296 vidisse
3172 1255 3233 1296 se
3273 1241 3366 1308 ait,
3404 1250 3459 1296 et
3497 1256 3564 1295 ex
3593 1256 3657 1297 ea
3691 1241 3855 1297 sumit

2254 1344 2628 1407 argumentum
2661 1334 3046 1390 convincenda:
3086 1334 3244 1403 hujus
3283 1335 3617 1406 ignorantiae,
3657 1335 3855 1392 docen-

2256 1428 2557 1499 dorumque
2586 1428 3014 1483 Atheniensium.
3046 1427 3229 1498 Neque
3255 1428 3305 1482 in
3333 1428 3506 1483 Attica
3536 1427 3716 1495 modo,
3758 1426 3854 1485 sed

2252 1522 2542 1577 etinElide
2571 1522 2737 1577 fuisse
2764 1522 2971 1578 arasita
2992 1522 3298 1593 inscriptas,
3316 1524 3468 1579 testis
3495 1532 3579 1578 est
3613 1524 3694 1595 (l)
3718 1523 3855 1579 Pau-

2252 1618 2451 1671 sanias.
2476 1615 2544 1669 Et
2573 1615 2798 1669 fortasse
2820 1626 3003 1685 postea
3030 1614 3303 1681 Octavius,
3332 1629 3454 1669 cum
3492 1614 3690 1672 docere
3740 1616 3855 1673 Cte-

549 1726 673 1766 Cum
717 1710 983 1780 exagitat;
1021 1718 1075 1763 el
1101 1722 1197 1763 80$
1242 1708 1442 1762 interea
1493 1716 1761 1775 tamquam
1814 1710 1979 1763 ἀθέους
2021 1716 2149 1771 ρνο-
2180 1707 2227 1768 Β
2256 1710 2437 1764 cilium
2469 1709 2718 1775 instituit,
2751 1709 2899 1764 l’auli
2930 1709 3179 1778 exemplo
3206 1708 3331 1764 inde
3360 1709 3574 1778 repetiit
3614 1724 3724 1766 sua:
3766 1725 3856 1767 ca.

551 1803 765 1859 scindit.
835 1802 1091 1857 Octavius
1140 1800 1403 1855 idolorum
1471 1798 1700 1852 fabulam
1751 1806 1807 1851 et
1860 1797 2150 1849 vanitatem

550 1897 695 1951 salse
726 1894 977 1957 traducit,
1012 1892 1201 1947 iisdem
1233 1892 1393 1947 etiam
1437 1890 1616 1945 verbis
1667 1902 1794 1943 usus
1821 1887 2014 1957 quibus
2044 1886 2148 1957 Cy-

546 1989 767 2057 prianus
816 1986 867 2040 iu
914 1984 1105 2040 eodem
1170 1991 1488 2054 argumento
1539 1982 1725 2037 utitur.
1794 1979 1977 2050 Neque
2022 1993 2151 2033 vero

546 2077 780 2132 difficilis
816 2076 912 2131 fuit
941 2075 1312 2144 reprehensio,
1355 2090 1476 2129 cum
1529 2073 1746 2143 quidem
1773 2082 1827 2126 et
1871 2072 2039 2141 ipsius
2062 2070 2149 2125 Ci-

547 2170 761 2225 ceronis
783 2169 905 2223 libri
936 2168 1003 2222 de
1029 2166 1223 2222 Natura
1253 2167 1483 2222 Deorum
1513 2165 1677 2221 veluti
1709 2163 2147 2233 suffragarentur.

546 2263 680 2319 Nam
701 2272 757 2317 et
785 2261 1080 2327 Arnobius,
1113 2260 1206 2315 lib.
1240 2276 1320 2323 ιιι,
1342 2270 1464 2328 post
1492 2258 1837 2328 principium,
1869 2256 2019 2311 testis
2044 2264 2147 2322 est,

544 2364 829 2428 propterea
868 2352 1127 2424 quosdam
1160 2350 1585 2406 Christianorum
1630 2348 1812 2404 hostes
1861 2345 2149 2417 aliquando

551 2465 570 2499 ι
615 2447 947 2512 mussitasse,
977 2444 1140 2499 libros
1167 2443 1286 2498 illos
1303 2441 1454 2511 jussu
1482 2452 1701 2495 senatus
1730 2437 2024 2493 abolendos
2062 2448 2148 2491 at-

542 2556 647 2611 que
676 2537 1098 2596 concremandos
1128 2552 1267 2592 esse.
1308 2556 1327 2589 ι
1379 2534 1558 2603 Quid?
1605 2549 1693 2590 res
1740 2536 1876 2604 ipsa,
1908 2547 2027 2602 qua:
2050 2531 2147 2586 abs

540 2634 654 2688 suis
675 2648 885 2703 quoque
913 2630 1213 2687 cultoribus
1237 2637 1321 2684 est
1344 2628 1498 2683 irrisa
1528 2626 1697 2697 (nulla
1717 2627 1860 2681 enim
1892 2638 2146 2695 umquam

539 2727 755 2781 stultior
780 2733 939 2794 atque
961 2723 1189 2793 ineptior
1215 2720 1394 2775 fabula
1419 2720 1579 2774 ullius
1600 2716 1995 2789 superstitionis
2022 2714 2147 2784 fuit)

545 2819 687 2872 ultro
717 2830 838 2872 sese
866 2814 1167 2870 refellebat.
1210 2811 1315 2866 Sed
1347 2819 1402 2865 et
1421 2809 1561 2880 quod
1595 2809 1696 2863 huc
1719 2806 2039 2877 pertinebat,
2067 2805 2147 2859 fa-

538 2908 643 2964 cile
660 2906 969 2962 describere
996 2905 1165 2973 potuit
1187 2902 1447 2957 Minucius
1464 2917 1531 2955 ex
1551 2896 2142 2963 Tertulliano,.luslino.

546 3003 913 3071 Athenagora,
942 2996 1247 3066 Theophila
1272 3013 1284 3048 :
1319 3004 1375 3049 ut
1403 3002 1456 3049 et
1482 3002 1664 3064 postea
1695 3006 1757 3045 ex
1791 2989 2021 3045 Minucio
2044 2990 2143 3042 Ar-

2259 1804 2540 1858 techeseos
2562 1803 2629 1858 de
2653 1803 2765 1857 veri
2798 1802 2890 1857 Dei
2921 1801 3228 1871 cognitione
3257 1803 3602 1873 principium.

2324 1895 2459 1950 Illud
2489 1911 2703 1965 quoque
2735 1897 2926 1950 mirum
2956 1894 3125 1951 videri
3171 1905 3375 1965 posset,
3420 1895 3694 1953 Caecilium
3732 1898 3851 1969 glo-

2255 1985 2404 2052 riari,
2443 2004 2462 2038 ι
2497 2001 2618 2056 qua:
2644 1985 2785 2057 apud
2815 1986 2951 2041 alios
2993 1986 3218 2058 populos
3259 1988 3463 2057 singula
3509 1990 3724 2044 numina
3765 2004 3855 2047 co-

2255 2077 2459 2142 luntur,
2510 2076 2756 2133 universa
2805 2078 2991 2133 Romae
3039 2079 3139 2133 coli
3184 2100 3197 2135 :
3252 2098 3270 2131 ι
3311 2078 3451 2134 Nihil
3499 2090 3555 2136 ut
3597 2082 3850 2152 supersit,

2253 2183 2412 2239 quam
2474 2178 2531 2224 ut
2568 2185 2723 2225 suum
2782 2170 3058 2227 Pantheon
3110 2172 3342 2242 gloriose
3397 2183 3647 2228 05teutet.
3690 2174 3852 2245 Atqui

2254 2260 2500 2315 obstabat
2522 2261 2604 2316 lex
2623 2261 2859 2328 Romuli,
2878 2278 2997 2332 qua:
3017 2264 3327 2333 peregrinos
3342 2263 3472 2318 deos
3492 2264 3596 2319 coli
3612 2264 3848 2320 vetabat.

2252 2350 2509 2409 Obstabat
2530 2353 2805 2411 Ciceronis
2821 2356 3107 2424 sententia,
3132 2357 3219 2427 qui
3240 2355 3607 2413 confusionem
3633 2357 3850 2428 religio-

2253 2459 2379 2498 num
2411 2445 2605 2515 alioqui
2638 2447 2749 2502 fore
2780 2448 3104 2517 pronuntiat.
3141 2447 3247 2505 Sed
3280 2448 3589 2519 peregrinos
3625 2447 3852 2506 fortasse

2251 2550 2357 2591 non
2382 2536 2713 2606 judicabant,
2734 2541 2856 2609 quia
2874 2542 2984 2609 jam
3008 2549 3162 2595 erant
3185 2541 3394 2610 publice
3409 2541 3587 2605 acciti,
3610 2551 3663 2596 et
3687 2541 3851 2598 veluti

2250 2628 2463 2685 civitate
2489 2629 2690 2685 donati.
2723 2631 2813 2688 Sic
2839 2633 2966 2687 urbs
2996 2633 3106 2696 illa,
3139 2650 3258 2703 quae
3286 2634 3353 2689 ab
3377 2634 3641 2689 Athenzeo
3664 2634 3778 2707 (lib.
3806 2650 3847 2705 t,

2250 2736 2367 2792 cap.
2394 2721 2507 2793 17.)
2535 2723 2667 2778 scite
2702 2723 2843 2780 dicta
2873 2734 2988 2780 erat
3017 2733 3216 2794 ἱτιτομσλ
3252 2742 3333 2788 τῆς
3375 2730 3666 2795 οἰκουμένης,
3707 2728 3851 2785 salse

2248 2814 2343 2869 abs
2366 2814 2666 2885 Theophila
2696 2828 2882 2872 nostro
2912 2828 3036 2874 ante
3066 2818 3274 2873 Minucii
3315 2830 3548 2884 mtatem,
3581 2820 3847 2890 appellata

2248 2918 2330 2963 est
2356 2915 2566 2977 ἔπιτομῆ
2587 2926 2671 2972 τῆς
2698 2916 3089 2981 διισιδιιιμονίσις.
3123 2911 3256 2967 Nam
3287 2923 3340 2968 et
3370 2913 3731 2969 Tertullianus
3759 2915 3850 2987 (de

2248 2999 2591 3070 Spectaculis,
2622 3020 2668 3057 ο.
2700 3004 2756 3075 6)
2780 3004 3009 3073 dixerat,
3039 3024 3059 3057 ι
3095 3006 3146 3060 in
3176 3022 3238 3061 ea
3266 3008 3576 3064 consedisse
3606 3024 3837 3064 conven-

540 3094 765 3155 nobius,
802 3090 1142 3150 Lactantius.
1190 3086 1506 3142 AtIIbI‘OSiuS
1529 3126 1544 3150 ι
1596 3084 1971 3153 Αυςυειίιιιιηι,
2015 3095 2139 3136 cum
2166 3089 2212 3153 C
2249 3102 2359 3148 tum
2383 3097 2793 3159 dmmoniorum.
2829 3115 2843 3150 t
2884 3102 3197 3169 curiamque
3216 3097 3463 3154 deorum.
3497 3101 3704 3157 Interea
3736 3116 3843 3159 non

538 3185 783 3242 eamdem
828 3197 1045 3238 causam
1088 3189 1331 3252 agerent.
1392 3179 1551 3234 Certe
1596 3175 1740 3248 quod
1780 3175 2036 3231 Octavius
2075 3173 2144 3228 de

539 3280 772 3336 Saturno
802 3286 1005 3342 narrat,
1035 3274 1348 3330 Laetanlins
1374 3268 1849 3341 ipsumMinucium
1868 3278 2140 3323 auctorem

536 3369 764 3425 laudans
802 3368 1017 3438 repetit,
1040 3366 1305 3435 latiusque
1335 3362 1555 3433 exponit
1584 3361 1676 3415 lib.
1710 3377 1751 3427 ι,
1783 3374 1901 3430 cap.
1934 3361 2022 3414 ll.
2073 3357 2143 3413 Ut

536 3472 714 3518 autem
761 3462 1013 3517 Octavius
1054 3468 1217 3513 totam
1249 3456 1479 3511 fabulam
1512 3455 1764 3508 liomanm
1803 3452 2139 3523 superstitio-

536 3556 620 3609 nis
648 3554 789 3609 salse
816 3553 1110 3607 subsannat
1138 3567 1150 3602 :
1181 3550 1259 3603 sic
1286 3558 1339 3601 et
1368 3548 1603 3616 ipsorum
1635 3544 1993 3607 oraculorum,
2021 3543 2139 3613 qui-

536 3648 637 3704 bus
688 3656 969 3714 tantopere
1014 3642 1381 3715 gloriabantur
1424 3638 1645 3703 ethnici,
1694 3639 1982 3692 vanitatem
2030 3636 2140 3691 ele-

533 3747 721 3808 ganter
745 3735 984 3791 ostendit
1017 3751 1027 3786 :
1055 3748 1119 3787 ac
1145 3740 1269 3786 ante
1297 3745 1446 3785 suam
1475 3728 1688 3798 quidem
1712 3739 1923 3782 :etatcm
1945 3741 2139 3782 oracu-

532 3830 643 3885 lum
672 3828 932 3899 Apollinis
956 3826 1129 3898 Pythii
1153 3825 1375 3879 desiisse
1407 3822 1671 3892 significat
1702 3839 1715 3874 :
1749 3821 1903 3875 sicuti
1934 3832 1986 3876 et
2012 3820 2136 3876 Plu-

535 3920 755 3975 tarchus
782 3919 975 3973 fatetur
1006 3914 1333 3985 temporibus
1366 3912 1585 3969 Adriani
1613 3912 1948 3981 imperatoris
1978 3914 2136 3983 plane

533 4013 795 4070 defecisse
820 4031 832 4067 :
864 4012 952 4067 Sic
981 4010 1121 4066 enim
1154 4022 1275 4063 eum
1305 4007 1621 4061 Christiana:
1645 4003 1916 4075 religionis
1938 4006 2133 4063 veritas

535 4105 911 4167 invalesceret,
935 4114 1156 4158 necesse
1185 4099 1283 4154 fuit
1334 4112 1657 4154 evanescere
1688 4099 2038 4164 imposturam
2071 4099 2133 4153 il-

528 4197 702 4253 lorum
728 4215 820 4253 τῶν
853 4203 1165 4266 χρηστηρίων.
1197 4192 1368 4247 Porro
1391 4191 1643 4246 Octavius
1687 4190 1754 4245 de
1798 4190 2131 4247 decurionibus

532 4302 586 4347 ct
617 4306 803 4347 eorum
832 4331 847 4355 ,
901 4304 1027 4343 cum
1052 4288 1147 4340 abs
1184 4285 1501 4339 Christianis
1532 4284 1859 4352 adjurantur,
1892 4287 2128 4355 trepida-

529 4384 678 4436 tione
722 4388 925 4441 narrat,
975 4374 1117 4445 quod
1138 4384 1296 4429 antea
1322 4374 1563 4429 Justinus
1600 4384 1655 4427 et
1685 4375 2043 4432 Tcrtulliauus
2074 4378 2127 4432 in

2250 3196 2454 3242 temere
2480 3187 2697 3257 adjecit,
2727 3188 2836 3244 illic
2864 3189 3077 3259 quidvis
3095 3190 3292 3255 colere,
3319 3190 3408 3261 jus
3436 3190 3620 3259 fuisse,
3652 3203 3844 3263 [ιι-κίει-

2248 3278 2413 3333 Deum
2446 3294 2655 3335 verum.
2683 3281 2882 3351 Estque
2912 3282 3150 3352 profecto
3172 3284 3541 3350 memorabile,
3564 3286 3709 3355 quod
3735 3288 3845 3342 Au-

2240 3371 2484 3441 gustinus
2531 3372 2623 3427 lib.
2653 3388 2667 3426 ι
2705 3374 2769 3427 de
2794 3373 3054 3430 Comensu
3089 3373 3549 3447 Evangelistarum,
3595 3392 3715 3448 cap.
3748 3380 3838 3446 18,

2242 3464 2450 3528 scribit,
2479 3480 2575 3520 cur
2593 3466 2745 3521 illum
2768 3484 2931 3523 uuttm
2953 3483 3058 3523 non
3079 3468 3343 3525 coluerint
3365 3469 3611 3535 Romani,
3630 3472 3719 3541 qui
3742 3485 3843 3525 co-

2242 3557 2423 3613 lebant
2452 3574 2638 3615 omnes
2664 3560 2818 3615 alios.
2856 3562 3012 3630 Quia,
3042 3563 3234 3632 inquit,
3267 3564 3435 3618 solum
3462 3582 3514 3620 se
3534 3566 3636 3620 coli
3664 3568 3840 3623 volue-

2240 3650 2325 3715 rit,
2368 3651 2484 3705 illos
2525 3661 2692 3705 autem
2740 3653 2859 3706 deos
2900 3653 3152 3721 Gentium,
3185 3671 3312 3725 quos
3340 3656 3423 3710 isti
3441 3658 3554 3728 jam
3582 3658 3838 3729 colebant,

2239 3743 2339 3796 coli
2383 3744 2717 3813 prohibuerit.
2769 3744 2902 3800 Cum
2934 3757 3111 3802 autem
3143 3747 3211 3803 de
3240 3747 3357 3818 ipso
3383 3749 3600 3805 Christo
3628 3767 3838 3823 quaere-

2239 3844 2408 3901 retur,
2438 3835 2540 3890 alia
2571 3836 2732 3891 etiam
2759 3853 2921 3894 causa
2954 3838 3071 3904 fuit,
3105 3855 3203 3896 cur
3237 3851 3457 3898 senatus
3495 3845 3832 3905 reclamaret.

2241 3926 2429 3991 Porro,
2464 3936 2519 3981 ut
2547 3930 2878 3998 Augustinus
2900 3932 2953 3986 in
2984 3947 3051 3988 eo
3077 3932 3217 3989 libro
3241 3935 3408 3991 multa
3438 3936 3688 4005 inculcat,
3711 3957 3834 4011 qua:

2237 4036 2304 4077 ex
2343 4034 2527 4079 nostro
2570 4024 2794 4082 Octavio
2840 4030 3066 4100 repetita
3115 4033 3281 4089 videri
3326 4048 3572 4106 possent;
3618 4038 3698 4094 sic
3751 4047 3831 4103 ct,

2235 4116 2376 4185 quod
2420 4117 2695 4188 eleganter
2740 4123 3030 4191 respondet
3070 4125 3138 4181 de
3181 4129 3392 4185 excidio
3433 4132 3831 4205 Hierosolymi-

2235 4213 2380 4273 tauo,
2414 4208 2617 4265 Octavii
2656 4215 2723 4267 de
2759 4214 2947 4271 eadem
2987 4233 3047 4272 re
3087 4222 3493 4289 responsionem
3524 4225 3827 4282 confirmat.

2232 4298 2337 4354 Sed
2376 4302 2583 4373 singula
2624 4321 2765 4363 nunc
2805 4308 3115 4367 describere
3143 4313 3272 4368 nihil
3302 4316 3512 4371 attinet.
3550 4316 3733 4376 Redeo
3759 4319 3829 4377 ad

2232 4390 2588 4451 Minucianum
2619 4399 2962 4457 auditorium.
3697 4396 3708 4403 ’

528 4475 758 4545 Apolog.
792 4481 846 4525 et
877 4471 1175 4542 Cyprianus
1213 4476 1397 4522 contra
1433 4468 1825 4523 Demetrianum
1859 4481 1909 4525 et
1940 4481 2121 4540 postea

2297 4486 2544 4546 Caecilius
2566 4491 2902 4551 Christianos
2928 4508 3162 4565 accusat,
3210 4502 3353 4572 quod
3408 4523 3429 4557 ‹
3463 4506 3660 4576 templa
3691 4514 3826 4563 tam-

527 4564 835 4620 Lactantius
854 4563 945 4617 lib.
975 4570 1165 4631 quarto
1185 4601 1199 4627 ,
1238 4575 1357 4630 cap.
1386 4560 1645 4631 vigesimo
1663 4562 1910 4631 septimo.
1942 4565 2125 4636 Itaque

525 4657 686 4714 facile
714 4654 911 4710 refellit
950 4654 1123 4723 ipsum
1164 4668 1375 4723 quoque
1405 4649 1711 4720 Ulpianum,
1753 4654 2118 4723 Christianos,

526 4760 584 4806 ut
607 4751 948 4816 impostores,
978 4743 1154 4813 hujus,
1181 4754 1237 4798 ut
1265 4754 1474 4809 vocant,
1502 4746 1907 4803 exorcisalionis
1937 4764 2117 4815 causa,

521 4842 837 4900 irridentem
866 4838 1007 4906 Lege
1045 4852 1080 4890 I.
1111 4837 1174 4889 de
1207 4835 1484 4889 Extraord.
1536 4837 1735 4908 Cognit.
1775 4839 1963 4895 lnancs
2012 4858 2118 4895 non

524 4932 691 4989 fuisse
721 4922 1054 4988 exorcismos
1094 4928 1479 4997 posterioribus
1516 4944 1725 4998 quoque
1768 4932 2117 5000 temporibus,

521 5038 576 5084 ct
609 5026 774 5081 fuis~e
817 5024 1125 5092 frequentes
1154 5020 1207 5074 in
1237 5020 1495 5083 Ecclesia,
1534 5021 1751 5092 intelligi
1783 5039 1993 5093 quoque
2026 5041 2120 5094 ρο-

518 5127 623 5174 test
662 5134 727 5173 ex
753 5116 946 5185 Optato
974 5112 1104 5168 Afro
1133 5120 1187 5167 et
1225 5112 1543 5181 Augustino,
1575 5115 1929 5182 scriptoribus
1954 5130 1984 5170 a
2015 5117 2116 5171 Mi-

514 5210 676 5266 nucio
706 5207 925 5263 minime
950 5202 1161 5258 alienis.

583 5300 687 5356 Sed
719 5308 774 5354 et
803 5299 871 5354 de
902 5298 1012 5352 Deo
1042 5295 1199 5349 unico
1238 5295 1401 5349 multa
1432 5294 1687 5351 Octavius
1720 5296 1969 5364 inculcat,
2004 5316 2109 5356 non

512 5391 797 5448 dissimilia
828 5392 915 5457 iis,
952 5403 1072 5459 qua:
1100 5386 1340 5442 Justinus
1384 5400 1489 5459 περὶ
1517 5396 1739 5461 Μονσρχ.
1781 5401 1833 5447 et
1859 5392 2109 5450 Clemens

507 5484 908 5543 Alexandrinus
936 5483 1286 5552 collegerant.
1322 5480 1453 5535 Nam
1496 5493 1549 5538 et
1588 5493 1873 5556 utrumque
1914 5487 2107 5559 legisse

503 5588 689 5634 noster
718 5574 909 5648 potuit.
950 5575 1135 5649 Neque
1166 5587 1297 5627 vero
1335 5574 1595 5642 praeterit,
1639 5576 1779 5647 quod
1806 5575 2104 5648 Cyprianus

496 5680 664 5758 urget,
681 5670 858 5745 ipsum
874 5680 1094 5745 quoque
1113 5667 1301 5740 vulgus
1322 5666 1636 5727 naturaliter
1649 5670 1918 5781 appellare
1933 5672 2101 5731 Deum

2229 4594 2387 4649 quam
2413 4581 2565 4637 busta
2583 4584 2899 4652 deSpiciant.
2918 4608 2936 4641 ι
2961 4588 3181 4647 Fatetur
3196 4594 3467 4651 Octavius.
3487 4596 3619 4651 Nam
3632 4608 3687 4653 et
3700 4598 3826 4654 Cle-

2226 4685 2378 4725 mens
2392 4672 2786 4733 Alexandrinus
2803 4679 2856 4734 in
2872 4702 3199 4753 προτρεπτικῶ
3212 4694 3364 4740 antea
3385 4688 3822 4757 probaverat,illa

2225 4776 2345 4819 esse
2367 4764 2447 4837 (Ξ)
2468 4769 2733 4838 sepulcra.
2759 4771 2865 4827 Sed
2885 4775 3151 4831 Arnobius
3181 4777 3272 4832 lib.
3298 4794 3350 4832 vr
3375 4796 3394 4830 ι
3427 4782 3623 4851 templa
3650 4782 3821 4840 bustis

2225 4858 2494 4925 superlata
2526 4879 2545 4911 ι
2575 4861 2735 4918 fuisse
2764 4866 2858 4920 ait.
2891 4867 3155 4924 Caeterum
3182 4870 3475 4928 Christiani
3502 4875 3602 4930 alia
3633 4888 3821 4946 postea

2224 4949 2432 5003 ratione
2475 4968 2542 5007 ex
2589 4969 2806 5010 suorum
2859 4972 3154 5030 martyrum
3200 4966 3482 5035 sepulcris,
3506 4984 3612 5023 non
3657 4971 3819 5025 modo

2223 5042 2441 5131 templa,
2470 5044 2564 5100 sed
2592 5056 2647 5101 et
2680 5048 2866 5104 altaria
2906 5051 3221 5109 effecerunt.
3264 5056 3449 5128 Neque
3493 5075 3598 5115 non
3647 5062 3820 5131 potuit

2219 5129 2481 5190 Minucius
2508 5152 2570 5192 ea
2601 5139 2817 5196 vidisse.
2850 5140 2955 5199 Sed
2989 5144 3060 5199 ita
3092 5156 3175 5200 est
3204 5150 3460 5217 profecto.
3507 5152 3620 5208 Etsi
3649 5129 3818 5222 majo-

2218 5238 2306 5279 res
2337 5229 2503 5283 nostri
2538 5231 2811 5301 religionis
2861 5237 3077 5292 nomine
3122 5241 3286 5294 multa
3331 5242 3569 5300 facerent
3609 5246 3661 5299 in
3687 5260 3817 5315 spe-

2212 5316 2349 5372 ciem
2399 5319 2593 5378 similia
2641 5324 2728 5393 iis,
2770 5340 2892 5396 qua:
2930 5328 3000 5384 ab
3046 5329 3276 5387 ethnicis
3314 5333 3515 5390 fiebant
3549 5354 3566 5391 :
3610 5345 3811 5405 tamen,

2289 5537 2368 5681 (l2
2398 5539 2687 5597 Pausanias
2710 5543 2879 5600 Eliac.
2910 5567 2947 5613 ι,
2973 5564 3090 5621 cap.
3110 5553 3195 5607 14.
3227 5559 3471 5625 ἀγνώστων
3500 5564 3807 5627 θεῶνβωμές.

2289 5610 2340 5680 [2
2392 5612 2641 5669 Clemens
2656 5614 2976 5681 Protreptico
3007 5624 3075 5675 ad
3098 5622 3370 5681 Centauri.
3401 5627 3487 5681 58.
3524 5631 3807 5681 δεικνύντες.

2282 5610 2641 5700 (Qj‘Cl‘emens
2656 5610 2976 5700 Protreptico
3007 5610 3075 5675 a'd
3098 5610 3370 5696 Gentes',p.
3394 5610 3487 5681 758.
3524 5610 3808 5700 simia};

2204 5688 2296 5732 τῶν
2324 5685 2524 5737 εἰδώλων
2547 5690 2611 5739 τὰ
2632 5698 2819 5757 τεμένη,
2845 5685 3019 5761 ντάῖινους
3045 5703 3179 5755 τινὰς
3207 5703 3235 5755 ἦ
3266 5685 3587 5772 dit-numqu

3811 5876 3848 5890 ‘

3859 5864 3923 5893 -.λ
