4218 6268
342 369 451 426 209

1502 355 1563 414 F.
1636 356 1957 416 BALDUINI
2032 355 2505 415 DISSERTATIO.

3554 352 3661 411 210

350 485 477 557 quia
502 481 639 537 alins
669 488 787 535 erat
818 477 963 545 ﬁnis,
988 476 1229 547 aliusque
1247 491 1395 543 usus,
1420 488 1515 530 sua
1555 489 1704 529 sacra
1738 474 1953 531 defendi
1979 477 2030 537 A
2059 489 2172 530 rem
2208 473 2596 530 lmmandornm
2634 487 2941 544 corporum.
2970 472 3052 527 An
3091 472 3137 528 is
3166 482 3381 543 quoque
3407 469 3517 541 jam
3547 480 3659 527 tum

344 591 508 648 posse
528 573 792 633 sciebant,
817 571 915 627 etsi
942 570 1167 624 aliorum
1189 575 1476 637 κακοζηλίαν
1497 567 1833 622 damnarent.
1861 568 1958 623 Sa-

344 666 671 723 criticiorum
694 664 1059 719 Romanorum
1085 661 1217 715 ritus
1239 676 1395 730 quam
1418 660 1572 715 valde
1596 658 1818 714 irrident
1838 660 1851 712 l
1874 661 1958 713 At-

346 762 440 833 qui
472 777 576 816 non
606 757 884 814 dissimilis
927 757 1053 811 olim
1099 771 1309 821 eorum,
1351 771 1471 826 quae
1517 755 1635 822 lege
1662 753 1839 809 divina
1866 752 1959 809 Ju-

346 852 480 910 dzeis
510 851 761 906 mandata
793 856 966 915 erant,
1001 848 1172 903 forma
1205 846 1323 902 fuit.

420 947 538 1003 Etsi
569 956 749 1000 autem
773 942 1061 999 Christiani
1092 950 1251 997 aetate
1274 940 1441 995 nostri
1469 939 1684 995 Minucii
1707 953 1801 994 sua
1824 947 1957 995 tem-

344 1041 435 1115 pla
463 1039 704 1112 superbe
734 1036 984 1092 attollere
1027 1034 1092 1089 ad
1135 1034 1439 1105 exemplum
1467 1033 1803 1088 ethnicorum
1849 1047 1956 1087 non

346 1143 574 1209 possent
618 1151 632 1188 :
678 1142 855 1185 tamen
904 1142 1031 1185 suas
1074 1127 1262 1183 saltem
1306 1126 1574 1180 habebant
1618 1135 1854 1196 cryptas,
1906 1133 1961 1179 et

348 1229 615 1303 quasdam
642 1227 804 1281 etiam
837 1222 983 1278 aedes
1026 1232 1080 1278 et
1106 1220 1299 1276 domus
1338 1234 1520 1275 sacras
1564 1218 1616 1273 in
1661 1217 1861 1287 apertis
1904 1225 1959 1273 et

346 1324 509 1382 editis
546 1321 701 1386 locis,
734 1329 791 1374 nt
810 1317 1175 1375 Tertullianus
1202 1316 1296 1381 ait,
1322 1324 1376 1369 et
1401 1313 1647 1368 lubenter
1670 1310 1957 1366 convenie-

345 1417 479 1474 bant
523 1416 591 1469 ad
640 1414 726 1470 illa
770 1428 989 1469 suorum
1038 1420 1332 1483 martyrum
1364 1409 1605 1478 sepulcra
1642 1424 1653 1460 :
1689 1421 1808 1477 quae
1853 1429 1957 1458 κοι-

345 1525 571 1581 μηττῖρια
606 1507 889 1562 vocabant.
914 1504 1048 1559 Nam
1081 1512 1135 1559 et
1164 1504 1277 1557 hazc
1306 1501 1408 1557 illis
1426 1499 1733 1571 permisisse
1760 1496 1960 1552 Gallie-

348 1620 477 1663 num
511 1603 898 1672 imperatorem
930 1598 1042 1668 (qui
1072 1596 1285 1651 Minucii
1319 1604 1530 1649 aatatem
1558 1608 1660 1648 non
1688 1591 1847 1660 longo
1878 1590 1958 1644 in-

349 1694 581 1753 tervallo
609 1692 808 1762 attigit)
850 1690 1115 1745 Eusebius
1140 1687 1345 1743 scribit.
1384 1685 1543 1741 Ridet
1583 1694 1760 1739 autem
1788 1681 1958 1737 Caeci-

359 1788 485 1851 lius,
516 1785 658 1853 quod
688 1780 979 1838 Christiani
1008 1794 1135 1836 suos
1171 1778 1281 1849 jam
1313 1777 1423 1831 vita
1452 1775 1683 1840 functos,
1713 1789 1817 1829 non
1849 1784 1953 1826 tam

2064 566 2116 621 in
2163 581 2262 621 usu
2302 576 2470 631 esset,
2517 581 2637 621 cum
2672 565 2742 619 ibi
2788 573 2969 635 ageret
3000 563 3283 625 Minucius,
3326 564 3527 619 nescio.
3571 563 3663 617 Ri-

2063 660 2297 716 diculum
2322 675 2471 726 vero,
2498 659 2638 729 quod
2666 658 2931 724 Cmcilius,
2962 671 3183 712 severus
3213 656 3417 711 scilicet
3443 671 3657 721 censor,

2061 749 2394 807 Christianos
2421 758 2658 815 accusat,
2691 749 2814 818 quia
2867 761 3038 816 neque
3083 747 3368 817 unguentis
3412 745 3660 811 delibuti,

2061 859 2237 915 neque
2256 842 2415 899 sertis
2437 842 2667 897 redimiti
2690 850 2890 896 essent.
2920 839 3129 905 Mirum,
3156 838 3297 909 quod
3320 839 3521 894 interea
3552 852 3658 895 non

2062 940 2309 1000 miratur,
2339 953 2432 991 eos
2462 946 2638 992 tamen
2663 951 2787 990 usos
2810 935 2918 1004 jam
2948 943 3055 989 tum
3082 933 3247 988 fuisse
3270 933 3389 987 oleo
3416 941 3470 987 et
3494 932 3666 986 chris-

2062 1040 2221 1087 mata.
2258 1031 2399 1087 Sane
2427 1028 2684 1091 sobriam,
2715 1028 2934 1092 siccam,
2960 1024 3326 1096 frugalemquc
3354 1024 3536 1088 vitam,
3560 1021 3665 1079 hoc

2061 1134 2165 1190 est,
2213 1123 2281 1178 ab
2326 1123 2611 1193 unguentis
2655 1121 2906 1186 alienam,
2934 1108 3056 1191 ipsi
3114 1119 3274 1173 etiam
3321 1116 3517 1172 ethnici
3551 1117 3663 1171 lau~

2061 1215 2189 1271 dare
2242 1214 2483 1269 solebant
2539 1232 2551 1267 :
2601 1223 2655 1267 et
2709 1212 2858 1267 Plato
2907 1225 2972 1265 ex
3027 1225 3121 1265 sua
3152 1208 3467 1279 Republica,
3498 1222 3659 1278 quant

2061 1308 2316 1378 Optimam
2350 1322 2448 1361 suo
2473 1304 2676 1375 judicio
2705 1303 2872 1373 ﬁngit,
2902 1302 3192 1357 Homerum
3237 1315 3342 1354 non
3384 1300 3527 1369 ejicit
3556 1300 3659 1354 nisi

2060 1409 2334 1469 unguento
2383 1398 2654 1467 perfusum
2697 1406 2749 1450 et
2775 1395 2922 1448 vittis
2965 1393 3294 1454 redimitum,
3342 1400 3416 1457 et,
3468 1401 3527 1445 ut
3577 1391 3664 1445 hic

2062 1505 2245 1550 noster
2275 1492 2527 1549 Oetavius
2565 1492 2639 1545 ait
2671 1508 2691 1543 ι
2728 1498 3041 1543 coronatum
3088 1504 3101 1541 :
3139 1506 3158 1538 ι
3210 1501 3332 1541 cum
3392 1485 3661 1555 signiﬁca-

2061 1598 2144 1643 ret
2172 1601 2291 1642 sese
2318 1586 2517 1640 habere
2540 1583 2683 1638 nolle
2703 1582 2852 1636 cives
2874 1589 2981 1633 tam
3010 1578 3221 1633 molles.
3248 1578 3325 1631 Ac
3352 1591 3418 1631 ne
3450 1576 3680 1650 longius.

2060 1685 2273 1750 abeam,
2310 1681 2672 1751 Vespasianus
2715 1674 3001 1747 quemdam
3047 1671 3294 1743 ungentis
3334 1669 3663 1735 madentem,

2060 1786 2115 1832 et
2144 1776 2341 1847 gratias
2370 1782 2615 1843 agentem
2642 1784 2737 1839 pro
2764 1769 3047 1836 impetrata
3084 1764 3423 1835 praefectura,
3452 1776 3667 1816 aversao

356 1888 600 1935 mortuos
640 1890 781 1941 esse,
830 1888 987 1945 quam
1024 1871 1260 1926 dormire
1306 1869 1548 1925 dicerent
1586 1876 1639 1923 et
1676 1866 1957 1922 crederent
1987 1866 2034 1926 B
2063 1880 2169 1931 tus,
2206 1887 2224 1920 ι
2260 1867 2497 1931 Mallem,
2532 1864 2720 1934 inquit,
2748 1861 2932 1915 allium
2963 1859 3160 1913 olercs.
3202 1876 3220 1911 ι
3254 1857 3358 1912 Sed
3402 1857 3527 1927 quid
3561 1870 3667 1911 non

358 1982 758 2039 corporumque
777 1964 1223 2020 resurrectionem
1246 1961 1532 2031 jactarent.
1563 1959 1721 2029 Atqui
1744 1966 1797 2012 et
1819 1955 1958 2027 apud

352 2077 516 2121 suum
544 2060 829 2115 Homerum
864 2056 1050 2128 (Iliad.
1091 2065 1154 2109 Ω.
1196 2071 1245 2108 υ.
1277 2052 1404 2121 544)
1434 2054 1655 2123 legerat,
1697 2056 1959 2108 ὑπνώοντας

352 2162 570 2226 ὶγείρειν.
620 2162 671 2208 et
714 2151 851 2221 apud
901 2149 1177 2220 Virgilium
1226 2144 1466 2219 (.Eneid.
1512 2161 1587 2211 iv,
1639 2159 1767 2198 vers.
1804 2140 1956 2211 214.)

360 2266 381 2301 ι
418 2260 644 2301 somnos
693 2244 957 2308 adimere,
1014 2261 1032 2294 ι
1065 2255 1188 2295 cum
1222 2240 1291 2294 de
1334 2236 1560 2293 mortuis
1600 2235 1652 2289 in
1683 2235 1847 2290 vitam
1876 2249 1961 2289 re-

353 2339 618 2397 vocandis
645 2338 839 2406 agitur.
874 2334 1009 2403 Quid
1044 2342 1302 2403 pratterea
1331 2329 1419 2383 hic
1441 2327 1779 2398 responderit
1804 2325 1963 2381 Octa-

359 2435 504 2496 vius,
534 2430 766 2487 conferri
799 2437 975 2500 potest
998 2442 1119 2481 cum
1162 2424 1249 2491 iis,
1281 2440 1400 2495 qua:
1426 2431 1580 2476 antea
1606 2420 1959 2487 Theophilus,

361 2526 760 2594 Athenagoras,
809 2519 1072 2583 Justinus,
1120 2515 1501 2580 Tertullianus,
1556 2512 1743 2568 eadem
1794 2510 1861 2565 de
1906 2524 1964 2567 re

359 2620 650 2691 scripsere.
693 2618 825 2671 Nam
858 2614 955 2669 hos
982 2621 1199 2668 secutus
1225 2609 1485 2665 Minucius
1521 2616 1621 2661 est.
1668 2603 1827 2659 Ridet
1851 2602 1965 2657 Cai-

354 2712 513 2770 cilius
555 2711 691 2782 (cap.
728 2707 841 2778 12.)
868 2704 1225 2769 Christianos,
1256 2699 1398 2772 quod
1446 2698 1705 2754 cadavera
1750 2703 1962 2766 ungunt,

361 2824 471 2866 non
522 2813 783 2860 coronent.
832 2800 992 2870 Atqui
1043 2806 1097 2854 et
1128 2795 1376 2860 Romani,
1428 2793 1527 2848 etsi
1573 2788 1698 2861 quid
1747 2795 1966 2859 agerent

363 2882 1015 2973 ignorarent,runguenta
1056 2889 1296 2946 funebria
1337 2886 1626 2943 habebant.
1669 2881 1835 2938 Notus
1880 2888 1966 2937 est

366 2994 465 3050 ille
489 2992 625 3047 Enni
651 2990 953 3045 versiculus
981 3004 995 3044 :

525 3104 771 3169 Tarquinii
788 3113 966 3164 corpus
978 3101 1105 3149 bona
1130 3096 1313 3146 femina
1336 3093 1456 3144 lavit
1478 3098 1532 3143 et
1551 3091 1712 3142 unxit.

438 3213 508 3269 Et
534 3212 657 3267 licet
681 3210 853 3279 Leges
889 3223 984 3262 xtt.
1026 3203 1197 3258 Tabb.
1222 3202 1471 3257 servilem
1504 3208 1782 3256 uncturam
1809 3195 1968 3252 cada-

363 3322 571 3373 verum,
602 3314 662 3359 ut
704 3304 778 3357 ait
812 3301 1001 3356 Cicero
1038 3297 1124 3367 (de
1144 3293 1318 3366 Legib.
1348 3294 1438 3347 lib.
1481 3308 1538 3355 ιι,
1570 3308 1688 3361 cap.
1720 3291 1837 3359 24),
1866 3288 1968 3343 tol-

367 3401 565 3465 lerent,
605 3397 762 3451 aliam
807 3404 983 3448 tamen
1030 3388 1445 3455 relinquebant:
1486 3394 1541 3441 et
1567 3386 1665 3456 ipsi
1692 3383 1967 3454 iuriscon-

368 3492 498 3548 sulti
535 3493 671 3545 inter
709 3489 885 3558 iustos
920 3484 1121 3539 funeris
1150 3490 1396 3551 sumptus
1434 3487 1699 3548 unguenta
1731 3477 1971 3532 referunt

369 3585 455 3657 (L.
478 3584 732 3656 trigesima
752 3580 985 3649 septima,
1003 3576 1066 3630 de
1083 3574 1246 3645 Relig.
1269 3585 1317 3629 et
1335 3573 1540 3642 Sumpt.
1556 3570 1721 3642 fam).
1736 3569 1888 3636 Quod
1902 3567 1969 3622 ad

375 3696 395 3731 ι
462 3690 692 3731 coronas
742 3671 1060 3726 cadaverum
1120 3686 1140 3720 ι
1194 3666 1429 3728 attinet,
1480 3663 1677 3717 fatetur
1720 3660 1972 3715 Octavius

372 3768 697 3824 Christianis
740 3766 950 3833 ineptas
995 3760 1208 3816 videri:
1250 3769 1302 3812 et
1350 3771 1445 3813 eos
1489 3766 1769 3826 propterea
1812 3755 1864 3808 in
1906 3766 1974 3807 eo

378 3874 582 3932 genere
619 3857 857 3912 ethnicos
898 3855 1091 3910 imitari
1142 3851 1307 3906 nolle.
1352 3848 1716 3906 Tertullianus
1745 3846 1798 3901 in
1838 3845 1975 3900 libro

380 3952 449 4007 de
467 3950 671 4005 Corona
698 3949 833 4019 (cap.
858 3948 968 4017 l5),
1002 3947 1096 4009 ait,
1128 3963 1146 3995 ι
1181 3960 1210 3998 a
1242 3944 1440 3998 saeculo
1460 3940 1705 3997 coronari
1745 3948 1799 3995 et
1833 3940 1976 4009 ipsas

374 4043 641 4103 Libitinas
684 4060 698 4097 :
747 4060 767 4094 ι
810 4042 868 4096 Et
907 4043 1022 4111 ipse
1066 4038 1260 4093 Cicero
1310 4052 1403 4107 pro
1453 4034 1646 4090 Flacco
1695 4031 1836 4105 (cap.
1882 4031 1975 4104 51)

374 4139 623 4197 meminit
656 4154 675 4187 ι
711 4150 889 4190 aurea:
917 4148 1133 4188 corona:
1169 4130 1432 4201 imposita:
1461 4136 1673 4183 mortuo
1710 4143 1729 4178 ι
1765 4123 1977 4179 cuidam

382 4249 403 4284 ι
436 4229 721 4301 Castricio.
756 4246 775 4280 ι
808 4226 1001 4280 Verum
1031 4223 1159 4293 quid
1182 4221 1414 4291 antiqua:
1436 4220 1580 4289 leges
1611 4218 1763 4271 Rom.
1791 4217 1859 4271 de
1882 4214 1980 4270 Co-

376 4324 525 4380 ronis
550 4320 874 4377 cadaverum
912 4322 1227 4377 statuerent,
1260 4314 1366 4367 dixi
1398 4311 1463 4366 ad
1495 4310 1783 4365 Duodecim
1805 4308 1973 4363 Tabb.

378 4416 623 4485 Denique
653 4412 796 4467 ridet
824 4420 878 4464 et
919 4410 1224 4479 indignatur
1248 4405 1519 4472 Caecilius,
1552 4404 1688 4473 apud
1717 4402 1978 4458 Christia-

379 4524 481 4566 nos
509 4490 537 4561 ἰ
571 4507 835 4563 cadavera
866 4504 1093 4566 humari,
1130 4521 1149 4554 ι
1181 4516 1286 4555 non
1323 4517 1342 4550 ι
1374 4500 1473 4553 uri.
1513 4518 1531 4551 ι
1570 4498 1764 4553 Verum
1794 4503 1881 4551 est
1898 4510 1983 4550 ve-

382 4614 471 4659 tus
496 4601 651 4667 illud,
686 4618 705 4652 ι
740 4600 872 4654 Risu
902 4598 1083 4666 inepto
1106 4593 1235 4650 nihil
1262 4600 1345 4648 est
1374 4592 1623 4663 ineptius.
1663 4609 1682 4643 ι
1711 4587 1849 4657 Quid
1875 4588 1979 4642 Oc-

385 4693 603 4750 tavius?
627 4691 953 4761 Simpliciter
981 4686 1291 4757 respondet,
1318 4685 1588 4755 antiquam
1613 4697 1734 4739 esse
1757 4696 1907 4737 suam
1932 4690 1985 4735 et

389 4789 675 4847 meliorem
701 4783 995 4855 sepeliendi
1026 4780 1488 4837 consuetudinem.
1532 4776 1685 4845 Quod
1720 4785 1774 4830 et
1815 4778 1987 4829 Arno-

389 4884 521 4939 bius
547 4879 839 4947 respondit.
868 4876 1001 4931 Nam
1031 4883 1086 4930 et
1116 4884 1237 4944 post
1274 4870 1562 4927 Minucium
1608 4878 1748 4924 mota
1794 4867 1986 4922 iterum

393 4973 513 5029 haec
542 4973 767 5042 quarstio
793 4978 895 5025 est.
928 4967 1088 5038 Atqui
1119 4966 1341 5021 Romani
1386 4970 1631 5033 poterant
1675 4960 1757 5016 sui
1800 4960 1989 5015 saltem

390 5064 675 5121 Ciceronis
705 5062 901 5117 librum
943 5059 1217 5115 secundum
1256 5058 1319 5111 de
1355 5055 1573 5127 Legibus
1605 5053 1743 5126 (cap.
1786 5052 1880 5125 22)
1913 5055 1991 5108 Ie-

393 5158 558 5228 gisse,
590 5155 683 5226 qui
712 5154 853 5208 hunc
890 5168 1097 5208 morem
1126 5149 1368 5206 defendit
1394 5157 1449 5203 et
1472 5147 1777 5203 confirmat.
1805 5145 1873 5200 Et
1897 5145 1977 5199 Pli

395 5250 514 5306 nius
543 5250 635 5302 lib.
672 5262 763 5311 vit,
795 5261 915 5316 cap.
949 5246 1042 5309 54,
1080 5264 1098 5296 ι
1135 5244 1333 5313 Ipsum,
1369 5240 1559 5311 inquit,
1587 5253 1830 5294 cremare
1856 5235 1997 5306 apud

398 5342 678 5397 Romanos
706 5354 813 5393 non
843 5338 939 5393 fuit
979 5337 1175 5392 veteris
1206 5333 1431 5390 instituti
1463 5351 1477 5387 :
1516 5342 1657 5386 terra
1694 5328 2001 5385 condeban-

397 5443 505 5489 tur.
571 5451 590 5485 ι
644 5432 788 5488 Sane
816 5430 1177 5486 Tertullianus
1226 5427 1288 5481 de
1318 5426 1518 5480 Corona
1564 5423 1701 5493 (cap.
1758 5421 1848 5489 12)
1905 5420 1998 5487 ait,

400 5524 713 5581 Christiano
747 5538 852 5579 non
875 5522 1090 5578 licuisse
1111 5534 1371 5583 cremare,
1405 5524 1459 5573 et
1490 5512 1751 5584 (ineunte)
1786 5512 1921 5565 libro
1943 5514 2005 5564 de

413 5618 627 5673 Restm.
661 5636 806 5673 corn.
842 5618 981 5673 ridet
1025 5630 1139 5681 eos,
1190 5612 1280 5684 qui
1329 5631 1347 5666 ι
1386 5607 1741 5671 atrocissime,
1766 5622 1785 5655 ›
1820 5613 1879 5657 ιιι
1908 5607 2004 5671 ait,

414 5730 434 5764 ι
470 5722 700 5769 exurunt
718 5711 1023 5768 defunctos.
1060 5731 1077 5763 ι

482 5805 651 5861 Porro
681 5805 1008 5876 Augustinus
1045 5803 1141 5859 lib.
1181 5815 1233 5856 ιι
1264 5800 1494 5871 Confusa.
1531 5792 1791 5866 significat
1832 5794 1885 5847 in
1923 5804 2013 5848 ec-

408 5900 575 5957 clesia
604 5900 842 5957 Ostiensi
880 5898 1208 5969 peculiarem
1247 5894 1480 5964 aliquem
1509 5891 1669 5947 etiam
1709 5888 1873 5945 fuisse
1897 5898 2013 5943 mo-

2062 1962 2322 2033 objiceret
2362 1959 2631 2023 Caecilius,
2682 1972 2804 2012 cum
2852 1953 3011 2009 etiam
3059 1952 3389 2008 Christianos
3428 1960 3665 2019 accuset,

2063 2055 2187 2126 quia
2232 2052 2394 2108 ﬂores
2443 2050 2659 2104 naribus
2717 2053 3101 2116 supponerent,
3148 2058 3250 2099 nec
3308 2044 3468 2113 capiti
3514 2057 3669 2098 coro-

2065 2144 2243 2202 nando
2289 2141 2661 2212 imponerent?
2690 2138 2850 2207 Atqui
2882 2137 2997 2208 ipse
3042 2136 3309 2191 Lucianus
3357 2137 3407 2190 in
3458 2150 3557 2191 suo
3587 2134 3671 2189 Ni-

2065 2238 2223 2309 grino
2258 2238 2403 2307 ipsos
2431 2234 2705 2290 Roxnanos
2746 2230 2947 2284 rectius
2988 2227 3194 2294 irridet,
3235 2227 3379 2297 quod
3420 2226 3672 2283 Christia-

2065 2346 2164 2387 nos
2195 2330 2282 2385 hic
2330 2344 2435 2383 non
2484 2327 2780 2389 imitentur,
2828 2331 2881 2375 et
2928 2319 3125 2374 faciant
3171 2329 3355 2373 contra
3397 2328 3667 2387 naturam,

2066 2424 2333 2494 planeque
2364 2419 2498 2475 nihil
2538 2426 2630 2473 aut
2666 2414 2897 2486 sapiant,
2924 2421 3017 2467 aut
3054 2412 3307 2468 sentiant.
3338 2411 3491 2467 Adde
3518 2410 3666 2465 Tert.

2067 2516 2131 2570 de
2151 2514 2272 2569 Cor.
2306 2506 2417 2567 mil.

2137 2606 2404 2661 Caeterum
2432 2604 2699 2670 Caecilius,
2727 2615 2784 2657 ut
2809 2602 2944 2658 alter
2968 2600 3238 2657 Lucianus
3260 2598 3312 2651 in
3342 2596 3665 2664 Peregrino,

2068 2698 2400 2755 Christianos
2422 2696 2629 2763 irridet,
2656 2694 2797 2765 quod
2823 2695 2997 2749 colant
3026 2690 3299 2746 hominem
3323 2686 3662 2742 crucifixum.

2070 2794 2321 2850 Octavius
2351 2792 2587 2846 breviter
2613 2797 2770 2859 negat
2799 2788 3068 2842 hominem
3103 2790 3305 2837 tantum
3334 2794 3476 2844 esse,
3506 2792 3667 2849 quem

2070 2885 2249 2941 colant
2274 2900 2287 2937 ε
2313 2894 2366 2939 et
2388 2881 2604 2952 regerit,
2631 2878 2969 2935 adversarios
3002 2876 3179 2945 potius
3202 2888 3323 2928 esse
3350 2878 3664 2943 o'tv9pom'o).d:-

2069 3002 2205 3049 τροις.
2239 2975 2329 3047 qui
2368 2989 2520 3045 reges
2562 2984 2829 3043 tamquam
2862 2970 2992 3024 deos
3022 2968 3223 3032 colant,
3269 2975 3322 3021 et
3357 2980 3455 3036 per
3481 2977 3667 3019 eorum

2072 3070 2232 3126 etiam
2256 3066 2468 3136 genium
2493 3066 2677 3135 jurent
2706 3082 2719 3117 :
2753 3061 2878 3133 quin
2909 3062 3073 3115 immo
3097 3058 3309 3129 gravius
3344 3056 3567 3128 puniant
3595 3056 3668 3109 ita

2076 3161 2429 3231 pejerantem,
2459 3173 2617 3228 quam
2642 3158 2684 3210 si
2714 3155 2834 3226 quis
2853 3169 3005 3208 suum
3034 3148 3473 3220 Jovemjurando
3494 3148 3671 3205 sciens

1994 3252 2040 3315 C
2075 3254 2306 3309 falleret.
2339 3251 2595 3320 SuSpiCnr
2644 3249 2730 3302 hic
2780 3247 2953 3301 notari
3008 3244 3294 3316 quamdam
3324 3240 3668 3298 constitutio-

2072 3362 2195 3402 nem
2238 3342 2523 3398 Alexandri
2572 3340 2755 3397 Severi
2790 3357 2803 3392 :
2838 3353 2957 3409 qua:
2987 3347 3163 3391 tamen
3194 3335 3361 3389 relata
3391 3344 3474 3388 est
3516 3333 3569 3386 in
3611 3332 3673 3385 li-

2072 3443 2199 3497 bros
2232 3438 2375 3493 Jnris
2417 3436 2478 3491 L.
2509 3452 2568 3502 tt,
2600 3433 2660 3488 C.
2694 3434 2756 3487 de
2788 3432 2955 3487 Rebus
2986 3429 3165 3484 credit.
3195 3428 3335 3483 Sane
3361 3426 3487 3482 olim
3515 3423 3675 3480 Chri-

2074 3536 2277 3591 stianos
2306 3531 2544 3587 noluisse
2575 3528 2650 3583 uti
2693 3527 2786 3581 tali
2834 3525 3059 3580 formula
3105 3518 3485 3592 jurisjurandi,
3520 3519 3674 3574 testis

2075 3637 2159 3683 est
2184 3625 2545 3681 Tertullianus
2583 3622 2634 3675 in
2674 3618 3019 3690 Apologetico.
3054 3614 3159 3672 Sed
3189 3622 3338 3669 tanto
3364 3613 3534 3682 magis
3574 3612 3675 3664 mi-

2077 3734 2170 3775 ror
2213 3732 2331 3773 eam
2379 3713 2733 3786 posteriorum
2763 3710 3037 3767 Caesarum
3067 3705 3501 3762 Christianorum
3546 3704 3673 3772 legi-

2077 3810 2179 3866 bus
2203 3804 2590 3862 commendari.

2152 3898 2400 3954 Caecilius
2450 3892 2840 3951 contumeliose
2880 3889 3065 3960 objicit
3115 3887 3450 3943 Christianos
3510 3885 3673 3940 etiam

2087 4011 2107 4046 ι
2145 3993 2313 4061 ipsam
2346 4004 2561 4043 crucem
2598 3986 2845 4040 adorare.
2888 4002 2907 4036 ι
2958 3980 3122 4051 Negat
3152 3979 3425 4035 Octavius.
3467 3977 3675 4033 Adver-

2081 4085 2256 4141 sarius
2293 4083 2380 4146 iis,
2406 4089 2463 4134 ut
2492 4077 2778 4139 furciferis,
2822 4072 3115 4128 maledicit.
3150 4070 3344 4124 Noster
3372 4075 3500 4141 (non
3530 4070 3672 4122 enim

2082 4194 2207 4234 eum
2237 4174 2398 4246 pudet
2448 4172 2624 4227 crucis
2663 4167 3009 4235 Christianae)
3054 4163 3349 4219 cruciferos
3389 4178 3487 4217 suo
3517 4160 3678 4214 modo

2083 4268 2187 4323 dici
2236 4282 2341 4321 non
2395 4270 2626 4326 recusat,
2660 4257 2810 4315 etde
2841 4272 2951 4311 sua:
2995 4256 3168 4309 crucis
3211 4255 3364 4322 signo
3403 4251 3677 4320 religioso,

2085 4358 2251 4433 (quod
2304 4364 2450 4413 certe
2496 4351 2786 4421 majoribus
2824 4348 2953 4402 olim
3007 4345 3208 4401 nostris
3250 4342 3515 4398 familiare
3555 4340 3677 4413 fuit)

2084 4450 2400 4523 respondet,
2433 4446 2573 4518 quod
2603 4456 2757 4500 antea
2791 4442 3033 4498 JuStinus
3060 4450 3114 4496 et
3142 4437 3508 4494 Tertullianus
3545 4436 3681 4491 scri-

2086 4552 2335 4617 pserant,
2400 4550 2453 4594 et
2533 4546 2716 4608 postea
2790 4533 3099 4590 Lactantius
3166 4531 3258 4586 lib.
3305 4546 3378 4596 tv,
3427 4544 3548 4599 cap.
3590 4527 3688 4583 27.

2008 4646 2062 4706 D
2088 4637 2218 4694 Nam
2247 4646 2299 4689 et
2326 4631 2507 4705 quanti
2549 4628 2680 4685 illud
2703 4628 2887 4684 fecerit
2916 4624 3319 4689 Constantinus,
3347 4631 3529 4677 notum
3553 4627 3635 4675 est
3670 4637 3685 4672 :

2089 4738 2235 4786 certe
2264 4735 2325 4782 ut
2356 4726 2512 4795 vulgo
2550 4738 2636 4777 res
2664 4720 2842 4775 minus
2885 4728 3027 4772 esset
3076 4716 3429 4785 ignominiosa
3453 4754 3467 4777 ,
3520 4712 3689 4767 edixit

2095 4838 2162 4877 ne
2197 4819 2454 4888 deinCeps
2482 4811 2766 4870 facinerosi
2792 4809 2936 4865 cruci
2977 4807 3340 4876 affigerentur.
3374 4801 3490 4855 Non
3531 4800 3691 4855 desiit

2096 4924 2273 4969 tamen
2320 4911 2568 4966 Julianus
2614 4905 2894 4974 Apostata,
2947 4910 3002 4953 ut
3045 4897 3312 4959 Caecilius,
3369 4892 3692 4950 Christianis

2098 5004 2405 5079 ignominia:
2428 5015 2599 5061 causa
2627 4997 2958 5067 exprobrare
2985 4991 3161 5047 crucis
3187 4988 3409 5053 cultum,
3438 4984 3593 5039 sicuti
3621 4998 3690 5038 ex

2097 5097 2297 5170 Cyrillo
2328 5094 2545 5162 intelligi
2578 5096 2772 5159 potest.

2172 5191 2302 5245 Mira
2336 5199 2419 5244 est
2450 5183 2774 5255 impudentia
2801 5177 3102 5235 calumniae.
3134 5175 3209 5230 Eo
3255 5172 3469 5227 tandem
3501 5168 3695 5231 evasit,

2100 5293 2158 5339 ut
2176 5280 2355 5336 nescio
2376 5295 2493 5347 quae
2509 5289 2785 5330 sacrorum
2807 5277 3042 5326 monstra
3061 5263 3380 5322 Christianis
3400 5261 3700 5331 objicercnt

2100 5372 2425 5434 adversarii,
2464 5388 2482 5421 ι
2520 5376 2573 5422 et
2600 5365 2775 5436 qualia
2801 5363 3022 5418 demens
3053 5359 3131 5432 (1)
3186 5360 3266 5426 (ιιι
3290 5354 3506 5426 quidam
3543 5360 3698 5421 poeta

2107 5465 2264 5539 dixit)
2294 5464 2559 5536 Egyptus
2598 5468 2842 5530 portenta
2882 5454 3030 5510 colit.
3070 5473 3090 5505 ι
3128 5450 3303 5506 Audet
3338 5448 3497 5504 etiam
3527 5444 3700 5499 Carci-

2111 5562 2211 5616 lius
2242 5557 2444 5627 fingere
2472 5554 2593 5608 illos
2626 5572 2644 5604 (
2682 5551 2910 5605 adorare
2937 5555 3095 5616 caput
3125 5542 3291 5610 asini,
3335 5561 3353 5594 ι
3381 5550 3703 5610 quamquam

2114 5654 2318 5725 primus
2350 5651 2451 5705 hoc
2481 5662 2586 5703 non
2628 5644 2860 5701 ﬁnxerit.
2894 5641 3141 5697 Octavius
3191 5646 3296 5692 tam
3344 5632 3580 5704 putidam
3612 5643 3705 5682 ca.-

2115 5719 2371 5801 lumniam
2412 5739 2740 5797 inticiatione
2768 5733 3007 5806 depellit,
3042 5739 3095 5786 et
3127 5728 3177 5785 id
3211 5728 3386 5798 p0tius
3423 5721 3491 5779 de
3515 5719 3711 5775 adver-

2191 5879 2272 5953 (1)
2308 5874 2557 5935 Juvenal.
2582 5872 2745 5930 Satir.
2770 5869 2839 5927 15
2865 5868 3103 5927 ineunte.
