4156 6282
524 305 628 363 2η

1654 308 1745 365 DE
1781 307 2043 366 MINUCII
2080 304 2350 364 FELICIS
2389 306 2687 365 OCTAVIO

3725 296 3841 366 et!

530 424 688 480 sariis
709 435 838 478 vere
855 419 963 478 dici
989 435 1150 493 posse
1170 466 1189 491 ,
1229 421 1626 479 recriminando
1656 425 1845 494 probat
1866 469 1880 493 ,
1910 433 2129 481 secutus
2154 405 2207 485 Α
2233 436 2354 479 cum
2406 431 2461 478 et
2509 425 2622 494 ipse
2647 422 2910 494 Ul‘pianus
2939 424 3240 495 scripserit,
3290 439 3437 493 eum,
3471 423 3562 495 qui
3596 422 3832 480 fraterna

529 531 686 574 suum
729 515 1116 574 Tertullianunt
1168 515 1432 592 (Apolog.
1487 535 1536 571 c.
1581 517 1734 590 xw).
1776 519 1870 587 qui
1899 515 2126 573 etChri-

530 614 734 668 stianos
757 613 917 682 vulgo
937 611 1110 666 dictos
1131 625 1251 667 esse
1271 611 1554 677 asinarios,
1583 623 1635 666 et
1654 612 1924 666 Christum
1951 613 2125 680 ipsum

526 706 748 760 auribus
792 706 1015 760 asininis
1044 716 1311 776 tamquam
1354 707 1586 776 aliquem
1629 705 1823 769 Midam
1856 706 1922 760 ab
1962 705 2128 773 impio

528 798 734 867 pictore
775 813 1088 869 expressum
1121 797 1285 853 fuisse
1317 810 1517 852 narrat.
1569 797 1753 853 Talem
1794 807 1971 852 autem
1997 812 2128 852 con-

529 893 707 946 fictam
740 889 973 944 fabulam
1004 904 1126 944 esse
1148 889 1411 960 signiﬁcat
1434 931 1447 954 ,
1488 889 1634 960 quod
1654 889 1936 944 Cornelius
1967 887 2124 942 Taci-

529 995 616 1038 tus
658 981 967 1036 meutiendo
1023 982 1130 1036 tale
1157 984 1428 1052 quippiam
1471 982 1537 1036 de
1580 981 1779 1036 Judaiis
1825 982 2123 1036 recitasset.

532 1076 729 1131 Verum
781 1085 835 1130 et
873 1083 997 1130 ante
1028 1075 1270 1129 Tacitum
1306 1077 1487 1129 multis
1518 1076 1673 1128 annis
1705 1075 1843 1144 Apio
1891 1074 2125 1128 Alexan-

530 1171 718 1228 drinus
778 1181 1018 1239 tempore
1083 1170 1339 1237 Caligula:
1409 1171 1459 1224 in
1513 1170 1715 1225 .ludzcis
1781 1178 2126 1222 accusaverat

528 1264 812 1336 quamdam
841 1269 1156 1333 ὀνολώτρείειν.
1221 1262 1507 1328 Caeterum,
1557 1279 1680 1317 cum
1720 1262 1987 1331 Josephus
2022 1263 2128 1316 tale

529 1357 868 1412 mendacium
895 1358 1005 1425 jam
1048 1353 1352 1418 refutasset,
1404 1355 1582 1410 minus
1631 1355 2013 1424 ignoscendum
2046 1362 2131 1409 est

528 1450 734 1514 Tacito,
766 1450 855 1520 qui
887 1449 936 1503 in
967 1463 1033 1504 eo
1065 1456 1265 1518 perstat
1295 1467 1307 1502 :
1335 1449 1556 1504 minime
1584 1462 1714 1503 vero
1747 1448 1870 1513 illis,
1896 1447 1983 1517 qui
2017 1463 2130 1503 ma-

524 1543 628 1612 jori
682 1543 843 1596 etiam
892 1540 1222 1612 impudentia
1269 1540 1592 1595 Christianis
1624 1541 1724 1595 hoc
1757 1539 2010 1609 probrum
2043 1555 2128 1593 as-

529 1641 776 1704 pergunt.

601 1724 834 1794 Turpius
861 1735 943 1778 est
972 1723 1116 1794 quod
1153 1723 1402 1778 Caecilius
1429 1722 1618 1779 eodem
1645 1721 1849 1792 pudore
1866 1722 2124 1791 clamitat,

2230 518 2490 574 charitate
2533 517 2791 588 diligitur,
2837 519 2940 573 etsi
2985 518 3149 574 frater
3177 533 3284 573 non
3318 519 3422 584 sit,
3457 527 3602 572 recte
3652 528 3836 575 tamen

2231 611 2466 665 Fratrem
2498 613 2811 681 simpliciter
2849 613 3106 682 appellari
3153 612 3294 680 quod
3348 621 3396 667 et
3455 614 3504 666 in
3550 613 3716 667 libros
3739 613 3831 683 ju-

2229 701 2304 755 ris
2334 702 2558 756 relatum
2603 712 2684 757 est
2729 701 2792 758 L.
2826 703 3261 773 quinquagesima
3285 712 3471 756 octava
3519 703 3582 758 de
3617 703 3828 760 Hmred.

2229 794 2388 848 instit.
2435 795 2572 863 Quin
2624 797 2790 850 immo
2835 806 2888 851 et
2929 797 3054 850 olim
3097 797 3244 866 ipsos
3277 797 3503 860 Esszcos,
3537 806 3662 852 ante
3695 810 3832 853 temo

2232 902 2356 957 pora
2387 887 2845 955 Christianorum,
2892 889 2964 942 ita
3014 903 3134 944 sese
3169 889 3398 944 invicem
3450 891 3830 960 cotnpellasse,

2231 979 2389 1036 didici
2444 999 2506 1036 ex
2549 983 2779 1052 quodam
2832 983 3074 1038 Philonis
3130 983 3450 1054 fragmento,
3485 985 3628 1056 quod
3657 997 3836 1043 exstat

2233 1073 2370 1142 apud
2402 1073 2692 1129 Eusebium
2728 1079 2830 1146 περὶ
2857 1092 3254 1146 προπαρασκευῦ,ς
3281 1077 3397 1138 (lib.
3440 1094 3556 1143 vtu,
3575 1095 3690 1148 cap.
3713 1079 3829 1149 12).

2309 1161 2628 1221 Horribilius
2661 1177 2742 1222 est
2792 1170 3042 1231 alterum,
3072 1169 3214 1239 quod
3246 1170 3622 1240 objiciebatur,
3667 1189 3686 1222 (
3722 1172 3830 1226 cri-

2233 1274 2355 1312 men
2408 1258 2722 1314 infanticidii
2760 1280 2770 1314 :
2810 1279 2828 1311 ›
2865 1262 3136 1331 σωρίιιμιθ
3182 1261 3299 1316 haec
3352 1262 3620 1316 calumnia
3675 1263 3834 1333 paulo

2235 1360 2356 1421 post
2386 1359 2623 1421 tempora
2653 1352 2893 1423 Trajani,
2920 1364 2974 1409 et
3010 1353 3075 1409 ad
3106 1353 3444 1409 Constantini
3469 1364 3681 1411 aetatem
3711 1371 3835 1426 per-

2233 1443 2466 1511 duravit,
2512 1456 2565 1500 et
2593 1447 2806 1516 quidem
2834 1462 2954 1502 cum
2986 1451 3182 1520 tragica
3214 1450 3526 1520 suspicione
3552 1449 3836 1520 cujusdam

2233 1552 2404 1592 emine
2448 1538 2751 1612 Thyesteae.
2799 1541 2901 1596 Sed
2954 1541 3097 1596 unde
3155 1543 3268 1597 haec
3307 1543 3579 1612 suspicio?
3607 1545 3688 1598 An
3710 1543 3835 1614 quia

2234 1629 2520 1685 Christiani
2552 1631 2734 1687 dicere
2778 1634 3017 1688 solerent
3061 1649 3119 1688 se
3166 1637 3307 1689 vesci
3339 1649 3566 1706 corpore
3611 1644 3667 1689 et
3707 1650 3834 1690 san-

2233 1721 2394 1791 guine
2447 1720 2696 1776 Christi?
2742 1724 2881 1778 sicut
2924 1739 2955 1779 e
3007 1725 3222 1780 diverso
3265 1737 3448 1780 narrat
3502 1729 3834 1797 Augustinus

529 1833 623 1874 eos
655 1837 671 1869 ι
701 1820 880 1872 colere
900 1819 1080 1872 nescio
1099 1833 1218 1886 qua)
1237 1817 1503 1885 pudenda.
1535 1837 1552 1868 ι
1582 1815 1766 1886 Ecquo
1787 1815 1896 1870 ruit
1914 1817 2125 1885 impura
2154 1811 2206 1871 B
2231 1814 2490 1883 quosdam
2513 1815 2798 1896 aliquando
2825 1817 3168 1871 existimasse
3190 1809 3256 1871 ab
3283 1817 3598 1872 Christianis
3621 1817 3836 1874 adorari

527 1911 906 1965 maledicentia
929 1912 954 1962 ?
979 1908 1231 1965 Octavius
1264 1926 1375 1964 suae
1416 1910 1757 1965 verecundia:
1786 1923 1906 1965 esse
1937 1911 2130 1966 intelli-

527 2003 624 2074 git,
657 2002 708 2055 id
733 2003 955 2072 longiori
986 2004 1227 2057 oratione
1255 2019 1361 2056 non
1393 2001 1640 2058 refellere
1671 2022 1682 2056 :
1710 2005 1911 2058 interea
1941 2003 2132 2058 audire

530 2097 760 2166 cogitur,
794 2096 894 2150 alia
938 2111 1043 2149 non
1081 2095 1256 2150 minus
1285 2093 1546 2159 nefanda,
1594 2109 1714 2150 cum
1743 2094 1992 2150 Caecilius
2036 2094 2132 2150 de-

527 2190 785 2244 clamaret
813 2190 1045 2244 nefarios
1091 2205 1210 2244 esse
1248 2190 1676 2245 Christianorum
1705 2200 1877 2245 coetus
1917 2191 2130 2246 antelu~

529 2298 712 2347 canos,
758 2284 963 2339 incesto
1011 2295 1064 2340 et
1095 2285 1385 2354 parricidio
1431 2285 1681 2355 pollutos,
1717 2301 1884 2356 prope
1911 2295 1970 2341 ut
2001 2286 2129 2340 olim

527 2383 684 2430 erant
713 2375 898 2430 Romae
923 2375 1299 2431 Bacchanalia.
1327 2377 1582 2432 Octavius
1613 2380 1733 2432 talia
1767 2379 1992 2433 crimina
2024 2396 2128 2434 non

527 2467 702 2521 solum
732 2468 828 2521 abs
859 2469 971 2523 suis
999 2469 1239 2539 depellit,
1264 2470 1357 2524 sed
1381 2473 1545 2525 etiam
1569 2482 1845 2542 retorquet
1869 2474 1917 2524 in
1947 2472 2131 2526 adver-

526 2560 718 2611 sarios.
761 2557 929 2625 Quam
975 2562 1174 2614 incesta
1217 2571 1398 2616 essent
1430 2562 1792 2616 Romanorum
1830 2578 1979 2616 sacra
2021 2580 2129 2620 non

527 2659 604 2704 est
634 2649 893 2718 ignotum.
927 2651 1057 2705 Nam
1092 2662 1355 2706 eteorum
1389 2663 1546 2724 poeta
1577 2655 1691 2724 (l),
1727 2674 1744 2705 ι
1780 2653 1912 2710 Nota
1943 2655 2125 2722 Bouzc,

526 2744 732 2814 inquit.
764 2754 970 2800 secreta
998 2746 1134 2802 dea).
1179 2766 1195 2798 ι
1233 2748 1326 2801 Diu
1376 2750 1538 2803 etiam
1586 2748 1850 2802 humanas
1883 2749 2128 2804 victimas

526 2838 873 2893 immolarunt
922 2858 935 2891 ξ
973 2841 1074 2894 etsi
1123 2842 1175 2894 in
1230 2841 1350 2894 aliis
1394 2841 1646 2912 gentibus
1686 2841 1841 2908 hanc,
1879 2856 1985 2896 non
2014 2842 2124 2911 jam

526 2935 648 2990 dico
676 2945 938 2998 sanctam,
987 2935 1080 2990 sed
1114 2937 1510 3006 sanguinariam
1553 2948 1606 2990 et
1637 2936 1954 2990 sceleratam
2003 2936 2128 2989 feri-

523 3037 688 3082 tatem
726 3028 1202 3097 reprehenderent.
1235 3027 1332 3082 Est
1369 3039 1548 3083 autem
1579 3029 1950 3093 memorabile,
1983 3029 2124 3098 quod

527 3120 847 3176 Plutarchus
875 3123 925 3175 in
949 3121 1219 3176 Problem.
1252 3132 1454 3187 narrat,
1479 3137 1574 3177 eos
1599 3121 1908 3177 obtendisse
1933 3122 1997 3175 ad
2023 3123 2124 3180 hoc

2235 1904 2483 1961 Cererem
2508 1917 2559 1962 et
2589 1907 2877 1976 Bacchum,
2921 1925 3041 1964 cum
3065 1911 3313 1964 audirent
3341 1912 3598 1966 ineorum
3630 1921 3834 1981 myste-

2237 1997 2330 2052 riis
2359 2000 2487 2052 tanti
2521 2000 2630 2054 fieri
2656 2015 2845 2070 panem
2867 2013 2916 2056 et
2946 2002 3126 2056 viuum
3159 2019 3172 2056 :
3201 2018 3372 2074 neque
3390 2003 3587 2072 alioqui
3615 2019 3728 2057 rem
3753 2004 3836 2058 itt-

2235 2090 2556 2159 telligerent.
2587 2092 2723 2159 Quid
2761 2091 2933 2146 dicam
2958 2136 2971 2160 ,
3007 2094 3147 2163 quod
3164 2093 3492 2163 Epiphanius
3514 2094 3592 2166 (‘2)
3624 2105 3828 2161 narrat,

2233 2183 2504 2251 quondam
2556 2186 2860 2250 hzereticos,
2902 2186 2992 2256 qni
3029 2185 3264 2242 Gnostici
3298 2199 3351 2243 et
3392 2183 3752 2263 Cataphryges
3775 2197 3831 2245 et

2235 2272 2522 2342 Pepuziani
2554 2276 2993 2344 appellabantur,
3043 2292 3102 2332 se
3154 2293 3285 2332 vero
3331 2278 3662 2334 Christianos
3710 2295 3834 2336 esse

2235 2365 2646 2432 mentiebantur,
2674 2369 3008 2423 eouimisisse
3041 2370 3183 2440 quod
3208 2371 3292 2424 hic
3314 2367 3559 2424 Czecilius
3581 2370 3832 2426 omnibus

2233 2455 2554 2514 Christianis
2578 2461 2798 2530 objicit?
2819 2460 2923 2517 Sed
2945 2479 3011 2517 an
3043 2479 3252 2533 :cquum
3279 2463 3398 2529 fuit,
3430 2474 3487 2518 ut
3519 2465 3647 2518 viris
3672 2465 3826 2520 b0uis

2233 2565 2515 2623 propterea
2542 2557 2906 2627 attingeretur,
2924 2560 3064 2629 quod
3093 2563 3159 2613 ab
3191 2560 3255 2614 iis
3277 2572 3390 2615 erat
3416 2561 3832 2616 alienissimum?

2234 2644 2541 2700 AdverSarii
2569 2648 2687 2703 loco
2706 2651 3036 2718 probationis
3063 2653 3423 2708 obtendebant
3453 2652 3649 2708 famam
3668 2665 3722 2709 et
3740 2671 3830 2708 ru-

2233 2753 2462 2794 morem.
2497 2741 2599 2796 Sed
2633 2743 2777 2796 nttllo
2805 2760 3016 2815 quoque
3057 2746 3178 2814 jure
3207 2747 3255 2799 id
3295 2747 3406 2800 fieri
3427 2788 3442 2812 ,
3474 2747 3618 2817 leges
3644 2747 3827 2801 civiles

2233 2839 2327 2899 pro
2351 2833 2548 2886 nostris
2579 2835 3002 2902 reSpondebant,
3047 2846 3100 2891 et
3128 2839 3240 2907 ipse
3263 2838 3621 2906 Quintilianus
3645 2838 3720 2911 (5)
3746 2838 3827 2893 di-

2229 2924 2326 2989 xit,
2358 2945 2377 2976 ι
2418 2928 2546 2980 nulli
2573 2943 2676 2981 nou
2718 2931 2877 2983 etiam
2911 2932 3350 2987 innocentissimo
3379 2933 3626 2988 accidere
3669 2948 3824 3000 posse

2229 3015 2416 3071 fraude
2442 3019 2798 3087 inimicorum,
2839 3022 2969 3076 falsa
3014 3025 3364 3094 vulgantium,
3396 3033 3453 3078 ιιι
3481 3025 3699 3079 sinistro
3729 3043 3820 3080 ru-

2229 3123 2379 3164 more
2401 3110 2628 3166 laboret.
2658 3131 2678 3162 »
2705 3114 2872 3179 Quam
2904 3130 3030 3169 vero
3063 3117 3248 3183 procul
3270 3117 3818 3173 abessentChristiani

525 3229 682 3269 suum
713 3214 908 3268 factum
941 3215 1324 3282 excusandum,
1356 3216 1691 3286 aliorumque
1733 3216 2117 3271 damnandum.

2228 3202 2296 3255 ab
2323 3202 2472 3256 omni
2502 3203 2811 3271 homicidio,
2843 3208 2973 3261 satis
3015 3207 3267 3263 Octavius
3321 3210 3578 3276 ostendit,
3607 3226 3724 3264 cum
3757 3227 3824 3266 ne

522 3307 712 3363 Mirum
753 3325 878 3364 vero
936 3306 1256 3364 Christianis
1302 3324 1453 3364 sacra
1499 3310 1619 3364 talia
1676 3310 1885 3378 objecm
1935 3311 2117 3365 luisse.

525 3401 648 3455 Fuit
676 3411 852 3456 tamen
880 3409 1033 3456 vetus
1061 3414 1113 3457 et
1141 3402 1387 3456 diuturna
1433 3402 1547 3456 hate
1575 3403 1838 3457 calumnia
1872 3421 1884 3456 :
1919 3414 1973 3457 ct
2000 3407 2122 3476 qui-

522 3493 644 3548 dem
689 3497 1006 3564 promiscua:
1033 3496 1273 3550 libidinis
1317 3496 1679 3564 suspicionem
1713 3496 1867 3552 facile
1893 3498 2122 3567 augebat

524 3587 876 3657 quorumdam
906 3588 1215 3654 credulitas,
1246 3587 1336 3658 qui
1358 3587 1492 3642 alios
1524 3603 1587 3642 ex
1621 3604 1718 3642 suo
1742 3589 1954 3655 ingenio
1975 3589 2120 3643 testi-

519 3691 687 3744 mant,
717 3690 770 3734 et
800 3690 1057 3736 nocturna
1089 3682 1408 3749 promiscuae
1436 3681 1793 3736 multitudinis
1822 3682 2014 3743 coitio,
2066 3693 2120 3736 et

518 3773 638 3842 quia
672 3772 960 3826 Christiani
1005 3787 1126 3826 sese
1170 3771 1364 3832 fratres
1395 3786 1717 3841 sororesque
1753 3772 2115 3843 appellarent,

519 3874 681 3935 atque
724 3863 885 3918 etiam
917 3865 1100 3919 osculu
1147 3880 1267 3924 sese
1315 3866 1542 3918 invict'm
1599 3867 1928 3936 exciperent.
1979 3864 2116 3936 Quid

517 3957 712 4020 dicam,
745 3958 929 4020 osculo
958 3957 1220 4034 quosdam
1257 3958 1523 4028 impudice
1571 3958 1768 4016 abusos
1793 3976 1933 4024 esse,
1965 3972 2022 4014 ttt
2063 3971 2117 4014 et

516 4049 708 4104 fatetur
738 4061 791 4104 et
825 4053 1175 4122 conqueritur
1199 4052 1451 4108 Clemens
1477 4054 1876 4108 Alexandrinus
1908 4055 1956 4108 iu
1994 4055 2111 4109 Pae-

515 4146 637 4216 dag.
685 4146 974 4202 Christiani
1003 4147 1132 4201 satis
1161 4147 1326 4202 multa
1360 4148 1645 4204 castiSsimi
1676 4150 1754 4202 sui
1785 4149 2002 4218 pudoris
2035 4160 2114 4202 ιε-

513 4241 762 4296 stitnouia
796 4240 1155 4310 apponebant.
1189 4241 1295 4296 Sed
1324 4241 1453 4294 nihil
1485 4241 1633 4296 audit
1681 4241 1960 4309 impudens
1993 4257 2110 4294 tita-

510 4333 819 4395 levoletttia,
852 4347 969 4401 quae
995 4343 1052 4384 ut
1083 4329 1316 4400 linguam
1345 4333 1499 4386 habet
1535 4333 2003 4404 intemperantem,
2033 4333 2111 4386 sic

508 4440 684 4490 neque
746 4422 979 4482 frontem
1033 4437 1205 4491 neque
1255 4438 1418 4478 aures
1455 4423 1634 4478 habet.
1688 4405 1830 4486 Sane
1878 4434 1932 4486 et
1982 4426 2107 4484 olint

505 4514 770 4581 Apionem
812 4512 913 4566 tale
953 4512 1222 4581 quippiam
1268 4515 1334 4568 de
1363 4513 1669 4570 Judacorum
1714 4518 1940 4570 cmtibus
1979 4533 2106 4572 con-

2230 3295 2574 3352 ltemicidium
2604 3299 2822 3367 quidem
2849 3301 2900 3353 in
2931 3301 3070 3354 ludis
3094 3302 3424 3372 gladiatoriis
3462 3314 3706 3371 spectare
3727 3318 3820 3358 eos

2229 3401 2323 3454 per
2367 3402 2520 3442 suam
2557 3393 2866 3460 religionem
2911 3395 3149 3462 potuisse
3189 3405 3388 3460 narrat,
3421 3398 3561 3466 quod
3585 3409 3636 3451 et
3662 3407 3818 3450 antea

2227 3479 2555 3551 Theophilus
2601 3485 2736 3538 dixit
2768 3469 2834 3538 ad
2868 3489 3202 3558 Autolycum;
3237 3500 3292 3543 et
3336 3489 3524 3544 eodem
3575 3501 3815 3558 tetnpore

2224 3572 2598 3644 Athenagoras
2636 3579 2690 3630 in
2731 3578 3003 3652 Apologia,
3053 3592 3106 3635 et
3153 3583 3310 3636 latius
3361 3583 3716 3638 Tertullianus
3761 3585 3818 3636 iu

2224 3666 2362 3721 libro
2387 3668 2450 3720 de
2485 3669 2722 3738 Spectas.
2752 3683 2805 3725 et
2831 3683 3012 3745 p0s_tea
3037 3672 3344 3729 Lactantius
3367 3675 3460 3729 lib‘.
3487 3691 3558 3740 vr,
3577 3691 3698 3745 cap.~
3721 3676 3813 3730 “3.6.

2222 3760 2330 3815 Sed
2360 3777 2534 3831 neque
2553 3778 2708 3819 casae
2736 3767 2955 3836 pecudis
2985 3771 3296 3838 sanguinem
3329 3779 3571 3839 gustasse
3604 3781 3818 3824 nostros

2222 3852 2482 3908 Minucius
2521 3855 2752 3911 afﬁrmat
2776 3877 2788 3911 :
2814 3861 2971 3914 sicuti
3001 3871 3055 3914 et
3085 3861 3465 3917 'l‘ertttlliauus.
3514 3863 3604 3917 Sic
3634 3864 3774 3916 enim
3799 3907 3810 3926 ,

2219 3947 2640 4015 quaunApostoii
2666 3953 2942 4018 repetitam
2963 3950 3128 4005 Nolite
3153 3953 3321 4022 legem
3351 3969 3537 4009 rursus
3560 3955 3807 4019 tulerant,

2220 4040 2400 4094 multis
2425 4043 2636 4096 saeculis
2663 4046 2831 4098 nostri
2860 4046 3145 4116 diligenter
3173 4048 3543 4110 observarunt,
3579 4064 3681 4102 non
3711 4050 3810 4100 tui-

2219 4147 2322 4184 nos
2340 4148 2500 4201 quam
2515 4134 2880 4203 Apostolicuut
2905 4140 2955 4189 in
2977 4139 3164 4192 eadem
3185 4140 3400 4208 Syrtodu
3419 4141 3692 4192 dcc-return
3707 4163 3812 4208 περι

2215 4233 2451 4291 πορνείας.
2475 4224 2632 4280 Certe
2659 4235 2814 4295 quain
2843 4228 3149 4293 honestum,
3180 4231 3511 4298 religiosum,
3539 4231 3809 4300 pudicum,

2215 4332 2532 4390 casmmqne
2561 4321 2721 4376 fuerit
2751 4324 3181 4380 ChriSIianorum
3211 4327 3454 4381 solemne
3481 4329 3808 4393 convivium,

2213 4415 2354 4483 quod
2388 4420 2583 4482 ἀγάπην
2603 4417 2960 4485 appellabant,
2982 4419 3251 4483 Caecilius,
3284 4420 3331 4473 si
3363 4436 3545 4474 verum
3579 4423 3812 4490 ingenue

2211 4507 2413 4570 dicere,
2463 4521 2626 4577 quam
2654 4510 2900 4579 improbe
2928 4512 3142 4565 mentiri
3174 4513 3472 4575 maluisset,
3507 4513 3814 4582 intelligere

505 4605 728 4659 ﬁnxisse
770 4615 949 4660 narrat
978 4603 1265 4674 Iosephus.
1294 4607 1435 4679 Ergo
1470 4608 1598 4662 nihil
1630 4610 1827 4664 nostris
1879 4609 1969 4668 tali
2019 4612 2101 4665 in-

2223 4611 2461 4671 potuerat
2505 4617 2612 4657 non
2659 4606 2828 4659 Solum
2863 4620 2926 4660 ex
2959 4605 3274 4660 Tertulliani
3305 4608 3474 4661 nostri
3523 4609 3806 4676 Apologia,

504 4697 668 4753 famia
699 4699 974 4768 oppressis
999 4698 1140 4753 aliud
1173 4700 1458 4769 superfuit,
1486 4717 1668 4770 quam,
1701 4701 1845 4772 quod
1869 4705 2021 4758 .scite
2051 4715 2106 4760 et

500 4791 778 4862 eleganter
829 4791 1121 4863 Ᾱῑδειιγιιιε
1159 4794 1254 4861 ait,
1301 4805 1388 4855 τήν
1428 4801 1656 4856 οἱὶιςθειαν
1709 4799 1980 4852 ἀνατιθέναι
2031 4811 2100 4853 τῶ

497 4887 666 4956 χρόνῳ.
698 4883 812 4937 Non
847 4894 999 4938 erant
1040 4886 1381 4954 impostores,
1416 4889 1506 4958 qui
1538 4890 1698 4944 verba
1727 4889 1917 4946 darent
1947 4908 1960 4944 :
1993 4906 2100 4948 non

499 4975 749 5032 homines
774 4977 994 5030 clamosi
1029 4985 1083 5031 et
1114 4978 1459 5047 impotentes,
1499 4981 1586 5051 qui
1614 4983 1892 5048 conviciis,
1927 4982 2097 5037 malc-

496 5069 679 5136 dictis,
709 5070 902 5124 libellis
924 5070 1147 5125 famosis
1171 5071 1511 5128 adversarios
1533 5075 1768 5130 vicissim
1792 5077 2095 5148 opprimere

493 5161 715 5215 vellent.
748 5160 927 5216 Rebus
959 5163 1088 5232 ipsis
1120 5162 1312 5218 falsum
1343 5164 1614 5234 refellere,
1663 5178 1715 5222 et
1766 5184 1830 5222 co
1878 5170 2092 5224 tandem

489 5254 653 5308 modo
682 5254 898 5309 vincere
924 5253 1164 5310 sedendo
1195 5265 1248 5310 et
1287 5256 1494 5313 silendo
1519 5259 1788 5314 malebant
1820 5278 1831 5312 :
1867 5269 1918 5315 et
1954 5261 2090 5316 bona

487 5346 694 5401 interea
724 5347 1050 5404 conscientia
1085 5362 1205 5402 sese
1246 5350 1624 5414 sustentabant
1652 5362 1812 5423 atque
1840 5354 2087 5408 consula.

482 5439 701 5495 bantur.
735 5436 824 5494 Sic
857 5440 1052 5494 bonam
1075 5455 1290 5496 causam
1324 5445 1555 5512 agebant
1581 5444 1734 5500 bene.

553 5532 750 5588 Mirum
777 5548 986 5601 rursus,
1017 5535 1236 5590 Caecilio
1270 5549 1374 5589 tam
1410 5538 1728 5592 insolentem
1770 5540 1936 5594 visam
1964 5555 2084 5596 esse

473 5623 618 5679 illam
649 5626 789 5684 inter
817 5638 919 5681 eos
952 5645 972 5680 ι
1011 5627 1236 5684 fraterni
1278 5629 1512 5686 nominis
1558 5632 2017 5702 communionem,
2056 5653 2075 5686 ι

448 5839 460 5865 ε
520 5795 601 5868 (I)
625 5796 909 5863 Iuvenalis
927 5805 1105 5871 sam.
1135 5803 1188 5871 θ,
1215 5820 1360 5868 vers.
1389 5805 1515 5862 sta.

2211 4698 2304 4752 sed
2337 4707 2391 4752 et
2435 4698 2517 4752 sui
2557 4699 2715 4752 Plinii
2745 4699 2973 4769 quadam
3004 4700 3072 4753 ad
3096 4700 3384 4769 Trajanum
3417 4701 3672 4770 Epistula.
3698 4699 3816 4756 Sed

2211 4791 2556 4861 petulantiam
2607 4792 2862 4860 projectae
2911 4793 3300 4847 maledicentia;
3343 4795 3469 4863 quid
3519 4794 3816 4848 rel'rzenare

2209 4886 2436 4955 posset?
2471 4886 2586 4939 Dixi
2614 4887 2680 4940 de
2711 4901 2778 4940 eo
2819 4887 3064 4940 convivio
3095 4887 3240 4955 plura
3279 4888 3330 4938 in
3363 4887 3812 4941 annotationibus

2206 4980 2272 5033 ad
2304 4980 2448 5034 illam
2478 4979 2805 5048 Epistulam,
2839 4995 2958 5049 quae
2981 4980 3090 5048 jam
3123 4989 3371 5050 repetere
3416 4979 3548 5033 nihil
3585 4981 3802 5033 attinet.

2206 5073 2335 5129 lltut
2372 5084 2550 5126 autem
2608 5074 2852 5127 nocturni
2904 5073 3333 5127 Christianorum
3387 5086 3561 5129 cattus
3598 5075 3810 5127 innoxii

2201 5177 2406 5234 essent,
2455 5175 2631 5221 tamen
2683 5167 2931 5221 obstabat
2964 5167 3050 5220 lex
3084 5167 3378 5221 Duodecim
3409 5167 3580 5220 Tabb.
3616 5166 3810 5221 multis

2199 5259 2430 5313 decretis
2455 5259 2796 5323 confirmata,
2828 5269 2882 5312 et
2909 5258 3097 5328 gravia
3132 5268 3285 5312 erant
3311 5257 3512 5328 judicia
3540 5258 3606 5312 de
3630 5257 3811 5310 colie-

2196 5352 2296 5421 giis
2325 5351 2547 5405 illicitis.
2576 5350 2755 5405 Nostri
2785 5366 2912 5405 vero
2939 5351 3356 5417 respondebant,
3388 5351 3518 5405 nihil
3545 5350 3812 5420 reipubli-

2194 5462 2272 5501 cae
2317 5461 2438 5502 esse
2470 5446 2687 5515 periculi
2719 5461 2746 5497 a
2777 5446 2886 5499 suis
2916 5445 3269 5508 coitionibus,
3302 5447 3426 5515 quia
3455 5453 3637 5499 essent
3663 5443 3808 5497 alie-

2191 5539 2400 5594 nissimi
2444 5538 2512 5593 ab
2556 5536 2703 5592 omni
2731 5535 2817 5592 vel
2845 5537 3159 5604 ambitione,
3191 5538 3274 5592 vel
3323 5537 3483 5592 ullius
3511 5535 3806 5607 dignitatis

2277 5737 2337 5806 2)
2365 5737 2718 5806 Epiphanius,
2751 5737 2954 5792 Πωτεεί
2984 5751 3170 5797 vam,
3200 5746 3331 5792 sect.
3357 5751 3468 5804 xiv,
3497 5750 3550 5804 p.
3587 5735 3711 5791 416.

2277 5738 2337 5806 2)
2365 5738 2718 5806 Epiphanius,
2751 5738 2954 5792 Περτεεί
2984 5751 3170 5797 vam,
3200 5746 3331 5792 sect.
3357 5751 3468 5804 xiv,
3497 5750 3542 5804 p.

2255 5738 2337 5880 i5)
2361 5810 2725 5876 Quintilianus
2755 5809 2850 5864 lib.
2877 5825 2913 5866 v
2933 5807 3112 5864 quit.
3140 5806 3312 5876 0rat.,
3335 5825 3455 5877 cap.
3489 5809 3542 5862 ὃ.
