4218 6268
404 296 522 360 Si;

1549 304 1611 360 Ρ.
1675 304 1997 363 BALDUINI
2071 305 2543 367 DISSERTATIO.

3608 321 3717 381 214

408 419 769 492 cogitatione,
800 418 1044 492 nihilque
1074 429 1218 478 esset
1266 422 1318 477 in
1365 422 1658 491 republica,
1691 425 1830 495 quod
1884 422 2306 494 all‘e-Apurum
2367 438 2651 500 tyrannum
2705 437 2758 484 et
2806 429 3006 485 nostris
3072 429 3509 497 infestissimum,
3563 436 3710 496 domi

407 524 640 577 ctarettt,
671 513 764 569 sed
809 527 902 568 sua
950 524 1132 569 essent
1177 515 1379 584 privata
1407 515 1715 570 conditione
1742 516 2004 581 contenti,

407 614 471 660 ut
496 604 862 661 Tertullianus
885 607 938 660 in
973 607 1199 679 Apolog.
1231 608 1539 678 respondet.

480 700 752 755 Caeterum
785 709 844 754 ttt
878 700 989 771 jam
1020 708 1335 770 praeteream
1367 703 1570 772 reliqua
1611 702 1785 772 capita
1812 702 1893 757 vel
1915 716 2007 757 ae-

403 795 704 849 cusationis
753 791 1061 849 Cteeiliante
1123 795 1207 849 vel
1262 794 1570 851 Octavianae
1639 795 2004 864 defensionis,

402 887 535 943 illud
579 889 872 943 observare
914 888 1108 958 juvat:
1142 903 1263 943 cum
1301 889 1657 943 calumniator
1702 889 2007 960 ingeniosus

400 989 457 1036 et
484 994 614 1035 acer
641 980 772 1034 nihil
800 995 907 1035 non
934 981 1021 1034 vel
1051 979 1320 1049 contingat
1348 980 1427 1034 vel
1455 987 1770 1049 exaggeret,
1801 987 1855 1032 et
1885 995 2000 1034 ma-

400 1072 616 1143 iestatis
658 1073 905 1142 quaedam
954 1072 1156 1127 leviora
1205 1071 1427 1127 crimina
1477 1071 1731 1141 adjungat
1767 1080 2003 1140 :przcte-

406 1169 567 1224 riisse
617 1168 826 1223 crimen
892 1167 1316 1237 perduellionis,
1382 1164 1527 1236 quod
1571 1174 1625 1220 et
1681 1165 1786 1219 alia
1849 1172 2003 1219 antea

404 1260 753 1329 objecerant,
782 1267 840 1314 et
860 1258 927 1314 ad
967 1273 1089 1315 reos
1118 1260 1297 1314 statim
1330 1256 1712 1330 opprimendos
1761 1256 2004 1327 inprimis

402 1352 660 1407 idoneum
682 1367 803 1407 esse
828 1352 1129 1408 videbatur.
1165 1354 1247 1408 An
1277 1352 1327 1407 id
1355 1353 1750 1417 dissimulavit,
1784 1354 1907 1420 quia
1936 1367 2004 1407 ne

406 1447 585 1500 tenuis
613 1446 830 1516 quidem
858 1445 976 1516 ejus
1001 1457 1146 1501 esset
1198 1446 1472 1514 suspicio?
1520 1444 1644 1500 Fuit
1687 1453 1832 1500 certe
1875 1459 2000 1514 per-

401 1547 560 1608 petua
601 1537 719 1591 haec
747 1537 1009 1607 majorum
1054 1547 1361 1592 nostrorum
1406 1536 1611 1607 gloria,
1656 1535 1797 1607 quod
1841 1535 2003 1590 nullis

402 1629 621 1701 injuriis
649 1638 759 1684 tam
788 1630 985 1685 irritari
1034 1631 1332 1700 potuerint,
1386 1639 1443 1683 ut
1494 1631 1545 1683 in
1599 1630 1864 1699 principes
1912 1636 2002 1680 aut

406 1730 696 1792 tyrannos,
727 1720 832 1775 etsi
860 1720 928 1775 ab
957 1720 1022 1774 iis
1052 1720 1423 1791 indignissime
1441 1731 1789 1784 vexarentur,
1820 1718 1998 1773 hostili

2116 522 2435 589 strangulari
2467 521 2693 577 Romani
2726 531 3009 587 curat-unt,
3041 523 3127 594 qui
3161 523 3237 577 illi
3269 527 3507 581 maxime
3553 538 3709 586 erant

2113 610 2422 667 familiares.
2454 614 2535 669 An
2570 615 2653 671 his
2677 616 3015 671 Christianus
3049 617 3189 671 ullus
3218 618 3423 673 adfuit?
3446 619 3709 692 Septimio

2114 704 2344 773 Severo,
2393 709 2482 777 qui
2530 709 2594 763 ad
2640 710 2924 780 imperium
2969 709 3290 780 gladiatorio
3340 713 3518 768 animo
3564 714 3705 773 viam

2113 797 2433 864 allectabat,
2464 815 2585 855 sese
2607 802 2860 870 opposuit
2882 801 3213 856 Pescennius
3242 801 3404 872 Niger
3435 805 3484 858 in
3513 804 3703 878 Syria,

2112 898 2167 944 et
2197 889 2391 944 deinde
2432 891 2648 945 Clodius
2692 890 2919 947 Albinus
2964 894 3015 946 in
3068 892 3338 948 Britannia
3393 895 3699 970 Galliaque,

2109 994 2229 1035 cum
2277 992 2497 1051 uterque
2534 991 2639 1036 tam
2671 983 2812 1038 bono
2833 984 2954 1052 jure
2975 996 3238 1051 armatus,
3265 1002 3424 1057 quam
3448 988 3701 1060 Severus,

2108 1072 2207 1126 sibi
2240 1088 2359 1128 esse
2385 1074 2674 1129 videretur.
2702 1074 2834 1129 Nam
2865 1085 2919 1130 et
2951 1077 3066 1145 ipse
3090 1077 3450 1133 Tertullianus
3482 1082 3533 1134 in
3563 1081 3703 1137 libro

2109 1163 2172 1217 de
2212 1163 2386 1219 Pallio
2430 1166 2587 1237 (cap.
2618 1164 2687 1237 Ξ)
2740 1168 2906 1223 hosce
2970 1184 3075 1222 non
3130 1171 3341 1237 minus,
3396 1189 3553 1242 quam
3600 1172 3704 1231 Se-

2110 1272 2335 1324 verum,
2400 1259 2654 1331 Auguslos
2707 1260 2995 1330 aliquando
3045 1265 3261 1331 agnovit
3310 1273 3469 1333 atque
3517 1266 3701 1338 appel-

2107 1351 2253 1406 lavit.
2289 1350 2580 1406 Christiani
2630 1364 2806 1406 tamen
2864 1354 2915 1407 in
2960 1369 3148 1408 eorum
3199 1356 3280 1410 vel
3319 1360 3581 1425 exercitu,
3614 1360 3703 1415 vel

2108 1441 2340 1498 faetione
2368 1444 2494 1498 nulli
2539 1445 2737 1500 inventi
2780 1457 2921 1500 sunt.
2954 1445 3300 1512 Plantianus,
3348 1451 3435 1517 qtti
3471 1450 3698 1523 principi

2106 1537 2382 1606 proximus
2430 1543 2577 1602 erat,
2623 1545 2677 1591 et
2721 1545 2842 1608 post
2865 1552 2986 1591 eum
3037 1540 3282 1591 maxima:
3330 1542 3693 1608 auctoritatis,

2106 1637 2162 1681 ut
2189 1628 2420 1683 Severus
2444 1639 2493 1683 et
2524 1628 2818 1694 Caracalla,
2850 1646 2877 1682 a
2911 1632 3099 1697 quibus
3131 1632 3330 1686 tiebant
3361 1634 3525 1687 multa
3570 1650 3693 1689 crn-

2104 1720 2316 1787 deliter,
2346 1721 2741 1791 jugularentur,
2788 1723 3021 1777 immittit
3058 1725 3108 1776 in
3138 1725 3339 1777 curiam
3368 1740 3523 1780 suum
3554 1743 3695 1795 ιιι-ωδ

403 1816 587 1869 animo
638 1823 854 1881 essent,
910 1826 1003 1868 ant
1044 1815 1168 1869 ullis
1227 1815 1483 1870 adversus
1552 1827 1647 1870 eos
1702 1813 1996 1883 conjuratis
2025 1811 2074 1872 B
2106 1812 2322 1877 fectum,
2354 1824 2408 1866 et
2436 1812 2624 1867 eodem
2652 1814 2810 1883 paulo
2839 1824 2957 1883 post
2980 1816 3345 1884 irrumpit.An
3363 1816 3695 1874 Plantiannm

405 1907 906 1976 conspirationibus
936 1904 1098 1978 (quae
1128 1914 1304 1961 tamen
1334 1907 1533 1978 alioqui
1562 1916 1616 1962 et
1645 1907 1903 1976 speciosae
1944 1916 1999 1959 et

406 2001 716 2072 frequentes
741 2010 866 2057 tunc
892 1998 1092 2075 erant)
1122 2003 1512 2057 assentirentur
1541 2020 1554 2055 :
1587 2009 1707 2065 aut,
1736 2000 1862 2071 quid
1903 2014 1996 2053 sua

402 2094 691 2163 patientia,
730 2094 1015 2148 tolerantia
1038 2135 1052 2158 ,
1081 2093 1345 2149 modestia
1366 2136 1379 2159 ,
1424 2094 1751 2149 continentia
1779 2093 1994 2162 dignum

398 2195 577 2251 esset,
621 2202 727 2241 non
776 2188 1168 2244 meminissent.
1213 2186 1443 2242 Tantum
1493 2187 1645 2242 abest
1707 2194 1766 2241 ut
1814 2195 1996 2241 essent

392 2289 486 2333 aut
538 2279 828 2335 turbulenti
868 2288 961 2334 aut
994 2280 1267 2345 seditiosi,
1318 2290 1411 2334 aut
1455 2278 1675 2334 immani
1705 2278 1994 2349 cupiditate

396 2372 620 2428 ultionis
644 2375 1037 2439 abriperentur.
1069 2373 1201 2428 Nam
1226 2374 1329 2429 etsi
1356 2388 1415 2428 ea
1458 2373 1800 2428 multitudine
1855 2371 1993 2441 septi

394 2474 609 2532 essent,
640 2474 696 2521 ut
738 2468 892 2522 facile
922 2473 1141 2538 possent
1167 2466 1470 2533 eonﬂcere,
1503 2466 1644 2536 quod
1683 2467 1735 2520 itt
1765 2464 1867 2519 hoc
1896 2480 1990 2535 ge-

390 2576 525 2616 nere
569 2562 957 2629 instituissent,
991 2572 1168 2616 tamen
1212 2561 1291 2616 fas
1322 2577 1427 2615 non
1455 2577 1575 2616 esse
1606 2560 1883 2631 putabant.
1923 2560 1992 2615 Et

391 2670 524 2710 vero
563 2671 675 2710 sua:
700 2656 898 2726 alioqui
931 2657 1201 2727 religionis
1231 2666 1283 2712 et
1312 2656 1570 2727 principia
1612 2655 1986 2722 sustulissent,

388 2755 447 2802 et
479 2745 831 2803 fundamenta
872 2750 1211 2804 evertissent.
1246 2748 1417 2803 Immo
1446 2764 1575 2803 vero
1615 2747 1864 2803 [minume
1900 2762 1989 2802 so-

387 2840 601 2895 cietatis
626 2844 832 2895 vincula
857 2843 1038 2896 omnia
1065 2841 1457 2897 dissolvissent.
1482 2841 1619 2908 Quid
1652 2841 1805 2894 multi
1824 2841 1985 2895 etiam

388 2932 694 3003 philosophi
743 2932 1029 2988 ambitiose
1070 2933 1425 3004 pmdicarent
1476 2933 1542 2987 de
1603 2931 1981 3005 tyrannicidis,

388 3034 579 3081 notum
608 3034 741 3081 erat.
765 3025 871 3083 Sed
927 3027 1097 3082 nostri
1151 3027 1345 3082 talibus
1392 3024 1619 3082 (labellis
1670 3027 1880 3081 incendi
1925 3041 1985 3080 se

384 3133 498 3174 non
544 3119 917 3188 patiebantur:
944 3130 1147 3173 tantum
1180 3121 1351 3185 abest,
1387 3131 1441 3174 ut
1466 3120 1738 3190 religionis
1764 3118 1980 3173 nomine

2103 1905 2391 1959 Christiani
2422 1911 2591 1960 secuti
2631 1917 2782 1971 sunt,
2828 1923 3056 1977 quorum
3108 1908 3370 1963 interesse
3414 1910 3698 1965 videbatur

2103 2010 2358 2071 tyrannos
2384 2000 2505 2054 illos
2535 2000 2689 2054 tolli?
2721 2001 2884 2054 immo
2912 2016 3041 2055 vero
3070 2001 3246 2070 potius
3271 2001 3533 2057 Severum
3580 2002 3691 2072 jam

2100 2092 2508 2148 decumbentent
2536 2093 2612 2147 illi
2654 2108 2751 2147 suo
2775 2094 2934 2148 etiam
2965 2094 3086 2148 oleo
3109 2104 3365 2149 curarunt
3410 2104 3695 2151 Sanarunt-

2100 2203 2202 2259 que
2224 2229 2239 2252 ,
2268 2196 2324 2240 ttt
2356 2185 2508 2241 testis
2543 2195 2626 2241 est
2649 2185 3009 2241 Tertullianus
3045 2185 3113 2239 ad
3140 2185 3452 2256 Scapulam,
3509 2188 3599 2241 ubi
3637 2197 3694 2244 et

2103 2281 2377 2335 solemnes
2404 2278 2658 2335 Ecclesia:
2707 2294 2890 2349 preces
2937 2294 3034 2349 pro
3063 2279 3396 2349 principibus
3447 2293 3689 2335 comme-

2097 2382 2290 2428 morat.
2335 2372 2469 2426 'I‘utn
2496 2372 2640 2426 addit
2684 2390 2698 2426 :
2748 2390 2767 2423 ι
2799 2372 2881 2426 Ex
2938 2372 3118 2442 regula
3169 2371 3443 2440 patientiae
3493 2372 3691 2427 divina:

2095 2480 2254 2535 agere
2295 2480 2392 2519 nos
2430 2465 2559 2519 satis
2581 2463 2920 2519 manifestum
2947 2472 3058 2531 est,
3098 2479 3218 2518 cum
3242 2474 3386 2517 tanta
3411 2465 3691 2520 hominum

2095 2558 2400 2622 multitudo,
2451 2573 2573 2627 pars
2606 2572 2745 2627 pene
2794 2558 2967 2627 major
3008 2557 3241 2612 civitatis
3288 2557 3581 2627 cujusque,
3632 2559 3687 2613 in

2092 2651 2307 2707 silentio
2337 2661 2391 2705 et
2417 2650 2673 2705 modestia
2706 2651 2931 2721 agimus.
2963 2650 3116 2705 Absit
3142 2651 3284 2705 enim
3307 2692 3321 2715 ,
3367 2658 3422 2704 ttt
3452 2651 3673 2721 indigne

2093 2742 2328 2796 feramus
2353 2757 2413 2795 ea
2450 2755 2549 2795 nos
2578 2745 2682 2811 pati
2707 2783 2722 2807 ,
2755 2757 2873 2812 qua:
2898 2751 3144 2811 optamus
3178 2756 3194 2793 :
3222 2747 3315 2795 aut
3360 2741 3620 2796 ultionem
3649 2756 3682 2798 ι

2091 2833 2247 2887 nobis
2294 2833 2526 2902 aliquam
2571 2832 2963 2899 machinemur,
3013 2848 3170 2903 quam
3200 2848 3227 2886 a
3256 2833 3365 2888 Deo
3407 2841 3686 2902 exspecta-

2091 2939 2230 2978 mus.
2263 2943 2281 2975 ι
2313 2923 2431 2978 Non
2459 2924 2739 2979 dissimilia
2786 2934 2941 2992 sunt,
2993 2940 3111 2994 quae
3160 2926 3352 2994 repetit
3398 2926 3449 2978 in
3479 2925 3680 2995 Apolo-

2088 3018 2283 3087 getico,
2317 3026 2369 3072 et
2408 3016 2566 3088 digna
2608 3025 2764 3082 sunt,
2810 3033 2930 3088 qua:
2960 3018 3041 3071 ltls
3083 3032 3297 3089 quoque
3346 3016 3679 3087 temporibus

2089 3111 2443 3166 inculeentur.
2473 3110 2631 3166 Certe
2657 3112 2761 3177 ait,
2789 3110 3123 3167 Christianus
3151 3110 3306 3166 facile
3326 3110 3406 3182 (l)
3435 3128 3455 3162 t
3489 3111 3677 3182 paucis

381 3212 449 3266 ad
482 3213 753 3281 publicum
786 3213 1126 3278 parricidium
1163 3213 1532 3267 imitarentur.
1564 3210 1707 3265 Nihil
1739 3220 1821 3265 est
1854 3226 1983 3280 prae-
2009 3195 2059 3260 ϐ
2093 3202 2286 3259 faculis
2317 3204 2400 3258 vel
2434 3221 2533 3258 ttna
2567 3216 2725 3261 nocte
2758 3224 2776 3257 ι
2812 3208 3052 3276 potuisse
3101 3220 3222 3261 sese
3257 3204 3472 3268 ulcisci,
3505 3203 3550 3259 si
3587 3214 3681 3259 aut

381 3305 731 3369 terntissum,
784 3304 925 3375 quod
956 3321 1050 3361 eos
1100 3304 1433 3359 inﬂammare
1461 3315 1669 3375 posset,
1728 3313 1783 3359 et
1834 3305 1980 3357 furor

385 3397 501 3452 ﬁeri
530 3397 726 3452 dicitur
774 3397 904 3452 lmsa
945 3399 1141 3468 saepius
1191 3397 1462 3466 patientia.
1494 3396 1597 3451 Sed
1647 3410 1741 3450 eos
1790 3395 1980 3466 religio

381 3492 679 3553 continuit,
722 3498 778 3546 et
818 3490 885 3545 ad
912 3490 1165 3546 invii-tam
1195 3489 1356 3545 modo
1386 3490 1694 3559 patientiam
1724 3491 1975 3545 armavit.

378 3582 433 3637 Id
466 3598 617 3650 vero,
656 3583 722 3638 de
748 3599 852 3653 quo
883 3582 1045 3639 etiam
1089 3583 1256 3651 quaeri
1305 3582 1405 3639 hoc
1450 3594 1691 3652 tempore
1725 3582 1884 3639 audio
1924 3594 1979 3641 et

377 3675 570 3737 miror,
600 3683 853 3743 perpetua
886 3676 1116 3743 plurium
1140 3677 1453 3730 surculorum
1476 3674 1696 3729 historia
1723 3691 1819 3731 nos
1844 3676 1977 3731 alias

380 3764 839 3819 confirmabimus.
884 3766 1016 3821 lllttd
1062 3766 1224 3821 modo
1253 3765 1487 3821 breviter
1513 3768 1800 3836 attingam,
1832 3767 1976 3838 quod

383 3855 652 3910 Minucius
691 3856 869 3913 dicere
923 3863 1125 3929 potuit,
1164 3874 1226 3915 ac
1257 3860 1416 3931 paulo
1445 3868 1568 3915 ante
1601 3861 1718 3931 ejus
1762 3872 1972 3916 aetatem

377 3948 597 4004 accidit.

450 4038 810 4098 Tertullianus
859 4046 927 4098 ad
973 4045 1257 4117 Scapulam
1302 4047 1461 4119 (cap.
1489 4047 1561 4118 2)
1614 4066 1632 4099 ι
1665 4046 1817 4104 Circa
1856 4064 1971 4103 ma-

369 4134 658 4204 iestatem,
708 4137 910 4205 inquit,
968 4140 1310 4208 imperatoris
1362 4140 1686 4194 infamantur
1731 4159 1743 4194 :
1792 4153 1969 4197 tamen

374 4244 668 4298 numquam
701 4230 993 4299 Alitiniani,
1024 4248 1122 4287 nec
1151 4232 1387 4302 Nigriani
1423 4233 1507 4286 vel
1538 4234 1774 4288 Cassiani
1822 4234 1972 4290 inve-

373 4321 473 4374 niri
504 4330 800 4390 potuerunt
826 4320 1135 4378 Christiani.
1172 4342 1189 4376 ι
1220 4324 1378 4379 Juvat
1399 4335 1451 4379 et
1477 4326 1702 4380 alterum
1731 4324 1970 4395 ejusdem

374 4412 690 4467 Tertulliani
750 4413 899 4480 loco,
962 4418 1118 4484 cujus
1172 4417 1486 4471 memoriam
1533 4428 1769 4473 veterem
1817 4418 1970 4475 hisce

374 4507 708 4575 temporibus
756 4511 1002 4563 renovari
1054 4510 1340 4578 plurimum
1374 4512 1628 4577 interest,
1671 4512 1964 4569 ascribere.

2084 3295 2347 3358 fuissent.
2400 3306 2490 3350 aut
2535 3312 2655 3353 esse
2706 3296 2996 3351 voluissent
3039 3301 3057 3367 (
3094 3298 3233 3367 quod
3278 3306 3453 3351 tamen
3497 3296 3608 3367 jam
3648 3311 3680 3351 a

2086 3390 2417 3458 temporibus
2460 3388 2686 3443 Net-onis
2728 3390 3087 3457 dicebantur)
3122 3389 3457 3443 incendiarii.
3499 3407 3518 3440 ι
3566 3386 3676 3444 Sed

2082 3482 2252 3542 absit,
2283 3482 2487 3549 inquit,
2519 3488 2690 3536 utaut
2737 3484 2843 3553 igni
2869 3483 3103 3536 humano
3151 3480 3453 3536 vindicetur
3496 3481 3676 3536 divina

2081 3582 2259 3639 secta;
2288 3582 2379 3628 aut
2407 3574 2586 3628 doleat
2615 3576 2755 3645 pati,
2812 3574 2864 3628 in
2892 3591 2997 3643 quo
3030 3573 3306 3642 probatur.
3338 3591 3356 3625 t
3396 3574 3512 3640 Ait,
3544 3573 3672 3640 illis,

2082 3666 2128 3721 si
2160 3677 2343 3734 aperte
2370 3681 2526 3737 agere
2546 3708 2560 3732 ,
2592 3674 2647 3721 et
2672 3666 2778 3720 vim
2808 3667 2858 3720 vi
2892 3666 3155 3737 repellere
3196 3665 3526 3731 voluissent,
3575 3667 3676 3720 tui-

2079 3760 2223 3812 nime
2252 3757 2488 3812 defuisse
2521 3777 2540 3809 t
2574 3759 2678 3811 vim
2710 3772 3056 3813 numerorum
3082 3766 3136 3812 et
3164 3757 3461 3827 copiarum.
3500 3776 3520 3809 ›
3566 3756 3674 3812 Sed

2080 3852 2281 3920 inquit,
2316 3870 2336 3903 ‹
2371 3851 2509 3919 apud
2539 3852 2695 3907 istam
2727 3852 3063 3921 disciplinam
3093 3852 3265 3921 magis
3311 3851 3483 3907 occidi
3512 3851 3670 3915 licet,

2076 3958 2235 4013 quam
2267 3943 2535 3997 occidere.
2569 3961 2588 3993 ι
2627 3943 2715 3996 Ait
2757 3943 2876 3996 illos
2904 3946 3062 3996 etiam
3111 3942 3228 3996 sine
3246 3944 3413 3998 armis
3436 3942 3674 4011 potuisse

2075 4036 2292 4090 vincere
2320 4034 2645 4097 secedendo,
2677 4042 2731 4088 et
2758 4048 2984 4087 vacuum
3012 4033 3268 4087 Romanis
3288 4047 3446 4088 suum
3483 4036 3669 4091 orbem

2075 4126 2452 4196 relinquendo,
2502 4125 2548 4179 si
2592 4126 2700 4179 alio
2745 4126 2977 4194 migrare
3015 4125 3331 4181 voluissent.
3362 4127 3497 4182 Tum
3527 4132 3670 4187 enim

2074 4221 2406 4284 defuissent,
2451 4216 2646 4288 quibus
2689 4216 3006 4287 imperasset
3039 4215 3310 4272 Romanus
3352 4218 3669 4289 imperator.

2074 4314 2226 4372 Adeo
2269 4312 2421 4385 pauci
2471 4320 2817 4380 supererant,
2868 4309 2957 4379 qui
3004 4324 3112 4364 non
3140 4321 3323 4366 essent
3350 4312 3665 4371 Christiani.

2073 4408 2179 4465 Sed
2226 4418 2442 4461 nostros
2471 4412 2526 4459 et
2553 4404 2698 4457 cives
2724 4417 2944 4457 manere
2967 4401 3235 4469 voluisse,
3281 4412 3337 4459 et
3368 4406 3435 4461 ad
3483 4406 3669 4464 hostes

2077 4503 2440 4555 Romanorum
2470 4496 2702 4550 transire
2729 4494 2967 4548 noluisse
3007 4492 3310 4563 significat,
3364 4504 3419 4551 et
3461 4497 3667 4555 interea

381 4616 399 4648 ε
439 4572 625 4664 unde,
677 4616 696 4652 ι
770 4600 976 4670 inquit,
1044 4572 1097 4655 in
1169 4603 1399 4685 Apiqog,
1459 4572 1624 4676 (εαρς
1678 4605 1796 4678 55)
1851 4624 1869 4657 ς
1919 4572 2050 4662 ab
2082 4605 2254 4685 tamen
2285 4607 2313 4644 a
2343 4589 2604 4685 lict-nanis
2638 4586 2939 4685 appellatos
2976 4599 3107 4684 esse.
3130 4600 3235 4685 non
3264 4586 3448 4685 hostes
3473 4590 3670 4657 modo,

376 4689 548 4744 Cassii
574 4702 623 4745 et
657 4690 795 4761 Nigri
821 4701 875 4747 et
904 4693 1128 4748 Albini?
1160 4694 1407 4765 undequi
1448 4697 1587 4752 inter
1623 4694 1757 4753 duas
1790 4699 1969 4755 lauros

378 4783 628 4837 obsident
669 4785 975 4841 Cte~areni?
1024 4788 1164 4843 unde
1209 4789 1296 4858 qui
1349 4787 1587 4844 faucibus
1628 4793 1744 4861 ejus
1792 4796 1970 4863 expri-

376 4876 588 4930 mendis
618 4876 971 4946 palrcstricam
1005 4882 1289 4935 exercent?
1319 4881 1457 4936 unde
1481 4884 1565 4951 qtti
1593 4884 1781 4939 armati
1821 4887 1968 4955 pala-

375 4970 509 5023 titttn
532 4970 836 5040 irrumpunt
853 5015 867 5036 ,
896 4973 1147 5026 omnibus
1170 4973 1457 5043 Stephanis
1483 4984 1643 5044 atque
1665 4974 1969 5032 Partheniis

370 5065 726 5120 audaciores?
761 5066 837 5120 De
857 5066 1113 5122 Romanis
1137 5109 1151 5131 ,
1197 5067 1296 5121 nisi
1334 5065 1510 5133 fallor,
1538 5068 1589 5123 id
1616 5080 1726 5135 est,
1762 5071 1828 5126 de
1860 5088 1966 5127 non

372 5156 721 5212 Christianis.
764 5176 783 5209 ι
820 5158 895 5214 Ne
937 5160 1078 5213 hune
1124 5160 1339 5229 quidem
1397 5161 1569 5214 locum
1634 5177 1699 5216 ex
1746 5162 1967 5218 historia

372 5252 648 5307 illustrare
676 5255 961 5323 gravabor.
999 5252 1217 5308 Avidius
1247 5244 1463 5309 Cassius
1482 5297 1495 5318 ,
1526 5255 1696 5327 Syriae
1728 5256 1929 5324 legatus
1951 5299 1966 5322 ,

368 5345 632 5400 adversus
691 5344 762 5401 Μ.
818 5346 1113 5401 Antonium
1178 5347 1553 5417 imperatorem
1624 5358 1966 5414 surrexerat,

366 5453 491 5492 cum
544 5442 866 5507 pnetexeret
904 5450 964 5493 se
1017 5454 1129 5492 rem
1177 5437 1440 5506 publicam
1482 5438 1766 5493 restituere
1811 5447 1969 5507 atque

370 5540 701 5586 conservare
733 5531 898 5595 velle,
933 5546 1096 5592 quam
1126 5529 1283 5584 Marci
1326 5530 1584 5586 dissoluta
1643 5530 1966 5600 indulgentia

374 5624 767 5691 pessuntdaret.
796 5623 1087 5677 Christiani
1111 5632 1311 5689 tamen,
1344 5622 1433 5691 qtti
1466 5622 1517 5675 in
1543 5621 1702 5676 Marci
1732 5636 1873 5676 exer‘
1896 5622 1968 5674 itu

377 5715 639 5769 adversus
695 5715 1107 5793 Marcomannes
1175 5726 1282 5769 tam
1356 5713 1668 5785 frequentes
1726 5712 1968 5782 inerunt,

366 5809 639 5866 Cassianae
690 5810 944 5868 factionis
987 5804 1119 5868 nulli
1169 5809 1405 5867 fuerunt.
1455 5808 1841 5880 Commodum,
1876 5810 1969 5865 im-

2076 4678 2169 4734 sed
2197 4687 2251 4733 et
2279 4678 2577 4746 principum
2605 4684 2661 4728 et
2682 4673 2899 4726 ltttmani
2926 4674 3139 4743 generis
3166 4672 3369 4729 hostes.
3400 4673 3667 4732 Czeternm

2076 4780 2183 4825 tam
2214 4770 2407 4839 injusta
2430 4778 2482 4822 et
2503 4776 2687 4836 aperta
2709 4764 2936 4820 fuithtec
2959 4764 3172 4834 injuria,
3202 4775 3259 4819 ut
3285 4766 3431 4834 ipsos
3453 4768 3667 4824 tandem

2077 4864 2258 4919 hostes
2287 4861 2716 4917 Christianorum
2747 4856 2993 4928 puduerlt
3022 4867 3127 4911 tam
3160 4864 3215 4911 et
3243 4857 3450 4927 ingrate
3472 4873 3665 4930 agere,

2072 4965 2129 5011 et
2161 4954 2305 5024 loqui
2332 4952 2687 5021 impudenter.

2147 5049 2287 5119 Ergo
2314 5046 2589 5112 Caecilius,
2623 5041 2963 5113 quantumvis
3002 5047 3148 5095 esset
3185 5039 3500 5107 iMpudens,
3537 5054 3665 5097 eru-

2071 5140 2187 5195 buit
2244 5139 2310 5192 iis
2380 5135 2595 5205 aliquod
2686 5130 3066 5203 perduellionis
3129 5130 3332 5186 crimen
3386 5132 3663 5204 attingere.

2072 5232 2296 5302 Quidvis
2314 5231 2457 5285 aliud
2480 5230 2738 5299 objicere,
2777 5240 3034 5296 carpere,
3067 5225 3319 5295 mentiri,
3348 5225 3668 5281 calumniari

2146 5456 2227 5529 (l)
2266 5451 2642 5529 Tertullianus
2669 5449 2894 5529 Apolog.
2943 5462 3063 5529 cap.
3108 5462 3314 5504 xxxvtt.
3371 5448 3513 5529 rvel
3561 5462 3666 5529 una

2075 5521 2184 5582 noit
2221 5523 2458 5593 pauculis
2489 5522 2675 5577 faculis
2705 5522 2921 5592 largiter
2956 5521 3187 5593 ultiones
3217 5528 3397 5588 posset
3416 5521 3625 5593 operari
3650 5563 3663 5581 .

2075 5600 2121 5653 si
2154 5591 2349 5652 malum
2385 5596 2527 5647 malo
2549 5591 2799 5664 dispungi
2824 5608 2985 5662 penes
3013 5608 3112 5664 nos
3144 5591 3347 5664 liceret.
3385 5611 3405 5643 ι
3437 5591 3661 5664 Mentem

2078 5670 2372 5725 llalduinus
2403 5668 2601 5735 magis,
2633 5661 2788 5733 quam
2827 5661 2988 5717 verba
3016 5661 3328 5735 Tertulliani
3357 5662 3619 5735 expressit
3649 5678 3661 5714 :

2077 5748 2134 5797 at
2159 5746 2209 5795 in
2241 5754 2359 5792 mox
2388 5733 2734 5805 sequentibus
2762 5738 2871 5806 ipsa
2892 5734 3051 5790 verba
3080 5748 3145 5788 ex
3171 5733 3361 5788 eodem
3392 5733 3510 5787 loco
3528 5734 3668 5802 Apo-

2078 5811 2313 5883 logetici.
2343 5806 2681 5883 (Lanatam)
