4156 6282
520 328 628 382 215

1634 322 1722 378 DE
1764 318 2024 377 MlNUClI
2062 313 2330 372 FELlClS
2370 315 2677 373 OCTAVIO

3719 320 3825 378 9J6

527 444 733 499 tualuit.
763 441 867 499 Sed
898 457 1073 512 neque
1092 439 1415 496 Christianis
1451 459 1468 491 ι
1502 439 1757 495 adscribit
1782 453 1999 494 causam
2026 451 2118 503 pu-
2147 433 2198 493 Α
2227 432 2452 503 verbis)
2497 432 2787 501 proculcat.
2838 429 2945 487 Sed
2991 430 3355 487 Thrasmicos
3425 429 3542 488 e’us
3610 435 3828 504 Spiritus

528 538 788 593 bliearum
806 536 1165 590 calamitatum
1185 553 1197 589 :
1214 535 1379 603 tquod
1398 543 1574 589 tamen
1592 550 1655 588 eo
1676 545 1915 601 tempore
1930 532 2016 584 alii
2039 528 2128 583 ad-

528 629 756 684 versarii
788 626 973 681 odiose
1009 626 1185 680 facere
1214 626 1478 696 imprimis
1506 625 1775 678 Solebant.
1797 623 2129 677 Tt'tStissima

532 736 668 776 sane
689 728 845 774 :etate
868 719 1079 775 Minucii
1103 728 1216 773 erat
1249 720 1409 773 facies
1433 718 1660 772 Romani
1693 716 1928 785 imperii,
1960 713 2133 768 horri-

533 812 763 881 bilisque
786 811 1097 865 dilaceratio
1120 822 1278 882 atque
1302 810 1565 865 confusio.
1602 809 1739 878 Quid
1769 808 1942 863 dicam
1966 820 2134 878 genus

535 920 696 960 omne
725 904 987 959 malorum
1038 913 1163 959 tunc
1214 905 1543 959 inundasse?
1571 904 1864 973 orbemque
1911 910 1963 957 et
2003 915 2135 956 con-

536 1013 755 1052 cussum
784 1007 837 1051 et
882 997 1204 1066 permixtum
1257 997 1443 1063 hellis,
1502 996 1798 1061 incendiis,
1838 994 2138 1049 inundatio-

538 1093 732 1157 nibus,
763 1100 919 1144 terrm
946 1099 1112 1153 tttotu,
1144 1091 1415 1143 civitatum
1449 1089 1640 1155 ruinis,
1671 1089 1907 1158 gentium
1941 1101 2134 1156 regno-

541 1198 768 1251 rumque
794 1180 1039 1247 excidiis,
1070 1180 1302 1249 denique
1324 1180 1630 1236 confectum
1661 1189 1715 1233 et
1746 1180 1885 1233 fame
1913 1188 1968 1233 et
1992 1187 2142 1247 peste

550 1273 800 1342 publica?
852 1271 967 1325 Non
1012 1271 1299 1325 committit
1337 1281 1514 1324 tamen
1541 1270 1823 1331 CtL‘ClllllS,
1878 1267 2142 1339 ut(quod

543 1366 736 1434 vulgus
759 1374 883 1417 tmte
905 1363 1245 1429 clamitabat,
1268 1371 1320 1416 et
1338 1371 1463 1417 ante
1483 1371 1705 1431 postque
1734 1361 1914 1414 ntultis
1937 1360 2146 1414 sweulis

546 1456 804 1526 jactatum
836 1453 955 1525 est)
988 1454 1432 1519 calumniaretur,
1466 1452 1787 1509 Christianis
1817 1462 1983 1506 totum
2020 1450 2146 1505 illud

547 1547 714 1601 chaos
766 1556 1041 1614 acceptum
1095 1544 1219 1598 ferri
1274 1544 1499 1608 dehere,
1554 1559 1847 1613 eorumque
1892 1543 2151 1612 sanguine

548 1655 672 1696 esse
700 1639 1043 1709 expiandum.
1083 1640 1222 1696 Ante
1256 1641 1466 1695 Minucii
1496 1649 1709 1695 aetatem
1756 1639 2147 1701 Tertullianus,

554 1756 574 1787 ι
611 1736 707 1802 Si,
739 1736 941 1805 inquit,
977 1737 1052 1806 (l)
1074 1736 1282 1790 Tiberis
1331 1737 1570 1791 ascendit
1602 1736 1653 1789 in
1686 1750 1836 1796 arua,
1881 1735 1923 1787 si
1957 1733 2152 1787 ctelunt

2232 524 2405 577 altiori
2438 528 2615 577 animo
2646 524 2872 593 despicit
2897 525 3169 586 Octavius,
3192 524 3363 594 iisijue
3383 537 3621 583 sanctam
3644 546 3826 599 quam«

2233 616 2355 671 dant
2388 616 2693 687 superbiam
2717 616 2965 686 opponit,
2994 632 3098 688 qua
3124 626 3177 671 et
3199 618 3252 670 in
3283 629 3595 688 paupertate
3613 621 3830 691 divites,

2235 709 2368 764 etin
2416 709 2672 762 servitute
2722 707 2905 775 libeti,
2962 718 3016 762 ct
3068 709 3120 763 itt
3168 708 3343 764 media
3390 712 3621 781 denique
3661 723 3835 770 morte

2237 806 2469 859 victores
2516 813 2700 859 essent
2749 804 2937 857 nostri.
2981 802 3111 857 Utut
3155 813 3333 859 autem
3380 803 3630 860 Caecilius
3684 807 3837 864 initio

2240 896 2562 967 desputnans
2582 938 2596 959 ,
2641 905 2694 950 et
2725 896 3145 965 intemperanter
3168 896 3407 950 convicia
3442 895 3819 965 profumleret,

2240 997 2294 1043 ct
2322 989 2495 1043 minas
2520 986 2764 1051 efflaret,
2792 997 2845 1041 et
2871 987 3135 1056 ampullas
3186 987 3474 1043 horribiles
3516 990 3838 1059 projiceret,

2243 1080 2477 1150 denique
2503 1080 2719 1135 Christo
2753 1079 3037 1134 iusultarct
3074 1099 3086 1134 :
3122 1090 3301 1137 tamen
3331 1082 3473 1135 veris
3501 1083 3667 1137 victus
3686 1084 3843 1154 paulo

2247 1186 2366 1243 post
2392 1174 2535 1227 cedit
2561 1189 2574 1225 :
2612 1188 2783 1243 neque
2814 1174 2999 1227 arbitri
3024 1174 3324 1245 judicisque
3354 1175 3567 1230 Minucii
3621 1189 3844 1233 sentcn-

2249 1269 2375 1322 tiam
2423 1276 2741 1338 exsltectat,
2794 1268 2889 1323 sed
2923 1270 3062 1322 ultro
3090 1269 3163 1323 illi
3206 1272 3462 1324 occurrit.
3503 1270 3845 1328 Admirabilis

2248 1361 2489 1433 profecto
2518 1363 2819 1427 conversio,
2857 1363 3153 1431 prmsertint
3182 1372 3289 1417 tam
3322 1364 3621 1433 repentina.
3650 1367 3754 1421 Sed
3782 1381 3846 1422 ea

2251 1455 2515 1518 ostendit,
2560 1454 2829 1509 sanabiles
2871 1454 3069 1509 multos
3107 1455 3292 1510 Romae
3334 1455 3533 1522 fuisse,
3574 1457 3665 1527 qui
3694 1458 3847 1513 't-ide-

2254 1546 2449 1600 bantur
2500 1546 2696 1616 alioqui
2742 1546 2969 1616 depositi
3023 1558 3077 1602 et
3122 1548 3384 1617 deplorati
3421 1551 3671 1605 :veritati
3723 1568 3850 1607 vero

2255 1652 2492 1693 errorem
2524 1637 2678 1693 facile
2706 1639 2922 1694 cedere.
2959 1639 3100 1709 Ergo
3127 1640 3373 1695 Caecilius
3416 1642 3646 1711 quadam
3690 1644 3852 1699 veluti

2258 1733 2311 1786 in
2338 1733 2459 1801 jure
2503 1736 2748 1787 cessione
2790 1733 3011 1787 Octavio
3061 1733 3347 1787 vindicanti
3390 1733 3567 1789 addici
3613 1745 3843 1805 poterat.

549 1831 732 1893 516m.
782 1827 827 1881 Si
858 1839 994 1882 lerl‘ﬂ
1050 1828 1247 1891 ιιιονὶι,
1297 1828 1339 1881 Si
1391 1826 1559 1881 fames
1584 1869 1597 1889 ς
1648 1826 1692 1879 Si
1736 1827 1850 1879 IUCS
1873 1867 1887 1889 ,
1944 1824 2143 1886 statim.
2179 1819 2228 1879 Β
2255 1828 2411 1883 Certe
2443 1827 2582 1881 vinci
2612 1826 2843 1897 dedique
2872 1843 2976 1881 non
3009 1836 3220 1882 recusat
3244 1869 3258 1891 ,
3291 1840 3342 1882 et
3387 1827 3695 1884 Octavianze
3729 1847 3852 1885 ora-

553 1918 871 1973 CIn-istianos
917 1919 984 1971 ad
1026 1918 1280 1984 Leonem,
1340 1939 1357 1969 ι
1420 1919 1764 1972 acclamatur.
1824 1916 1940 1971 Non
1976 1917 2152 1970 minus

554 2011 743 2065 odiosa
796 2020 849 2065 et
898 2011 1148 2065 immanis
1210 2020 1328 2065 erat
1395 2010 1711 2066 acclamatio
1766 2019 2007 2079 tempore
2047 2009 2153 2079 Cy—

555 2106 762 2176 priani,
794 2115 849 2159 ut
890 2121 954 2160 ex
1001 2105 1158 2174 hujus
1202 2105 1267 2158 ad
1314 2105 1714 2159 Demetrianum
1752 2102 1991 2172 Epistola
2026 2101 2156 2154 satis

557 2207 800 2269 apparet.
836 2197 1037 2251 Eadem
1083 2206 1138 2251 et
1183 2208 1426 2267 tempore
1470 2195 1714 2250 Arttobii.
1743 2195 1877 2249 Nam
1907 2202 1961 2248 et
1992 2193 2076 2247 hic
2105 2192 2155 2245 in

560 2291 672 2346 suis
715 2290 974 2345 adversus
1013 2289 1211 2345 Gentes
1250 2289 1401 2344 libris
1431 2288 1662 2355 laborat,
1717 2295 1773 2340 ut
1819 2289 1917 2341 hac
1968 2283 2159 2353 publici

557 2384 665 2440 odii
707 2392 760 2438 ct
807 2383 1017 2437 invidia:
1068 2384 1282 2436 llamnta
1336 2391 1549 2436 nostros
1599 2381 1811 2435 liberet.
1859 2379 1995 2446 Quid
2048 2380 2161 2449 ipse

558 2487 743 2548 postea
770 2475 1164 2548 Symmachus?
1195 2490 1372 2530 nonne
1399 2474 1560 2529 audet
1586 2474 1747 2529 talem
1771 2487 1956 2527 rursus
1991 2472 2162 2526 canti-

561 2570 739 2625 lenam
765 2570 1000 2624 cauere?
1031 2568 1187 2623 Certe
1217 2567 1408 2639 dignus
1424 2575 1570 2628 erat,
1604 2566 1693 2635 qui
1736 2563 1980 2629 audiret,
2020 2562 2164 2632 quod

564 2661 853 2733 aliquando
880 2662 1063 2715 Romm
1092 2669 1209 2727 post
1236 2667 1462 2712 mortem
1494 2655 1774 2710 Commodi
1809 2655 2165 2710 acclamatum

566 2764 683 2818 est,
729 2753 812 2826 (:2)
856 2752 1124 2807 Delatorcs
1171 2751 1238 2804 ad
1288 2750 1523 2804 Leonem.
1569 2748 1674 2804 Sed
1724 2748 1889 2802 nostri
1936 2746 2004 2800 ab
2044 2760 2168 2800 san-

532 2848 731 2918 guine
788 2855 842 2900 et
888 2846 1107 2899 ultionis
1156 2843 1450 2912 cupiditate
1494 2850 1649 2896 erant
1683 2840 1869 2895 alieni.
1933 2838 2166 2895 Ambro-

569 2942 682 2995 sius
712 2956 815 2993 non
846 2953 1035 3007 passus
1064 2947 1148 2992 est
1172 2952 1294 2992 euut
1324 2935 1377 2990 in
1408 2936 1635 2989 crimine
1665 2944 1769 2988 tam
1811 2932 1946 2987 falso
1969 2931 2169 2986 diutius

572 3032 861 3086 exsultare.
894 3030 999 3085 Sed
1040 3044 1161 3084 cum
1206 3044 1310 3083 non
1367 3028 1535 3081 multo
1569 3036 1684 3096 post
1716 3025 1843 3080 urbs
1875 3026 1987 3093 ipsa
2014 3032 2169 3092 capta

570 3133 728 3193 atque
772 3122 979 3191 direpta
1012 3122 1234 3187 fuisset,
1283 3135 1386 3175 non
1426 3120 1748 3174 erubuerqu
1784 3118 1929 3186 impii
1959 3117 2167 3170 calum-

2258 1920 2417 1974 tiottis
2463 1918 2694 1987 quodam
2744 1918 2895 1988 quasi
2943 1918 3162 1973 fulmine
3215 1920 3525 1987 perculsus,
3586 1930 3853 1991 tamquam

2256 2013 2392 2067 alter
2422 2013 2636 2081 quidam
2670 2012 2899 2075 Paulus,
2934 2013 3113 2068 subito
3138 2012 3453 2084 religionem
3476 2056 3490 2078 ,
3522 2030 3680 2085 quam
3710 2017 3856 2086 igno-

2257 2119 2384 2160 rans
2414 2115 2845 2175 oppoguaverat,
2887 2106 3193 2160 admonitus
3228 2107 3624 2176 complectitur.

2334 2196 2536 2251 Vellent
2569 2206 2745 2253 autent
2769 2239 2784 2263 ,
2816 2197 3075 2252 Minucius
3101 2197 3258 2253 nobis
3281 2213 3492 2268 quoque
3520 2201 3865 2269 exposuisset

2262 2298 2426 2342 totam
2461 2288 2681 2356 hujusce
2710 2300 2958 2356 μιτανσίις
2991 2289 3299 2345 historiam:
3343 2300 3398 2345 ut
3434 2301 3518 2358 et,
3560 2308 3662 2362 qua
3704 2293 3857 2363 lege,

2262 2396 2367 2451 qua
2397 2380 2736 2443 conditione,
2769 2382 2963 2451 quibus
3001 2383 3380 2452 Sponsoribus,
3427 2399 3534 2453 quo
3579 2385 3711 2451 rittt,
3758 2401 3865 2455 qua

2265 2476 2605 2540 caerimonia,
2639 2476 2885 2530 Caecilius
2926 2476 3150 2530 Romam
3196 2492 3479 2542 reversus,
3524 2478 3577 2532 in
3609 2478 3865 2533 Ecclesia:

2265 2568 2548 2637 Collegium
2581 2577 2634 2621 et
2663 2571 3096 2622 communionem
3136 2578 3414 2637 coeptatus
3450 2571 3639 2631 tuerit,
3675 2570 3869 2624 intelli-

2266 2676 2537 2730 geremus.
2572 2661 2703 2715 Nam
2736 2672 2789 2716 et
2818 2662 3021 2733 antiqui
3055 2663 3196 2717 illius
3226 2665 3393 2717 moris
3420 2663 3677 2718 memoria
3708 2679 3869 2733 cxpe-

2270 2752 2428 2807 tenda
2458 2762 2559 2808 est.
2595 2754 2701 2809 Sed
2732 2754 2873 2824 quod
2906 2755 3265 2826 Hieronymus
3293 2756 3359 2809 ad
3390 2756 3660 2810 Chronica
3702 2756 3873 2811 Euse-

2270 2847 2372 2912 bii,
2418 2858 2471 2902 et
2520 2849 2849 2917 Augustinus
2903 2849 2996 2903 lib.
3039 2864 3156 2903 vut.
3211 2848 3553 2903 Coufession.
3597 2849 3753 2921 (cap.
3796 2849 3875 2921 2)

2273 2949 2454 2993 narrat
2481 2939 2547 2993 de
2576 2940 2786 2994 duobus
2816 2940 2935 2995 aliis
2963 2939 3203 3009 ejusdem
3233 2948 3287 2995 et
3314 2941 3672 3008 conditionis,
3703 2950 3757 2995 et
3785 2957 3877 2994 or-

2218 3048 2237 3055 ο
2272 3030 2443 3095 diois,
2474 3042 2522 3085 et
2556 3036 2759 3101 gentis,
2788 3041 2841 3086 et
2872 3031 3067 3102 ingenii
3102 3033 3263 3097 viris,
3299 3033 3535 3087 Arnobio
3565 3042 3619 3087 et
3647 3032 3877 3087 Victori-

2274 3142 2373 3179 no:
2408 3126 2705 3196 cogitemus
2736 3126 2930 3181 factttnt
2960 3141 3174 3196 quoque
3198 3141 3320 3182 esse
3346 3128 3413 3181 de
3439 3124 3676 3181 Ctecilio.
3705 3125 3875 3179 Inm’to

572 3215 812 3268 uiatores
843 3213 1002 3268 talem
1036 3223 1305 3283 postremo
1334 3211 1541 3266 cladem
1575 3210 1819 3281 religioni
1848 3208 2164 3262 Christiana:

2275 3234 2402 3274 vero
2434 3219 2519 3273 hic
2547 3216 2792 3274 Caecilius
2841 3218 3037 3274 fatetur
3085 3235 3234 3285 sese,
3279 3229 3625 3291 posteaquam
3670 3221 3880 3275 intelle-

576 3306 926 3362 adscribere:
956 3318 1280 3375 coactusque
1326 3315 1404 3361 cst
1451 3319 1640 3360 rursus
1687 3303 2017 3371 Augustinus
2061 3310 2168 3356 tam

575 3408 726 3453 tetra:
758 3400 1144 3454 maledicentiac
1178 3414 1478 3453 occurrere.
1516 3396 1648 3450 Nam
1701 3404 1754 3449 et
1801 3404 2079 3465 propterea
2113 3411 2173 3450 se

575 3504 703 3545 suos
748 3489 810 3542 de
854 3488 1067 3544 Civitate
1097 3489 1194 3544 Dei
1239 3490 1406 3544 libros
1459 3488 1743 3557 scripsisse
1787 3486 2000 3541 fatetur.
2051 3488 2175 3557 Agit

577 3599 707 3653 ergo
737 3582 912 3636 minus
943 3582 1205 3636 malitiose
1235 3582 1509 3648 Catcilius,
1544 3581 1634 3650 qui
1665 3580 1892 3634 aliornut
1925 3580 2175 3649 exemplo

580 3676 737 3729 talem
763 3673 933 3729 facem
957 3675 1009 3729 in
1042 3684 1256 3728 nostros
1286 3691 1389 3727 non
1419 3682 1759 3742 contorquet,
1794 3688 1967 3738 neque
1990 3687 2175 3726 eorum

577 3768 937 3824 iunoci~ntiant
973 3775 1078 3820 tam
1110 3766 1324 3837 indigne
1351 3777 1555 3821 onerat.
1594 3766 1761 3819 Immo
1791 3778 1919 3819 vero
1964 3764 2060 3829 iis,
2122 3771 2179 3817 ut

582 3862 826 3924 miseris,
872 3870 928 3914 ut
968 3861 1119 3914 victis
1141 3900 1156 3922 ,
1188 3869 1244 3913 ut
1273 3860 1443 3914 servis
1463 3900 1477 3925 ,
1520 3860 1632 3928 ipse
1663 3868 1930 3924 tamquam
1972 3856 2178 3925 magnis

580 3957 819 4010 victoriis
845 3956 1048 4021 elatus,
1080 3964 1133 4009 ct
1158 3970 1366 4008 summa
1416 3953 1670 4008 felicitate
1713 3950 2047 4011 cumulatus,
2083 3965 2176 4002 su—

580 4050 746 4119 perbe
769 4048 990 4103 insultat
1016 4064 1029 4100 :
1058 4057 1110 4101 et
1133 4046 1237 4101 hoc
1265 4045 1480 4100 nomine
1503 4056 1609 4098 tam
1630 4044 1842 4098 illorum
1865 4043 2178 4112 religionem

579 4141 858 4198 fastidiose
887 4141 1169 4210 deprimit,
1199 4155 1355 4209 quant
1398 4154 1549 4193 suam
1576 4138 1809 4208 gloriose
1847 4136 2040 4191 attollit
2085 4151 2179 4190 su-

580 4233 973 4305 perstitionem.
1022 4231 1113 4287 Sic
1160 4232 1303 4285 enim
1350 4229 1557 4299 profani
1590 4228 1836 4282 homines
1865 4244 1936 4282 ex
1970 4226 2180 4281 fortuna

581 4335 637 4381 et
695 4342 875 4381 rerum
931 4338 1185 4380 successu
1241 4323 1496 4394 pendent.
1547 4322 1636 4376 Sic
1692 4324 1804 4389 ipse
1848 4319 2039 4375 Cicero
2088 4336 2180 4391 pro

582 4417 774 4472 Flacco
815 4415 1205 4470 contumeliose
1247 4415 1480 4482 exagitat
1516 4411 1823 4466 Judtcorum
1865 4420 1919 4465 et
1966 4423 2179 4479 gentem

579 4520 823 4565 etsacra.
849 4507 951 4563 Sed
973 4516 1026 4561 et
1042 4505 1305 4573 Apionem
1330 4504 1530 4560 Judteis
1557 4504 1869 4559 servitutem
1899 4514 1952 4559 et
1979 4520 2178 4559 arrum-

2276 3313 2355 3365 xit
2398 3310 2524 3380 quid
2572 3327 2676 3365 non
2708 3313 2777 3364 sit
2806 3326 2928 3367 vera
2962 3312 3183 3382 religio,
3216 3311 3524 3366 desiderare
3570 3312 3878 3383 intelligen-

2280 3403 2440 3469 tiam,
2492 3402 2886 3473 cognitionem,
2941 3404 3325 3457 institutionem
3380 3404 3654 3472 religionis
3703 3420 3879 3469 veras;

2279 3511 2397 3552 eam
2431 3510 2557 3550 vero
2587 3496 2892 3551 cateehesin
2925 3497 2974 3550 in
3006 3496 3148 3550 diem
3189 3505 3499 3562 sequentem
3540 3496 3700 3550 fuisse
3741 3496 3885 3565 reje-

2280 3599 2421 3644 ctam
2462 3587 2724 3643 Minucius
2762 3588 2967 3643 scribit.
3009 3587 3114 3642 Sed
3150 3598 3298 3642 tanto
3327 3588 3494 3657 magis
3519 3588 3703 3653 doleo,
3733 3590 3880 3643 alte-

2282 3697 2395 3735 ratn
2444 3682 2579 3736 hanc
2620 3682 2892 3745 scholam,
2933 3698 3051 3750 qua:
3092 3681 3375 3737 Minuciani
3423 3682 3539 3737 libri
3583 3683 3781 3752 Optima
3824 3693 3885 3739 et

2282 3773 2513 3827 maxima
2547 3788 2669 3842 pars
2700 3772 2911 3837 fuisset,
2970 3790 3073 3828 non
3112 3773 3309 3828 editam
3345 3787 3497 3829 esse:
3538 3774 3728 3829 saltem
3770 3791 3881 3831 non

2281 3878 2515 3923 exstare.
2547 3867 2679 3921 Nam
2710 3882 2885 3935 neque
2915 3869 3044 3922 satis
3074 3879 3157 3921 est
3188 3868 3376 3922 falsum
3409 3868 3674 3936 refellere,
3693 3886 3880 3925 verum

2284 3961 2443 4013 etiam
2472 3958 2669 4014 docere
2695 3969 2936 4029 oportet:
2968 3968 3126 4024 utet,
3160 3959 3288 4031 quid
3316 3975 3419 4014 non
3446 3960 3547 4026 sit,
3575 3970 3631 4016 et
3657 3962 3782 4031 quid
3811 3964 3885 4017 sit

2287 4053 2429 4109 Deus
2459 4062 2547 4106 aut
2579 4052 2766 4123 religio
2787 4095 2801 4119 ,
2834 4064 3155 4121 exponalur.
3198 4052 3304 4107 Sed
3347 4054 3484 4108 bene
3512 4052 3703 4107 habet:
3735 4054 3882 4122 quod

2288 4144 2374 4198 hic
2427 4143 2831 4207 desideramus,
2889 4144 3092 4199 sarcire
3157 4152 3335 4214 potest
3392 4144 3672 4215 Augustini
3743 4143 3886 4199 liber

2287 4237 2350 4291 de
2375 4238 2757 4292 (.‘atecltizandis
2802 4237 3031 4300 rudibus,
3074 4237 3166 4307 qui
3214 4247 3266 4291 ct
3308 4238 3451 4307 leges
3498 4246 3551 4292 et
3597 4236 3885 4292 formulam

2287 4332 2484 4386 veteris
2524 4331 2871 4385 catechescos
2912 4330 3186 4400 eleganter
3210 4328 3494 4385 describit:
3526 4340 3580 4384 et
3611 4332 3887 4400 quontodo

2287 4425 2353 4479 sit
2385 4425 2651 4495 agendum
2680 4440 2801 4479 cum
2833 4424 3005 4479 doctis
3049 4436 3101 4479 et
3144 4423 3419 4485 litteratis,
3460 4423 3624 4479 etiam
3668 4437 3883 4480 monet:

2288 4532 2463 4587 neque
2515 4518 2829 4572 dissimilem
2882 4516 3093 4571 Minucii
3147 4527 3305 4572 artate
3357 4517 3520 4571 credo
3574 4518 3888 4573 catecltesitt

581 4616 715 4664 nas,
774 4609 1040 4666 tamquam
1088 4596 1237 4650 falsae
1292 4596 1564 4667 religionis
1616 4597 1952 4664 testimonia,
2008 4597 2164 4652 confit

2287 4608 2483 4673 fuisse,
2515 4621 2567 4663 et
2599 4610 2678 4663 his
2709 4624 2921 4680 quoque
2952 4610 3285 4679 temporibus
3325 4623 3428 4663 non
3470 4608 3744 4665 observari
3787 4612 3891 4665 nti-

582 4694 772 4749 denter
819 4692 1118 4760 objecisse,
1173 4705 1241 4746 ex
1289 4690 1523 4761 .losepho
1575 4691 1938 4762 intelligimus.
1991 4692 2180 4747 Mirum

584 4801 744 4850 vero,
788 4792 908 4855 post
949 4793 1186 4853 tempora
1232 4797 1444 4853 quoque
1496 4781 1864 4848 Constantini,
1914 4783 2181 4838 lulianum

585 4882 961 4950 imperatorem
990 4885 1205 4931 nostros
1232 4874 1417 4929 eadem
1438 4875 1642 4929 ratione
1669 4876 1962 4945 impetiisse
1981 4917 1994 4937 ,
2028 4874 2185 4929 sicuti

588 4990 655 5030 ex
705 4971 893 5044 Cyrilli
937 4968 1380 5038 responsionibus
1423 4969 1821 5038 cognoscimus.
1873 4966 2084 5033 Quanto
2131 4965 2183 5021 id

588 5065 757 5134 magis
790 5063 957 5133 potuit
977 5060 1254 5126 Cacilius,
1279 5060 1367 5129 qui
1394 5058 1760 5124 Christianos,
1803 5059 1902 5113 nisi
1932 5057 2181 5127 afﬂictos,

588 5160 850 5220 miseros,
893 5167 1191 5224 pauperes,
1240 5152 1418 5207 nullos
1468 5152 1710 5208 viderat?
1762 5153 1941 5223 itaque
1990 5167 2185 5220 magno

586 5247 877 5319 supercilio
921 5257 975 5300 et
1024 5245 1162 5298 fastu
1206 5254 1259 5298 et
1301 5254 1608 5313 contemptu
1638 5244 1689 5297 in
1717 5258 1812 5298 eos
1842 5243 2089 5312 despuit,
2132 5251 2187 5297 et

588 5352 860 5413 tamquam
889 5343 1181 5409 καθάρματα
1230 5344 1309 5391 καὶ
1360 5348 1670 5407 trepidi-rigaret.
1717 5334 1891 5408 (utor
1942 5335 2184 5405 ADOSlOIl

659 5474 739 5546 (l)
766 5474 967 5553 Desunt
985 5473 1318 5553 quted‘aml'e’x.
1337 5470 1647 5553 Tertulliani
1665 5471 1898 5553 Apolog.
1932 5486 2049 5552 cap.
2085 5471 2176 5553 40.

584 5541 679 5625 ita
707 5541 1018 5613 supplenda
1052 5562 1064 5597 :
1216 5541 1433 5625 .Tiberis
1488 5543 1713 5625 ascendit
1758 5542 1827 5595 ad
1857 5541 2083 5625 moenia,
2134 5545 2180 5625 si

580 5618 739 5701 Nilus
783 5631 884 5671 non
932 5614 1158 5670 ascendit
1209 5616 1263 5668 in
1302 5629 1455 5682 arva,
1485 5615 1530 5667 si
1586 5615 1768 5701 εωιιειξι
1794 5617 1969 5678 stetit,
2020 5624 2077 5701 et
2103 5616 2181 5670 sic

579 5690 808 5757 reliqua.
1696 5685 1993 5757 (LINDNER.
2018 5685 2036 5755 )

645 5758 724 5838 (φ)
755 5754 1108 5838 ,ζιδιηρι-ἰξιίιιε
1138 5758 1260 5838 Yita
1311 5754 1592 5838 Commodi
1638 5771 1759 5831 cap.
1785 5757 1884 5838 ’18.
1940 5766 1993 5810 et
2043 5755 2181 5838 hanc

567 5838 619 5884 et
642 5826 847 5890 Similes
877 5826 1306 5888 acclamationes
1337 5827 1589 5903 prodidit.
1706 5826 1721 5831 ’
1779 5826 2096 5899 (ιιΝυκειι.)

2287 4716 2396 4756 ror.
2444 4701 2603 4757 Juvat
2644 4712 2851 4768 autem,
2902 4711 2957 4757 ut
2998 4692 3274 4758 Caecilium
3324 4702 3622 4757 audivimus
3667 4717 3893 4758 accusa-

2289 4804 2459 4849 torem
2505 4805 2559 4850 et
2601 4795 3000 4861 adversarium,
3052 4810 3192 4850 nunc
3236 4796 3399 4851 rebus
3438 4797 3717 4851 conversis
3762 4812 3892 4866 Spe.

2287 4895 2435 4941 ctare
2460 4885 2925 4941 catechumenum.
2949 4887 3331 4942 Catechumeni
3362 4900 3485 4942 tunc
3511 4890 3671 4942 etiam
3705 4889 3895 4958 appel-

2289 4978 2536 5033 labantur
2585 4998 2603 5031 ι
2637 4979 2940 5044 auditores,
2980 4998 2998 5032 ι
3032 4979 3115 5035 vel
3148 4998 3166 5030 ι
3200 4980 3512 5047 audientes,
3544 5000 3561 5033 ι
3606 4981 3765 5037 sicuti
3822 4998 3893 5039 ex

2290 5072 2475 5127 ntultis
2517 5072 2834 5128 Tertulliani
2878 5073 3009 5128 locis
3046 5081 3295 5143 apparet:
3342 5085 3599 5143 erantque
3625 5075 3894 5145 imprimis

2289 5168 2522 5231 dociles,
2558 5169 2884 5240 minimeque
2913 5168 3240 5223 refractarii:
3278 5167 3420 5238 quod
3447 5179 3500 5225 et
3537 5170 3651 5240 ipse
3691 5169 3893 5225 Lucia-

2293 5280 2392 5318 nus
2437 5263 2489 5318 in
2540 5263 2805 5333 Plu'lopat.
2848 5262 3069 5318 indicat.
3110 5261 3472 5317 Contentiosae
3502 5263 3680 5333 itaque
3706 5261 3895 5335 dispu-

2292 5359 2523 5412 tationes
2566 5357 2727 5411 nulla:
2769 5372 2888 5410 cum
2932 5356 2995 5410 iis
3036 5365 3220 5411 erant:
3252 5355 3346 5411 sed
3378 5355 3601 5426 placidis
3632 5356 3894 5410 monitio-

2293 5450 2447 5505 nibus
2478 5450 2667 5518 religio
2696 5448 3010 5503 docebatur.
3040 5447 3172 5503 Post
3195 5448 3497 5503 catecltesin
3529 5448 3620 5519 qui
3646 5448 3757 5517 jam
3791 5462 3895 5505 sua

2285 5542 2500 5597 nomina
2530 5541 2787 5595 Ecclesia:
2816 5540 3098 5606 dederant,
3136 5550 3196 5595 ut
3221 5539 3496 5610 Baptismo
3526 5539 3892 5607 initiarentur,

2283 5639 2535 5709 appellati
2575 5647 2701 5694 sunt
2736 5657 2754 5691 ι
2784 5648 3185 5709 competentes:
3216 5658 3235 5691 ι
3270 5652 3566 5708 eorumque
3604 5649 3794 5692 rursus
3833 5634 3894 5688 in

2284 5731 2474 5787 ordine
2501 5731 2771 5788 Caecilium
2801 5732 2909 5802 jam
2940 5742 3183 5788 nostrum
3215 5732 3532 5801 conSpicere
3552 5728 3728 5800 juvat.
3759 5728 3897 5783 Post

2286 5823 2615 5896 Baptismum
2661 5825 2978 5883 candidatus
3017 5825 3249 5895 denique
3291 5823 3558 5895 particeps
3600 5822 3763 5879 ﬁebat
3794 5836 3892 5875 τῶν
