  <div class='ocr_page' id='page_1' title='image "/cluster/home/n/w/nwhite01/storage/ocr_20150623/3/hvd.32044054086798/158.png"; bbox 0 0 4156 6282; ppageno 0'>
   <div class='ocr_carea' id='block_1_1' title="bbox 288 243 401 299">
    <p class='ocr_par' dir='ltr' id='par_1_1' title="bbox 288 243 401 299">
     <span class='ocr_line' id='line_1_1' title="bbox 288 243 401 299; baseline 0.018 -2"><span class='ocrx_word' id='word_1_1' title='bbox 288 243 401 299; x_wconf 71' lang='grc'><strong>217</strong></span> 
     </span>
    </p>
   </div>
   <div class='ocr_carea' id='block_1_2' title="bbox 1448 235 2445 297">
    <p class='ocr_par' dir='ltr' id='par_1_2' title="bbox 1448 235 2445 297">
     <span class='ocr_line' id='line_1_2' title="bbox 1448 235 2445 297; baseline 0.002 -5"><span class='ocrx_word' id='word_1_2' title='bbox 1448 238 1507 293; x_wconf 83' lang='lat' dir='ltr'><strong>F.</strong></span> <span class='ocrx_word' id='word_1_3' title='bbox 1574 235 1899 293; x_wconf 79' lang='lat' dir='ltr'><strong>BALDUINI</strong></span> <span class='ocrx_word' id='word_1_4' title='bbox 1974 236 2445 297; x_wconf 76' lang='lat' dir='ltr'><strong>DISSERTATIO.</strong></span> 
     </span>
    </p>
   </div>
   <div class='ocr_carea' id='block_1_3' title="bbox 3494 244 3600 303">
    <p class='ocr_par' dir='ltr' id='par_1_3' title="bbox 3494 244 3600 303">
     <span class='ocr_line' id='line_1_3' title="bbox 3494 244 3600 303; baseline 0.009 -2"><span class='ocrx_word' id='word_1_5' title='bbox 3494 244 3600 303; x_wconf 76' lang='lat' dir='ltr'><strong>2l8</strong></span> 
     </span>
    </p>
   </div>
   <div class='ocr_carea' id='block_1_4' title="bbox 286 356 3596 432">
    <p class='ocr_par' dir='ltr' id='par_1_4' title="bbox 286 356 3596 432">
     <span class='ocr_line' id='line_1_4' title="bbox 286 356 3596 432; baseline 0 -16"><span class='ocrx_word' id='word_1_6' title='bbox 286 365 600 432; x_wconf 74' lang='grc' dir='ltr'><strong>μνστηρὶων,</strong></span> <span class='ocrx_word' id='word_1_7' title='bbox 630 373 659 413; x_wconf 91' lang='lat' dir='ltr'><strong>a</strong></span> <span class='ocrx_word' id='word_1_8' title='bbox 699 357 892 428; x_wconf 90' lang='lat' dir='ltr'><strong>quibus</strong></span> <span class='ocrx_word' id='word_1_9' title='bbox 934 366 1091 413; x_wconf 97' lang='lat' dir='ltr'><strong>antea</strong></span> <span class='ocrx_word' id='word_1_10' title='bbox 1139 357 1323 429; x_wconf 83' lang='lat' dir='ltr'><strong>procul</strong></span> <span class='ocrx_word' id='word_1_11' title='bbox 1366 358 1554 411; x_wconf 87' lang='lat' dir='ltr'><strong>abesse</strong></span> <span class='ocrx_word' id='word_1_12' title='bbox 1581 356 1893 426; x_wconf 88' lang='lat' dir='ltr'><strong>jubebatur.</strong></span> <span class='ocrx_word' id='word_1_13' title='bbox 1924 360 1971 420; x_wconf 81' lang='grc' dir='ltr'>Α</span> <span class='ocrx_word' id='word_1_14' title='bbox 2004 358 2282 426; x_wconf 76' lang='lat' dir='ltr'><strong>prudentia</strong></span> <span class='ocrx_word' id='word_1_15' title='bbox 2338 373 2527 428; x_wconf 86' lang='lat' dir='ltr'><strong>magna</strong></span> <span class='ocrx_word' id='word_1_16' title='bbox 2575 367 2628 413; x_wconf 91' lang='lat' dir='ltr'><strong>et</strong></span> <span class='ocrx_word' id='word_1_17' title='bbox 2676 358 2926 415; x_wconf 72' lang='lat' dir='ltr'><strong>cautione</strong></span> <span class='ocrx_word' id='word_1_18' title='bbox 2980 358 3217 413; x_wconf 80' lang='lat' dir='ltr'><strong>maxima</strong></span> <span class='ocrx_word' id='word_1_19' title='bbox 3279 371 3416 427; x_wconf 88' lang='lat' dir='ltr'><strong>opus</strong></span> <span class='ocrx_word' id='word_1_20' title='bbox 3475 374 3596 417; x_wconf 85' lang='lat' dir='ltr'><strong>esse</strong></span> 
     </span>
    </p>
   </div>
   <div class='ocr_carea' id='block_1_5' title="bbox 289 452 1897 525">
    <p class='ocr_par' dir='ltr' id='par_1_5' title="bbox 289 452 1897 525">
     <span class='ocr_line' id='line_1_5' title="bbox 289 452 1897 525; baseline -0.003 -16"><span class='ocrx_word' id='word_1_21' title='bbox 289 454 488 525; x_wconf 69' lang='lat' dir='ltr'><strong>Neque</strong></span> <span class='ocrx_word' id='word_1_22' title='bbox 519 470 644 510; x_wconf 90' lang='lat' dir='ltr'><strong>sane</strong></span> <span class='ocrx_word' id='word_1_23' title='bbox 672 452 737 508; x_wconf 91' lang='lat' dir='ltr'><strong>de</strong></span> <span class='ocrx_word' id='word_1_24' title='bbox 769 453 835 507; x_wconf 87' lang='lat' dir='ltr'><strong>iis</strong></span> <span class='ocrx_word' id='word_1_25' title='bbox 855 495 870 518; x_wconf 86' lang='lat'><strong>,</strong></span> <span class='ocrx_word' id='word_1_26' title='bbox 902 464 990 507; x_wconf 89' lang='lat' dir='ltr'><strong>aut</strong></span> <span class='ocrx_word' id='word_1_27' title='bbox 1021 452 1320 524; x_wconf 87' lang='lat' dir='ltr'><strong>promiscue</strong></span> <span class='ocrx_word' id='word_1_28' title='bbox 1351 452 1622 521; x_wconf 83' lang='lat' dir='ltr'><strong>disputare</strong></span> <span class='ocrx_word' id='word_1_29' title='bbox 1643 494 1655 515; x_wconf 93' lang='lat'><strong>,</strong></span> <span class='ocrx_word' id='word_1_30' title='bbox 1689 459 1779 504; x_wconf 86' lang='lat' dir='ltr'><strong>aut</strong></span> <span class='ocrx_word' id='word_1_31' title='bbox 1807 464 1897 504; x_wconf 87' lang='lat' dir='ltr'><strong>co—</strong></span> 
     </span>
    </p>
   </div>
   <div class='ocr_carea' id='block_1_6' title="bbox 287 546 1894 620">
    <p class='ocr_par' dir='ltr' id='par_1_6' title="bbox 287 546 1894 620">
     <span class='ocr_line' id='line_1_6' title="bbox 287 546 1894 620; baseline -0.003 -16"><span class='ocrx_word' id='word_1_32' title='bbox 287 566 415 605; x_wconf 89' lang='lat' dir='ltr'><strong>ram</strong></span> <span class='ocrx_word' id='word_1_33' title='bbox 465 550 700 620; x_wconf 78' lang='lat' dir='ltr'><strong>profanis</strong></span> <span class='ocrx_word' id='word_1_34' title='bbox 742 549 1049 604; x_wconf 89' lang='lat' dir='ltr'><strong>hominibus</strong></span> <span class='ocrx_word' id='word_1_35' title='bbox 1095 548 1394 613; x_wconf 78' lang='lat' dir='ltr'><strong>disserere,</strong></span> <span class='ocrx_word' id='word_1_36' title='bbox 1444 547 1675 618; x_wconf 81' lang='lat' dir='ltr'><strong>majores</strong></span> <span class='ocrx_word' id='word_1_37' title='bbox 1724 546 1894 601; x_wconf 85' lang='lat' dir='ltr'><strong>nostri</strong></span> 
     </span>
    </p>
   </div>
   <div class='ocr_carea' id='block_1_7' title="bbox 286 637 1893 712">
    <p class='ocr_par' dir='ltr' id='par_1_7' title="bbox 286 637 1893 712">
     <span class='ocr_line' id='line_1_7' title="bbox 286 637 1893 712; baseline -0.004 -13"><span class='ocrx_word' id='word_1_38' title='bbox 286 645 565 699; x_wconf 85' lang='lat' dir='ltr'><strong>solebant.</strong></span> <span class='ocrx_word' id='word_1_39' title='bbox 604 642 776 698; x_wconf 83' lang='lat' dir='ltr'><strong>Testis</strong></span> <span class='ocrx_word' id='word_1_40' title='bbox 816 652 899 697; x_wconf 86' lang='lat' dir='ltr'><strong>est</strong></span> <span class='ocrx_word' id='word_1_41' title='bbox 935 640 1205 699; x_wconf 78' lang='lat' dir='ltr'><strong>Theudor.</strong></span> <span class='ocrx_word' id='word_1_42' title='bbox 1239 640 1316 712; x_wconf 86' lang='lat' dir='ltr'><strong>(f)</strong></span> <span class='ocrx_word' id='word_1_43' title='bbox 1350 640 1403 694; x_wconf 92' lang='lat' dir='ltr'><strong>in</strong></span> <span class='ocrx_word' id='word_1_44' title='bbox 1432 639 1597 696; x_wconf 86' lang='lat' dir='ltr'><strong>Eran.</strong></span> <span class='ocrx_word' id='word_1_45' title='bbox 1640 637 1774 696; x_wconf 86' lang='lat' dir='ltr'><strong>Nam</strong></span> <span class='ocrx_word' id='word_1_46' title='bbox 1805 639 1893 695; x_wconf 85' lang='lat' dir='ltr'><strong>illa</strong></span> 
     </span>
    </p>
   </div>
   <div class='ocr_carea' id='block_1_8' title="bbox 289 726 1893 808">
    <p class='ocr_par' dir='ltr' id='par_1_8' title="bbox 289 726 1893 808">
     <span class='ocr_line' id='line_1_8' title="bbox 289 726 1893 808; baseline -0.003 -16"><span class='ocrx_word' id='word_1_47' title='bbox 289 738 603 807; x_wconf 79' lang='lat' dir='ltr'><strong>religiosius</strong></span> <span class='ocrx_word' id='word_1_48' title='bbox 633 747 791 808; x_wconf 91' lang='lat' dir='ltr'><strong>atque</strong></span> <span class='ocrx_word' id='word_1_49' title='bbox 827 726 1241 793; x_wconf 45' lang='lat' dir='ltr'><strong>adeo&#39;titnidins</strong></span> <span class='ocrx_word' id='word_1_50' title='bbox 1280 735 1555 790; x_wconf 89' lang='lat' dir='ltr'><strong>tractanda</strong></span> <span class='ocrx_word' id='word_1_51' title='bbox 1600 748 1719 789; x_wconf 89' lang='lat' dir='ltr'><strong>esse</strong></span> <span class='ocrx_word' id='word_1_52' title='bbox 1771 749 1893 788; x_wconf 90' lang='lat' dir='ltr'><strong>sen-</strong></span> 
     </span>
    </p>
   </div>
   <div class='ocr_carea' id='block_1_9' title="bbox 287 827 1889 900">
    <p class='ocr_par' dir='ltr' id='par_1_9' title="bbox 287 827 1889 900">
     <span class='ocr_line' id='line_1_9' title="bbox 287 827 1889 900; baseline -0.001 -18"><span class='ocrx_word' id='word_1_53' title='bbox 287 831 531 883; x_wconf 86' lang='lat' dir='ltr'><strong>tiebant:</strong></span> <span class='ocrx_word' id='word_1_54' title='bbox 562 837 614 885; x_wconf 87' lang='lat' dir='ltr'><strong>et</strong></span> <span class='ocrx_word' id='word_1_55' title='bbox 642 844 895 900; x_wconf 79' lang='lat' dir='ltr'><strong>quorsum</strong></span> <span class='ocrx_word' id='word_1_56' title='bbox 924 829 1121 898; x_wconf 81' lang='lat' dir='ltr'><strong>alioqui</strong></span> <span class='ocrx_word' id='word_1_57' title='bbox 1151 843 1238 883; x_wconf 90' lang='lat' dir='ltr'><strong>res</strong></span> <span class='ocrx_word' id='word_1_58' title='bbox 1262 827 1544 891; x_wconf 89' lang='lat' dir='ltr'><strong>evaderet,</strong></span> <span class='ocrx_word' id='word_1_59' title='bbox 1578 827 1733 897; x_wconf 88' lang='lat' dir='ltr'><strong>longe</strong></span> <span class='ocrx_word' id='word_1_60' title='bbox 1766 841 1889 896; x_wconf 89' lang='lat' dir='ltr'><strong>pro-</strong></span> 
     </span>
    </p>
   </div>
   <div class='ocr_carea' id='block_1_10' title="bbox 291 922 1889 992">
    <p class='ocr_par' dir='ltr' id='par_1_10' title="bbox 291 922 1889 992">
     <span class='ocr_line' id='line_1_10' title="bbox 291 922 1889 992; baseline -0.001 -15"><span class='ocrx_word' id='word_1_61' title='bbox 291 922 620 991; x_wconf 73' lang='lat' dir='ltr'><strong>Spiciebant.</strong></span> <span class='ocrx_word' id='word_1_62' title='bbox 671 922 851 992; x_wconf 79' lang='lat' dir='ltr'><strong>ltaque</strong></span> <span class='ocrx_word' id='word_1_63' title='bbox 904 924 1059 986; x_wconf 89' lang='lat' dir='ltr'><strong>licet,</strong></span> <span class='ocrx_word' id='word_1_64' title='bbox 1108 937 1229 977; x_wconf 89' lang='lat' dir='ltr'><strong>cum</strong></span> <span class='ocrx_word' id='word_1_65' title='bbox 1278 931 1656 977; x_wconf 87' lang='lat' dir='ltr'><strong>accusarentur</strong></span> <span class='ocrx_word' id='word_1_66' title='bbox 1704 936 1889 977; x_wconf 89' lang='lat' dir='ltr'><strong>eorum</strong></span> 
     </span>
    </p>
   </div>
   <div class='ocr_carea' id='block_1_11' title="bbox 291 1016 1893 1087">
    <p class='ocr_par' dir='ltr' id='par_1_11' title="bbox 291 1016 1893 1087">
     <span class='ocr_line' id='line_1_11' title="bbox 291 1016 1893 1087; baseline 0.001 -17"><span class='ocrx_word' id='word_1_67' title='bbox 291 1024 536 1082; x_wconf 67' lang='grc' dir='ltr'><strong>συνᾶξεις,</strong></span> <span class='ocrx_word' id='word_1_68' title='bbox 579 1032 770 1087; x_wconf 86' lang='lat' dir='ltr'><strong>magna</strong></span> <span class='ocrx_word' id='word_1_69' title='bbox 815 1032 973 1072; x_wconf 88' lang='lat' dir='ltr'><strong>causa</strong></span> <span class='ocrx_word' id='word_1_70' title='bbox 1014 1030 1134 1071; x_wconf 90' lang='lat' dir='ltr'><strong>esse</strong></span> <span class='ocrx_word' id='word_1_71' title='bbox 1163 1016 1466 1083; x_wconf 82' lang='lat' dir='ltr'><strong>videretur,</strong></span> <span class='ocrx_word' id='word_1_72' title='bbox 1495 1032 1592 1071; x_wconf 90' lang='lat' dir='ltr'><strong>cur</strong></span> <span class='ocrx_word' id='word_1_73' title='bbox 1621 1031 1893 1085; x_wconf 84' lang='lat' dir='ltr'><strong>exponere</strong></span> 
     </span>
    </p>
   </div>
   <div class='ocr_carea' id='block_1_12' title="bbox 287 1108 1892 1181">
    <p class='ocr_par' dir='ltr' id='par_1_12' title="bbox 287 1108 1892 1181">
     <span class='ocr_line' id='line_1_12' title="bbox 287 1108 1892 1181; baseline 0.002 -20"><span class='ocrx_word' id='word_1_74' title='bbox 287 1108 555 1164; x_wconf 74' lang='lat' dir='ltr'><strong>deberent</strong></span> <span class='ocrx_word' id='word_1_75' title='bbox 602 1110 859 1180; x_wconf 86' lang='lat' dir='ltr'><strong>quidquid</strong></span> <span class='ocrx_word' id='word_1_76' title='bbox 905 1112 956 1164; x_wconf 93' lang='lat' dir='ltr'><strong>in</strong></span> <span class='ocrx_word' id='word_1_77' title='bbox 997 1111 1061 1165; x_wconf 90' lang='lat' dir='ltr'><strong>iis</strong></span> <span class='ocrx_word' id='word_1_78' title='bbox 1087 1120 1363 1181; x_wconf 81' lang='lat' dir='ltr'><strong>ageretur;</strong></span> <span class='ocrx_word' id='word_1_79' title='bbox 1396 1120 1570 1164; x_wconf 91' lang='lat' dir='ltr'><strong>tamen</strong></span> <span class='ocrx_word' id='word_1_80' title='bbox 1601 1110 1666 1163; x_wconf 89' lang='lat' dir='ltr'><strong>de</strong></span> <span class='ocrx_word' id='word_1_81' title='bbox 1695 1122 1892 1180; x_wconf 58' lang='lat' dir='ltr'><strong>mysle-</strong></span> 
     </span>
    </p>
   </div>
   <div class='ocr_carea' id='block_1_13' title="bbox 283 1202 1892 1274">
    <p class='ocr_par' dir='ltr' id='par_1_13' title="bbox 283 1202 1892 1274">
     <span class='ocr_line' id='line_1_13' title="bbox 283 1202 1892 1274; baseline 0.003 -19"><span class='ocrx_word' id='word_1_82' title='bbox 283 1202 386 1256; x_wconf 91' lang='lat' dir='ltr'><strong>riis</strong></span> <span class='ocrx_word' id='word_1_83' title='bbox 412 1202 545 1255; x_wconf 83' lang='lat' dir='ltr'><strong>nihil</strong></span> <span class='ocrx_word' id='word_1_84' title='bbox 571 1202 755 1257; x_wconf 87' lang='lat' dir='ltr'><strong>dicunt</strong></span> <span class='ocrx_word' id='word_1_85' title='bbox 783 1204 833 1257; x_wconf 90' lang='lat' dir='ltr'><strong>in</strong></span> <span class='ocrx_word' id='word_1_86' title='bbox 864 1203 1010 1268; x_wconf 85' lang='lat' dir='ltr'><strong>foro,</strong></span> <span class='ocrx_word' id='word_1_87' title='bbox 1040 1219 1213 1274; x_wconf 89' lang='lat' dir='ltr'><strong>neque</strong></span> <span class='ocrx_word' id='word_1_88' title='bbox 1238 1203 1305 1259; x_wconf 88' lang='lat' dir='ltr'><strong>de</strong></span> <span class='ocrx_word' id='word_1_89' title='bbox 1333 1204 1398 1259; x_wconf 87' lang='lat' dir='ltr'><strong>iis</strong></span> <span class='ocrx_word' id='word_1_90' title='bbox 1424 1218 1545 1259; x_wconf 92' lang='lat' dir='ltr'><strong>cum</strong></span> <span class='ocrx_word' id='word_1_91' title='bbox 1571 1203 1892 1260; x_wconf 86' lang='lat' dir='ltr'><strong>adversariis</strong></span> 
     </span>
    </p>
   </div>
   <div class='ocr_carea' id='block_1_14' title="bbox 284 1298 1116 1367">
    <p class='ocr_par' dir='ltr' id='par_1_14' title="bbox 284 1298 1116 1367">
     <span class='ocr_line' id='line_1_14' title="bbox 284 1298 1116 1367; baseline 0.004 -17"><span class='ocrx_word' id='word_1_92' title='bbox 284 1305 380 1351; x_wconf 91' lang='lat' dir='ltr'><strong>aut</strong></span> <span class='ocrx_word' id='word_1_93' title='bbox 406 1298 740 1352; x_wconf 89' lang='lat' dir='ltr'><strong>contendunt</strong></span> <span class='ocrx_word' id='word_1_94' title='bbox 768 1307 861 1352; x_wconf 91' lang='lat' dir='ltr'><strong>aut</strong></span> <span class='ocrx_word' id='word_1_95' title='bbox 887 1298 1116 1367; x_wconf 75' lang='lat' dir='ltr'><strong>litigant.</strong></span> 
     </span>
    </p>
   </div>
   <div class='ocr_carea' id='block_1_15' title="bbox 356 1388 1893 1461">
    <p class='ocr_par' dir='ltr' id='par_1_15' title="bbox 356 1388 1893 1461">
     <span class='ocr_line' id='line_1_15' title="bbox 356 1388 1893 1461; baseline 0.003 -19"><span class='ocrx_word' id='word_1_96' title='bbox 356 1391 536 1459; x_wconf 85' lang='lat' dir='ltr'><strong>Atque</strong></span> <span class='ocrx_word' id='word_1_97' title='bbox 576 1388 695 1444; x_wconf 65' lang='lat' dir='ltr'><strong>hinc</strong></span> <span class='ocrx_word' id='word_1_98' title='bbox 736 1389 949 1458; x_wconf 88' lang='lat' dir='ltr'><strong>quidem</strong></span> <span class='ocrx_word' id='word_1_99' title='bbox 990 1389 1246 1446; x_wconf 86' lang='lat' dir='ltr'><strong>hactenus</strong></span> <span class='ocrx_word' id='word_1_100' title='bbox 1288 1390 1521 1447; x_wconf 84' lang='lat' dir='ltr'><strong>breviter</strong></span> <span class='ocrx_word' id='word_1_101' title='bbox 1559 1404 1893 1461; x_wconf 71' lang='lat' dir='ltr'><strong>prmmonere</strong></span> 
     </span>
    </p>
   </div>
   <div class='ocr_carea' id='block_1_16' title="bbox 283 1478 1888 1542">
    <p class='ocr_par' dir='ltr' id='par_1_16' title="bbox 283 1478 1888 1542">
     <span class='ocr_line' id='line_1_16' title="bbox 283 1478 1888 1542; baseline 0.003 -10"><span class='ocrx_word' id='word_1_102' title='bbox 283 1480 459 1533; x_wconf 83' lang='lat' dir='ltr'><strong>visum</strong></span> <span class='ocrx_word' id='word_1_103' title='bbox 502 1478 634 1542; x_wconf 89' lang='lat' dir='ltr'><strong>fuit,</strong></span> <span class='ocrx_word' id='word_1_104' title='bbox 679 1489 738 1534; x_wconf 94' lang='lat' dir='ltr'><strong>ut</strong></span> <span class='ocrx_word' id='word_1_105' title='bbox 777 1481 843 1534; x_wconf 90' lang='lat' dir='ltr'><strong>ad</strong></span> <span class='ocrx_word' id='word_1_106' title='bbox 881 1482 1081 1536; x_wconf 85' lang='lat' dir='ltr'><strong>Octavii</strong></span> <span class='ocrx_word' id='word_1_107' title='bbox 1124 1482 1403 1537; x_wconf 84' lang='lat' dir='ltr'><strong>Minuciani</strong></span> <span class='ocrx_word' id='word_1_108' title='bbox 1436 1483 1716 1537; x_wconf 87' lang='lat' dir='ltr'><strong>lectionem</strong></span> <span class='ocrx_word' id='word_1_109' title='bbox 1750 1484 1888 1537; x_wconf 89' lang='lat' dir='ltr'><strong>viam</strong></span> 
     </span>
    </p>
   </div>
   <div class='ocr_carea' id='block_1_17' title="bbox 283 1574 1891 1646">
    <p class='ocr_par' dir='ltr' id='par_1_17' title="bbox 283 1574 1891 1646">
     <span class='ocr_line' id='line_1_17' title="bbox 283 1574 1891 1646; baseline 0.003 -22"><span class='ocrx_word' id='word_1_110' title='bbox 283 1574 456 1627; x_wconf 85' lang='lat' dir='ltr'><strong>veluti</strong></span> <span class='ocrx_word' id='word_1_111' title='bbox 487 1575 890 1641; x_wconf 64' lang='lat' dir='ltr'><strong>praemunirem,</strong></span> <span class='ocrx_word' id='word_1_112' title='bbox 927 1590 1044 1642; x_wconf 68' lang='lat' dir='ltr'><strong>qua:</strong></span> <span class='ocrx_word' id='word_1_113' title='bbox 1078 1587 1131 1629; x_wconf 92' lang='lat' dir='ltr'><strong>et</strong></span> <span class='ocrx_word' id='word_1_114' title='bbox 1157 1575 1578 1631; x_wconf 88' lang='lat' dir='ltr'><strong>Christianarum</strong></span> <span class='ocrx_word' id='word_1_115' title='bbox 1606 1577 1891 1646; x_wconf 88' lang='lat' dir='ltr'><strong>antiquita-</strong></span> 
     </span>
    </p>
   </div>
   <div class='ocr_carea' id='block_1_18' title="bbox 284 1665 1885 1733">
    <p class='ocr_par' dir='ltr' id='par_1_18' title="bbox 284 1665 1885 1733">
     <span class='ocr_line' id='line_1_18' title="bbox 284 1665 1885 1733; baseline 0.004 -16"><span class='ocrx_word' id='word_1_116' title='bbox 284 1674 403 1717; x_wconf 89' lang='lat' dir='ltr'><strong>tum</strong></span> <span class='ocrx_word' id='word_1_117' title='bbox 444 1667 763 1719; x_wconf 84' lang='lat' dir='ltr'><strong>memoriam</strong></span> <span class='ocrx_word' id='word_1_118' title='bbox 809 1665 963 1720; x_wconf 90' lang='lat' dir='ltr'><strong>uobis</strong></span> <span class='ocrx_word' id='word_1_119' title='bbox 990 1668 1364 1733; x_wconf 87' lang='lat' dir='ltr'><strong>commendet,</strong></span> <span class='ocrx_word' id='word_1_120' title='bbox 1398 1678 1449 1723; x_wconf 89' lang='lat' dir='ltr'><strong>ct</strong></span> <span class='ocrx_word' id='word_1_121' title='bbox 1478 1669 1542 1722; x_wconf 90' lang='lat' dir='ltr'><strong>ad</strong></span> <span class='ocrx_word' id='word_1_122' title='bbox 1576 1684 1693 1723; x_wconf 88' lang='lat' dir='ltr'><strong>eam</strong></span> <span class='ocrx_word' id='word_1_123' title='bbox 1725 1683 1885 1723; x_wconf 87' lang='lat' dir='ltr'><strong>reno-</strong></span> 
     </span>
    </p>
   </div>
   <div class='ocr_carea' id='block_1_19' title="bbox 2004 448 3595 525">
    <p class='ocr_par' dir='ltr' id='par_1_19' title="bbox 2004 448 3595 525">
     <span class='ocr_line' id='line_1_19' title="bbox 2004 448 3595 525; baseline 0.006 -23"><span class='ocrx_word' id='word_1_124' title='bbox 2004 450 2226 506; x_wconf 86' lang='lat' dir='ltr'><strong>fateor:</strong></span> <span class='ocrx_word' id='word_1_125' title='bbox 2268 461 2320 506; x_wconf 89' lang='lat' dir='ltr'><strong>et</strong></span> <span class='ocrx_word' id='word_1_126' title='bbox 2381 468 2499 507; x_wconf 90' lang='lat' dir='ltr'><strong>cum</strong></span> <span class='ocrx_word' id='word_1_127' title='bbox 2565 451 2650 507; x_wconf 87' lang='lat' dir='ltr'><strong>lex</strong></span> <span class='ocrx_word' id='word_1_128' title='bbox 2721 468 2853 507; x_wconf 88' lang='lat' dir='ltr'><strong>nova</strong></span> <span class='ocrx_word' id='word_1_129' title='bbox 2921 463 3159 523; x_wconf 82' lang='lat' dir='ltr'><strong>rogatur,</strong></span> <span class='ocrx_word' id='word_1_130' title='bbox 3210 448 3380 507; x_wconf 79' lang='lat' dir='ltr'><strong>fertur</strong></span> <span class='ocrx_word' id='word_1_131' title='bbox 3450 467 3595 525; x_wconf 61' lang='lat' dir='ltr'><strong>sirpe</strong></span> 
     </span>
    </p>
   </div>
   <div class='ocr_carea' id='block_1_20' title="bbox 2002 544 3584 618">
    <p class='ocr_par' dir='ltr' id='par_1_20' title="bbox 2002 544 3584 618">
     <span class='ocr_line' id='line_1_20' title="bbox 2002 544 3584 618; baseline 0.002 -19"><span class='ocrx_word' id='word_1_132' title='bbox 2002 544 2132 599; x_wconf 89' lang='lat' dir='ltr'><strong>illud</strong></span> <span class='ocrx_word' id='word_1_133' title='bbox 2182 545 2271 600; x_wconf 92' lang='lat' dir='ltr'><strong>Uti</strong></span> <span class='ocrx_word' id='word_1_134' title='bbox 2298 564 2449 617; x_wconf 81' lang='lat' dir='ltr'><strong>rogas</strong></span> <span class='ocrx_word' id='word_1_135' title='bbox 2475 588 2489 611; x_wconf 95' lang='lat'><strong>,</strong></span> <span class='ocrx_word' id='word_1_136' title='bbox 2521 548 2720 618; x_wconf 65' lang='lat' dir='ltr'><strong>saepius</strong></span> <span class='ocrx_word' id='word_1_137' title='bbox 2754 546 2895 601; x_wconf 81' lang='lat' dir='ltr'><strong>istud</strong></span> <span class='ocrx_word' id='word_1_138' title='bbox 2926 547 3169 618; x_wconf 84' lang='lat' dir='ltr'><strong>Antiqua,</strong></span> <span class='ocrx_word' id='word_1_139' title='bbox 3206 547 3361 602; x_wconf 88' lang='lat' dir='ltr'><strong>nobis</strong></span> <span class='ocrx_word' id='word_1_140' title='bbox 3393 556 3451 601; x_wconf 89' lang='lat' dir='ltr'><strong>ut</strong></span> <span class='ocrx_word' id='word_1_141' title='bbox 3489 562 3584 603; x_wconf 90' lang='lat' dir='ltr'><strong>oc-</strong></span> 
     </span>
    </p>
   </div>
   <div class='ocr_carea' id='block_1_21' title="bbox 2000 641 3589 713">
    <p class='ocr_par' dir='ltr' id='par_1_21' title="bbox 2000 641 3589 713">
     <span class='ocr_line' id='line_1_21' title="bbox 2000 641 3589 713; baseline -0.001 -17"><span class='ocrx_word' id='word_1_142' title='bbox 2000 653 2181 696; x_wconf 88' lang='lat' dir='ltr'><strong>currat</strong></span> <span class='ocrx_word' id='word_1_143' title='bbox 2210 652 2367 713; x_wconf 84' lang='lat' dir='ltr'><strong>atque</strong></span> <span class='ocrx_word' id='word_1_144' title='bbox 2400 641 2639 711; x_wconf 83' lang='lat' dir='ltr'><strong>placeat,</strong></span> <span class='ocrx_word' id='word_1_145' title='bbox 2672 655 2894 697; x_wconf 88' lang='lat' dir='ltr'><strong>necesse</strong></span> <span class='ocrx_word' id='word_1_146' title='bbox 2938 650 3054 705; x_wconf 84' lang='lat' dir='ltr'><strong>est,</strong></span> <span class='ocrx_word' id='word_1_147' title='bbox 3105 654 3297 713; x_wconf 88' lang='lat' dir='ltr'><strong>resque</strong></span> <span class='ocrx_word' id='word_1_148' title='bbox 3340 642 3589 710; x_wconf 81' lang='lat' dir='ltr'><strong>postulat.</strong></span> 
     </span>
    </p>
   </div>
   <div class='ocr_carea' id='block_1_22' title="bbox 2001 731 3589 805">
    <p class='ocr_par' dir='ltr' id='par_1_22' title="bbox 2001 731 3589 805">
     <span class='ocr_line' id='line_1_22' title="bbox 2001 731 3589 805; baseline 0.002 -19"><span class='ocrx_word' id='word_1_149' title='bbox 2001 731 2324 805; x_wconf 86' lang='lat' dir='ltr'><strong>Insculptum</strong></span> <span class='ocrx_word' id='word_1_150' title='bbox 2373 735 2557 789; x_wconf 65' lang='lat' dir='ltr'><strong>Romae</strong></span> <span class='ocrx_word' id='word_1_151' title='bbox 2608 737 2658 789; x_wconf 92' lang='lat' dir='ltr'><strong>in</strong></span> <span class='ocrx_word' id='word_1_152' title='bbox 2709 735 2876 791; x_wconf 89' lang='lat' dir='ltr'><strong>veteri</strong></span> <span class='ocrx_word' id='word_1_153' title='bbox 2929 749 3197 790; x_wconf 87' lang='lat' dir='ltr'><strong>marmore</strong></span> <span class='ocrx_word' id='word_1_154' title='bbox 3225 750 3346 789; x_wconf 86' lang='lat' dir='ltr'><strong>esse</strong></span> <span class='ocrx_word' id='word_1_155' title='bbox 3376 736 3589 801; x_wconf 90' lang='lat' dir='ltr'><strong>dicitur,</strong></span> 
     </span>
    </p>
   </div>
   <div class='ocr_carea' id='block_1_23' title="bbox 1999 825 3587 892">
    <p class='ocr_par' dir='ltr' id='par_1_23' title="bbox 1999 825 3587 892">
     <span class='ocr_line' id='line_1_23' title="bbox 1999 825 3587 892; baseline -0.001 -10"><span class='ocrx_word' id='word_1_156' title='bbox 1999 825 2237 885; x_wconf 70' lang='lat' dir='ltr'><strong>CANDIDA</strong></span> <span class='ocrx_word' id='word_1_157' title='bbox 2298 844 2472 884; x_wconf 72' lang='lat' dir='ltr'><strong>FULV’O</strong></span> <span class='ocrx_word' id='word_1_158' title='bbox 2534 843 2780 884; x_wconf 76' lang='lat' dir='ltr'><strong>NOBILIOR</strong></span> <span class='ocrx_word' id='word_1_159' title='bbox 2842 842 2980 883; x_wconf 77' lang='lat' dir='ltr'><strong>AUllO</strong></span> <span class='ocrx_word' id='word_1_160' title='bbox 3040 843 3196 882; x_wconf 78' lang='lat' dir='ltr'><strong>FELIX</strong></span> <span class='ocrx_word' id='word_1_161' title='bbox 3256 842 3587 892; x_wconf 72' lang='grc' dir='ltr'><strong>ΑΝτιουιτΑς.</strong></span> 
     </span>
    </p>
   </div>
   <div class='ocr_carea' id='block_1_24' title="bbox 1999 920 3590 991">
    <p class='ocr_par' dir='ltr' id='par_1_24' title="bbox 1999 920 3590 991">
     <span class='ocr_line' id='line_1_24' title="bbox 1999 920 3590 991; baseline -0.001 -14"><span class='ocrx_word' id='word_1_162' title='bbox 1999 920 2102 977; x_wconf 86' lang='lat' dir='ltr'><strong>Sed</strong></span> <span class='ocrx_word' id='word_1_163' title='bbox 2155 936 2273 991; x_wconf 80' lang='lat' dir='ltr'><strong>ejus</strong></span> <span class='ocrx_word' id='word_1_164' title='bbox 2339 921 2664 991; x_wconf 75' lang='lat' dir='ltr'><strong>prarjudiciis</strong></span> <span class='ocrx_word' id='word_1_165' title='bbox 2718 921 3003 977; x_wconf 81' lang='lat' dir='ltr'><strong>infeliciter</strong></span> <span class='ocrx_word' id='word_1_166' title='bbox 3054 921 3431 988; x_wconf 78' lang='lat' dir='ltr'><strong>abuterentur,</strong></span> <span class='ocrx_word' id='word_1_167' title='bbox 3487 921 3590 976; x_wconf 85' lang='lat' dir='ltr'><strong>nisi</strong></span> 
     </span>
    </p>
   </div>
   <div class='ocr_carea' id='block_1_25' title="bbox 1999 1013 3591 1085">
    <p class='ocr_par' dir='ltr' id='par_1_25' title="bbox 1999 1013 3591 1085">
     <span class='ocr_line' id='line_1_25' title="bbox 1999 1013 3591 1085; baseline -0.001 -16"><span class='ocrx_word' id='word_1_168' title='bbox 1999 1016 2225 1071; x_wconf 90' lang='lat' dir='ltr'><strong>liberum</strong></span> <span class='ocrx_word' id='word_1_169' title='bbox 2286 1016 2658 1085; x_wconf 87' lang='lat' dir='ltr'><strong>integrumque</strong></span> <span class='ocrx_word' id='word_1_170' title='bbox 2702 1014 2963 1085; x_wconf 89' lang='lat' dir='ltr'><strong>judicium</strong></span> <span class='ocrx_word' id='word_1_171' title='bbox 3012 1014 3064 1068; x_wconf 93' lang='lat' dir='ltr'><strong>in</strong></span> <span class='ocrx_word' id='word_1_172' title='bbox 3115 1014 3178 1068; x_wconf 92' lang='lat' dir='ltr'><strong>iis</strong></span> <span class='ocrx_word' id='word_1_173' title='bbox 3224 1013 3591 1069; x_wconf 84' lang='lat' dir='ltr'><strong>discernendis</strong></span> 
     </span>
    </p>
   </div>
   <div class='ocr_carea' id='block_1_26' title="bbox 1998 1107 3591 1179">
    <p class='ocr_par' dir='ltr' id='par_1_26' title="bbox 1998 1107 3591 1179">
     <span class='ocr_line' id='line_1_26' title="bbox 1998 1107 3591 1179; baseline 0.001 -18"><span class='ocrx_word' id='word_1_174' title='bbox 1998 1119 2156 1178; x_wconf 87' lang='lat' dir='ltr'><strong>atque</strong></span> <span class='ocrx_word' id='word_1_175' title='bbox 2186 1108 2469 1179; x_wconf 75' lang='lat' dir='ltr'><strong>diligendis</strong></span> <span class='ocrx_word' id='word_1_176' title='bbox 2497 1109 2881 1163; x_wconf 83' lang='lat' dir='ltr'><strong>adhibeamus:</strong></span> <span class='ocrx_word' id='word_1_177' title='bbox 2923 1124 2992 1163; x_wconf 89' lang='lat' dir='ltr'><strong>ne</strong></span> <span class='ocrx_word' id='word_1_178' title='bbox 3032 1107 3113 1162; x_wconf 85' lang='lat' dir='ltr'><strong>vel</strong></span> <span class='ocrx_word' id='word_1_179' title='bbox 3152 1107 3374 1163; x_wconf 82' lang='lat' dir='ltr'><strong>confuse</strong></span> <span class='ocrx_word' id='word_1_180' title='bbox 3414 1108 3591 1164; x_wconf 87' lang='lat' dir='ltr'><strong>omnia</strong></span> 
     </span>
    </p>
   </div>
   <div class='ocr_carea' id='block_1_27' title="bbox 1998 1200 3591 1269">
    <p class='ocr_par' dir='ltr' id='par_1_27' title="bbox 1998 1200 3591 1269">
     <span class='ocr_line' id='line_1_27' title="bbox 1998 1200 3591 1269; baseline 0 -14"><span class='ocrx_word' id='word_1_181' title='bbox 1998 1200 2350 1265; x_wconf 90' lang='lat' dir='ltr'><strong>misceamus,</strong></span> <span class='ocrx_word' id='word_1_182' title='bbox 2385 1201 2467 1254; x_wconf 89' lang='lat' dir='ltr'><strong>vel</strong></span> <span class='ocrx_word' id='word_1_183' title='bbox 2500 1200 2766 1255; x_wconf 83' lang='lat' dir='ltr'><strong>malitiose</strong></span> <span class='ocrx_word' id='word_1_184' title='bbox 2799 1210 3214 1269; x_wconf 68' lang='lat' dir='ltr'><strong>praetereamus,</strong></span> <span class='ocrx_word' id='word_1_185' title='bbox 3247 1215 3366 1268; x_wconf 75' lang='lat' dir='ltr'><strong>qua:</strong></span> <span class='ocrx_word' id='word_1_186' title='bbox 3396 1200 3591 1255; x_wconf 89' lang='lat' dir='ltr'><strong>imitari</strong></span> 
     </span>
    </p>
   </div>
   <div class='ocr_carea' id='block_1_28' title="bbox 1999 1291 3591 1363">
    <p class='ocr_par' dir='ltr' id='par_1_28' title="bbox 1999 1291 3591 1363">
     <span class='ocr_line' id='line_1_28' title="bbox 1999 1291 3591 1363; baseline 0.001 -17"><span class='ocrx_word' id='word_1_187' title='bbox 1999 1308 2097 1347; x_wconf 91' lang='lat' dir='ltr'><strong>nos</strong></span> <span class='ocrx_word' id='word_1_188' title='bbox 2140 1300 2381 1362; x_wconf 90' lang='lat' dir='ltr'><strong>oportet,</strong></span> <span class='ocrx_word' id='word_1_189' title='bbox 2428 1295 2511 1346; x_wconf 92' lang='lat' dir='ltr'><strong>vel</strong></span> <span class='ocrx_word' id='word_1_190' title='bbox 2557 1293 2750 1358; x_wconf 90' lang='lat' dir='ltr'><strong>etiam,</strong></span> <span class='ocrx_word' id='word_1_191' title='bbox 2796 1307 2916 1363; x_wconf 75' lang='lat' dir='ltr'><strong>qua:</strong></span> <span class='ocrx_word' id='word_1_192' title='bbox 2962 1291 3087 1345; x_wconf 92' lang='lat' dir='ltr'><strong>huic</strong></span> <span class='ocrx_word' id='word_1_193' title='bbox 3126 1291 3270 1346; x_wconf 75' lang='lat' dir='ltr'><strong>aetati</strong></span> <span class='ocrx_word' id='word_1_194' title='bbox 3310 1306 3415 1345; x_wconf 90' lang='lat' dir='ltr'><strong>non</strong></span> <span class='ocrx_word' id='word_1_195' title='bbox 3465 1308 3591 1348; x_wconf 87' lang='lat' dir='ltr'><strong>cott-</strong></span> 
     </span>
    </p>
   </div>
   <div class='ocr_carea' id='block_1_29' title="bbox 1997 1384 3591 1454">
    <p class='ocr_par' dir='ltr' id='par_1_29' title="bbox 1997 1384 3591 1454">
     <span class='ocr_line' id='line_1_29' title="bbox 1997 1384 3591 1454; baseline 0.002 -15"><span class='ocrx_word' id='word_1_196' title='bbox 1997 1386 2246 1452; x_wconf 90' lang='lat' dir='ltr'><strong>veniunt,</strong></span> <span class='ocrx_word' id='word_1_197' title='bbox 2300 1387 2721 1453; x_wconf 87' lang='lat' dir='ltr'><strong>intemperanter</strong></span> <span class='ocrx_word' id='word_1_198' title='bbox 2771 1400 3072 1454; x_wconf 90' lang='lat' dir='ltr'><strong>urgeamus.</strong></span> <span class='ocrx_word' id='word_1_199' title='bbox 3122 1384 3256 1439; x_wconf 78' lang='lat' dir='ltr'><strong>Cum</strong></span> <span class='ocrx_word' id='word_1_200' title='bbox 3318 1384 3447 1439; x_wconf 92' lang='lat' dir='ltr'><strong>olim</strong></span> <span class='ocrx_word' id='word_1_201' title='bbox 3522 1386 3591 1443; x_wconf 91' lang='lat' dir='ltr'><strong>de</strong></span> 
     </span>
    </p>
   </div>
   <div class='ocr_carea' id='block_1_30' title="bbox 1998 1461 3675 1549">
    <p class='ocr_par' dir='ltr' id='par_1_30' title="bbox 1998 1461 3675 1549">
     <span class='ocr_line' id='line_1_30' title="bbox 1998 1461 3675 1549; baseline 0.001 -18"><span class='ocrx_word' id='word_1_202' title='bbox 1998 1478 2330 1533; x_wconf 83' lang='lat' dir='ltr'><strong>testamentis</strong></span> <span class='ocrx_word' id='word_1_203' title='bbox 2359 1487 2628 1549; x_wconf 80' lang='lat' dir='ltr'><strong>ageretur,</strong></span> <span class='ocrx_word' id='word_1_204' title='bbox 2662 1480 2744 1533; x_wconf 78' lang='lat' dir='ltr'><strong>lex</strong></span> <span class='ocrx_word' id='word_1_205' title='bbox 2785 1477 3028 1549; x_wconf 71' lang='lat' dir='ltr'><strong>quaedam</strong></span> <span class='ocrx_word' id='word_1_206' title='bbox 3066 1477 3237 1532; x_wconf 89' lang='lat' dir='ltr'><strong>civilis</strong></span> <span class='ocrx_word' id='word_1_207' title='bbox 3278 1477 3587 1547; x_wconf 87' lang='lat' dir='ltr'><strong>respondit,</strong></span> <span class='ocrx_word' id='word_1_208' title='bbox 3670 1461 3675 1465; x_wconf 10' lang='lat' dir='ltr'><strong>i</strong></span> 
     </span>
    </p>
   </div>
   <div class='ocr_carea' id='block_1_31' title="bbox 2002 1570 3582 1626">
    <p class='ocr_par' dir='ltr' id='par_1_31' title="bbox 2002 1570 3582 1626">
     <span class='ocr_line' id='line_1_31' title="bbox 2002 1570 3582 1626; baseline 0.001 -4"><span class='ocrx_word' id='word_1_209' title='bbox 2002 1589 2021 1622; x_wconf 72' lang='grc' dir='ltr'><strong>ι</strong></span> <span class='ocrx_word' id='word_1_210' title='bbox 2056 1570 2391 1626; x_wconf 88' lang='lat' dir='ltr'><strong>retinendum</strong></span> <span class='ocrx_word' id='word_1_211' title='bbox 2438 1584 2557 1626; x_wconf 88' lang='lat' dir='ltr'><strong>esse</strong></span> <span class='ocrx_word' id='word_1_212' title='bbox 2604 1585 2809 1625; x_wconf 90' lang='lat' dir='ltr'><strong>morem</strong></span> <span class='ocrx_word' id='word_1_213' title='bbox 2858 1570 3180 1624; x_wconf 76' lang='lat' dir='ltr'><strong>fidelissima:</strong></span> <span class='ocrx_word' id='word_1_214' title='bbox 3226 1572 3526 1625; x_wconf 88' lang='lat' dir='ltr'><strong>vetustatis.</strong></span> <span class='ocrx_word' id='word_1_215' title='bbox 3564 1590 3582 1623; x_wconf 73' lang='grc' dir='ltr'><strong>ι</strong></span> 
     </span>
    </p>
   </div>
   <div class='ocr_carea' id='block_1_32' title="bbox 1996 1662 3589 1732">
    <p class='ocr_par' dir='ltr' id='par_1_32' title="bbox 1996 1662 3589 1732">
     <span class='ocr_line' id='line_1_32' title="bbox 1996 1662 3589 1732; baseline 0.003 -14"><span class='ocrx_word' id='word_1_216' title='bbox 1996 1664 2055 1719; x_wconf 91' lang='lat' dir='ltr'><strong>L.</strong></span> <span class='ocrx_word' id='word_1_217' title='bbox 2127 1680 2273 1719; x_wconf 87' lang='lat' dir='ltr'><strong>xvut.</strong></span> <span class='ocrx_word' id='word_1_218' title='bbox 2327 1664 2458 1719; x_wconf 83' lang='lat' dir='ltr'><strong>Cod.</strong></span> <span class='ocrx_word' id='word_1_219' title='bbox 2512 1665 2575 1719; x_wconf 84' lang='lat' dir='ltr'><strong>de</strong></span> <span class='ocrx_word' id='word_1_220' title='bbox 2621 1662 2844 1717; x_wconf 81' lang='lat' dir='ltr'><strong>Testam.</strong></span> <span class='ocrx_word' id='word_1_221' title='bbox 2898 1662 3138 1732; x_wconf 88' lang='lat' dir='ltr'><strong>Cumque</strong></span> <span class='ocrx_word' id='word_1_222' title='bbox 3177 1664 3245 1718; x_wconf 89' lang='lat' dir='ltr'><strong>de</strong></span> <span class='ocrx_word' id='word_1_223' title='bbox 3294 1664 3487 1720; x_wconf 79' lang='lat' dir='ltr'><strong>finibus</strong></span> <span class='ocrx_word' id='word_1_224' title='bbox 3536 1675 3589 1722; x_wconf 91' lang='lat' dir='ltr'><strong>ct</strong></span> 
     </span>
    </p>
   </div>
   <div class='ocr_carea' id='block_1_33' title="bbox 282 1755 3587 1830">
    <p class='ocr_par' dir='ltr' id='par_1_33' title="bbox 282 1755 3587 1830">
     <span class='ocr_line' id='line_1_33' title="bbox 282 1755 3587 1830; baseline 0.002 -23"><span class='ocrx_word' id='word_1_225' title='bbox 282 1755 518 1808; x_wconf 84' lang='lat' dir='ltr'><strong>vandam</strong></span> <span class='ocrx_word' id='word_1_226' title='bbox 560 1771 660 1810; x_wconf 92' lang='lat' dir='ltr'><strong>nos</strong></span> <span class='ocrx_word' id='word_1_227' title='bbox 697 1757 923 1819; x_wconf 84' lang='lat' dir='ltr'><strong>excitet,</strong></span> <span class='ocrx_word' id='word_1_228' title='bbox 967 1760 1057 1828; x_wconf 89' lang='lat' dir='ltr'><strong>qui</strong></span> <span class='ocrx_word' id='word_1_229' title='bbox 1095 1770 1151 1815; x_wconf 90' lang='lat' dir='ltr'><strong>et</strong></span> <span class='ocrx_word' id='word_1_230' title='bbox 1188 1760 1385 1830; x_wconf 88' lang='lat' dir='ltr'><strong>alioqui</strong></span> <span class='ocrx_word' id='word_1_231' title='bbox 1429 1761 1700 1817; x_wconf 79' lang='lat' dir='ltr'><strong>Romanas</strong></span> <span class='ocrx_word' id='word_1_232' title='bbox 1741 1772 1888 1815; x_wconf 90' lang='lat' dir='ltr'><strong>tanto</strong></span> <span class='ocrx_word' id='word_1_233' title='bbox 1916 1760 1964 1819; x_wconf 93' lang='lat' dir='ltr'><strong>B</strong></span> <span class='ocrx_word' id='word_1_234' title='bbox 1993 1759 2180 1812; x_wconf 88' lang='lat' dir='ltr'><strong>ordine</strong></span> <span class='ocrx_word' id='word_1_235' title='bbox 2203 1758 2603 1828; x_wconf 82' lang='lat' dir='ltr'><strong>gubernationis</strong></span> <span class='ocrx_word' id='word_1_236' title='bbox 2627 1757 3005 1813; x_wconf 74' lang='lat' dir='ltr'><strong>ecclesiasticae</strong></span> <span class='ocrx_word' id='word_1_237' title='bbox 3028 1767 3381 1828; x_wconf 66' lang='lat' dir='ltr'><strong>quereretur,</strong></span> <span class='ocrx_word' id='word_1_238' title='bbox 3409 1759 3587 1815; x_wconf 89' lang='lat' dir='ltr'><strong>audita</strong></span> 
     </span>
    </p>
   </div>
   <div class='ocr_carea' id='block_1_34' title="bbox 281 1846 1888 1924">
    <p class='ocr_par' dir='ltr' id='par_1_34' title="bbox 281 1846 1888 1924">
     <span class='ocr_line' id='line_1_34' title="bbox 281 1846 1888 1924; baseline 0.005 -25"><span class='ocrx_word' id='word_1_239' title='bbox 281 1846 470 1899; x_wconf 84' lang='lat' dir='ltr'><strong>studio</strong></span> <span class='ocrx_word' id='word_1_240' title='bbox 513 1848 902 1916; x_wconf 84' lang='lat' dir='ltr'><strong>persequimur.</strong></span> <span class='ocrx_word' id='word_1_241' title='bbox 931 1849 1110 1919; x_wconf 83' lang='lat' dir='ltr'><strong>Atque</strong></span> <span class='ocrx_word' id='word_1_242' title='bbox 1156 1851 1356 1906; x_wconf 87' lang='lat' dir='ltr'><strong>utinam</strong></span> <span class='ocrx_word' id='word_1_243' title='bbox 1401 1852 1491 1924; x_wconf 86' lang='lat' dir='ltr'><strong>qui</strong></span> <span class='ocrx_word' id='word_1_244' title='bbox 1538 1853 1724 1908; x_wconf 77' lang='lat' dir='ltr'><strong>Roma:</strong></span> <span class='ocrx_word' id='word_1_245' title='bbox 1762 1862 1888 1907; x_wconf 92' lang='lat' dir='ltr'><strong>sunt</strong></span> 
     </span>
    </p>
   </div>
   <div class='ocr_carea' id='block_1_35' title="bbox 282 1940 1888 2017">
    <p class='ocr_par' dir='ltr' id='par_1_35' title="bbox 282 1940 1888 2017">
     <span class='ocr_line' id='line_1_35' title="bbox 282 1940 1888 2017; baseline 0.004 -24"><span class='ocrx_word' id='word_1_246' title='bbox 282 1940 438 1993; x_wconf 89' lang='lat' dir='ltr'><strong>docti</strong></span> <span class='ocrx_word' id='word_1_247' title='bbox 472 1941 742 2005; x_wconf 88' lang='lat' dir='ltr'><strong>homines,</strong></span> <span class='ocrx_word' id='word_1_248' title='bbox 785 1951 840 1996; x_wconf 92' lang='lat' dir='ltr'><strong>et</strong></span> <span class='ocrx_word' id='word_1_249' title='bbox 881 1943 1087 1998; x_wconf 89' lang='lat' dir='ltr'><strong>nullum</strong></span> <span class='ocrx_word' id='word_1_250' title='bbox 1117 1958 1224 1998; x_wconf 92' lang='lat' dir='ltr'><strong>non</strong></span> <span class='ocrx_word' id='word_1_251' title='bbox 1255 1945 1416 1999; x_wconf 92' lang='lat' dir='ltr'><strong>etiam</strong></span> <span class='ocrx_word' id='word_1_252' title='bbox 1448 1946 1679 2017; x_wconf 90' lang='lat' dir='ltr'><strong>lapidem</strong></span> <span class='ocrx_word' id='word_1_253' title='bbox 1711 1946 1888 2001; x_wconf 89' lang='lat' dir='ltr'><strong>revol-</strong></span> 
     </span>
    </p>
   </div>
   <div class='ocr_carea' id='block_1_36' title="bbox 282 2031 1887 2106">
    <p class='ocr_par' dir='ltr' id='par_1_36' title="bbox 282 2031 1887 2106">
     <span class='ocr_line' id='line_1_36' title="bbox 282 2031 1887 2106; baseline 0.006 -23"><span class='ocrx_word' id='word_1_254' title='bbox 282 2040 455 2094; x_wconf 79' lang='lat' dir='ltr'><strong>vunt,</strong></span> <span class='ocrx_word' id='word_1_255' title='bbox 490 2031 785 2102; x_wconf 88' lang='lat' dir='ltr'><strong>nullamque</strong></span> <span class='ocrx_word' id='word_1_256' title='bbox 813 2048 919 2088; x_wconf 92' lang='lat' dir='ltr'><strong>non</strong></span> <span class='ocrx_word' id='word_1_257' title='bbox 954 2037 1003 2088; x_wconf 92' lang='lat' dir='ltr'><strong>in</strong></span> <span class='ocrx_word' id='word_1_258' title='bbox 1049 2034 1180 2104; x_wconf 89' lang='lat' dir='ltr'><strong>ipsis</strong></span> <span class='ocrx_word' id='word_1_259' title='bbox 1219 2036 1483 2106; x_wconf 87' lang='lat' dir='ltr'><strong>lapidibus</strong></span> <span class='ocrx_word' id='word_1_260' title='bbox 1523 2039 1755 2092; x_wconf 89' lang='lat' dir='ltr'><strong>litteram</strong></span> <span class='ocrx_word' id='word_1_261' title='bbox 1792 2039 1887 2093; x_wconf 92' lang='lat' dir='ltr'><strong>ob-</strong></span> 
     </span>
    </p>
   </div>
   <div class='ocr_carea' id='block_1_37' title="bbox 278 2127 1880 2201">
    <p class='ocr_par' dir='ltr' id='par_1_37' title="bbox 278 2127 1880 2201">
     <span class='ocr_line' id='line_1_37' title="bbox 278 2127 1880 2201; baseline 0.007 -24"><span class='ocrx_word' id='word_1_262' title='bbox 278 2132 532 2186; x_wconf 82' lang='lat' dir='ltr'><strong>servant,</strong></span> <span class='ocrx_word' id='word_1_263' title='bbox 577 2134 633 2178; x_wconf 92' lang='lat' dir='ltr'><strong>ut</strong></span> <span class='ocrx_word' id='word_1_264' title='bbox 670 2127 905 2193; x_wconf 73' lang='lat' dir='ltr'><strong>antiqua:</strong></span> <span class='ocrx_word' id='word_1_265' title='bbox 946 2128 1249 2199; x_wconf 75' lang='lat' dir='ltr'><strong>reipublicae</strong></span> <span class='ocrx_word' id='word_1_266' title='bbox 1287 2131 1485 2201; x_wconf 88' lang='lat' dir='ltr'><strong>aliquid</strong></span> <span class='ocrx_word' id='word_1_267' title='bbox 1526 2143 1750 2188; x_wconf 90' lang='lat' dir='ltr'><strong>eruant:</strong></span> <span class='ocrx_word' id='word_1_268' title='bbox 1784 2148 1880 2188; x_wconf 91' lang='lat' dir='ltr'><strong>ve-</strong></span> 
     </span>
    </p>
   </div>
   <div class='ocr_carea' id='block_1_38' title="bbox 279 2216 1882 2294">
    <p class='ocr_par' dir='ltr' id='par_1_38' title="bbox 279 2216 1882 2294">
     <span class='ocr_line' id='line_1_38' title="bbox 279 2216 1882 2294; baseline 0.007 -28"><span class='ocrx_word' id='word_1_269' title='bbox 279 2216 411 2269; x_wconf 90' lang='lat' dir='ltr'><strong>teris</strong></span> <span class='ocrx_word' id='word_1_270' title='bbox 462 2230 677 2286; x_wconf 86' lang='lat' dir='ltr'><strong>quoque</strong></span> <span class='ocrx_word' id='word_1_271' title='bbox 726 2217 982 2273; x_wconf 75' lang='lat' dir='ltr'><strong>Ecclesia:</strong></span> <span class='ocrx_word' id='word_1_272' title='bbox 1028 2220 1355 2276; x_wconf 88' lang='lat' dir='ltr'><strong>monimenta</strong></span> <span class='ocrx_word' id='word_1_273' title='bbox 1411 2221 1648 2294; x_wconf 89' lang='lat' dir='ltr'><strong>(quibus</strong></span> <span class='ocrx_word' id='word_1_274' title='bbox 1696 2222 1882 2278; x_wconf 89' lang='lat' dir='ltr'><strong>eadem</strong></span> 
     </span>
    </p>
   </div>
   <div class='ocr_carea' id='block_1_39' title="bbox 278 2308 1884 2387">
    <p class='ocr_par' dir='ltr' id='par_1_39' title="bbox 278 2308 1884 2387">
     <span class='ocr_line' id='line_1_39' title="bbox 278 2308 1884 2387; baseline 0.006 -25"><span class='ocrx_word' id='word_1_275' title='bbox 278 2308 413 2363; x_wconf 84' lang='lat' dir='ltr'><strong>urbs</strong></span> <span class='ocrx_word' id='word_1_276' title='bbox 453 2309 736 2382; x_wconf 82' lang='lat' dir='ltr'><strong>abundat)</strong></span> <span class='ocrx_word' id='word_1_277' title='bbox 776 2313 1122 2382; x_wconf 79' lang='lat' dir='ltr'><strong>colligerent,</strong></span> <span class='ocrx_word' id='word_1_278' title='bbox 1166 2314 1480 2386; x_wconf 86' lang='lat' dir='ltr'><strong>pluresque,</strong></span> <span class='ocrx_word' id='word_1_279' title='bbox 1522 2318 1611 2387; x_wconf 90' lang='lat' dir='ltr'><strong>qui</strong></span> <span class='ocrx_word' id='word_1_280' title='bbox 1644 2318 1696 2371; x_wconf 92' lang='lat' dir='ltr'><strong>in</strong></span> <span class='ocrx_word' id='word_1_281' title='bbox 1737 2333 1799 2373; x_wconf 91' lang='lat' dir='ltr'><strong>ea</strong></span> <span class='ocrx_word' id='word_1_282' title='bbox 1830 2326 1884 2373; x_wconf 90' lang='lat' dir='ltr'><strong>et</strong></span> 
     </span>
    </p>
   </div>
   <div class='ocr_carea' id='block_1_40' title="bbox 276 2401 1883 2473">
    <p class='ocr_par' dir='ltr' id='par_1_40' title="bbox 276 2401 1883 2473">
     <span class='ocr_line' id='line_1_40' title="bbox 276 2401 1883 2473; baseline 0.009 -22"><span class='ocrx_word' id='word_1_283' title='bbox 276 2401 565 2467; x_wconf 76' lang='lat' dir='ltr'><strong>vixerunt,</strong></span> <span class='ocrx_word' id='word_1_284' title='bbox 602 2412 655 2456; x_wconf 86' lang='lat' dir='ltr'><strong>et</strong></span> <span class='ocrx_word' id='word_1_285' title='bbox 684 2405 878 2473; x_wconf 89' lang='lat' dir='ltr'><strong>sepulti</strong></span> <span class='ocrx_word' id='word_1_286' title='bbox 911 2416 1071 2472; x_wconf 91' lang='lat' dir='ltr'><strong>sunt,</strong></span> <span class='ocrx_word' id='word_1_287' title='bbox 1103 2405 1368 2463; x_wconf 77' lang='lat' dir='ltr'><strong>Minucios</strong></span> <span class='ocrx_word' id='word_1_288' title='bbox 1394 2410 1707 2464; x_wconf 90' lang='lat' dir='ltr'><strong>excitarent.</strong></span> <span class='ocrx_word' id='word_1_289' title='bbox 1741 2410 1883 2466; x_wconf 83' lang='lat' dir='ltr'><strong>Satis</strong></span> 
     </span>
    </p>
   </div>
   <div class='ocr_carea' id='block_1_41' title="bbox 266 2493 1884 2570">
    <p class='ocr_par' dir='ltr' id='par_1_41' title="bbox 266 2493 1884 2570">
     <span class='ocr_line' id='line_1_41' title="bbox 266 2493 1884 2570; baseline 0.011 -27"><span class='ocrx_word' id='word_1_290' title='bbox 266 2493 416 2561; x_wconf 86' lang='lat' dir='ltr'><strong>jam,</strong></span> <span class='ocrx_word' id='word_1_291' title='bbox 449 2495 584 2547; x_wconf 87' lang='lat' dir='ltr'><strong>satis</strong></span> <span class='ocrx_word' id='word_1_292' title='bbox 615 2506 698 2550; x_wconf 87' lang='lat' dir='ltr'><strong>est</strong></span> <span class='ocrx_word' id='word_1_293' title='bbox 730 2513 987 2552; x_wconf 90' lang='lat' dir='ltr'><strong>novorum</strong></span> <span class='ocrx_word' id='word_1_294' title='bbox 1020 2499 1087 2553; x_wconf 92' lang='lat' dir='ltr'><strong>de</strong></span> <span class='ocrx_word' id='word_1_295' title='bbox 1116 2499 1393 2570; x_wconf 84' lang='lat' dir='ltr'><strong>ReligiOue</strong></span> <span class='ocrx_word' id='word_1_296' title='bbox 1416 2501 1737 2557; x_wconf 87' lang='lat' dir='ltr'><strong>libellorum.</strong></span> <span class='ocrx_word' id='word_1_297' title='bbox 1777 2504 1884 2560; x_wconf 85' lang='lat' dir='ltr'><strong>Ve-</strong></span> 
     </span>
    </p>
   </div>
   <div class='ocr_carea' id='block_1_42' title="bbox 274 2586 1882 2664">
    <p class='ocr_par' dir='ltr' id='par_1_42' title="bbox 274 2586 1882 2664">
     <span class='ocr_line' id='line_1_42' title="bbox 274 2586 1882 2664; baseline 0.009 -26"><span class='ocrx_word' id='word_1_298' title='bbox 274 2586 483 2640; x_wconf 88' lang='lat' dir='ltr'><strong>teribus</strong></span> <span class='ocrx_word' id='word_1_299' title='bbox 540 2588 720 2656; x_wconf 86' lang='lat' dir='ltr'><strong>potius</strong></span> <span class='ocrx_word' id='word_1_300' title='bbox 772 2590 824 2643; x_wconf 92' lang='lat' dir='ltr'><strong>in</strong></span> <span class='ocrx_word' id='word_1_301' title='bbox 876 2590 1048 2646; x_wconf 90' lang='lat' dir='ltr'><strong>lucem</strong></span> <span class='ocrx_word' id='word_1_302' title='bbox 1103 2593 1419 2648; x_wconf 90' lang='lat' dir='ltr'><strong>revocandis</strong></span> <span class='ocrx_word' id='word_1_303' title='bbox 1464 2594 1620 2663; x_wconf 81' lang='lat' dir='ltr'><strong>hujus</strong></span> <span class='ocrx_word' id='word_1_304' title='bbox 1669 2597 1882 2664; x_wconf 84' lang='lat' dir='ltr'><strong>generis</strong></span> 
     </span>
    </p>
   </div>
   <div class='ocr_carea' id='block_1_43' title="bbox 269 2680 1880 2753">
    <p class='ocr_par' dir='ltr' id='par_1_43' title="bbox 269 2680 1880 2753">
     <span class='ocr_line' id='line_1_43' title="bbox 269 2680 1880 2753; baseline 0.007 -21"><span class='ocrx_word' id='word_1_305' title='bbox 269 2680 518 2750; x_wconf 85' lang='lat' dir='ltr'><strong>reliquiis</strong></span> <span class='ocrx_word' id='word_1_306' title='bbox 556 2697 776 2752; x_wconf 88' lang='lat' dir='ltr'><strong>operam</strong></span> <span class='ocrx_word' id='word_1_307' title='bbox 815 2683 1035 2739; x_wconf 88' lang='lat' dir='ltr'><strong>demus:</strong></span> <span class='ocrx_word' id='word_1_308' title='bbox 1078 2694 1133 2741; x_wconf 92' lang='lat' dir='ltr'><strong>et</strong></span> <span class='ocrx_word' id='word_1_309' title='bbox 1171 2688 1340 2741; x_wconf 90' lang='lat' dir='ltr'><strong>simus</strong></span> <span class='ocrx_word' id='word_1_310' title='bbox 1377 2687 1666 2753; x_wconf 83' lang='lat' dir='ltr'><strong>aliquando</strong></span> <span class='ocrx_word' id='word_1_311' title='bbox 1708 2688 1880 2744; x_wconf 75' lang='lat' dir='ltr'><strong>docta:</strong></span> 
     </span>
    </p>
   </div>
   <div class='ocr_carea' id='block_1_44' title="bbox 267 2774 1878 2848">
    <p class='ocr_par' dir='ltr' id='par_1_44' title="bbox 267 2774 1878 2848">
     <span class='ocr_line' id='line_1_44' title="bbox 267 2774 1878 2848; baseline 0.01 -25"><span class='ocrx_word' id='word_1_312' title='bbox 267 2774 615 2841; x_wconf 87' lang='lat' dir='ltr'><strong>antiquitatis</strong></span> <span class='ocrx_word' id='word_1_313' title='bbox 662 2777 876 2844; x_wconf 90' lang='lat' dir='ltr'><strong>potius,</strong></span> <span class='ocrx_word' id='word_1_314' title='bbox 910 2793 1069 2848; x_wconf 89' lang='lat' dir='ltr'><strong>quam</strong></span> <span class='ocrx_word' id='word_1_315' title='bbox 1114 2780 1288 2834; x_wconf 91' lang='lat' dir='ltr'><strong>inanis</strong></span> <span class='ocrx_word' id='word_1_316' title='bbox 1327 2781 1577 2835; x_wconf 88' lang='lat' dir='ltr'><strong>novitatis</strong></span> <span class='ocrx_word' id='word_1_317' title='bbox 1615 2783 1878 2840; x_wconf 90' lang='lat' dir='ltr'><strong>studiosi:</strong></span> 
     </span>
    </p>
   </div>
   <div class='ocr_carea' id='block_1_45' title="bbox 269 2867 1880 2943">
    <p class='ocr_par' dir='ltr' id='par_1_45' title="bbox 269 2867 1880 2943">
     <span class='ocr_line' id='line_1_45' title="bbox 269 2867 1880 2943; baseline 0.007 -24"><span class='ocrx_word' id='word_1_318' title='bbox 269 2867 655 2938; x_wconf 76' lang='lat' dir='ltr'><strong>majorumque</strong></span> <span class='ocrx_word' id='word_1_319' title='bbox 706 2879 1014 2926; x_wconf 91' lang='lat' dir='ltr'><strong>nostrorum</strong></span> <span class='ocrx_word' id='word_1_320' title='bbox 1056 2872 1317 2943; x_wconf 81' lang='lat' dir='ltr'><strong>imagines</strong></span> <span class='ocrx_word' id='word_1_321' title='bbox 1355 2883 1409 2928; x_wconf 92' lang='lat' dir='ltr'><strong>et</strong></span> <span class='ocrx_word' id='word_1_322' title='bbox 1449 2876 1782 2940; x_wconf 88' lang='lat' dir='ltr'><strong>intueamur,</strong></span> <span class='ocrx_word' id='word_1_323' title='bbox 1826 2884 1880 2930; x_wconf 90' lang='lat' dir='ltr'><strong>et</strong></span> 
     </span>
    </p>
   </div>
   <div class='ocr_carea' id='block_1_46' title="bbox 270 2961 1877 3031">
    <p class='ocr_par' dir='ltr' id='par_1_46' title="bbox 270 2961 1877 3031">
     <span class='ocr_line' id='line_1_46' title="bbox 270 2961 1877 3031; baseline 0.008 -19"><span class='ocrx_word' id='word_1_324' title='bbox 270 2961 430 3025; x_wconf 74' lang='lat' dir='ltr'><strong>aliis,</strong></span> <span class='ocrx_word' id='word_1_325' title='bbox 466 2977 530 3014; x_wconf 87' lang='lat' dir='ltr'><strong>ne</strong></span> <span class='ocrx_word' id='word_1_326' title='bbox 557 2962 675 3015; x_wconf 87' lang='lat' dir='ltr'><strong>novi</strong></span> <span class='ocrx_word' id='word_1_327' title='bbox 707 2961 958 3019; x_wconf 87' lang='lat' dir='ltr'><strong>homines</strong></span> <span class='ocrx_word' id='word_1_328' title='bbox 988 2980 1107 3021; x_wconf 90' lang='lat' dir='ltr'><strong>esse</strong></span> <span class='ocrx_word' id='word_1_329' title='bbox 1139 2965 1278 3021; x_wconf 83' lang='lat' dir='ltr'><strong>forte</strong></span> <span class='ocrx_word' id='word_1_330' title='bbox 1308 2966 1607 3031; x_wconf 82' lang='lat' dir='ltr'><strong>videamur,</strong></span> <span class='ocrx_word' id='word_1_331' title='bbox 1638 2977 1877 3025; x_wconf 84' lang='lat' dir='ltr'><strong>ostente-</strong></span> 
     </span>
    </p>
   </div>
   <div class='ocr_carea' id='block_1_47' title="bbox 267 3052 1877 3133">
    <p class='ocr_par' dir='ltr' id='par_1_47' title="bbox 267 3052 1877 3133">
     <span class='ocr_line' id='line_1_47' title="bbox 267 3052 1877 3133; baseline 0.007 -26"><span class='ocrx_word' id='word_1_332' title='bbox 267 3068 416 3107; x_wconf 85' lang='lat' dir='ltr'><strong>mus.</strong></span> <span class='ocrx_word' id='word_1_333' title='bbox 472 3052 649 3122; x_wconf 78' lang='lat' dir='ltr'><strong>Neque</strong></span> <span class='ocrx_word' id='word_1_334' title='bbox 692 3065 904 3125; x_wconf 87' lang='lat' dir='ltr'><strong>tamen,</strong></span> <span class='ocrx_word' id='word_1_335' title='bbox 947 3059 1046 3113; x_wconf 90' lang='lat' dir='ltr'><strong>etsi</strong></span> <span class='ocrx_word' id='word_1_336' title='bbox 1086 3060 1273 3115; x_wconf 88' lang='lat' dir='ltr'><strong>eadem</strong></span> <span class='ocrx_word' id='word_1_337' title='bbox 1315 3076 1503 3116; x_wconf 90' lang='lat' dir='ltr'><strong>eorum</strong></span> <span class='ocrx_word' id='word_1_338' title='bbox 1545 3062 1731 3133; x_wconf 82' lang='lat' dir='ltr'><strong>religio</strong></span> <span class='ocrx_word' id='word_1_339' title='bbox 1760 3066 1877 3118; x_wconf 90' lang='lat' dir='ltr'><strong>ani-</strong></span> 
     </span>
    </p>
   </div>
   <div class='ocr_carea' id='block_1_48' title="bbox 1993 1849 3586 1906">
    <p class='ocr_par' dir='ltr' id='par_1_48' title="bbox 1993 1849 3586 1906">
     <span class='ocr_line' id='line_1_48' title="bbox 1993 1849 3586 1906; baseline 0 -2"><span class='ocrx_word' id='word_1_340' title='bbox 1993 1851 2043 1904; x_wconf 93' lang='lat' dir='ltr'><strong>in</strong></span> <span class='ocrx_word' id='word_1_341' title='bbox 2092 1850 2307 1905; x_wconf 73' lang='lat' dir='ltr'><strong>Nicteno</strong></span> <span class='ocrx_word' id='word_1_342' title='bbox 2350 1850 2579 1905; x_wconf 88' lang='lat' dir='ltr'><strong>concilio</strong></span> <span class='ocrx_word' id='word_1_343' title='bbox 2620 1857 2701 1904; x_wconf 88' lang='lat' dir='ltr'><strong>est</strong></span> <span class='ocrx_word' id='word_1_344' title='bbox 2744 1849 2831 1902; x_wconf 90' lang='lat' dir='ltr'><strong>illa</strong></span> <span class='ocrx_word' id='word_1_345' title='bbox 2880 1863 3011 1903; x_wconf 84' lang='lat' dir='ltr'><strong>vox:</strong></span> <span class='ocrx_word' id='word_1_346' title='bbox 3060 1856 3144 1903; x_wconf 78' lang='lat' dir='ltr'><strong>TA</strong></span> <span class='ocrx_word' id='word_1_347' title='bbox 3186 1857 3421 1904; x_wconf 77' lang='grc' dir='ltr'><strong>ΛΡΧΛΙΑ</strong></span> <span class='ocrx_word' id='word_1_348' title='bbox 3464 1859 3586 1906; x_wconf 79' lang='grc' dir='ltr'><strong>ΕΘΗ</strong></span> 
     </span>
    </p>
   </div>
   <div class='ocr_carea' id='block_1_49' title="bbox 1990 1940 3588 2011">
    <p class='ocr_par' dir='ltr' id='par_1_49' title="bbox 1990 1940 3588 2011">
     <span class='ocr_line' id='line_1_49' title="bbox 1990 1940 3588 2011; baseline 0.002 -16"><span class='ocrx_word' id='word_1_349' title='bbox 1990 1949 2339 1996; x_wconf 75' lang='grc' dir='ltr'><strong>ΚΡΛΤΕΙΤΩ.</strong></span> <span class='ocrx_word' id='word_1_350' title='bbox 2371 1940 2522 1995; x_wconf 89' lang='lat' dir='ltr'><strong>Nulla</strong></span> <span class='ocrx_word' id='word_1_351' title='bbox 2554 1950 2731 1995; x_wconf 89' lang='lat' dir='ltr'><strong>tamen</strong></span> <span class='ocrx_word' id='word_1_352' title='bbox 2761 1940 2859 1994; x_wconf 89' lang='lat' dir='ltr'><strong>fuit</strong></span> <span class='ocrx_word' id='word_1_353' title='bbox 2885 1942 3227 2011; x_wconf 89' lang='lat' dir='ltr'><strong>superstitio,</strong></span> <span class='ocrx_word' id='word_1_354' title='bbox 3254 1958 3374 2011; x_wconf 73' lang='lat' dir='ltr'><strong>qum</strong></span> <span class='ocrx_word' id='word_1_355' title='bbox 3402 1943 3588 1997; x_wconf 87' lang='lat' dir='ltr'><strong>intem-</strong></span> 
     </span>
    </p>
   </div>
   <div class='ocr_carea' id='block_1_50' title="bbox 1988 2032 3577 2104">
    <p class='ocr_par' dir='ltr' id='par_1_50' title="bbox 1988 2032 3577 2104">
     <span class='ocr_line' id='line_1_50' title="bbox 1988 2032 3577 2104; baseline -0.001 -16"><span class='ocrx_word' id='word_1_356' title='bbox 1988 2043 2261 2104; x_wconf 88' lang='lat' dir='ltr'><strong>peranter,</strong></span> <span class='ocrx_word' id='word_1_357' title='bbox 2291 2044 2451 2103; x_wconf 90' lang='lat' dir='ltr'><strong>atque</strong></span> <span class='ocrx_word' id='word_1_358' title='bbox 2480 2034 2800 2102; x_wconf 87' lang='lat' dir='ltr'><strong>impotettter</strong></span> <span class='ocrx_word' id='word_1_359' title='bbox 2826 2042 3073 2103; x_wconf 90' lang='lat' dir='ltr'><strong>urgeret,</strong></span> <span class='ocrx_word' id='word_1_360' title='bbox 3103 2033 3243 2103; x_wconf 90' lang='lat' dir='ltr'><strong>quod</strong></span> <span class='ocrx_word' id='word_1_361' title='bbox 3270 2032 3577 2102; x_wconf 60' lang='lat' dir='ltr'><strong>reipublicxz</strong></span> 
     </span>
    </p>
   </div>
   <div class='ocr_carea' id='block_1_51' title="bbox 1990 2128 3586 2200">
    <p class='ocr_par' dir='ltr' id='par_1_51' title="bbox 1990 2128 3586 2200">
     <span class='ocr_line' id='line_1_51' title="bbox 1990 2128 3586 2200; baseline 0.001 -17"><span class='ocrx_word' id='word_1_362' title='bbox 1990 2129 2134 2183; x_wconf 87' lang='lat' dir='ltr'><strong>salus</strong></span> <span class='ocrx_word' id='word_1_363' title='bbox 2165 2129 2491 2199; x_wconf 88' lang='lat' dir='ltr'><strong>repudiaret.</strong></span> <span class='ocrx_word' id='word_1_364' title='bbox 2540 2128 2608 2182; x_wconf 87' lang='lat' dir='ltr'><strong>Et</strong></span> <span class='ocrx_word' id='word_1_365' title='bbox 2650 2138 2707 2182; x_wconf 89' lang='lat' dir='ltr'><strong>ttt</strong></span> <span class='ocrx_word' id='word_1_366' title='bbox 2743 2128 3013 2200; x_wconf 70' lang='lat' dir='ltr'><strong>Sapientes</strong></span> <span class='ocrx_word' id='word_1_367' title='bbox 3047 2128 3450 2199; x_wconf 83' lang='lat' dir='ltr'><strong>jurisconsulti,</strong></span> <span class='ocrx_word' id='word_1_368' title='bbox 3496 2128 3586 2184; x_wconf 84' lang='lat' dir='ltr'><strong>ubi</strong></span> 
     </span>
    </p>
   </div>
   <div class='ocr_carea' id='block_1_52' title="bbox 1986 2222 3588 2294">
    <p class='ocr_par' dir='ltr' id='par_1_52' title="bbox 1986 2222 3588 2294">
     <span class='ocr_line' id='line_1_52' title="bbox 1986 2222 3588 2294; baseline -0.003 -16"><span class='ocrx_word' id='word_1_369' title='bbox 1986 2223 2054 2279; x_wconf 91' lang='lat' dir='ltr'><strong>de</strong></span> <span class='ocrx_word' id='word_1_370' title='bbox 2082 2226 2486 2294; x_wconf 81' lang='lat' dir='ltr'><strong>magistratuum</strong></span> <span class='ocrx_word' id='word_1_371' title='bbox 2512 2222 2633 2291; x_wconf 85' lang='lat' dir='ltr'><strong>jure</strong></span> <span class='ocrx_word' id='word_1_372' title='bbox 2654 2223 2880 2291; x_wconf 73' lang='lat' dir='ltr'><strong>QIKBSllO</strong></span> <span class='ocrx_word' id='word_1_373' title='bbox 2905 2231 3077 2286; x_wconf 87' lang='lat' dir='ltr'><strong>esset,</strong></span> <span class='ocrx_word' id='word_1_374' title='bbox 3104 2226 3339 2293; x_wconf 83' lang='lat' dir='ltr'><strong>graviter</strong></span> <span class='ocrx_word' id='word_1_375' title='bbox 3364 2234 3588 2289; x_wconf 81' lang='lat' dir='ltr'><strong>reSpon-</strong></span> 
     </span>
    </p>
   </div>
   <div class='ocr_carea' id='block_1_53' title="bbox 1987 2313 3584 2384">
    <p class='ocr_par' dir='ltr' id='par_1_53' title="bbox 1987 2313 3584 2384">
     <span class='ocr_line' id='line_1_53' title="bbox 1987 2313 3584 2384; baseline -0.001 -15"><span class='ocrx_word' id='word_1_376' title='bbox 1987 2315 2212 2383; x_wconf 89' lang='lat' dir='ltr'><strong>debant,</strong></span> <span class='ocrx_word' id='word_1_377' title='bbox 2246 2332 2348 2369; x_wconf 90' lang='lat' dir='ltr'><strong>non</strong></span> <span class='ocrx_word' id='word_1_378' title='bbox 2380 2314 2552 2370; x_wconf 91' lang='lat' dir='ltr'><strong>solum</strong></span> <span class='ocrx_word' id='word_1_379' title='bbox 2581 2314 2928 2383; x_wconf 79' lang='lat' dir='ltr'><strong>Spectandum</strong></span> <span class='ocrx_word' id='word_1_380' title='bbox 2957 2330 3111 2381; x_wconf 90' lang='lat' dir='ltr'><strong>esse,</strong></span> <span class='ocrx_word' id='word_1_381' title='bbox 3140 2313 3265 2384; x_wconf 90' lang='lat' dir='ltr'><strong>quid</strong></span> <span class='ocrx_word' id='word_1_382' title='bbox 3293 2313 3477 2368; x_wconf 77' lang='lat' dir='ltr'><strong>Roma:</strong></span> <span class='ocrx_word' id='word_1_383' title='bbox 3508 2313 3584 2367; x_wconf 87' lang='lat' dir='ltr'><strong>fa-</strong></span> 
     </span>
    </p>
   </div>
   <div class='ocr_carea' id='block_1_54' title="bbox 1985 2406 3583 2479">
    <p class='ocr_par' dir='ltr' id='par_1_54' title="bbox 1985 2406 3583 2479">
     <span class='ocr_line' id='line_1_54' title="bbox 1985 2406 3583 2479; baseline -0.002 -15"><span class='ocrx_word' id='word_1_384' title='bbox 1985 2421 2128 2464; x_wconf 91' lang='lat' dir='ltr'><strong>ctum</strong></span> <span class='ocrx_word' id='word_1_385' title='bbox 2158 2409 2247 2475; x_wconf 91' lang='lat' dir='ltr'><strong>sit,</strong></span> <span class='ocrx_word' id='word_1_386' title='bbox 2277 2410 2369 2464; x_wconf 90' lang='lat' dir='ltr'><strong>sed</strong></span> <span class='ocrx_word' id='word_1_387' title='bbox 2399 2408 2558 2462; x_wconf 87' lang='lat' dir='ltr'><strong>etiam</strong></span> <span class='ocrx_word' id='word_1_388' title='bbox 2587 2407 2714 2477; x_wconf 89' lang='lat' dir='ltr'><strong>quid</strong></span> <span class='ocrx_word' id='word_1_389' title='bbox 2744 2406 2858 2461; x_wconf 84' lang='lat' dir='ltr'><strong>fieri</strong></span> <span class='ocrx_word' id='word_1_390' title='bbox 2888 2407 3102 2461; x_wconf 89' lang='lat' dir='ltr'><strong>debeat.</strong></span> <span class='ocrx_word' id='word_1_391' title='bbox 3134 2406 3297 2479; x_wconf 83' lang='lat' dir='ltr'><strong>(Lege</strong></span> <span class='ocrx_word' id='word_1_392' title='bbox 3326 2406 3583 2461; x_wconf 89' lang='lat' dir='ltr'><strong>duodeci-</strong></span> 
     </span>
    </p>
   </div>
   <div class='ocr_carea' id='block_1_55' title="bbox 1986 2497 3582 2570">
    <p class='ocr_par' dir='ltr' id='par_1_55' title="bbox 1986 2497 3582 2570">
     <span class='ocr_line' id='line_1_55' title="bbox 1986 2497 3582 2570; baseline 0 -15"><span class='ocrx_word' id='word_1_393' title='bbox 1986 2517 2069 2555; x_wconf 91' lang='lat' dir='ltr'><strong>ma</strong></span> <span class='ocrx_word' id='word_1_394' title='bbox 2101 2501 2163 2554; x_wconf 84' lang='lat' dir='ltr'><strong>de</strong></span> <span class='ocrx_word' id='word_1_395' title='bbox 2192 2499 2335 2570; x_wconf 73' lang='lat' dir='ltr'><strong>Ofﬁc.</strong></span> <span class='ocrx_word' id='word_1_396' title='bbox 2370 2497 2566 2570; x_wconf 64' lang='lat' dir='ltr'><strong>Prata.)</strong></span> <span class='ocrx_word' id='word_1_397' title='bbox 2596 2498 2683 2554; x_wconf 90' lang='lat' dir='ltr'><strong>Sic</strong></span> <span class='ocrx_word' id='word_1_398' title='bbox 2711 2500 2869 2553; x_wconf 90' lang='lat' dir='ltr'><strong>etiam</strong></span> <span class='ocrx_word' id='word_1_399' title='bbox 2898 2508 3141 2569; x_wconf 87' lang='lat' dir='ltr'><strong>spectare</strong></span> <span class='ocrx_word' id='word_1_400' title='bbox 3167 2500 3443 2567; x_wconf 84' lang='lat' dir='ltr'><strong>debemus,</strong></span> <span class='ocrx_word' id='word_1_401' title='bbox 3476 2515 3582 2555; x_wconf 90' lang='lat' dir='ltr'><strong>non</strong></span> 
     </span>
    </p>
   </div>
   <div class='ocr_carea' id='block_1_56' title="bbox 1984 2591 3582 2662">
    <p class='ocr_par' dir='ltr' id='par_1_56' title="bbox 1984 2591 3582 2662">
     <span class='ocr_line' id='line_1_56' title="bbox 1984 2591 3582 2662; baseline -0.003 -12"><span class='ocrx_word' id='word_1_402' title='bbox 1984 2594 2157 2650; x_wconf 91' lang='lat' dir='ltr'><strong>solum</strong></span> <span class='ocrx_word' id='word_1_403' title='bbox 2202 2592 2326 2661; x_wconf 92' lang='lat' dir='ltr'><strong>quid</strong></span> <span class='ocrx_word' id='word_1_404' title='bbox 2360 2592 2593 2662; x_wconf 84' lang='lat' dir='ltr'><strong>majores</strong></span> <span class='ocrx_word' id='word_1_405' title='bbox 2622 2594 2787 2646; x_wconf 88' lang='lat' dir='ltr'><strong>nostri</strong></span> <span class='ocrx_word' id='word_1_406' title='bbox 2818 2591 3073 2653; x_wconf 80' lang='lat' dir='ltr'><strong>fecerint,</strong></span> <span class='ocrx_word' id='word_1_407' title='bbox 3103 2592 3197 2646; x_wconf 90' lang='lat' dir='ltr'><strong>sed</strong></span> <span class='ocrx_word' id='word_1_408' title='bbox 3228 2602 3279 2645; x_wconf 91' lang='lat' dir='ltr'><strong>et</strong></span> <span class='ocrx_word' id='word_1_409' title='bbox 3310 2606 3417 2661; x_wconf 88' lang='lat' dir='ltr'><strong>quo</strong></span> <span class='ocrx_word' id='word_1_410' title='bbox 3445 2600 3582 2645; x_wconf 83' lang='lat' dir='ltr'><strong>tern-</strong></span> 
     </span>
    </p>
   </div>
   <div class='ocr_carea' id='block_1_57' title="bbox 1985 2682 3581 2758">
    <p class='ocr_par' dir='ltr' id='par_1_57' title="bbox 1985 2682 3581 2758">
     <span class='ocr_line' id='line_1_57' title="bbox 1985 2682 3581 2758; baseline -0.002 -17"><span class='ocrx_word' id='word_1_411' title='bbox 1985 2704 2144 2758; x_wconf 89' lang='lat' dir='ltr'><strong>pore,</strong></span> <span class='ocrx_word' id='word_1_412' title='bbox 2193 2696 2247 2741; x_wconf 85' lang='lat' dir='ltr'><strong>et</strong></span> <span class='ocrx_word' id='word_1_413' title='bbox 2298 2701 2469 2755; x_wconf 80' lang='lat' dir='ltr'><strong>quare</strong></span> <span class='ocrx_word' id='word_1_414' title='bbox 2515 2685 2854 2744; x_wconf 88' lang='lat' dir='ltr'><strong>conditione,</strong></span> <span class='ocrx_word' id='word_1_415' title='bbox 2891 2693 2983 2739; x_wconf 89' lang='lat' dir='ltr'><strong>aut</strong></span> <span class='ocrx_word' id='word_1_416' title='bbox 3029 2684 3170 2753; x_wconf 88' lang='lat' dir='ltr'><strong>quali</strong></span> <span class='ocrx_word' id='word_1_417' title='bbox 3218 2682 3356 2738; x_wconf 87' lang='lat' dir='ltr'><strong>line:</strong></span> <span class='ocrx_word' id='word_1_418' title='bbox 3407 2698 3581 2753; x_wconf 85' lang='lat' dir='ltr'><strong>neque</strong></span> 
     </span>
    </p>
   </div>
   <div class='ocr_carea' id='block_1_58' title="bbox 1982 2776 3578 2849">
    <p class='ocr_par' dir='ltr' id='par_1_58' title="bbox 1982 2776 3578 2849">
     <span class='ocr_line' id='line_1_58' title="bbox 1982 2776 3578 2849; baseline -0.004 -11"><span class='ocrx_word' id='word_1_419' title='bbox 1982 2800 2088 2839; x_wconf 92' lang='lat' dir='ltr'><strong>non</strong></span> <span class='ocrx_word' id='word_1_420' title='bbox 2122 2782 2431 2837; x_wconf 88' lang='lat' dir='ltr'><strong>meminisse</strong></span> <span class='ocrx_word' id='word_1_421' title='bbox 2459 2795 2671 2849; x_wconf 67' lang='lat' dir='ltr'><strong>quoilue</strong></span> <span class='ocrx_word' id='word_1_422' title='bbox 2717 2788 2964 2848; x_wconf 82' lang='lat' dir='ltr'><strong>Oportet,</strong></span> <span class='ocrx_word' id='word_1_423' title='bbox 3010 2777 3153 2849; x_wconf 86' lang='lat' dir='ltr'><strong>quod</strong></span> <span class='ocrx_word' id='word_1_424' title='bbox 3201 2778 3288 2832; x_wconf 84' lang='lat' dir='ltr'><strong>lex</strong></span> <span class='ocrx_word' id='word_1_425' title='bbox 3334 2776 3578 2846; x_wconf 69' lang='lat' dir='ltr'><strong>quaedam</strong></span> 
     </span>
    </p>
   </div>
   <div class='ocr_carea' id='block_1_59' title="bbox 1978 2870 3575 2945">
    <p class='ocr_par' dir='ltr' id='par_1_59' title="bbox 1978 2870 3575 2945">
     <span class='ocr_line' id='line_1_59' title="bbox 1978 2870 3575 2945; baseline -0.004 -13"><span class='ocrx_word' id='word_1_426' title='bbox 1978 2888 2199 2941; x_wconf 87' lang='lat' dir='ltr'><strong>monet,</strong></span> <span class='ocrx_word' id='word_1_427' title='bbox 2236 2892 2341 2930; x_wconf 92' lang='lat' dir='ltr'><strong>non</strong></span> <span class='ocrx_word' id='word_1_428' title='bbox 2378 2885 2480 2929; x_wconf 90' lang='lat' dir='ltr'><strong>tam</strong></span> <span class='ocrx_word' id='word_1_429' title='bbox 2514 2874 2778 2944; x_wconf 82' lang='lat' dir='ltr'><strong>exemplis</strong></span> <span class='ocrx_word' id='word_1_430' title='bbox 2806 2888 2965 2945; x_wconf 91' lang='lat' dir='ltr'><strong>quam</strong></span> <span class='ocrx_word' id='word_1_431' title='bbox 3000 2872 3206 2942; x_wconf 85' lang='lat' dir='ltr'><strong>legibus</strong></span> <span class='ocrx_word' id='word_1_432' title='bbox 3229 2870 3575 2941; x_wconf 89' lang='lat' dir='ltr'><strong>judicandum</strong></span> 
     </span>
    </p>
   </div>
   <div class='ocr_carea' id='block_1_60' title="bbox 1981 2964 3577 3040">
    <p class='ocr_par' dir='ltr' id='par_1_60' title="bbox 1981 2964 3577 3040">
     <span class='ocr_line' id='line_1_60' title="bbox 1981 2964 3577 3040; baseline -0.005 -14"><span class='ocrx_word' id='word_1_433' title='bbox 1981 2985 2120 3026; x_wconf 87' lang='lat' dir='ltr'><strong>esse.</strong></span> <span class='ocrx_word' id='word_1_434' title='bbox 2156 2970 2297 3040; x_wconf 89' lang='lat' dir='ltr'><strong>Ergo</strong></span> <span class='ocrx_word' id='word_1_435' title='bbox 2328 2968 2463 3023; x_wconf 86' lang='lat' dir='ltr'><strong>facio</strong></span> <span class='ocrx_word' id='word_1_436' title='bbox 2506 2968 2867 3038; x_wconf 88' lang='lat' dir='ltr'><strong>perlubenter,</strong></span> <span class='ocrx_word' id='word_1_437' title='bbox 2911 2976 2967 3020; x_wconf 92' lang='lat' dir='ltr'><strong>ut</strong></span> <span class='ocrx_word' id='word_1_438' title='bbox 3010 2975 3065 3021; x_wconf 93' lang='lat' dir='ltr'><strong>et</strong></span> <span class='ocrx_word' id='word_1_439' title='bbox 3097 2964 3577 3037; x_wconf 86' lang='lat' dir='ltr'><strong>jurisprudentiam</strong></span> 
     </span>
    </p>
   </div>
   <div class='ocr_carea' id='block_1_61' title="bbox 1980 3058 3576 3129">
    <p class='ocr_par' dir='ltr' id='par_1_61' title="bbox 1980 3058 3576 3129">
     <span class='ocr_line' id='line_1_61' title="bbox 1980 3058 3576 3129; baseline -0.006 -10"><span class='ocrx_word' id='word_1_440' title='bbox 1980 3072 2033 3119; x_wconf 90' lang='lat' dir='ltr'><strong>et</strong></span> <span class='ocrx_word' id='word_1_441' title='bbox 2074 3063 2351 3118; x_wconf 82' lang='lat' dir='ltr'><strong>historiam</strong></span> <span class='ocrx_word' id='word_1_442' title='bbox 2391 3061 2717 3129; x_wconf 82' lang='lat' dir='ltr'><strong>conjunctim</strong></span> <span class='ocrx_word' id='word_1_443' title='bbox 2761 3067 2851 3115; x_wconf 90' lang='lat' dir='ltr'><strong>aut</strong></span> <span class='ocrx_word' id='word_1_444' title='bbox 2892 3060 3100 3125; x_wconf 91' lang='lat' dir='ltr'><strong>colam,</strong></span> <span class='ocrx_word' id='word_1_445' title='bbox 3143 3068 3233 3112; x_wconf 91' lang='lat' dir='ltr'><strong>aut</strong></span> <span class='ocrx_word' id='word_1_446' title='bbox 3261 3058 3449 3112; x_wconf 82' lang='lat' dir='ltr'><strong>saltem</strong></span> <span class='ocrx_word' id='word_1_447' title='bbox 3481 3070 3576 3110; x_wconf 84' lang='lat' dir='ltr'><strong>co-</strong></span> 
     </span>
    </p>
   </div>
   <div class='ocr_carea' id='block_1_62' title="bbox 264 3148 3576 3226">
    <p class='ocr_par' dir='ltr' id='par_1_62' title="bbox 264 3148 3576 3226">
     <span class='ocr_line' id='line_1_62' title="bbox 264 3148 3576 3226; baseline 0.001 -26"><span class='ocrx_word' id='word_1_448' title='bbox 264 3160 503 3217; x_wconf 88' lang='lat' dir='ltr'><strong>musque</strong></span> <span class='ocrx_word' id='word_1_449' title='bbox 544 3148 683 3201; x_wconf 90' lang='lat' dir='ltr'><strong>idem</strong></span> <span class='ocrx_word' id='word_1_450' title='bbox 727 3149 921 3213; x_wconf 86' lang='lat' dir='ltr'><strong>fuerit,</strong></span> <span class='ocrx_word' id='word_1_451' title='bbox 965 3151 1152 3207; x_wconf 90' lang='lat' dir='ltr'><strong>eadem</strong></span> <span class='ocrx_word' id='word_1_452' title='bbox 1198 3169 1412 3224; x_wconf 88' lang='lat' dir='ltr'><strong>quoque</strong></span> <span class='ocrx_word' id='word_1_453' title='bbox 1457 3169 1672 3226; x_wconf 89' lang='lat' dir='ltr'><strong>semper</strong></span> <span class='ocrx_word' id='word_1_454' title='bbox 1710 3156 1875 3212; x_wconf 82' lang='lat' dir='ltr'><strong>facies</strong></span> <span class='ocrx_word' id='word_1_455' title='bbox 1902 3151 1946 3214; x_wconf 90' lang='lat' dir='ltr'><strong>C</strong></span> <span class='ocrx_word' id='word_1_456' title='bbox 1982 3156 2191 3211; x_wconf 89' lang='lat' dir='ltr'><strong>lendam</strong></span> <span class='ocrx_word' id='word_1_457' title='bbox 2236 3170 2356 3210; x_wconf 90' lang='lat' dir='ltr'><strong>esse</strong></span> <span class='ocrx_word' id='word_1_458' title='bbox 2382 3168 2526 3224; x_wconf 66' lang='lat' dir='ltr'><strong>smpe</strong></span> <span class='ocrx_word' id='word_1_459' title='bbox 2557 3152 2843 3223; x_wconf 85' lang='lat' dir='ltr'><strong>profitear:</strong></span> <span class='ocrx_word' id='word_1_460' title='bbox 2876 3162 2931 3207; x_wconf 91' lang='lat' dir='ltr'><strong>et</strong></span> <span class='ocrx_word' id='word_1_461' title='bbox 2958 3150 3173 3222; x_wconf 91' lang='lat' dir='ltr'><strong>quidem</strong></span> <span class='ocrx_word' id='word_1_462' title='bbox 3208 3161 3489 3220; x_wconf 90' lang='lat' dir='ltr'><strong>utramque</strong></span> <span class='ocrx_word' id='word_1_463' title='bbox 3520 3148 3576 3203; x_wconf 89' lang='lat' dir='ltr'><strong>in</strong></span> 
     </span>
    </p>
   </div>
   <div class='ocr_carea' id='block_1_63' title="bbox 267 3238 1872 3320">
    <p class='ocr_par' dir='ltr' id='par_1_63' title="bbox 267 3238 1872 3320">
     <span class='ocr_line' id='line_1_63' title="bbox 267 3238 1872 3320; baseline 0.011 -30"><span class='ocrx_word' id='word_1_464' title='bbox 267 3238 399 3302; x_wconf 85' lang='lat' dir='ltr'><strong>fuit,</strong></span> <span class='ocrx_word' id='word_1_465' title='bbox 438 3239 651 3294; x_wconf 82' lang='lat' dir='ltr'><strong>idemve</strong></span> <span class='ocrx_word' id='word_1_466' title='bbox 690 3249 883 3296; x_wconf 89' lang='lat' dir='ltr'><strong>status.</strong></span> <span class='ocrx_word' id='word_1_467' title='bbox 926 3242 1045 3297; x_wconf 80' lang='lat' dir='ltr'><strong>Non</strong></span> <span class='ocrx_word' id='word_1_468' title='bbox 1087 3246 1229 3299; x_wconf 92' lang='lat' dir='ltr'><strong>enim</strong></span> <span class='ocrx_word' id='word_1_469' title='bbox 1271 3262 1489 3318; x_wconf 88' lang='lat' dir='ltr'><strong>semper</strong></span> <span class='ocrx_word' id='word_1_470' title='bbox 1518 3252 1688 3304; x_wconf 80' lang='lat' dir='ltr'><strong>vexati</strong></span> <span class='ocrx_word' id='word_1_471' title='bbox 1720 3251 1872 3320; x_wconf 85' lang='lat' dir='ltr'><strong>abje-</strong></span> 
     </span>
    </p>
   </div>
   <div class='ocr_carea' id='block_1_64' title="bbox 265 3330 1873 3413">
    <p class='ocr_par' dir='ltr' id='par_1_64' title="bbox 265 3330 1873 3413">
     <span class='ocr_line' id='line_1_64' title="bbox 265 3330 1873 3413; baseline 0.009 -29"><span class='ocrx_word' id='word_1_472' title='bbox 265 3331 450 3398; x_wconf 81' lang='lat' dir='ltr'><strong>ctique</strong></span> <span class='ocrx_word' id='word_1_473' title='bbox 490 3330 808 3399; x_wconf 85' lang='lat' dir='ltr'><strong>jacuerttnt,</strong></span> <span class='ocrx_word' id='word_1_474' title='bbox 852 3350 1029 3405; x_wconf 90' lang='lat' dir='ltr'><strong>neque</strong></span> <span class='ocrx_word' id='word_1_475' title='bbox 1071 3347 1175 3391; x_wconf 87' lang='lat' dir='ltr'><strong>tam</strong></span> <span class='ocrx_word' id='word_1_476' title='bbox 1215 3350 1303 3393; x_wconf 89' lang='lat' dir='ltr'><strong>aut</strong></span> <span class='ocrx_word' id='word_1_477' title='bbox 1346 3341 1534 3410; x_wconf 85' lang='lat' dir='ltr'><strong>ingrati</strong></span> <span class='ocrx_word' id='word_1_478' title='bbox 1574 3351 1666 3395; x_wconf 91' lang='lat' dir='ltr'><strong>aut</strong></span> <span class='ocrx_word' id='word_1_479' title='bbox 1706 3342 1873 3413; x_wconf 88' lang='lat' dir='ltr'><strong>inepti</strong></span> 
     </span>
    </p>
   </div>
   <div class='ocr_carea' id='block_1_65' title="bbox 264 3420 1873 3498">
    <p class='ocr_par' dir='ltr' id='par_1_65' title="bbox 264 3420 1873 3498">
     <span class='ocr_line' id='line_1_65' title="bbox 264 3420 1873 3498; baseline 0.011 -26"><span class='ocrx_word' id='word_1_480' title='bbox 264 3420 519 3484; x_wconf 87' lang='lat' dir='ltr'><strong>fuerunt,</strong></span> <span class='ocrx_word' id='word_1_481' title='bbox 568 3436 621 3476; x_wconf 93' lang='lat' dir='ltr'><strong>ut</strong></span> <span class='ocrx_word' id='word_1_482' title='bbox 667 3426 869 3492; x_wconf 89' lang='lat' dir='ltr'><strong>optimo</strong></span> <span class='ocrx_word' id='word_1_483' title='bbox 902 3426 1026 3496; x_wconf 87' lang='lat' dir='ltr'><strong>jure</strong></span> <span class='ocrx_word' id='word_1_484' title='bbox 1070 3431 1377 3498; x_wconf 82' lang='lat' dir='ltr'><strong>outimaqtte</strong></span> <span class='ocrx_word' id='word_1_485' title='bbox 1416 3432 1723 3489; x_wconf 90' lang='lat' dir='ltr'><strong>conditione</strong></span> <span class='ocrx_word' id='word_1_486' title='bbox 1752 3450 1873 3491; x_wconf 90' lang='lat' dir='ltr'><strong>esse</strong></span> 
     </span>
    </p>
   </div>
   <div class='ocr_carea' id='block_1_66' title="bbox 262 3515 1872 3596">
    <p class='ocr_par' dir='ltr' id='par_1_66' title="bbox 262 3515 1872 3596">
     <span class='ocr_line' id='line_1_66' title="bbox 262 3515 1872 3596; baseline 0.012 -32"><span class='ocrx_word' id='word_1_487' title='bbox 262 3515 604 3580; x_wconf 86' lang='lat' dir='ltr'><strong>recusarint,</strong></span> <span class='ocrx_word' id='word_1_488' title='bbox 644 3532 768 3571; x_wconf 93' lang='lat' dir='ltr'><strong>cum</strong></span> <span class='ocrx_word' id='word_1_489' title='bbox 800 3517 900 3572; x_wconf 89' lang='lat' dir='ltr'><strong>hoc</strong></span> <span class='ocrx_word' id='word_1_490' title='bbox 957 3520 1021 3574; x_wconf 92' lang='lat' dir='ltr'><strong>iis</strong></span> <span class='ocrx_word' id='word_1_491' title='bbox 1067 3521 1214 3576; x_wconf 89' lang='lat' dir='ltr'><strong>licuit</strong></span> <span class='ocrx_word' id='word_1_492' title='bbox 1246 3539 1340 3593; x_wconf 89' lang='lat' dir='ltr'><strong>per</strong></span> <span class='ocrx_word' id='word_1_493' title='bbox 1378 3526 1647 3596; x_wconf 85' lang='lat' dir='ltr'><strong>principes</strong></span> <span class='ocrx_word' id='word_1_494' title='bbox 1689 3528 1872 3584; x_wconf 88' lang='lat' dir='ltr'><strong>Chris-</strong></span> 
     </span>
    </p>
   </div>
   <div class='ocr_carea' id='block_1_67' title="bbox 262 3607 1869 3679">
    <p class='ocr_par' dir='ltr' id='par_1_67' title="bbox 262 3607 1869 3679">
     <span class='ocr_line' id='line_1_67' title="bbox 262 3607 1869 3679; baseline 0.013 -20"><span class='ocrx_word' id='word_1_495' title='bbox 262 3607 479 3660; x_wconf 87' lang='lat' dir='ltr'><strong>tianos:</strong></span> <span class='ocrx_word' id='word_1_496' title='bbox 508 3623 682 3677; x_wconf 88' lang='lat' dir='ltr'><strong>neque</strong></span> <span class='ocrx_word' id='word_1_497' title='bbox 708 3620 812 3665; x_wconf 90' lang='lat' dir='ltr'><strong>tam</strong></span> <span class='ocrx_word' id='word_1_498' title='bbox 842 3612 1002 3679; x_wconf 87' lang='lat' dir='ltr'><strong>fatui,</strong></span> <span class='ocrx_word' id='word_1_499' title='bbox 1033 3626 1087 3669; x_wconf 93' lang='lat' dir='ltr'><strong>ut</strong></span> <span class='ocrx_word' id='word_1_500' title='bbox 1115 3617 1213 3672; x_wconf 92' lang='lat' dir='ltr'><strong>hoc</strong></span> <span class='ocrx_word' id='word_1_501' title='bbox 1242 3618 1504 3674; x_wconf 81' lang='lat' dir='ltr'><strong>beneficio</strong></span> <span class='ocrx_word' id='word_1_502' title='bbox 1532 3637 1636 3676; x_wconf 92' lang='lat' dir='ltr'><strong>non</strong></span> <span class='ocrx_word' id='word_1_503' title='bbox 1663 3633 1869 3679; x_wconf 84' lang='lat' dir='ltr'><strong>uteren-</strong></span> 
     </span>
    </p>
   </div>
   <div class='ocr_carea' id='block_1_68' title="bbox 266 3706 1870 3784">
    <p class='ocr_par' dir='ltr' id='par_1_68' title="bbox 266 3706 1870 3784">
     <span class='ocr_line' id='line_1_68' title="bbox 266 3706 1870 3784; baseline 0.016 -35"><span class='ocrx_word' id='word_1_504' title='bbox 266 3708 399 3751; x_wconf 84' lang='lat' dir='ltr'><strong>tur:</strong></span> <span class='ocrx_word' id='word_1_505' title='bbox 430 3715 601 3768; x_wconf 87' lang='lat' dir='ltr'><strong>neque</strong></span> <span class='ocrx_word' id='word_1_506' title='bbox 631 3713 735 3758; x_wconf 91' lang='lat' dir='ltr'><strong>tam</strong></span> <span class='ocrx_word' id='word_1_507' title='bbox 779 3706 970 3775; x_wconf 89' lang='lat' dir='ltr'><strong>iniqui,</strong></span> <span class='ocrx_word' id='word_1_508' title='bbox 1006 3717 1095 3773; x_wconf 88' lang='lat' dir='ltr'><strong>ut,</strong></span> <span class='ocrx_word' id='word_1_509' title='bbox 1126 3710 1171 3764; x_wconf 92' lang='lat' dir='ltr'><strong>si</strong></span> <span class='ocrx_word' id='word_1_510' title='bbox 1197 3712 1325 3781; x_wconf 88' lang='lat' dir='ltr'><strong>quid</strong></span> <span class='ocrx_word' id='word_1_511' title='bbox 1356 3712 1405 3767; x_wconf 90' lang='lat' dir='ltr'><strong>in</strong></span> <span class='ocrx_word' id='word_1_512' title='bbox 1438 3714 1548 3768; x_wconf 85' lang='lat' dir='ltr'><strong>suis</strong></span> <span class='ocrx_word' id='word_1_513' title='bbox 1582 3716 1870 3784; x_wconf 87' lang='lat' dir='ltr'><strong>imperato-</strong></span> 
     </span>
    </p>
   </div>
   <div class='ocr_carea' id='block_1_69' title="bbox 264 3790 1868 3884">
    <p class='ocr_par' dir='ltr' id='par_1_69' title="bbox 264 3790 1868 3884">
     <span class='ocr_line' id='line_1_69' title="bbox 264 3790 1868 3884; baseline 0.016 -41"><span class='ocrx_word' id='word_1_514' title='bbox 264 3790 434 3843; x_wconf 76' lang='lat' dir='ltr'><strong>ribus</strong></span> <span class='ocrx_word' id='word_1_515' title='bbox 460 3791 845 3863; x_wconf 87' lang='lat' dir='ltr'><strong>desiderarent,</strong></span> <span class='ocrx_word' id='word_1_516' title='bbox 878 3816 1208 3871; x_wconf 65' lang='lat' dir='ltr'><strong>paganorum</strong></span> <span class='ocrx_word' id='word_1_517' title='bbox 1239 3809 1332 3871; x_wconf 92' lang='lat' dir='ltr'><strong>(ut</strong></span> <span class='ocrx_word' id='word_1_518' title='bbox 1360 3806 1663 3881; x_wconf 91' lang='lat' dir='ltr'><strong>loquimur)</strong></span> <span class='ocrx_word' id='word_1_519' title='bbox 1698 3822 1868 3884; x_wconf 84' lang='lat' dir='ltr'><strong>tyran-</strong></span> 
     </span>
    </p>
   </div>
   <div class='ocr_carea' id='block_1_70' title="bbox 265 3884 1868 3967">
    <p class='ocr_par' dir='ltr' id='par_1_70' title="bbox 265 3884 1868 3967">
     <span class='ocr_line' id='line_1_70' title="bbox 265 3884 1868 3967; baseline 0.017 -34"><span class='ocrx_word' id='word_1_520' title='bbox 265 3896 484 3936; x_wconf 80' lang='lat' dir='ltr'><strong>norum</strong></span> <span class='ocrx_word' id='word_1_521' title='bbox 531 3884 649 3939; x_wconf 86' lang='lat' dir='ltr'><strong>loco</strong></span> <span class='ocrx_word' id='word_1_522' title='bbox 684 3904 768 3943; x_wconf 88' lang='lat' dir='ltr'><strong>eos</strong></span> <span class='ocrx_word' id='word_1_523' title='bbox 811 3890 1104 3948; x_wconf 85' lang='lat' dir='ltr'><strong>haberent:</strong></span> <span class='ocrx_word' id='word_1_524' title='bbox 1149 3911 1320 3967; x_wconf 88' lang='lat' dir='ltr'><strong>neque</strong></span> <span class='ocrx_word' id='word_1_525' title='bbox 1373 3908 1478 3953; x_wconf 87' lang='lat' dir='ltr'><strong>tant</strong></span> <span class='ocrx_word' id='word_1_526' title='bbox 1528 3907 1757 3967; x_wconf 87' lang='lat' dir='ltr'><strong>morosi,</strong></span> <span class='ocrx_word' id='word_1_527' title='bbox 1812 3915 1868 3961; x_wconf 91' lang='lat' dir='ltr'><strong>ut</strong></span> 
     </span>
    </p>
   </div>
   <div class='ocr_carea' id='block_1_71' title="bbox 258 3973 1863 4059">
    <p class='ocr_par' dir='ltr' id='par_1_71' title="bbox 258 3973 1863 4059">
     <span class='ocr_line' id='line_1_71' title="bbox 258 3973 1863 4059; baseline 0.017 -33"><span class='ocrx_word' id='word_1_528' title='bbox 258 3973 508 4043; x_wconf 69' lang='lat' dir='ltr'><strong>publica:</strong></span> <span class='ocrx_word' id='word_1_529' title='bbox 562 3983 921 4051; x_wconf 84' lang='lat' dir='ltr'><strong>tranquillitati</strong></span> <span class='ocrx_word' id='word_1_530' title='bbox 971 3985 1101 4039; x_wconf 93' lang='lat' dir='ltr'><strong>nihil</strong></span> <span class='ocrx_word' id='word_1_531' title='bbox 1144 3989 1432 4059; x_wconf 89' lang='lat' dir='ltr'><strong>quidquam</strong></span> <span class='ocrx_word' id='word_1_532' title='bbox 1473 3993 1863 4053; x_wconf 87' lang='lat' dir='ltr'><strong>condonarent.</strong></span> 
     </span>
    </p>
   </div>
   <div class='ocr_carea' id='block_1_72' title="bbox 257 4064 1864 4151">
    <p class='ocr_par' dir='ltr' id='par_1_72' title="bbox 257 4064 1864 4151">
     <span class='ocr_line' id='line_1_72' title="bbox 257 4064 1864 4151; baseline 0.016 -33"><span class='ocrx_word' id='word_1_533' title='bbox 257 4064 489 4137; x_wconf 86' lang='lat' dir='ltr'><strong>Loquor</strong></span> <span class='ocrx_word' id='word_1_534' title='bbox 516 4068 585 4123; x_wconf 88' lang='lat' dir='ltr'><strong>de</strong></span> <span class='ocrx_word' id='word_1_535' title='bbox 616 4070 710 4134; x_wconf 87' lang='lat' dir='ltr'><strong>iis,</strong></span> <span class='ocrx_word' id='word_1_536' title='bbox 745 4076 832 4143; x_wconf 90' lang='lat' dir='ltr'><strong>qui</strong></span> <span class='ocrx_word' id='word_1_537' title='bbox 865 4091 969 4129; x_wconf 91' lang='lat' dir='ltr'><strong>non</strong></span> <span class='ocrx_word' id='word_1_538' title='bbox 1013 4076 1227 4133; x_wconf 82' lang='lat' dir='ltr'><strong>fuerunt</strong></span> <span class='ocrx_word' id='word_1_539' title='bbox 1270 4080 1586 4151; x_wconf 80' lang='lat' dir='ltr'><strong>degeneres.</strong></span> <span class='ocrx_word' id='word_1_540' title='bbox 1638 4086 1741 4143; x_wconf 91' lang='lat' dir='ltr'><strong>Sed</strong></span> <span class='ocrx_word' id='word_1_541' title='bbox 1796 4089 1864 4143; x_wconf 89' lang='lat' dir='ltr'><strong>li-</strong></span> 
     </span>
    </p>
   </div>
   <div class='ocr_carea' id='block_1_73' title="bbox 257 4156 1863 4236">
    <p class='ocr_par' dir='ltr' id='par_1_73' title="bbox 257 4156 1863 4236">
     <span class='ocr_line' id='line_1_73' title="bbox 257 4156 1863 4236; baseline 0.017 -28"><span class='ocrx_word' id='word_1_542' title='bbox 257 4156 408 4211; x_wconf 79' lang='lat' dir='ltr'><strong>hera:</strong></span> <span class='ocrx_word' id='word_1_543' title='bbox 456 4158 713 4216; x_wconf 75' lang='lat' dir='ltr'><strong>Ecclesia:</strong></span> <span class='ocrx_word' id='word_1_544' title='bbox 752 4166 1089 4234; x_wconf 86' lang='lat' dir='ltr'><strong>splendorem</strong></span> <span class='ocrx_word' id='word_1_545' title='bbox 1136 4187 1238 4225; x_wconf 90' lang='lat' dir='ltr'><strong>non</strong></span> <span class='ocrx_word' id='word_1_546' title='bbox 1270 4173 1399 4228; x_wconf 89' lang='lat' dir='ltr'><strong>vidit</strong></span> <span class='ocrx_word' id='word_1_547' title='bbox 1428 4174 1716 4235; x_wconf 86' lang='lat' dir='ltr'><strong>Minucius:</strong></span> <span class='ocrx_word' id='word_1_548' title='bbox 1749 4196 1863 4236; x_wconf 86' lang='lat' dir='ltr'><strong>ser-</strong></span> 
     </span>
    </p>
   </div>
   <div class='ocr_carea' id='block_1_74' title="bbox 253 4253 1856 4346">
    <p class='ocr_par' dir='ltr' id='par_1_74' title="bbox 253 4253 1856 4346">
     <span class='ocr_line' id='line_1_74' title="bbox 253 4253 1856 4346; baseline 0.016 -41"><span class='ocrx_word' id='word_1_549' title='bbox 253 4253 458 4309; x_wconf 80' lang='lat' dir='ltr'><strong>vientis</strong></span> <span class='ocrx_word' id='word_1_550' title='bbox 512 4256 675 4311; x_wconf 87' lang='lat' dir='ltr'><strong>modo</strong></span> <span class='ocrx_word' id='word_1_551' title='bbox 725 4262 1027 4330; x_wconf 88' lang='lat' dir='ltr'><strong>squalorem</strong></span> <span class='ocrx_word' id='word_1_552' title='bbox 1080 4265 1229 4319; x_wconf 90' lang='lat' dir='ltr'><strong>vidit.</strong></span> <span class='ocrx_word' id='word_1_553' title='bbox 1266 4266 1513 4324; x_wconf 87' lang='lat' dir='ltr'><strong>Nostrum</strong></span> <span class='ocrx_word' id='word_1_554' title='bbox 1566 4287 1697 4327; x_wconf 90' lang='lat' dir='ltr'><strong>vero</strong></span> <span class='ocrx_word' id='word_1_555' title='bbox 1744 4285 1856 4346; x_wconf 89' lang='lat' dir='ltr'><strong>est,</strong></span> 
     </span>
    </p>
   </div>
   <div class='ocr_carea' id='block_1_75' title="bbox 253 4357 1861 4431">
    <p class='ocr_par' dir='ltr' id='par_1_75' title="bbox 253 4357 1861 4431">
     <span class='ocr_line' id='line_1_75' title="bbox 253 4357 1861 4431; baseline 0.016 -33"><span class='ocrx_word' id='word_1_556' title='bbox 253 4357 550 4419; x_wconf 86' lang='lat' dir='ltr'><strong>utrumque</strong></span> <span class='ocrx_word' id='word_1_557' title='bbox 576 4360 771 4405; x_wconf 90' lang='lat' dir='ltr'><strong>statum</strong></span> <span class='ocrx_word' id='word_1_558' title='bbox 791 4396 805 4419; x_wconf 93' lang='lat'><strong>,</strong></span> <span class='ocrx_word' id='word_1_559' title='bbox 835 4364 887 4409; x_wconf 91' lang='lat' dir='ltr'><strong>et</strong></span> <span class='ocrx_word' id='word_1_560' title='bbox 915 4357 1189 4427; x_wconf 91' lang='lat' dir='ltr'><strong>utriusque</strong></span> <span class='ocrx_word' id='word_1_561' title='bbox 1215 4363 1471 4431; x_wconf 86' lang='lat' dir='ltr'><strong>temporis</strong></span> <span class='ocrx_word' id='word_1_562' title='bbox 1496 4366 1861 4423; x_wconf 90' lang='lat' dir='ltr'><strong>conditionem</strong></span> 
     </span>
    </p>
   </div>
   <div class='ocr_carea' id='block_1_76' title="bbox 252 4443 1856 4527">
    <p class='ocr_par' dir='ltr' id='par_1_76' title="bbox 252 4443 1856 4527">
     <span class='ocr_line' id='line_1_76' title="bbox 252 4443 1856 4527; baseline 0.016 -37"><span class='ocrx_word' id='word_1_563' title='bbox 252 4451 403 4494; x_wconf 84' lang='lat' dir='ltr'><strong>recte</strong></span> <span class='ocrx_word' id='word_1_564' title='bbox 434 4443 786 4499; x_wconf 84' lang='lat' dir='ltr'><strong>considerare</strong></span> <span class='ocrx_word' id='word_1_565' title='bbox 815 4455 973 4517; x_wconf 83' lang='lat' dir='ltr'><strong>atque</strong></span> <span class='ocrx_word' id='word_1_566' title='bbox 999 4448 1337 4508; x_wconf 89' lang='lat' dir='ltr'><strong>discernere:</strong></span> <span class='ocrx_word' id='word_1_567' title='bbox 1370 4464 1425 4509; x_wconf 92' lang='lat' dir='ltr'><strong>et</strong></span> <span class='ocrx_word' id='word_1_568' title='bbox 1456 4455 1557 4511; x_wconf 92' lang='lat' dir='ltr'><strong>hoc</strong></span> <span class='ocrx_word' id='word_1_569' title='bbox 1586 4470 1824 4515; x_wconf 68' lang='lat' dir='ltr'><strong>externa:</strong></span> <span class='ocrx_word' id='word_1_570' title='bbox 1843 4504 1856 4527; x_wconf 94' lang='lat'><strong>,</strong></span> 
     </span>
    </p>
   </div>
   <div class='ocr_carea' id='block_1_77' title="bbox 1980 3244 3576 3323">
    <p class='ocr_par' dir='ltr' id='par_1_77' title="bbox 1980 3244 3576 3323">
     <span class='ocr_line' id='line_1_77' title="bbox 1980 3244 3576 3323; baseline -0.006 -17"><span class='ocrx_word' id='word_1_571' title='bbox 1980 3260 2211 3321; x_wconf 84' lang='lat' dir='ltr'><strong>utroque</strong></span> <span class='ocrx_word' id='word_1_572' title='bbox 2240 3263 2474 3323; x_wconf 85' lang='lat' dir='ltr'><strong>genere,</strong></span> <span class='ocrx_word' id='word_1_573' title='bbox 2509 3248 2858 3302; x_wconf 87' lang='lat' dir='ltr'><strong>humanarum</strong></span> <span class='ocrx_word' id='word_1_574' title='bbox 2899 3246 3020 3300; x_wconf 90' lang='lat' dir='ltr'><strong>dico</strong></span> <span class='ocrx_word' id='word_1_575' title='bbox 3061 3254 3117 3299; x_wconf 92' lang='lat' dir='ltr'><strong>et</strong></span> <span class='ocrx_word' id='word_1_576' title='bbox 3158 3244 3457 3298; x_wconf 88' lang='lat' dir='ltr'><strong>divinarum</strong></span> <span class='ocrx_word' id='word_1_577' title='bbox 3486 3258 3576 3297; x_wconf 86' lang='lat' dir='ltr'><strong>re-</strong></span> 
     </span>
    </p>
   </div>
   <div class='ocr_carea' id='block_1_78' title="bbox 1980 3337 3575 3408">
    <p class='ocr_par' dir='ltr' id='par_1_78' title="bbox 1980 3337 3575 3408">
     <span class='ocr_line' id='line_1_78' title="bbox 1980 3337 3575 3408; baseline -0.007 -7"><span class='ocrx_word' id='word_1_578' title='bbox 1980 3360 2134 3408; x_wconf 87' lang='lat' dir='ltr'><strong>rum,</strong></span> <span class='ocrx_word' id='word_1_579' title='bbox 2161 3344 2274 3399; x_wconf 87' lang='lat' dir='ltr'><strong>sive</strong></span> <span class='ocrx_word' id='word_1_580' title='bbox 2294 3344 2525 3398; x_wconf 89' lang='lat' dir='ltr'><strong>civilium</strong></span> <span class='ocrx_word' id='word_1_581' title='bbox 2554 3354 2606 3395; x_wconf 90' lang='lat' dir='ltr'><strong>et</strong></span> <span class='ocrx_word' id='word_1_582' title='bbox 2628 3340 3133 3395; x_wconf 84' lang='lat' dir='ltr'><strong>ecclesiasticarum.</strong></span> <span class='ocrx_word' id='word_1_583' title='bbox 3158 3337 3290 3391; x_wconf 85' lang='lat' dir='ltr'><strong>Nam</strong></span> <span class='ocrx_word' id='word_1_584' title='bbox 3314 3346 3369 3391; x_wconf 90' lang='lat' dir='ltr'><strong>et</strong></span> <span class='ocrx_word' id='word_1_585' title='bbox 3389 3350 3575 3391; x_wconf 82' lang='lat' dir='ltr'><strong>earum</strong></span> 
     </span>
    </p>
   </div>
   <div class='ocr_carea' id='block_1_79' title="bbox 1978 3428 3573 3506">
    <p class='ocr_par' dir='ltr' id='par_1_79' title="bbox 1978 3428 3573 3506">
     <span class='ocr_line' id='line_1_79' title="bbox 1978 3428 3573 3506; baseline -0.006 -14"><span class='ocrx_word' id='word_1_586' title='bbox 1978 3437 2328 3505; x_wconf 86' lang='lat' dir='ltr'><strong>intelligentia</strong></span> <span class='ocrx_word' id='word_1_587' title='bbox 2359 3445 2519 3506; x_wconf 90' lang='lat' dir='ltr'><strong>atque</strong></span> <span class='ocrx_word' id='word_1_588' title='bbox 2551 3432 2807 3488; x_wconf 89' lang='lat' dir='ltr'><strong>memoria</strong></span> <span class='ocrx_word' id='word_1_589' title='bbox 2842 3432 3001 3486; x_wconf 92' lang='lat' dir='ltr'><strong>talem</strong></span> <span class='ocrx_word' id='word_1_590' title='bbox 3036 3431 3226 3485; x_wconf 89' lang='lat' dir='ltr'><strong>horum</strong></span> <span class='ocrx_word' id='word_1_591' title='bbox 3272 3428 3573 3484; x_wconf 87' lang='lat' dir='ltr'><strong>studiorum</strong></span> 
     </span>
    </p>
   </div>
   <div class='ocr_carea' id='block_1_80' title="bbox 1976 3522 3575 3598">
    <p class='ocr_par' dir='ltr' id='par_1_80' title="bbox 1976 3522 3575 3598">
     <span class='ocr_line' id='line_1_80' title="bbox 1976 3522 3575 3598; baseline -0.007 -14"><span class='ocrx_word' id='word_1_592' title='bbox 1976 3530 2409 3598; x_wconf 89' lang='lat' dir='ltr'><strong>conjunctionem</strong></span> <span class='ocrx_word' id='word_1_593' title='bbox 2455 3526 2706 3597; x_wconf 88' lang='lat' dir='ltr'><strong>requirit:</strong></span> <span class='ocrx_word' id='word_1_594' title='bbox 2758 3534 2851 3591; x_wconf 94' lang='lat' dir='ltr'><strong>ut,</strong></span> <span class='ocrx_word' id='word_1_595' title='bbox 2902 3524 2945 3578; x_wconf 90' lang='lat' dir='ltr'><strong>si</strong></span> <span class='ocrx_word' id='word_1_596' title='bbox 2991 3523 3240 3577; x_wconf 87' lang='lat' dir='ltr'><strong>Tiberius</strong></span> <span class='ocrx_word' id='word_1_597' title='bbox 3280 3522 3575 3590; x_wconf 89' lang='lat' dir='ltr'><strong>imperator</strong></span> 
     </span>
    </p>
   </div>
   <div class='ocr_carea' id='block_1_81' title="bbox 1975 3611 3572 3691">
    <p class='ocr_par' dir='ltr' id='par_1_81' title="bbox 1975 3611 3572 3691">
     <span class='ocr_line' id='line_1_81' title="bbox 1975 3611 3572 3691; baseline -0.009 -14"><span class='ocrx_word' id='word_1_598' title='bbox 1975 3632 2121 3677; x_wconf 90' lang='lat' dir='ltr'><strong>recte</strong></span> <span class='ocrx_word' id='word_1_599' title='bbox 2148 3621 2438 3691; x_wconf 91' lang='lat' dir='ltr'><strong>judicavit,</strong></span> <span class='ocrx_word' id='word_1_600' title='bbox 2470 3618 2757 3673; x_wconf 88' lang='lat' dir='ltr'><strong>militarem</strong></span> <span class='ocrx_word' id='word_1_601' title='bbox 2788 3615 3121 3684; x_wconf 90' lang='lat' dir='ltr'><strong>disciplinam</strong></span> <span class='ocrx_word' id='word_1_602' title='bbox 3162 3614 3181 3687; x_wconf 95' lang='lat'><strong>(</strong></span> <span class='ocrx_word' id='word_1_603' title='bbox 3210 3614 3350 3683; x_wconf 90' lang='lat' dir='ltr'><strong>quod</strong></span> <span class='ocrx_word' id='word_1_604' title='bbox 3380 3615 3452 3667; x_wconf 87' lang='lat' dir='ltr'><strong>ait</strong></span> <span class='ocrx_word' id='word_1_605' title='bbox 3495 3611 3572 3681; x_wconf 72' lang='lat'><strong>(2)</strong></span> 
     </span>
    </p>
   </div>
   <div class='ocr_carea' id='block_1_82' title="bbox 1974 3708 3572 3784">
    <p class='ocr_par' dir='ltr' id='par_1_82' title="bbox 1974 3708 3572 3784">
     <span class='ocr_line' id='line_1_82' title="bbox 1974 3708 3572 3784; baseline -0.005 -13"><span class='ocrx_word' id='word_1_606' title='bbox 1974 3715 2306 3784; x_wconf 86' lang='lat' dir='ltr'><strong>Suetonius)</strong></span> <span class='ocrx_word' id='word_1_607' title='bbox 2360 3728 2427 3768; x_wconf 89' lang='lat' dir='ltr'><strong>ex</strong></span> <span class='ocrx_word' id='word_1_608' title='bbox 2482 3712 2796 3781; x_wconf 84' lang='lat' dir='ltr'><strong>antiquitate</strong></span> <span class='ocrx_word' id='word_1_609' title='bbox 2848 3724 2971 3766; x_wconf 91' lang='lat' dir='ltr'><strong>esse</strong></span> <span class='ocrx_word' id='word_1_610' title='bbox 3021 3708 3415 3777; x_wconf 89' lang='lat' dir='ltr'><strong>repetendam:</strong></span> <span class='ocrx_word' id='word_1_611' title='bbox 3471 3721 3572 3763; x_wconf 85' lang='lat' dir='ltr'><strong>nos</strong></span> 
     </span>
    </p>
   </div>
   <div class='ocr_carea' id='block_1_83' title="bbox 1974 3801 3568 3876">
    <p class='ocr_par' dir='ltr' id='par_1_83' title="bbox 1974 3801 3568 3876">
     <span class='ocr_line' id='line_1_83' title="bbox 1974 3801 3568 3876; baseline -0.005 -15"><span class='ocrx_word' id='word_1_612' title='bbox 1974 3807 2142 3862; x_wconf 90' lang='lat' dir='ltr'><strong>multo</strong></span> <span class='ocrx_word' id='word_1_613' title='bbox 2187 3806 2356 3876; x_wconf 84' lang='lat' dir='ltr'><strong>magis</strong></span> <span class='ocrx_word' id='word_1_614' title='bbox 2388 3805 2687 3860; x_wconf 89' lang='lat' dir='ltr'><strong>sentiamus</strong></span> <span class='ocrx_word' id='word_1_615' title='bbox 2718 3804 3026 3872; x_wconf 79' lang='lat' dir='ltr'><strong>rectiuSque</strong></span> <span class='ocrx_word' id='word_1_616' title='bbox 3054 3803 3324 3864; x_wconf 88' lang='lat' dir='ltr'><strong>dicamus,</strong></span> <span class='ocrx_word' id='word_1_617' title='bbox 3357 3801 3568 3855; x_wconf 90' lang='lat' dir='ltr'><strong>civilem</strong></span> 
     </span>
    </p>
   </div>
   <div class='ocr_carea' id='block_1_84' title="bbox 1973 3894 3571 3965">
    <p class='ocr_par' dir='ltr' id='par_1_84' title="bbox 1973 3894 3571 3965">
     <span class='ocr_line' id='line_1_84' title="bbox 1973 3894 3571 3965; baseline -0.004 -10"><span class='ocrx_word' id='word_1_618' title='bbox 1973 3910 2026 3955; x_wconf 89' lang='lat' dir='ltr'><strong>et</strong></span> <span class='ocrx_word' id='word_1_619' title='bbox 2054 3899 2472 3953; x_wconf 81' lang='lat' dir='ltr'><strong>ecclesiasticam</strong></span> <span class='ocrx_word' id='word_1_620' title='bbox 2508 3897 2643 3950; x_wconf 90' lang='lat' dir='ltr'><strong>bona</strong></span> <span class='ocrx_word' id='word_1_621' title='bbox 2678 3896 2783 3950; x_wconf 84' lang='lat' dir='ltr'><strong>fide</strong></span> <span class='ocrx_word' id='word_1_622' title='bbox 2809 3896 3119 3965; x_wconf 89' lang='lat' dir='ltr'><strong>judicioque</strong></span> <span class='ocrx_word' id='word_1_623' title='bbox 3152 3894 3298 3950; x_wconf 89' lang='lat' dir='ltr'><strong>bono</strong></span> <span class='ocrx_word' id='word_1_624' title='bbox 3331 3894 3452 3948; x_wconf 90' lang='lat' dir='ltr'><strong>inde</strong></span> <span class='ocrx_word' id='word_1_625' title='bbox 3484 3908 3571 3948; x_wconf 91' lang='lat' dir='ltr'><strong>rc-</strong></span> 
     </span>
    </p>
   </div>
   <div class='ocr_carea' id='block_1_85' title="bbox 1972 3987 3569 4060">
    <p class='ocr_par' dir='ltr' id='par_1_85' title="bbox 1972 3987 3569 4060">
     <span class='ocr_line' id='line_1_85' title="bbox 1972 3987 3569 4060; baseline -0.003 -15"><span class='ocrx_word' id='word_1_626' title='bbox 1972 3990 2076 4060; x_wconf 91' lang='lat' dir='ltr'><strong>peti</strong></span> <span class='ocrx_word' id='word_1_627' title='bbox 2120 3988 2339 4043; x_wconf 90' lang='lat' dir='ltr'><strong>debere.</strong></span> <span class='ocrx_word' id='word_1_628' title='bbox 2383 3988 2589 4042; x_wconf 85' lang='lat' dir='ltr'><strong>Interea</strong></span> <span class='ocrx_word' id='word_1_629' title='bbox 2622 4002 2781 4053; x_wconf 88' lang='lat' dir='ltr'><strong>vero,</strong></span> <span class='ocrx_word' id='word_1_630' title='bbox 2814 3989 2938 4056; x_wconf 91' lang='lat' dir='ltr'><strong>quia</strong></span> <span class='ocrx_word' id='word_1_631' title='bbox 2980 3988 3127 4041; x_wconf 89' lang='lat' dir='ltr'><strong>varie</strong></span> <span class='ocrx_word' id='word_1_632' title='bbox 3170 3996 3226 4041; x_wconf 92' lang='lat' dir='ltr'><strong>et</strong></span> <span class='ocrx_word' id='word_1_633' title='bbox 3269 3987 3569 4056; x_wconf 89' lang='lat' dir='ltr'><strong>periculose</strong></span> 
     </span>
    </p>
   </div>
   <div class='ocr_carea' id='block_1_86' title="bbox 1969 4078 3569 4148">
    <p class='ocr_par' dir='ltr' id='par_1_86' title="bbox 1969 4078 3569 4148">
     <span class='ocr_line' id='line_1_86' title="bbox 1969 4078 3569 4148; baseline -0.003 -12"><span class='ocrx_word' id='word_1_634' title='bbox 1969 4081 2057 4137; x_wconf 90' lang='lat' dir='ltr'><strong>hic</strong></span> <span class='ocrx_word' id='word_1_635' title='bbox 2084 4081 2248 4136; x_wconf 89' lang='lat' dir='ltr'><strong>errari</strong></span> <span class='ocrx_word' id='word_1_636' title='bbox 2281 4095 2437 4148; x_wconf 86' lang='lat' dir='ltr'><strong>posse</strong></span> <span class='ocrx_word' id='word_1_637' title='bbox 2464 4079 2670 4143; x_wconf 90' lang='lat' dir='ltr'><strong>sentio,</strong></span> <span class='ocrx_word' id='word_1_638' title='bbox 2704 4081 2899 4134; x_wconf 90' lang='lat' dir='ltr'><strong>iterum</strong></span> <span class='ocrx_word' id='word_1_639' title='bbox 2929 4083 3231 4146; x_wconf 87' lang='lat' dir='ltr'><strong>iterumque</strong></span> <span class='ocrx_word' id='word_1_640' title='bbox 3257 4078 3569 4133; x_wconf 91' lang='lat' dir='ltr'><strong>obtestabor</strong></span> 
     </span>
    </p>
   </div>
   <div class='ocr_carea' id='block_1_87' title="bbox 1968 4170 3569 4238">
    <p class='ocr_par' dir='ltr' id='par_1_87' title="bbox 1968 4170 3569 4238">
     <span class='ocr_line' id='line_1_87' title="bbox 1968 4170 3569 4238; baseline -0.004 -7"><span class='ocrx_word' id='word_1_641' title='bbox 1968 4190 2156 4231; x_wconf 89' lang='lat' dir='ltr'><strong>onmes</strong></span> <span class='ocrx_word' id='word_1_642' title='bbox 2185 4174 2354 4229; x_wconf 90' lang='lat' dir='ltr'><strong>bonos</strong></span> <span class='ocrx_word' id='word_1_643' title='bbox 2383 4183 2433 4229; x_wconf 92' lang='lat' dir='ltr'><strong>et</strong></span> <span class='ocrx_word' id='word_1_644' title='bbox 2464 4173 2745 4238; x_wconf 78' lang='lat' dir='ltr'><strong>cordatus,</strong></span> <span class='ocrx_word' id='word_1_645' title='bbox 2778 4181 2835 4226; x_wconf 94' lang='lat' dir='ltr'><strong>ut</strong></span> <span class='ocrx_word' id='word_1_646' title='bbox 2864 4186 2894 4225; x_wconf 92' lang='lat' dir='ltr'><strong>a</strong></span> <span class='ocrx_word' id='word_1_647' title='bbox 2926 4170 3248 4225; x_wconf 88' lang='lat' dir='ltr'><strong>factionibus</strong></span> <span class='ocrx_word' id='word_1_648' title='bbox 3272 4171 3483 4237; x_wconf 87' lang='lat' dir='ltr'><strong>aversi,</strong></span> <span class='ocrx_word' id='word_1_649' title='bbox 3513 4180 3569 4225; x_wconf 91' lang='lat' dir='ltr'><strong>et</strong></span> 
     </span>
    </p>
   </div>
   <div class='ocr_carea' id='block_1_88' title="bbox 1968 4267 3563 4339">
    <p class='ocr_par' dir='ltr' id='par_1_88' title="bbox 1968 4267 3563 4339">
     <span class='ocr_line' id='line_1_88' title="bbox 1968 4267 3563 4339; baseline -0.003 -14"><span class='ocrx_word' id='word_1_650' title='bbox 1968 4286 1997 4325; x_wconf 91' lang='lat' dir='ltr'><strong>a</strong></span> <span class='ocrx_word' id='word_1_651' title='bbox 2043 4270 2220 4325; x_wconf 89' lang='lat' dir='ltr'><strong>studio</strong></span> <span class='ocrx_word' id='word_1_652' title='bbox 2268 4270 2494 4339; x_wconf 89' lang='lat' dir='ltr'><strong>partium</strong></span> <span class='ocrx_word' id='word_1_653' title='bbox 2543 4269 2737 4334; x_wconf 84' lang='lat' dir='ltr'><strong>alieni,</strong></span> <span class='ocrx_word' id='word_1_654' title='bbox 2787 4269 3016 4337; x_wconf 89' lang='lat' dir='ltr'><strong>primum</strong></span> <span class='ocrx_word' id='word_1_655' title='bbox 3058 4267 3308 4319; x_wconf 87' lang='lat' dir='ltr'><strong>vetustati</strong></span> <span class='ocrx_word' id='word_1_656' title='bbox 3359 4274 3563 4320; x_wconf 88' lang='lat' dir='ltr'><strong>tantum</strong></span> 
     </span>
    </p>
   </div>
   <div class='ocr_carea' id='block_1_89' title="bbox 1966 4358 3565 4430">
    <p class='ocr_par' dir='ltr' id='par_1_89' title="bbox 1966 4358 3565 4430">
     <span class='ocr_line' id='line_1_89' title="bbox 1966 4358 3565 4430; baseline -0.003 -12"><span class='ocrx_word' id='word_1_657' title='bbox 1966 4363 2301 4419; x_wconf 88' lang='lat' dir='ltr'><strong>auctoritatis</strong></span> <span class='ocrx_word' id='word_1_658' title='bbox 2341 4362 2613 4427; x_wconf 89' lang='lat' dir='ltr'><strong>tribuant,</strong></span> <span class='ocrx_word' id='word_1_659' title='bbox 2658 4371 2919 4430; x_wconf 84' lang='lat' dir='ltr'><strong>quantum</strong></span> <span class='ocrx_word' id='word_1_660' title='bbox 2962 4359 3034 4415; x_wconf 92' lang='lat' dir='ltr'><strong>illi</strong></span> <span class='ocrx_word' id='word_1_661' title='bbox 3078 4359 3336 4413; x_wconf 90' lang='lat' dir='ltr'><strong>debetur:</strong></span> <span class='ocrx_word' id='word_1_662' title='bbox 3371 4358 3565 4414; x_wconf 89' lang='lat' dir='ltr'><strong>deinde</strong></span> 
     </span>
    </p>
   </div>
   <div class='ocr_carea' id='block_1_90' title="bbox 1966 4452 3562 4529">
    <p class='ocr_par' dir='ltr' id='par_1_90' title="bbox 1966 4452 3562 4529">
     <span class='ocr_line' id='line_1_90' title="bbox 1966 4452 3562 4529; baseline -0.003 -17"><span class='ocrx_word' id='word_1_663' title='bbox 1966 4457 2177 4529; x_wconf 88' lang='lat' dir='ltr'><strong>placide</strong></span> <span class='ocrx_word' id='word_1_664' title='bbox 2221 4456 2455 4527; x_wconf 88' lang='lat' dir='ltr'><strong>cogitent</strong></span> <span class='ocrx_word' id='word_1_665' title='bbox 2497 4463 2658 4523; x_wconf 88' lang='lat' dir='ltr'><strong>atque</strong></span> <span class='ocrx_word' id='word_1_666' title='bbox 2700 4455 3014 4517; x_wconf 90' lang='lat' dir='ltr'><strong>observent,</strong></span> <span class='ocrx_word' id='word_1_667' title='bbox 3066 4467 3173 4507; x_wconf 91' lang='lat' dir='ltr'><strong>non</strong></span> <span class='ocrx_word' id='word_1_668' title='bbox 3218 4452 3390 4507; x_wconf 90' lang='lat' dir='ltr'><strong>solum</strong></span> <span class='ocrx_word' id='word_1_669' title='bbox 3435 4452 3562 4523; x_wconf 92' lang='lat' dir='ltr'><strong>quid</strong></span> 
     </span>
    </p>
   </div>
   <div class='ocr_carea' id='block_1_91' title="bbox 252 4531 3561 4623">
    <p class='ocr_par' dir='ltr' id='par_1_91' title="bbox 252 4531 3561 4623">
     <span class='ocr_line' id='line_1_91' title="bbox 252 4531 3561 4623; baseline 0.005 -38"><span class='ocrx_word' id='word_1_670' title='bbox 252 4542 317 4585; x_wconf 89' lang='lat' dir='ltr'><strong>ut</strong></span> <span class='ocrx_word' id='word_1_671' title='bbox 354 4531 430 4585; x_wconf 85' lang='lat' dir='ltr'><strong>ita</strong></span> <span class='ocrx_word' id='word_1_672' title='bbox 474 4532 679 4603; x_wconf 88' lang='lat' dir='ltr'><strong>loquar,</strong></span> <span class='ocrx_word' id='word_1_673' title='bbox 727 4536 913 4593; x_wconf 80' lang='lat' dir='ltr'><strong>forma:</strong></span> <span class='ocrx_word' id='word_1_674' title='bbox 955 4551 1364 4615; x_wconf 86' lang='lat' dir='ltr'><strong>temporumque</strong></span> <span class='ocrx_word' id='word_1_675' title='bbox 1405 4547 1692 4607; x_wconf 90' lang='lat' dir='ltr'><strong>discrimen</strong></span> <span class='ocrx_word' id='word_1_676' title='bbox 1728 4568 1857 4623; x_wconf 84' lang='lat' dir='ltr'><strong>pru-</strong></span> <span class='ocrx_word' id='word_1_677' title='bbox 1882 4554 1936 4614; x_wconf 92' lang='lat' dir='ltr'><strong>D</strong></span> <span class='ocrx_word' id='word_1_678' title='bbox 1962 4561 2171 4606; x_wconf 89' lang='lat' dir='ltr'><strong>veteres</strong></span> <span class='ocrx_word' id='word_1_679' title='bbox 2195 4547 2521 4613; x_wconf 82' lang='lat' dir='ltr'><strong>Christiani,</strong></span> <span class='ocrx_word' id='word_1_680' title='bbox 2552 4559 2794 4617; x_wconf 90' lang='lat' dir='ltr'><strong>tempore</strong></span> <span class='ocrx_word' id='word_1_681' title='bbox 2841 4545 3094 4609; x_wconf 81' lang='lat' dir='ltr'><strong>Minucii,</strong></span> <span class='ocrx_word' id='word_1_682' title='bbox 3138 4545 3410 4603; x_wconf 90' lang='lat' dir='ltr'><strong>facerent.</strong></span> <span class='ocrx_word' id='word_1_683' title='bbox 3439 4560 3561 4600; x_wconf 91' lang='lat' dir='ltr'><strong>cum</strong></span> 
     </span>
    </p>
   </div>
   <div class='ocr_carea' id='block_1_92' title="bbox 258 4624 1859 4707">
    <p class='ocr_par' dir='ltr' id='par_1_92' title="bbox 258 4624 1859 4707">
     <span class='ocr_line' id='line_1_92' title="bbox 258 4624 1859 4707; baseline 0.017 -31"><span class='ocrx_word' id='word_1_684' title='bbox 258 4624 459 4678; x_wconf 87' lang='lat' dir='ltr'><strong>denter</strong></span> <span class='ocrx_word' id='word_1_685' title='bbox 484 4626 764 4685; x_wconf 84' lang='lat' dir='ltr'><strong>observare</strong></span> <span class='ocrx_word' id='word_1_686' title='bbox 782 4672 795 4696; x_wconf 90' lang='lat'><strong>,</strong></span> <span class='ocrx_word' id='word_1_687' title='bbox 824 4642 882 4686; x_wconf 92' lang='lat' dir='ltr'><strong>ut</strong></span> <span class='ocrx_word' id='word_1_688' title='bbox 907 4645 959 4689; x_wconf 92' lang='lat' dir='ltr'><strong>et</strong></span> <span class='ocrx_word' id='word_1_689' title='bbox 986 4637 1315 4707; x_wconf 89' lang='lat' dir='ltr'><strong>antiquitatis</strong></span> <span class='ocrx_word' id='word_1_690' title='bbox 1342 4645 1633 4706; x_wconf 89' lang='lat' dir='ltr'><strong>memoria.</strong></span> <span class='ocrx_word' id='word_1_691' title='bbox 1664 4656 1717 4701; x_wconf 91' lang='lat' dir='ltr'><strong>et</strong></span> <span class='ocrx_word' id='word_1_692' title='bbox 1745 4664 1859 4703; x_wconf 88' lang='lat' dir='ltr'><strong>ma-</strong></span> 
     </span>
    </p>
   </div>
   <div class='ocr_carea' id='block_1_93' title="bbox 252 4714 1860 4798">
    <p class='ocr_par' dir='ltr' id='par_1_93' title="bbox 252 4714 1860 4798">
     <span class='ocr_line' id='line_1_93' title="bbox 252 4714 1860 4798; baseline 0.019 -31"><span class='ocrx_word' id='word_1_693' title='bbox 252 4714 447 4785; x_wconf 88' lang='lat' dir='ltr'><strong>jorum</strong></span> <span class='ocrx_word' id='word_1_694' title='bbox 477 4730 766 4778; x_wconf 85' lang='lat' dir='ltr'><strong>nostrorum</strong></span> <span class='ocrx_word' id='word_1_695' title='bbox 795 4728 1056 4798; x_wconf 82' lang='lat' dir='ltr'><strong>exemplis</strong></span> <span class='ocrx_word' id='word_1_696' title='bbox 1083 4740 1224 4786; x_wconf 91' lang='lat' dir='ltr'><strong>recte</strong></span> <span class='ocrx_word' id='word_1_697' title='bbox 1249 4741 1482 4791; x_wconf 87' lang='lat' dir='ltr'><strong>utamur.</strong></span> <span class='ocrx_word' id='word_1_698' title='bbox 1512 4737 1611 4797; x_wconf 80' lang='lat' dir='ltr'><strong>llic</strong></span> <span class='ocrx_word' id='word_1_699' title='bbox 1635 4742 1776 4797; x_wconf 88' lang='lat' dir='ltr'><strong>enim</strong></span> <span class='ocrx_word' id='word_1_700' title='bbox 1804 4750 1860 4798; x_wconf 87' lang='lat' dir='ltr'><strong>et</strong></span> 
     </span>
    </p>
   </div>
   <div class='ocr_carea' id='block_1_94' title="bbox 328 4876 1832 4975">
    <p class='ocr_par' dir='ltr' id='par_1_94' title="bbox 328 4876 1832 4975">
     <span class='ocr_line' id='line_1_94' title="bbox 328 4876 1832 4975; baseline 0.002 0"><span class='ocrx_word' id='word_1_701' title='bbox 328 4876 1501 4975; x_wconf 50' lang='lat' dir='ltr'><strong>Si1.Tt‘ii’ieriuisxcrersese.erisconus.</strong></span> <span class='ocrx_word' id='word_1_702' title='bbox 1525 4898 1575 4952; x_wconf 76' lang='lat' dir='ltr'><strong>in</strong></span> <span class='ocrx_word' id='word_1_703' title='bbox 1599 4901 1832 4975; x_wconf 65' lang='lat' dir='ltr'><strong>Dialosis</strong></span> 
     </span>
    </p>
   </div>
   <div class='ocr_carea' id='block_1_95' title="bbox 246 4948 1855 5069">
    <p class='ocr_par' dir='ltr' id='par_1_95' title="bbox 246 4948 1855 5069">
     <span class='ocr_line' id='line_1_95' title="bbox 246 4948 1855 5069; baseline 0.017 -69"><span class='ocrx_word' id='word_1_704' title='bbox 246 4948 449 5069; x_wconf 52' lang='lat' dir='ltr'><strong>quibus</strong></span> <span class='ocrx_word' id='word_1_705' title='bbox 480 4949 731 5006; x_wconf 78' lang='lat' dir='ltr'><strong>Eranista:</strong></span> <span class='ocrx_word' id='word_1_706' title='bbox 760 4948 953 5009; x_wconf 78' lang='lat' dir='ltr'><strong>nomen</strong></span> <span class='ocrx_word' id='word_1_707' title='bbox 982 4955 1102 5023; x_wconf 88' lang='lat' dir='ltr'><strong>dat,</strong></span> <span class='ocrx_word' id='word_1_708' title='bbox 1139 4948 1357 5035; x_wconf 80' lang='lat' dir='ltr'><strong>Dialogo</strong></span> 
     </span>
     <span class='ocr_line' id='line_1_96' title="bbox 296 5019 1826 5069; baseline 0.001 -2"><span class='ocrx_word' id='word_1_709' title='bbox 296 5035 397 5069; x_wconf 76' lang='grc' dir='ltr'>ιω.</span> <span class='ocrx_word' id='word_1_710' title='bbox 431 5031 499 5069; x_wconf 72' lang='lat' dir='ltr'><strong>Ila</strong></span> <span class='ocrx_word' id='word_1_711' title='bbox 524 5019 894 5069; x_wconf 79' lang='lat' dir='ltr'><strong>Orlhmlmmm</strong></span> <span class='ocrx_word' id='word_1_712' title='bbox 926 5028 1121 5069; x_wconf 79' lang='lat' dir='ltr'><strong>imltmit</strong></span> <span class='ocrx_word' id='word_1_713' title='bbox 1152 5032 1410 5069; x_wconf 66' lang='lat' dir='ltr'><strong>[Pp-nucum</strong></span> <span class='ocrx_word' id='word_1_714' title='bbox 1468 5038 1535 5069; x_wconf 61' lang='grc' dir='ltr'><strong><em>ΑΛ</em></strong></span> <span class='ocrx_word' id='word_1_715' title='bbox 1560 5041 1595 5069; x_wconf 67' lang='grc' dir='ltr'>ρ</span> <span class='ocrx_word' id='word_1_716' title='bbox 1654 5044 1826 5069; x_wconf 58' lang='grc' dir='ltr'><strong>ιπηηι.-</strong></span> 
     </span>
    </p>
   </div>
   <div class='ocr_carea' id='block_1_96' title="bbox 278 5019 1858 5101">
    <p class='ocr_par' dir='ltr' id='par_1_96' title="bbox 278 5019 1858 5101">
     <span class='ocr_line' id='line_1_97' title="bbox 278 5019 1858 5101; baseline 0.022 -35"><span class='ocrx_word' id='word_1_717' title='bbox 278 5019 397 5101; x_wconf 44' lang='lat' dir='ltr'><strong>.ips.</strong></span> <span class='ocrx_word' id='word_1_718' title='bbox 430 5019 499 5101; x_wconf 75' lang='lat' dir='ltr'><strong>ita</strong></span> <span class='ocrx_word' id='word_1_719' title='bbox 524 5019 894 5101; x_wconf 79' lang='lat' dir='ltr'><strong>Orthodoxutn</strong></span> <span class='ocrx_word' id='word_1_720' title='bbox 924 5019 1125 5084; x_wconf 87' lang='lat' dir='ltr'><strong>inducit</strong></span> <span class='ocrx_word' id='word_1_721' title='bbox 1152 5019 1438 5096; x_wconf 41' lang='lat' dir='ltr'><strong>Eran‘t&#39;sue:</strong></span> <span class='ocrx_word' id='word_1_722' title='bbox 1467 5019 1858 5100; x_wconf 59' lang='lat' dir='ltr'><strong>ité°s.&#39;iziict}§l</strong></span> 
     </span>
    </p>
   </div>
   <div class='ocr_carea' id='block_1_97' title="bbox 245 5097 1853 5180">
    <p class='ocr_par' dir='ltr' id='par_1_97' title="bbox 245 5097 1853 5180">
     <span class='ocr_line' id='line_1_98' title="bbox 245 5097 1853 5180; baseline 0.019 -39"><span class='ocrx_word' id='word_1_723' title='bbox 245 5097 395 5180; x_wconf 65' lang='lat' dir='ltr'><strong>rtslia</strong></span> <span class='ocrx_word' id='word_1_724' title='bbox 429 5097 773 5180; x_wconf 69' lang='lat' dir='ltr'><strong>interroganti</strong></span> <span class='ocrx_word' id='word_1_725' title='bbox 795 5139 808 5159; x_wconf 90' lang='lat'><strong>,</strong></span> <span class='ocrx_word' id='word_1_726' title='bbox 841 5104 1282 5180; x_wconf 66' lang='lat' dir='ltr'><strong>respondentem:</strong></span> <span class='ocrx_word' id='word_1_727' title='bbox 1315 5112 1364 5161; x_wconf 52' lang='lat' dir='ltr'><strong>is</strong></span> <span class='ocrx_word' id='word_1_728' title='bbox 1388 5120 1480 5177; x_wconf 60' lang='lat' dir='ltr'><strong>xpa</strong></span> <span class='ocrx_word' id='word_1_729' title='bbox 1500 5123 1657 5180; x_wconf 66' lang='grc' dir='ltr'><strong>σαφῶς</strong></span> <span class='ocrx_word' id='word_1_730' title='bbox 1682 5097 1853 5171; x_wconf 58' lang='grc' dir='ltr'><strong>εὶήξῖιᾷ-</strong></span> 
     </span>
    </p>
   </div>
   <div class='ocr_carea' id='block_1_98' title="bbox 244 5169 1856 5254">
    <p class='ocr_par' dir='ltr' id='par_1_98' title="bbox 244 5169 1856 5254">
     <span class='ocr_line' id='line_1_99' title="bbox 244 5169 1856 5254; baseline 0.02 -43"><span class='ocrx_word' id='word_1_731' title='bbox 244 5169 488 5254; x_wconf 46' lang='grc' dir='ltr'><strong>γέρ</strong></span> <span class='ocrx_word' id='word_1_732' title='bbox 662 5173 900 5254; x_wconf 48' lang='lat' dir='ltr'><strong>dignitati:</strong></span> <span class='ocrx_word' id='word_1_733' title='bbox 922 5176 1165 5254; x_wconf 54' lang='lat' dir='ltr'><strong>fapa&#39;iut.</strong></span> <span class='ocrx_word' id='word_1_734' title='bbox 1195 5169 1475 5254; x_wconf 82' lang='grc' dir='ltr'><em>Ν</em></span> <span class='ocrx_word' id='word_1_735' title='bbox 1499 5169 1671 5254; x_wconf 55' lang='lat' dir='ltr'><strong>aperte</strong></span> <span class='ocrx_word' id='word_1_736' title='bbox 1696 5169 1856 5254; x_wconf 72' lang='lat' dir='ltr'><strong>loqui:</strong></span> 
     </span>
    </p>
   </div>
   <div class='ocr_carea' id='block_1_99' title="bbox 247 5231 1852 5313">
    <p class='ocr_par' dir='ltr' id='par_1_99' title="bbox 247 5231 1852 5313">
     <span class='ocr_line' id='line_1_100' title="bbox 247 5231 1852 5313; baseline 0.022 -34"><span class='ocrx_word' id='word_1_737' title='bbox 247 5231 481 5309; x_wconf 73' lang='lat' dir='ltr'><strong>fortassis</strong></span> <span class='ocrx_word' id='word_1_738' title='bbox 512 5231 704 5313; x_wconf 72' lang='lat' dir='ltr'><strong>adsunt</strong></span> <span class='ocrx_word' id='word_1_739' title='bbox 729 5242 978 5308; x_wconf 77' lang='lat' dir='ltr'><strong>mysteriis</strong></span> <span class='ocrx_word' id='word_1_740' title='bbox 995 5231 1232 5299; x_wconf 77' lang='grc' dir='ltr'><strong>ἠοηάκιη</strong></span> <span class='ocrx_word' id='word_1_741' title='bbox 1262 5231 1466 5303; x_wconf 32' lang='lat' dir='ltr'><strong>initia—ti.</strong></span> <span class='ocrx_word' id='word_1_742' title='bbox 1501 5231 1852 5313; x_wconf 45' lang='lat' dir='ltr'><strong>nostris}:</strong></span> 
     </span>
    </p>
   </div>
   <div class='ocr_carea' id='block_1_100' title="bbox 246 5301 1855 5402">
    <p class='ocr_par' dir='ltr' id='par_1_100' title="bbox 246 5301 1855 5402">
     <span class='ocr_line' id='line_1_101' title="bbox 246 5301 1855 5402; baseline 0.019 -48"><span class='ocrx_word' id='word_1_743' title='bbox 474 5304 836 5402; x_wconf 43' lang='grc' dir='ltr'><strong>Ξιίέὲέίιτὼξφς</strong></span> <span class='ocrx_word' id='word_1_744' title='bbox 865 5322 891 5374; x_wconf 82' lang='grc' dir='ltr'><strong><em>ἠ</em></strong></span> <span class='ocrx_word' id='word_1_745' title='bbox 919 5314 1173 5396; x_wconf 65' lang='grc' dir='ltr'><strong>ἀπόκρισις</strong></span> <span class='ocrx_word' id='word_1_746' title='bbox 1194 5328 1327 5377; x_wconf 72' lang='grc' dir='ltr'><strong>ἔστω.</strong></span> <span class='ocrx_word' id='word_1_747' title='bbox 1364 5301 1694 5395; x_wconf 61' lang='grc' dir='ltr'><strong>Ρνυροηαῖιιν</strong></span> <span class='ocrx_word' id='word_1_748' title='bbox 1717 5301 1855 5402; x_wconf 46' lang='lat' dir='ltr'><strong>ergo</strong></span> 
     </span>
    </p>
   </div>
   <div class='ocr_carea' id='block_1_101' title="bbox 246 5376 1117 5456">
    <p class='ocr_par' dir='ltr' id='par_1_101' title="bbox 246 5376 1117 5456">
     <span class='ocr_line' id='line_1_102' title="bbox 246 5376 1117 5456; baseline 0.022 -34"><span class='ocrx_word' id='word_1_749' title='bbox 246 5376 305 5424; x_wconf 82' lang='lat' dir='ltr'><strong>in</strong></span> <span class='ocrx_word' id='word_1_750' title='bbox 339 5376 499 5442; x_wconf 77' lang='lat' dir='ltr'><strong>{arma</strong></span> <span class='ocrx_word' id='word_1_751' title='bbox 529 5380 812 5453; x_wconf 71' lang='lat' dir='ltr'><strong>wnigmatis</strong></span> <span class='ocrx_word' id='word_1_752' title='bbox 840 5376 1117 5456; x_wconf 68' lang='lat' dir='ltr'><strong>responsio.</strong></span> 
     </span>
    </p>
   </div>
   <div class='ocr_carea' id='block_1_102' title="bbox 1963 4640 3562 4713">
    <p class='ocr_par' dir='ltr' id='par_1_102' title="bbox 1963 4640 3562 4713">
     <span class='ocr_line' id='line_1_103' title="bbox 1963 4640 3562 4713; baseline -0.002 -15"><span class='ocrx_word' id='word_1_753' title='bbox 1963 4642 2107 4699; x_wconf 91' lang='lat' dir='ltr'><strong>aliud</strong></span> <span class='ocrx_word' id='word_1_754' title='bbox 2140 4658 2245 4697; x_wconf 89' lang='lat' dir='ltr'><strong>non</strong></span> <span class='ocrx_word' id='word_1_755' title='bbox 2276 4653 2533 4713; x_wconf 88' lang='lat' dir='ltr'><strong>possent:</strong></span> <span class='ocrx_word' id='word_1_756' title='bbox 2564 4642 2657 4696; x_wconf 87' lang='lat' dir='ltr'><strong>sed</strong></span> <span class='ocrx_word' id='word_1_757' title='bbox 2686 4650 2738 4696; x_wconf 90' lang='lat' dir='ltr'><strong>et</strong></span> <span class='ocrx_word' id='word_1_758' title='bbox 2769 4640 2893 4712; x_wconf 91' lang='lat' dir='ltr'><strong>quid</strong></span> <span class='ocrx_word' id='word_1_759' title='bbox 2924 4649 3207 4711; x_wconf 84' lang='lat' dir='ltr'><strong>Optarent,</strong></span> <span class='ocrx_word' id='word_1_760' title='bbox 3238 4650 3292 4695; x_wconf 91' lang='lat' dir='ltr'><strong>et</strong></span> <span class='ocrx_word' id='word_1_761' title='bbox 3323 4640 3407 4694; x_wconf 92' lang='lat' dir='ltr'><strong>ubi</strong></span> <span class='ocrx_word' id='word_1_762' title='bbox 3438 4656 3562 4710; x_wconf 89' lang='lat' dir='ltr'><strong>pos-</strong></span> 
     </span>
    </p>
   </div>
   <div class='ocr_carea' id='block_1_103' title="bbox 1963 4731 3563 4803">
    <p class='ocr_par' dir='ltr' id='par_1_103' title="bbox 1963 4731 3563 4803">
     <span class='ocr_line' id='line_1_104' title="bbox 1963 4731 3563 4803; baseline -0.005 -10"><span class='ocrx_word' id='word_1_763' title='bbox 1963 4746 2084 4793; x_wconf 88' lang='lat' dir='ltr'><strong>sent</strong></span> <span class='ocrx_word' id='word_1_764' title='bbox 2106 4776 2121 4803; x_wconf 91' lang='lat'><strong>,</strong></span> <span class='ocrx_word' id='word_1_765' title='bbox 2154 4736 2459 4792; x_wconf 86' lang='lat' dir='ltr'><strong>faciendum</strong></span> <span class='ocrx_word' id='word_1_766' title='bbox 2489 4750 2609 4789; x_wconf 89' lang='lat' dir='ltr'><strong>esse</strong></span> <span class='ocrx_word' id='word_1_767' title='bbox 2641 4743 2973 4789; x_wconf 88' lang='lat' dir='ltr'><strong>statuerent:</strong></span> <span class='ocrx_word' id='word_1_768' title='bbox 3007 4743 3061 4788; x_wconf 91' lang='lat' dir='ltr'><strong>et</strong></span> <span class='ocrx_word' id='word_1_769' title='bbox 3091 4748 3220 4788; x_wconf 85' lang='lat' dir='ltr'><strong>vero</strong></span> <span class='ocrx_word' id='word_1_770' title='bbox 3243 4775 3255 4793; x_wconf 88' lang='lat'><strong>,</strong></span> <span class='ocrx_word' id='word_1_771' title='bbox 3288 4731 3412 4801; x_wconf 90' lang='lat' dir='ltr'><strong>qttid</strong></span> <span class='ocrx_word' id='word_1_772' title='bbox 3446 4741 3563 4785; x_wconf 82' lang='lat' dir='ltr'><strong>tart-</strong></span> 
     </span>
    </p>
   </div>
   <div class='ocr_carea' id='block_1_104' title="bbox 1962 4823 3560 4896">
    <p class='ocr_par' dir='ltr' id='par_1_104' title="bbox 1962 4823 3560 4896">
     <span class='ocr_line' id='line_1_105' title="bbox 1962 4823 3560 4896; baseline -0.006 -8"><span class='ocrx_word' id='word_1_773' title='bbox 1962 4833 2121 4896; x_wconf 91' lang='lat' dir='ltr'><strong>dem,</strong></span> <span class='ocrx_word' id='word_1_774' title='bbox 2150 4846 2272 4885; x_wconf 89' lang='lat' dir='ltr'><strong>cmn</strong></span> <span class='ocrx_word' id='word_1_775' title='bbox 2318 4830 2469 4885; x_wconf 90' lang='lat' dir='ltr'><strong>liberi</strong></span> <span class='ocrx_word' id='word_1_776' title='bbox 2519 4829 2763 4895; x_wconf 88' lang='lat' dir='ltr'><strong>fuerunt,</strong></span> <span class='ocrx_word' id='word_1_777' title='bbox 2805 4826 3066 4890; x_wconf 91' lang='lat' dir='ltr'><strong>fecerint,</strong></span> <span class='ocrx_word' id='word_1_778' title='bbox 3097 4836 3156 4881; x_wconf 90' lang='lat' dir='ltr'><strong>ut</strong></span> <span class='ocrx_word' id='word_1_779' title='bbox 3184 4833 3237 4879; x_wconf 87' lang='lat' dir='ltr'><strong>et</strong></span> <span class='ocrx_word' id='word_1_780' title='bbox 3268 4823 3560 4892; x_wconf 87' lang='lat' dir='ltr'><strong>rempubli-</strong></span> 
     </span>
    </p>
   </div>
   <div class='ocr_carea' id='block_1_105' title="bbox 1962 4924 3101 4984">
    <p class='ocr_par' dir='ltr' id='par_1_105' title="bbox 1962 4924 3101 4984">
     <span class='ocr_line' id='line_1_106' title="bbox 1962 4924 3101 4984; baseline -0.008 0"><span class='ocrx_word' id='word_1_781' title='bbox 1962 4942 2079 4984; x_wconf 80' lang='lat' dir='ltr'><strong>Cam</strong></span> <span class='ocrx_word' id='word_1_782' title='bbox 2110 4935 2163 4981; x_wconf 92' lang='lat' dir='ltr'><strong>et</strong></span> <span class='ocrx_word' id='word_1_783' title='bbox 2188 4925 2485 4981; x_wconf 87' lang='lat' dir='ltr'><strong>Ecclesiam</strong></span> <span class='ocrx_word' id='word_1_784' title='bbox 2514 4934 2660 4980; x_wconf 90' lang='lat' dir='ltr'><strong>recte</strong></span> <span class='ocrx_word' id='word_1_785' title='bbox 2688 4924 3101 4979; x_wconf 88' lang='lat' dir='ltr'><strong>constituerent.</strong></span> 
     </span>
    </p>
   </div>
   <div class='ocr_carea' id='block_1_106' title="bbox 2030 5172 3559 5257">
    <p class='ocr_par' dir='ltr' id='par_1_106' title="bbox 2030 5172 3559 5257">
     <span class='ocr_line' id='line_1_107' title="bbox 2030 5172 3559 5257; baseline 0.003 -30"><span class='ocrx_word' id='word_1_786' title='bbox 2030 5172 2112 5257; x_wconf 68' lang='grc'><strong>(2)</strong></span> <span class='ocrx_word' id='word_1_787' title='bbox 2138 5172 2425 5257; x_wconf 81' lang='lat' dir='ltr'><strong>Suetonius</strong></span> <span class='ocrx_word' id='word_1_788' title='bbox 2445 5173 2628 5255; x_wconf 77' lang='lat' dir='ltr'><strong>Tiber.</strong></span> <span class='ocrx_word' id='word_1_789' title='bbox 2655 5175 2899 5257; x_wconf 81' lang='lat' dir='ltr'><strong>cap._l9.</strong></span> <span class='ocrx_word' id='word_1_790' title='bbox 2950 5176 3287 5257; x_wconf 68' lang='lat' dir='ltr'><strong>Disciplinam</strong></span> <span class='ocrx_word' id='word_1_791' title='bbox 3314 5178 3559 5257; x_wconf 68' lang='lat' dir='ltr'><strong>acerrime</strong></span> 
     </span>
    </p>
   </div>
   <div class='ocr_carea' id='block_1_107' title="bbox 1957 5246 3558 5321">
    <p class='ocr_par' dir='ltr' id='par_1_107' title="bbox 1957 5246 3558 5321">
     <span class='ocr_line' id='line_1_108' title="bbox 1957 5246 3558 5321; baseline 0.004 -22"><span class='ocrx_word' id='word_1_792' title='bbox 1957 5246 2155 5321; x_wconf 70' lang='lat' dir='ltr'><strong>exegit,</strong></span> <span class='ocrx_word' id='word_1_793' title='bbox 2182 5246 2674 5321; x_wconf 70' lang='lat' dir='ltr'><strong>animadversimtum</strong></span> <span class='ocrx_word' id='word_1_794' title='bbox 2704 5260 2749 5303; x_wconf 84' lang='lat' dir='ltr'><strong>et</strong></span> <span class='ocrx_word' id='word_1_795' title='bbox 2778 5250 3173 5319; x_wconf 83' lang='lat' dir='ltr'><strong>ignominiarum</strong></span> <span class='ocrx_word' id='word_1_796' title='bbox 3200 5250 3466 5321; x_wconf 74' lang='lat' dir='ltr'><strong>generibus</strong></span> <span class='ocrx_word' id='word_1_797' title='bbox 3495 5267 3558 5305; x_wconf 79' lang='lat' dir='ltr'><strong>ea:</strong></span> 
     </span>
    </p>
   </div>
   <div class='ocr_carea' id='block_1_108' title="bbox 1954 5316 2519 5387">
    <p class='ocr_par' dir='ltr' id='par_1_108' title="bbox 1954 5316 2519 5387">
     <span class='ocr_line' id='line_1_109' title="bbox 1954 5316 2519 5387; baseline -0.002 -17"><span class='ocrx_word' id='word_1_798' title='bbox 1954 5317 2251 5387; x_wconf 81' lang='lat' dir='ltr'><strong>antiquitate</strong></span> <span class='ocrx_word' id='word_1_799' title='bbox 2278 5316 2519 5384; x_wconf 80' lang='lat' dir='ltr'><strong>repetitis.</strong></span> 
     </span>
    </p>
   </div>
   <div class='ocr_carea' id='block_1_109' title="bbox 1648 5631 2166 5690">
    <p class='ocr_par' dir='ltr' id='par_1_109' title="bbox 1648 5631 2166 5690">
     <span class='ocr_line' id='line_1_110' title="bbox 1648 5631 2166 5690; baseline 0.01 -5"><span class='ocrx_word' id='word_1_800' title='bbox 1648 5631 2166 5690; x_wconf 49' lang='grc' dir='ltr'>Μ</span> 
     </span>
    </p>
   </div>
  </div>
