4218 6268
2080 307 2467 369 ΡΚᾸΒΡΑἸἹΟ.

677 467 806 474 _
2032 482 2050 487 _
2291 485 3666 505 ._.____.______._.___.__..___
3734 502 3798 508 _
3881 506 3916 509 _..

1030 674 1183 747 AD
1234 675 1690 751 PRIMAM
1745 680 2216 755 LINDNEII

2320 684 2943 762 EDITIONEM
3007 692 3581 772 PBJEFATIO

777 891 1641 1059 JOANNIS
1720 907 2819 1061 AUGUSTINI
2899 910 3790 1073 ERNESTI.

2028 1212 2505 1257 -οοο-

917 1407 1083 1464 Docta
1112 1419 1157 1465 et
1183 1396 1460 1469 christiano
1486 1400 1661 1470 lectori
1685 1417 1922 1474 militum.

702 1555 757 1613 In
789 1557 1046 1619 institutis
1085 1577 1296 1639 eorum,
1323 1580 1420 1636 per
1452 1582 1587 1637 quos
1621 1568 1879 1641 bonarum
1922 1571 2218 1629 litterarum

626 1649 864 1704 omnium
889 1690 903 1714 ,
952 1651 1320 1727 imprimisque
1361 1673 1659 1737 sacrarum,
1706 1663 2111 1735 intelligentiam
2141 1676 2221 1722 at-

625 1753 728 1809 que
756 1741 1033 1803 scientiam
1069 1746 1206 1800 Deus
1232 1748 1463 1817 reddidit
1500 1756 1679 1822 generi
1713 1753 1967 1824 humano,
2007 1757 2109 1813 hoc
2136 1775 2221 1815 re-

626 1832 775 1901 perio
823 1833 1006 1903 fuisse,
1052 1845 1109 1895 ut
1138 1847 1189 1892 et
1221 1840 1321 1908 ipsi
1365 1855 1516 1897 sacra
1554 1858 1675 1898 cum
1722 1846 1969 1916 humanis
1996 1851 2223 1921 conjun-

625 1936 832 1994 gereut,
868 1944 964 1984 nec
996 1932 1170 1987 minus
1201 1936 1428 1997 studiosi
1453 1949 1636 1997 essent
1657 1940 2002 2012 legendorum
2027 1949 2220 2005 veteris

625 2016 901 2086 Ecclesiae,
934 2022 1136 2085 Graecae
1166 2028 1495 2102 Latiumque,
1527 2035 1871 2104 scriptorum,
1913 2055 2072 2110 quam
2101 2058 2220 2113 qua:

624 2108 692 2162 ab
716 2112 1108 2182 antiquioribus
1130 2117 1333 2175 Gra-cis
1358 2134 1412 2176 et
1435 2123 1690 2187 Romanis
1708 2108 2216 2203 acceptaﬁteuerent,

625 2208 680 2254 et
707 2199 950 2271 ejusdem
978 2208 1368 2283 coniunctionis
1390 2224 1637 2272 auctores
1659 2232 2016 2294 suasoresque
2038 2237 2221 2297 essent

624 2291 708 2354 iis,
733 2295 822 2363 qui
853 2311 910 2351 se
931 2298 994 2351 ad
1020 2315 1203 2356 eorum
1228 2303 1561 2371 disciplinam
1582 2312 2062 2385 auctoritatemque
2090 2333 2220 2389 con-

626 2383 891 2443 tulissent.
922 2388 1000 2443 Ne
1030 2394 1272 2463 exempla
1310 2412 1340 2450 e
1368 2397 1657 2470 longinquo
1687 2383 2011 2477 repetamus,
2042 2383 2219 2467 exter-

623 2473 809 2546 nisque
835 2478 902 2534 de
935 2484 1163 2553 populis,
1200 2486 1472 2549 Erasmus.
1507 2509 1665 2565 quem
1694 2496 1743 2561 iu
1787 2473 2115 2577 principibus
2138 2504 2219 2559 in-

622 2572 1012 2637 stauratorihns
1051 2576 1396 2636 humanitatis
1424 2586 1647 2642 erudita:
1693 2572 1970 2648 numerant
2006 2610 2215 2669 omnes,

621 2677 727 2717 non
771 2668 948 2723 minus
976 2684 1279 2742 curaverat,
1308 2686 1362 2730 ut
1408 2677 1460 2739 in
1490 2680 1704 2752 scriptis
1729 2686 2072 2761 antiquorum
2117 2693 2217 2746 Ec-

618 2755 799 2812 clesiae
843 2759 1128 2835 Doctorum
1158 2778 1403 2825 versatus
1451 2784 1618 2839 esset,
1675 2792 1836 2848 quam
1875 2780 1926 2835 in
1980 2783 2214 2852 profanis

620 2847 932 2915 Grzecorum
968 2864 1022 2910 et
1065 2856 1400 2926 Latinorum,
1433 2880 1534 2922 nec
1578 2868 1695 2936 plus
1725 2871 1773 2925 ei
1813 2847 2218 2950 debet-antiqui-

620 2946 703 2993 tas
745 2939 928 3000 Grmca
968 2955 1022 3002 et
1070 2950 1329 3019 Romana,
1372 2972 1532 3031 quam
1583 2959 1977 3029 Ecclesiastiea,
2030 2979 2088 3023 ut
2125 2939 2219 3043 qui

622 3031 762 3087 haud
797 3039 953 3108 paulo
995 3042 1142 3112 plura
1175 3046 1443 3104 volumina
1492 3050 1748 3111 Ecclesia:
1778 3060 1977 3116 veteris
2020 3031 2219 3119 Docto-

619 3142 761 3193 rum,
807 3146 963 3201 quam
1010 3136 1354 3199 classicorum
1402 3157 1702 3223 auctorum,
1753 3150 1819 3205 ad
1867 3152 2023 3219 fidem
2065 3157 2219 3212 codi-

620 3233 742 3276 cum
766 3227 1055 3293 recensuit,
1080 3233 1375 3305 castigavit,
1406 3236 1708 3307 illustravit.
1741 3242 1795 3307 lo
1816 3248 2018 3300 nostris
2039 3260 2217 3323 autem

621 3314 797 3379 terris,
840 3318 1091 3385 primum.
1123 3325 1211 3397 qui
1252 3326 1301 3383 iu
1337 3327 1435 3393 hac
1470 3330 1578 3399 ipsa
1614 3332 1790 3403 Lipsia
1823 3348 2000 3395 nostra
2031 3339 2218 3400 funda-

627 3415 711 3459 tor
765 3407 1020 3467 bonarum
1064 3416 1360 3493 litterarum
1410 3426 1637 3495 exstitit.
1688 3428 1830 3499 Petr.
1870 3428 2216 3505 Mosi-llanus,

622 3498 692 3553 ita
726 3499 942 3561 Graecos
967 3516 1020 3562 et
1058 3509 1275 3567 Latinos
1301 3516 1593 3585 scriptores
1616 3521 1995 3590 interpretatus
2026 3540 2124 3598 est,
2162 3542 2219 3589 ut

620 3593 824 3660 pariter
848 3596 913 3665 ad
942 3597 1343 3667 intelligentiam
1380 3618 1430 3662 et
1463 3610 1746 3667 lectionem
1808 3616 1909 3672 PP.
1946 3593 2216 3693 interpre-

619 3684 792 3751 tandis
823 3688 1115 3763 Scripturis
1156 3692 1212 3750 S.
1244 3708 1298 3751 et
1330 3701 1685 3773 praelegendis
1729 3710 1902 3777 poetis
1929 3684 2217 3770 ecclesias.

619 3774 759 3841 ticis,
809 3780 1183 3840 adolescentes
1223 3791 1535 3861 aemulantcs
1581 3797 1695 3862 ejus
1731 3801 1939 3870 studia,
1975 3804 2075 3860 hoc
2103 3818 2215 3875 est,

618 3866 804 3922 liorem
848 3871 1166 3955 iuventutis,
1220 3881 1528 3940 adduceret.
1571 3887 1738 3955 Quam
1773 3866 2105 3969 disciplinam
2150 3866 2217 3956 ab

617 3973 683 4013 eo
723 3974 997 4035 acceptam
1040 3973 1281 4042 retinuit,
1316 3986 1368 4030 et
1397 3980 1507 4032 suis
1541 3983 1753 4038 tradidit
1781 3984 2050 4063 Casparus
2080 3992 2214 4048 Bor-

614 4066 796 4115 nerus,
838 4056 988 4131 viret
1022 4061 1154 4139 ipse,
1200 4072 1255 4121 ut
1296 4064 1499 4134 judieat
1537 4072 1723 4128 Joach.
1755 4056 2096 4136 Camerarius
2131 4087 2215 4157 (in

626 4143 726 4201 Vit.
756 4149 858 4215 Ph.
888 4153 1205 4215 Melum/illi.
1236 4181 1289 4232 p.
1318 4162 1377 4229 7i

613 4251 789 4307 natus,
835 4248 919 4300 cui
975 4248 1241 4306 Lutherus
1272 4264 1328 4309 et
1352 4256 1724 4314 liii-lanchthou
1782 4273 1984 4335 tantum
2018 4272 2067 4323 iu
2117 4272 2216 4327 hac

615 4333 902 4390 Academia
959 4342 1291 4415 tribuerunt,
1338 4361 1595 4425 quantum
1651 4354 1871 4425 nomini.
1917 4357 2081 4427 Cujus
2136 4364 2213 4418 rei

613 4436 885 4480 auctorem
938 4430 1191 4487 idoneum
1241 4435 1499 4492 habemus
1547 4438 1835 4513 Georgium
1870 4444 2210 4516 Fabricium.

613 4515 812 4568 scholr
837 4517 1177 4574 Borncrianm
1205 4525 1499 4599 alumnum,
1531 4532 1618 4601 qui
1653 4530 1895 4588 eamdem
1929 4543 1998 4593 ah
2020 4557 2084 4593 eo
2105 4520 2212 4598 dis-

615 4602 824 4673 ciplinm
863 4605 1085 4661 formam
1137 4615 1361 4681 accepit.
1403 4614 1533 4672 Nam
1571 4622 1619 4675 in
1658 4620 1918 4693 Epistola,
1954 4648 2054 4699 qua
2090 4634 2212 4689 Ale-

612 4700 849 4771 xandro,
896 4702 1359 4777 Martishnrgcnsis
1422 4720 1736 4785 pr.rsul.~itus
1788 4718 2209 4786 administratori

612 4797 955 4852 commendat
1005 4813 1198 4868 corpus
1256 4817 1529 4873 poetarum
1591 4811 2036 4889 Christianorum,
2095 4826 2205 4880 ait:

620 4906 639 4937 σ
668 4886 736 4941 Sc
756 4888 962 4960 Leipsm
985 4893 1255 4951 audivisse
1281 4897 1436 4970 Casp.
1476 4898 1795 4975 Bornvrum,
1830 4908 2059 4982 hymnos
2080 4914 2208 4971 l’ru-

612 4980 777 5036 dentii
824 4986 1261 5057 interpretantem
1294 4994 1700 5054 eruditissime:
1746 4980 1972 5075 eamque
2023 5007 2208 5066 lectio-
2235 5024 2287 5083 ι)

612 5093 734 5132 nem
785 5080 954 5148 illum,
1004 5100 1030 5135 a
1081 5087 1195 5141 viro
1245 5091 1546 5147 clariSsimo
1574 5094 1730 5151 Petro
1762 5099 2055 5157 Mosellauo
2108 5107 2206 5162 sibi

611 5173 761 5240 quasi
792 5190 884 5242 per
916 5192 1103 5232 manus
1131 5182 1398 5252 traditam,
1430 5184 1572 5242 ﬁdeli
1597 5192 1937 5258 possessione
1963 5196 2028 5250 ad
2054 5214 2205 5254 usum

615 5264 887 5332 publicum
932 5270 1131 5323 multos
1158 5288 1329 5329 annos
1356 5278 1642 5335 retinuisse
1675 5280 1779 5354 (Ι).
1812 5303 1832 5336 ι
1879 5286 1986 5341 Nec
2035 5290 2103 5341 ah
2143 5304 2207 5345 ea

612 5360 819 5413 ratione
870 5365 1091 5418 recessit
1133 5366 1438 5425 Joachimus
1490 5373 1851 5443 Camerarius,
1905 5382 2091 5434 tertius
2142 5382 2209 5437 de

613 5465 838 5505 numero
877 5468 1084 5515 eorum.
1137 5460 1225 5528 qui
1280 5461 1486 5517 litteras
1539 5467 1678 5536 apud
1729 5483 1827 5523 uos
1885 5470 2207 5542 laudarunt,

612 5554 771 5610 quem
802 5546 1039 5603 studiose
1053 5549 1439 5621 diligenterque
1462 5566 1716 5613 tractasse
1729 5563 1832 5617 scri
1840 5572 2018 5631 plores
2030 5565 2180 5621 cccle
2194 5596 2209 5606 -

687 5700 863 5793 (11A.
896 5705 1317 5793 ιξςπηρτοήριξριη
1344 5711 1675 5793 Prudentium
1706 5717 1907 5793 editum
1942 5735 2059 5793 esse
2087 5718 2213 5793 Lip-

614 5769 904 5897 iimsd‘isicais
921 5777 1045 5833 licet
1071 5796 1101 5835 e
1122 5780 1188 5836 G.
1219 5782 1447 5839 Fabricii
1466 5769 2210 5849 CommeminiiPoetTCliidit.

2244 1423 2299 1482 Α
2324 1418 2597 1488 siasticos,
2621 1430 2674 1476 et
2693 1420 2974 1492 disciplina
2996 1424 3272 1482 Mosellam
3288 1427 3481 1500 arguit,
3511 1436 3566 1484 et
3584 1429 3727 1489 clare
3747 1429 3948 1489 docent

2321 1511 2632 1571 Notationes
2654 1516 2940 1586 figurarum
2952 1521 3218 1577 sermonis
3236 1521 3443 1577 Domini
3468 1521 3519 1577 J.
3552 1522 3613 1578 C.
3640 1527 3944 1593 etAposto-

2324 1605 2524 1669 lorum,
2552 1618 2606 1662 et
2635 1609 2722 1665 alii
2755 1610 2941 1677 libelli,
2973 1611 3041 1666 ad
3069 1627 3182 1667 rem
3209 1613 3628 1671 ecclesiasticam
3659 1618 3940 1686 pertinen-

2326 1707 2424 1757 tes.
2466 1699 2601 1768 Quid
2631 1700 2806 1761 dicatn
2841 1701 2907 1757 de
2954 1702 3045 1758 illo
3088 1702 3392 1761 Germania
3441 1716 3772 1783 princeptore
3806 1708 3940 1767 Phi-

2323 1789 2512 1860 lippo?
2557 1808 2736 1863 quem,
2770 1794 2891 1864 quis
2919 1794 3110 1864 nescit,
3141 1810 3261 1851 cum
3292 1810 3545 1853 summus
3570 1808 3717 1855 esset
3744 1799 3940 1856 litteris

2325 1883 2376 1939 in
2406 1885 2598 1953 graecis
2628 1886 2933 1955 latinisqoc,
2967 1885 3138 1954 quoad
3164 1902 3193 1939 e
3234 1887 3433 1957 poetis.
3464 1889 3791 1953 oratoribus,
3825 1889 3943 1946 his-

2325 1974 2508 2028 toricis
2562 1986 2614 2033 et
2673 1975 3010 2047 philosophis
3059 1993 3166 2047 non
3214 1976 3556 2045 Christianis,
3608 1980 3933 2051 discuntur,

2322 2067 2570 2127 eumdem
2596 2070 2889 2137 principem
2917 2070 3022 2126 illis
3050 2071 3382 2140 temporibus
3410 2073 3464 2139 iri
3516 2071 3600 2128 his
3625 2075 3933 2144 praesertim

2324 2159 2499 2225 terris,
2535 2161 2695 2225 fuisse
2734 2161 3028 2225 litterarum
3069 2164 3579 2231 ecclesiasticarum,
3624 2167 3693 2220 ita
3729 2183 3925 2225 versae

2323 2259 2434 2311 tum
2474 2252 2526 2309 in
2555 2252 2699 2309 omni
2734 2268 2934 2323 genere
2960 2257 3279 2326 scriptorum
3313 2258 3505 2325 veteris
3538 2257 3824 2325 Ecclesitc,
3871 2269 3939 2315 ut

2321 2343 2455 2403 nihil
2504 2344 2670 2412 aliud,
2705 2346 2805 2407 nisi
2835 2346 2955 2414 hos,
2988 2357 3247 2417 tractasse
3280 2349 3437 2407 videri
3469 2360 3667 2419 posset.
3713 2350 3921 2422 Atque,

2321 2434 2460 2505 quod
2496 2437 2665 2505 magis
2705 2438 2925 2507 mirere,
2980 2440 3032 2493 in
3077 2454 3144 2505 eo
3179 2455 3380 2511 genere
3410 2455 3578 2512 prope
3609 2441 3787 2497 adhuc
3827 2443 3925 2514 ju-

2324 2527 2478 2581 venis
2501 2529 2569 2583 ηδ
2599 2527 2917 2596 profecerat,
2941 2539 2998 2589 ut
3028 2531 3078 2599 in
3102 2531 3389 2603 colloquio,
3415 2532 3555 2603 quod
3579 2534 3630 2586 in
3656 2532 3755 2588 hac
3782 2535 3918 2592 urbe

2320 2618 2388 2677 de
2408 2620 2683 2689 religione,
2709 2631 2927 2677 auctore
2948 2622 3198 2693 Georgio,
3220 2625 3375 2692 duce,
3402 2642 3453 2679 a.
3478 2643 3649 2682 unxrx
3674 2628 3790 2691 fuit,
3811 2627 3928 2685 dis-

2322 2714 2628 2781 putantibus
2657 2730 2777 2769 cum
2806 2715 2967 2771 Eccio
2989 2716 3293 2788 Theologis,
3335 2718 3703 2774 (Iarolostadio
3726 2733 3776 2775 et
3808 2719 3919 2776 Lu-

2246 2812 2292 2870 Β
2319 2802 2495 2872 thero,
2527 2806 2685 2871 etiam
2718 2805 2831 2863 loca
2879 2808 3092 2877 Patrum
3125 2809 3411 2878 subjiceret
3457 2811 3597 2867 inter
3642 2812 3925 2882 disputau-

2322 2896 2473 2964 dum,
2502 2899 2695 2968 quibus
2725 2900 2798 2954 illi
2823 2900 3079 2965 adversus
3115 2902 3332 2961 Eccium
3376 2912 3675 2963 uterentur.
3711 2906 3789 2961 Ex
3815 2921 3925 2977 quo

2323 2989 2543 3062 intelligi
2581 3001 2777 3062 potest.
2815 2994 2952 3051 lianc
2984 3004 3094 3051 tum
3128 2995 3425 3065 disciplinae
3455 2996 3680 3052 fortnam
3710 3000 3760 3053 iu
3786 2999 3927 3056 Ger-

2324 3082 2518 3143 manice
2546 3084 2695 3155 locis,
2730 3102 2850 3157 qua:
2880 3086 3034 3143 bonis
3061 3088 3256 3147 litteris
3292 3088 3580 3157 plurimum
3609 3090 3924 3161 tribuerent,

2323 3173 2508 3237 fuisse,
2543 3184 2600 3233 ut
2643 3186 2925 3251 utrumque
2950 3193 3122 3249 genus
3153 3180 3471 3247 litterarum,
3498 3196 3529 3235 a
3558 3182 3726 3252 prima
3756 3198 3925 3254 prope

2322 3266 2569 3336 pueritia,
2603 3270 3037 3341 coniungeretur.
3082 3270 3213 3345 Ejus
3254 3287 3413 3341 porro
3456 3273 3757 3344 disciplinae
3788 3275 3918 3331 dili-

2319 3371 2534 3431 gentem
2564 3362 2871 3429 custodem,
2917 3372 2970 3419 et
3004 3373 3280 3431 auctorem
3309 3379 3374 3419 ac
3417 3366 3919 3422 comniendatorem

2321 3455 2493 3526 patria
2536 3465 2717 3513 nostra
2775 3455 2961 3525 habuit
3002 3457 3293 3520 Georgium
3342 3456 3687 3527 Fabricium,
3732 3470 3787 3515 ut.
3833 3461 3921 3517 illa

2322 3545 2459 3614 ipsa,
2484 3562 2642 3615 quam
2662 3557 2786 3613 ante
2803 3550 3367 3613 commemoravimus.
3394 3550 3635 3623 Epistola
3664 3551 3923 3621 declarat,

2322 3637 2373 3703 in
2429 3654 2531 3707 qua
2579 3643 2810 3711 graviter
2848 3644 3089 3710 queritur
3128 3659 3240 3715 eos,
3274 3644 3361 3715 qui
3401 3644 3579 3699 latinze
3631 3646 3916 3714 elegantiae

2320 3730 2544 3800 studiod
2592 3746 2712 3785 esse
2751 3747 2814 3786 ac
2855 3733 3020 3795 videri
3051 3733 3235 3798 velint,
3272 3735 3546 3804 negligere
3600 3736 3922 3808 plerumque

2319 3822 2518 3889 scripta
2557 3823 2894 3897 antiquorum
2927 3826 3180 3881 Ecclesim
3218 3827 3529 3885 Doctorum.
3560 3843 3785 3903 quorum
3812 3829 3925 3884 lec—
3971 3876 3974 3878 ν

2322 3912 2394 3975 tio
2431 3916 2697 3985 egregiam
2752 3915 3049 3971 doctrinam
3093 3917 3460 3985 Ecclesiuiciue
3495 3919 3680 3973 utilem
3712 3936 3913 3991 suppe-

2320 4005 2472 4069 ditet,
2518 4007 2876 4085 pietatemque
2907 4009 3034 4075 alat,
3067 4011 3220 4078 cujus
3252 4009 3390 4067 haud
3418 4011 3570 4077 paulo
3601 4014 3773 4082 major
3795 4028 3922 4069 esse

2320 4101 2536 4167 delicat,
2569 4119 2726 4171 quam
2760 4105 3062 4177 elegantiae,
3090 4120 3239 4160 cura.
3268 4107 3439 4172 Quid?
3463 4106 3757 4165 Barthium.
3789 4108 3925 4177 Bri-

1416 4162 1434 4229 )
1467 4165 1532 4218 ad
1572 4167 1882 4238 disciplinas
1919 4174 2215 4235 fundandas

2322 4193 2553 4259 nesiuiu,
2582 4193 2851 4259 Rit‘ititllli,
2881 4196 3294 4257 Rittershusiuui
3312 4210 3365 4253 et
3391 4198 3525 4254 haud
3550 4214 3748 4269 paucos
3761 4200 3926 4269 alios,

2323 4287 2440 4361 quis
2472 4287 2601 4341 satis
2630 4288 2873 4356 cognitos
2920 4289 3097 4355 habet,
3132 4290 3258 4360 quin
3291 4292 3447 4355 sciat,
3486 4307 3580 4359 eos
3611 4293 3661 4346 in
3699 4303 3922 4359 caetera,

2322 4374 2607 4432 lutiuarttm
2637 4378 2898 4448 imprimis
2942 4381 3261 4447 litterarum,
3305 4383 3552 4448 scicntia,
3601 4384 3762 4441 etiam
3812 4385 3919 4443 hoc

2320 4482 2490 4541 genus
2544 4470 2952 4539 diligentissime
3003 4484 3279 4539 tractasse,
3330 4475 3564 4531 coluisse
3610 4485 3768 4547 atque
3820 4491 3916 4531 or,-

2321 4561 2513 4613 nasse?
2558 4564 2730 4635 Quam
2760 4566 2956 4625 multos
2997 4565 3131 4623 alios
3175 4566 3243 4622 de
3288 4570 3679 4627 recentioribus
3710 4571 3919 4626 littera-

2322 4654 2524 4725 toribus
2555 4670 2771 4729 possum
2824 4673 3266 4724 commemorare,
3320 4660 3410 4729 qui
3458 4660 3745 4730 plurimum
3797 4661 3923 4717 huic

2318 4751 2498 4817 generi
2548 4753 2871 4822 scriptorum
2929 4755 3153 4825 legendo
3205 4755 3542 4810 tribuerunt:
3597 4758 3649 4811 in
3702 4756 3786 4811 his
3833 4755 3922 4812 Jo.

2316 4840 2463 4895 Frid.
2495 4841 2845 4910 Gronovium,
2877 4864 3036 4900 unum
3062 4849 3301 4901 omnium
3324 4848 3784 4918 elegantissimum
3808 4847 3924 4902 Ro—

2316 4948 2596 4997 manorum
2642 4940 2965 5010 scriptorum
3007 4941 3377 5011 interpretem,
3427 4941 3519 5010 qui
3572 4952 3676 4995 non
3734 4941 3916 4995 minus

2316 5028 2471 5082 bouis
2506 5031 2977 5088 observationibus
3002 5036 3250 5104 antiquos
3294 5032 3589 5103 scriptorcs
3625 5032 3920 5088 ecclesias.

2314 5124 2447 5177 licos
2478 5123 2763 5179 illustravit
2807 5138 2859 5181 et
2893 5126 3192 5197 castigavit,
3242 5143 3400 5198 quam
3431 5126 3721 5182 Romanos.

2391 5214 2518 5269 liam
2559 5225 2741 5273 autem
2772 5219 3037 5277 rationem
3067 5218 3264 5275 multas
3288 5228 3343 5273 et
3386 5233 3609 5289 magnas
3655 5218 3922 5277 utilitates

2315 5307 2534 5373 habere,
2578 5310 2866 5379 plurimum
2898 5314 3059 5366 etiam
3086 5312 3460 5368 delectationis
3487 5327 3590 5367 non
3617 5312 3918 5375 illiberalis.

2317 5402 2471 5457 facile
2509 5402 2689 5458 doceri
2737 5412 2923 5472 potest.
2988 5402 3068 5463 Ac
3129 5404 3380 5477 primum,
3422 5402 3566 5476 quod
3613 5404 3917 5459 litterarum

2317 5495 2624 5551 Grmcarum
2647 5507 2700 5551 et
2732 5495 3039 5551 Latinarqu
3082 5497 3524 5552 instaurationem
3556 5497 3823 5566 profuisse
3854 5496 3924 5551 ad

2320 5588 2719 5643 instaurandum
2754 5588 3016 5643 doctrinae
3056 5603 3225 5644 sacra:
3264 5589 3550 5658 puritatem
3596 5598 3650 5641 et
3693 5588 3922 5657 integri—

2323 5688 2510 5745 tatem,
2544 5697 2645 5736 una
2683 5690 2738 5735 et
2779 5683 3152 5737 consentiente
3179 5696 3331 5743 voce.
3362 5683 3687 5736 litteratores
3720 5682 3925 5749 pariter

2320 5786 2480 5844 atque
2504 5776 2732 5845 theologi
2761 5776 2952 5830 eruditi
2987 5774 3296 5846 prmdicanl.
3326 5773 3376 5827 id
3407 5773 3647 5843 profecto
3676 5772 3777 5826 hac
3807 5786 3924 5826 ma-

2319 5866 2462 5921 xime
2507 5865 2575 5921 de
2601 5880 2759 5922 causa
2793 5866 3035 5937 contigit,
3081 5866 3223 5937 quod
3262 5881 3449 5921 earum
3475 5863 3926 5937 litteraruntstu-
