4218 6268
278 338 386 400 221

1694 333 2084 398 PREFATIO.

3483 355 3596 419 222

280 483 433 537 dium
488 496 607 535 cum
664 479 966 536 (ιῑγίηοηπη
1012 480 1266 552 primum,
1317 481 1509 538 deinde
1553 497 1682 537 vero
1723 482 1883 536 etiam
1912 460 1966 519 Α
1993 461 2070 516 Ac
2126 465 2341 532 nescio,
2370 481 2434 521 an
2482 483 2622 526 nunc
2661 487 2874 544 quoque
2920 475 3239 533 vendibilior
3291 477 3589 541 litterarum

281 583 529 629 veterum
574 571 830 628 Ecclesim
860 572 1143 627 Librorum
1195 573 1425 628 lcetionc
1471 585 1523 628 et
1571 575 1892 642 interpreta-

284 666 436 720 tione
490 665 835 733 coniunctum
887 674 989 717 est.
1033 662 1244 717 Etenim
1278 663 1382 718 illzc
1415 664 1604 718 littera:
1629 665 1725 718 etsi
1752 663 1890 718 hanc

280 757 396 809 vim
434 755 634 810 habere
665 766 907 824 potuere,
940 765 997 808 ut
1027 755 1236 824 ingenia
1266 757 1328 809 ad
1359 754 1639 825 elegantiae
1670 772 1888 810 sensum

283 861 568 910 acuerent,
615 861 662 903 et
695 849 807 918 ejus
849 865 1087 904 amorem
1117 849 1479 914 incenderent,
1519 861 1718 914 tamen,
1760 851 1804 903 si
1836 852 1887 906 in

280 943 371 1009 iis,
398 944 503 996 hoc
543 954 646 1006 est,
681 943 730 994 in
758 941 1104 1012 profanorum
1131 943 1386 996 librorum
1419 943 1650 997 lectione
1672 959 1727 995 se
1752 958 1884 997 eon-

282 1033 581 1090 tinuissent
621 1051 805 1088 earum
836 1038 1082 1102 studiosi,
1130 1036 1261 1090 nihil
1291 1036 1433 1090 aliud
1465 1023 1563 1091 nisi
1613 1047 1888 1107 contemp-

282 1135 400 1180 tum
433 1143 617 1180 eorum
668 1127 944 1196 suscipere
977 1126 1294 1196 potuissent,
1347 1130 1434 1198 qui
1466 1144 1642 1184 rermn
1670 1130 1888 1184 divina-

278 1233 408 1272 rum
466 1219 742 1272 scientiam
802 1219 1094 1283 traderent,
1147 1232 1468 1290 propterea,
1512 1222 1653 1292 quod
1699 1237 1886 1278 eorum

281 1313 568 1382 disciplina
621 1314 883 1368 barbaria}
915 1315 1165 1370 sordibus
1204 1316 1565 1371 contaminata
1603 1326 1655 1371 et
1695 1317 1889 1371 obscu-

281 1415 403 1461 rata
451 1415 614 1463 esset.
666 1409 741 1462 Ac
779 1409 920 1477 quod
955 1409 1205 1463 traditum
1250 1409 1423 1465 estde
1459 1411 1887 1466 nonnullisillius

282 1498 544 1567 temporis
591 1498 1005 1572 litteratoribus,
1053 1515 1146 1555 eos
1175 1501 1522 1555 abhorruisse
1550 1517 1577 1553 a
1606 1501 1882 1570 religione,

280 1599 339 1645 et
379 1589 554 1644 divina
589 1591 981 1656 contempsisse
1024 1601 1184 1662 atque
1228 1594 1433 1658 risisse,
1488 1594 1538 1648 id
1570 1595 1613 1648 si
1667 1595 1734 1648 ita
1780 1607 1882 1659 est,

279 1692 339 1737 et
383 1699 484 1736 non
530 1685 710 1752 potius
740 1685 1056 1738 criminandi
1103 1693 1155 1739 et
1183 1686 1394 1740 il'lVitllI‘e
1426 1685 1683 1740 faciendae
1724 1702 1883 1743 causa

280 1782 401 1829 tum
440 1791 467 1827 a
510 1775 754 1829 barbaris
791 1777 1114 1842 hominilms,
1151 1779 1236 1847 qui
1284 1788 1652 1847 contemptum
1686 1781 1764 1833 sui
1796 1780 1884 1833 ul-

1999 557 2374 614 bumaniorum
2431 561 2566 617 bona
2625 580 2774 621 merx
2835 567 2972 624 foret
3026 572 3075 624 in
3137 573 3440 630 Academiis
3475 619 3490 643 ,
3543 579 3589 635 si

1994 667 2176 707 earum
2233 655 2509 726 disciplina
2569 677 2688 715 cum
2729 663 2897 716 sacris
2951 665 3037 717 tali
3080 666 3240 719 modo
3286 672 3586 741 conjunge-

1993 759 2143 800 retur
2192 749 2258 800 ab
2290 765 2471 802 eorum
2513 752 2861 821 doctoribus,
2917 757 3004 824 qui
3058 759 3109 809 in
3159 758 3424 830 plerisque
3455 764 3588 819 locis

1994 857 2160 910 prope
2188 842 2286 895 Soli
2325 845 2512 898 sedent
2555 847 2603 899 in
2657 847 2876 902 scholis.
2929 848 3062 903 Nam
3109 861 3164 906 et
3196 867 3291 922 per
3317 870 3375 909 se
3404 858 3590 912 utilior

1992 935 2271 1004 disciplina
2317 937 2664 992 humanitatis
2710 942 3064 1008 redderetur,
3121 957 3171 999 et
3207 944 3362 1001 facile
3395 949 3586 1004 intelli-

1991 1038 2179 1096 gerent
2201 1031 2425 1096 juvenes
2446 1074 2461 1096 ,
2484 1047 2575 1086 eas
2594 1032 2796 1087 litteras
2823 1035 2922 1089 sibi
2957 1051 3059 1089 non
3089 1037 3277 1102 modo,
3311 1054 3427 1109 quze
3448 1055 3592 1097 nunc

1991 1120 2223 1188 vulgaris
2255 1123 2436 1190 opinio
2479 1134 2582 1187 est,
2634 1124 2699 1178 ad
2753 1127 3196 1198 qualemcumque
3246 1131 3407 1186 latine
3449 1135 3585 1188 scri-

1992 1213 2149 1269 bendi
2184 1214 2487 1272 facultatem
2523 1220 2828 1289 profuturas
2851 1266 2866 1288 ,
2895 1239 3054 1292 quam
3098 1227 3343 1294 permulti
3373 1244 3441 1283 ne
3484 1242 3583 1284 ex-

1993 1318 2178 1375 petunt
2206 1309 2418 1378 quidem
2453 1353 2468 1375 ,
2496 1313 2636 1380 quod
2665 1313 2778 1382 ejus
2808 1315 2910 1369 sibi
2947 1330 3043 1385 pro
3073 1317 3326 1372 institutze
3351 1320 3470 1374 vita:
3501 1337 3589 1376 ra-

1993 1399 2226 1454 tionibus
2253 1405 2502 1472 exiguum
2531 1416 2622 1457 aut
2656 1407 2856 1460 nullum
2895 1424 3046 1462 usmn
3074 1411 3249 1464 vident
3281 1414 3394 1468 fore
3427 1456 3441 1480 ,
3490 1416 3588 1470 sed

1989 1494 2150 1546 etiam
2185 1537 2199 1560 ,
2249 1506 2302 1550 et
2355 1497 2523 1550 multo
2565 1501 2776 1566 quidem
2816 1504 3017 1572 magis,
3050 1504 3114 1556 ad
3151 1504 3409 1560 doetrina:
3440 1509 3588 1563 utilis

1989 1587 2244 1654 copiam,
2311 1589 2375 1641 ad
2420 1605 2578 1660 quam
2621 1592 2788 1660 ipsam
2831 1604 2884 1648 et
2927 1597 3284 1664 expetendam
3329 1601 3586 1668 paulatim

1988 1679 2328 1734 allicerentur
2359 1725 2373 1745 ,
2408 1693 2461 1736 et
2491 1688 2905 1752 comparandam
2931 1689 3340 1746 adducerentur.

2057 1771 2242 1841 Neque
2292 1773 2432 1827 enim
2481 1778 2726 1846 profecto
2766 1780 2869 1834 dici
2907 1783 3005 1834 hoc
3035 1797 3162 1837 vere
3209 1795 3424 1852 potest,
3476 1801 3582 1843 non

281 1869 417 1922 cisci
463 1878 740 1936 cuperent,
789 1868 1077 1922 confictam
1133 1878 1233 1935 cst,
1266 1871 1406 1938 quod
1437 1872 1731 1925 doctissimi
1766 1872 1877 1942 qui—

1995 1862 2190 1919 hahere
2246 1867 2529 1922 Doctorum
2560 1875 2754 1925 veteris
2786 1873 3043 1927 Ecclesim
3077 1875 3240 1929 libros
3271 1919 3285 1941 ,
3319 1891 3425 1948 quo
3455 1895 3581 1947 pos-

279 1961 415 2017 dam
459 1963 556 2015 viri
601 1963 926 2024 existimant,
977 1963 1181 2030 nescio,
1227 1978 1292 2017 an
1348 1965 1409 2017 iis
1455 1965 1710 2020 acciderit
1760 1983 1886 2035 pro-

280 2063 500 2124 pterea.
550 2054 688 2124 quod
726 2053 776 2107 in
831 2055 1072 2123 legendis
1105 2056 1504 2126 tractandisque
1535 2057 1684 2111 libris
1711 2060 1887 2128 genti-

278 2147 418 2202 lium
449 2147 870 2216 acquiescerent,
899 2163 1195 2217 eorumque
1225 2150 1486 2218 elegantia
1529 2158 1581 2204 et
1628 2152 1888 2206 suavitate

283 2240 359 2294 ita
399 2241 538 2307 capti
592 2248 923 2306 tenerentur,
979 2250 1033 2295 ut
1063 2242 1194 2296 nihil
1240 2243 1380 2296 aliud
1424 2246 1688 2314 attingere
1719 2261 1885 2313 cupe-

286 2340 413 2387 rent
468 2341 557 2385 aut
596 2332 942 2388 sustinerent.
991 2333 1045 2389 In
1078 2351 1181 2404 quo
1211 2335 1364 2392 facile
1394 2337 1642 2391 accidere
1687 2341 1878 2408 potuit,

289 2432 352 2477 ut
379 2422 712 2492 disciplinam
733 2425 1003 2494 religionis
1033 2427 1331 2495 judicarent
1366 2444 1396 2482 e
1425 2438 1644 2498 stupore
1672 2441 1726 2485 et
1749 2433 1886 2487 stul-

283 2517 403 2570 titia
453 2533 638 2570 eorum
697 2518 780 2570 vel
825 2518 1098 2572 hominum
1146 2520 1234 2589 qui
1274 2536 1390 2575 eam
1425 2531 1534 2575 tum
1572 2523 1889 2598 proﬁteren-

287 2620 394 2676 tur,
429 2610 512 2664 τρι
559 2611 817 2664 librorum
862 2612 930 2667 de
973 2613 1251 2684 religione,
1283 2615 1370 2681 qui
1415 2615 1465 2668 in
1515 2617 1757 2670 manibus
1787 2617 1886 2670 ho-

285 2703 489 2758 minum
555 2714 757 2758 essent.
823 2705 1106 2758 Enimvero
1162 2721 1282 2759 cum
1333 2706 1548 2778 quidam
1609 2708 1689 2762 his
1748 2710 1889 2763 litte-

289 2799 367 2852 ris
418 2799 606 2852 imbuti
662 2799 726 2850 ad
783 2811 992 2856 veteres
1044 2800 1298 2856 Ecclesiae
1366 2804 1650 2857 Doctorum
1722 2803 1887 2859 libros

287 2888 513 2944 Grzrcos
540 2889 864 2960 Latinosque
894 2894 1296 2962 cognoscendus
1328 2911 1385 2949 se
1413 2895 1706 2955 dedissent.
1742 2913 1877 2966 quo-

287 2998 413 3035 rum
450 2983 910 3040 intelligentlorum
961 2985 1260 3040 facultatem
1321 2987 1526 3041 illarum
1586 2991 1885 3046 litterarum

286 3075 514 3128 scientia
565 3075 817 3139 dederat,
864 3087 971 3130 tum
1014 3093 1140 3132 vero
1190 3081 1262 3133 et‘
1290 3081 1433 3150 ipsos
1457 3081 1648 3138 Libros
1705 3101 1886 3142 sacros

285 3165 491 3220 rectius
535 3168 830 3235 intelligere
866 3169 1163 3234 discebant,
1197 3183 1249 3225 et
1277 3174 1416 3241 quod
1453 3176 1682 3245 vulgaris
1721 3178 1883 3232 disci-

1993 1960 2158 2012 simus
2182 1960 2234 2012 in
2263 1962 2405 2014 omni
2431 1977 2629 2028 genere
2653 1964 2912 2021 doctrina:
2932 2010 2946 2034 ,
2975 1970 3115 2037 quod
3146 1969 3586 2041 babentaliquam

1993 2053 2077 2105 vel
2093 2067 2212 2106 cum
2233 2055 2490 2125 religione
2511 2059 2963 2126 conjunctionem,
2990 2063 3074 2117 vel
3091 2064 3154 2116 ad
3179 2079 3383 2118 sacram
3407 2065 3583 2119 scien-

1995 2146 2118 2198 tiam
2163 2147 2296 2201 benc
2341 2152 2668 2204 tractandam
2724 2154 3004 2209 utilitatem
3040 2196 3055 2222 ,
3085 2155 3280 2225 juvari.
3343 2157 3582 2226 Longum

1993 2237 2128 2293 foret
2157 2239 2532 2298 demonstrare
2559 2285 2570 2306 ,
2602 2245 2727 2315 quid
2773 2246 2840 2300 ab
2889 2249 2953 2302 iis
2984 2249 3216 2317 prmsidii
3260 2249 3324 2303 ad
3353 2248 3586 2306 Theolo-

1991 2333 2129 2402 giam
2163 2373 2176 2396 ,
2213 2335 2276 2386 ad
2306 2334 2804 2406 interpretationem
2835 2342 3228 2408 Scripturarum
3260 2357 3532 2398 sacrarmn
3567 2385 3581 2420 ι

1992 2424 2058 2477 ad
2101 2440 2305 2479 sacram
2351 2429 2670 2498 civilemque
2710 2429 2987 2485 historiam
3020 2474 3034 2493 ,
3086 2432 3151 2486 ad
3189 2431 3584 2502 Geographiam

1994 2529 2305 2587 utramque,
2337 2521 2403 2572 ad
2433 2521 2562 2574 alias
2594 2527 2736 2576 artes
2765 2538 2824 2576 ac
2851 2523 3178 2592 disciplinas,
3212 2533 3266 2577 et
3291 2525 3580 2593 quomodo,

1993 2614 2095 2679 peti
2117 2613 2303 2679 possit.
2327 2609 2518 2680 lutegri
2547 2616 2914 2667 commentarii
2939 2615 3039 2666 hoc
3055 2625 3424 2682 argumentum
3452 2625 3532 2667 est
3563 2656 3580 2690 ,

1992 2718 2149 2771 quem
2193 2718 2335 2757 nunc
2377 2719 2479 2758 non
2527 2704 2834 2759 scribimus.
2893 2706 2969 2760 Ad
3011 2707 3370 2775 eloquentiam
3416 2721 3536 2759 eam
3563 2747 3579 2773 ,

1992 2812 2092 2864 qua
2127 2797 2176 2849 in
2206 2798 2420 2865 templis
2446 2799 2519 2851 uti
2550 2800 2796 2852 convenit
2816 2840 2831 2865 ,
2855 2810 3107 2868 quantam
3139 2799 3343 2868 COpiam
3375 2813 3576 2862 rerum,

1993 2901 2428 2960 argumentorum
2449 2934 2462 2956 ,
2499 2893 2760 2961 imprimis
2790 2895 3121 2964 popularium
3149 2936 3162 2957 ,
3192 2894 3582 2948 sententiarum

1992 2986 2224 3039 maxime
2247 2987 2566 3054 optimarum
2589 3029 2602 3049 ,
2636 2990 2796 3041 etiam
2822 2996 3094 3041 acutarum
3126 2997 3178 3040 et
3203 2997 3578 3060 vcnustarum,

1991 3079 2348 3148 suppeditabit
2395 3095 2454 3133 ea
2503 3081 2662 3134 lectio
2695 3092 2836 3135 reete
2886 3082 3163 3142 inStituta,
3213 3080 3312 3133 hoc
3355 3090 3436 3134 est
3465 3120 3480 3139 ,
3535 3065 3581 3133 si

1991 3171 2179 3228 doetor
2211 3216 2224 3238 ,
2277 3175 2326 3226 in
2372 3173 2473 3228 hoc
2515 3190 2711 3244 genere
2744 3175 3001 3229 librorum
3033 3186 3278 3230 versatus
3307 3215 3322 3239 ,
3378 3171 3582 3227 indica-

284 3259 432 3328 plina
478 3261 762 3326 theologia!
817 3260 1044 3316 habebat
1093 3264 1333 3317 stultitiae
1371 3276 1423 3318 et
1478 3229 1721 3333 inscitiae,
1756 3270 1806 3323 id
1834 3272 1881 3325 ei
1911 3229 1962 3297 θ
1991 3266 2155 3327 verit,
2189 3265 2313 3335 quid
2340 3267 2390 3318 in
2418 3281 2522 3318 uno
2547 3281 2759 3336 quoque
2786 3268 2854 3321 sit
2879 3268 2944 3320 ad
2976 3267 3113 3322 hanc
3141 3267 3402 3321 rationem
3426 3263 3576 3319 utile.

284 3353 420 3407 vitio
461 3353 741 3408 hominum
773 3355 1110 3410 indoctorum
1145 3369 1199 3411 et
1229 3358 1577 3414 barbarorum
1619 3363 1879 3428 additum,

284 3447 672 3517 intelligebant.
716 3448 830 3515 Qua
863 3465 918 3502 re
951 3449 1153 3504 incensi
1202 3460 1325 3505 sunt
1352 3454 1512 3505 animi
1553 3455 1617 3507 ad
1648 3455 1881 3511 studium

283 3538 572 3593 liberandae
608 3539 804 3593 divinae
849 3540 1102 3595 doctrinae
1142 3541 1209 3596 ab
1261 3544 1508 3598 sordibus
1534 3563 1774 3601 cirorinn
1829 3557 1882 3604 ct

285 3629 607 3699 ineptiarum
657 3630 1122 3695 scholasticarum,
1176 3635 1368 3703 quibus
1431 3651 1524 3706 per
1564 3649 1638 3692 tot
1684 3641 1879 3695 sarcula

282 3725 643 3777 contaminata
689 3733 740 3778 et
775 3739 1029 3794 Oppressa
1057 3726 1316 3794 jacuerat.

384 3814 561 3881 Atque
612 3825 666 3867 ut
714 3817 904 3870 littcrze
959 3817 1299 3873 humaniores
1350 3820 1446 3875 hac
1491 3824 1696 3877 ratione
1758 3843 1880 3893 pro-

282 3906 501 3960 luerunt
537 3905 800 3975 religioni,
833 3910 910 3963 sic
954 3909 1019 3963 iis
1048 3911 1279 3965 vicissim
1332 3913 1554 3981 religio,
1587 3931 1878 3985 earumque

279 4016 402 4054 cum
436 4001 758 4069 scriptorum
790 4001 1284 4060 Ecclesiasticorum
1315 4007 1540 4060 lectione
1571 4009 1877 4074 coniunctio

281 4092 567 4160 plurimum
598 4093 816 4161 profuit.
874 4095 1083 4148 Etenim
1115 4111 1235 4149 cum
1273 4098 1538 4166 SOphistm
1565 4111 1616 4154 et
1644 4101 1876 4156 Theolo-

278 4183 426 4253 gistze
470 4184 682 4237 barbari
730 4193 856 4239 ante
893 4185 1249 4249 clamassent,
1297 4189 1502 4242 litteras
1538 4192 1656 4245 illas
1682 4193 1874 4249 obe~se

279 4276 518 4344 religioni
554 4318 566 4338 ,
601 4285 689 4328 aut
721 4285 869 4331 certe
900 4279 948 4330 in
981 4279 1188 4341 verbis,
1222 4282 1415 4334 fabulis
1436 4325 1448 4344 ,
1477 4284 1724 4340 inanibus
1757 4287 1864 4341 his-

282 4369 436 4422 toriis
478 4371 682 4423 versari
716 4380 853 4423 totas
882 4413 896 4437 ,
931 4373 1064 4425 nihil
1094 4375 1348 4440 prodesse
1375 4376 1668 4446 disciplinis
1703 4381 1871 4446 majo-

275 4461 423 4514 ribus
442 4504 456 4526 ,
481 4477 508 4514 a
539 4462 699 4516 rebus
721 4466 928 4532 magnis
950 4473 1004 4519 et
1026 4465 1240 4518 utilibus
1258 4469 1321 4521 ad
1346 4471 1656 4540 religionem
1679 4488 1872 4528 vacuas

273 4566 398 4607 esse
417 4597 430 4616 ,
469 4568 696 4622 eamque
723 4554 792 4608 oh
819 4569 1033 4609 causam
1068 4558 1282 4613 inutiles
1300 4602 1313 4623 ,
1365 4577 1459 4615 nec
1486 4563 1670 4632 dignas
1694 4565 1871 4620 studio

266 4647 569 4717 juventutis
599 4691 613 4712 ,
653 4648 794 4718 quod
834 4649 1090 4716 jactatum
1139 4654 1300 4706 etiam
1345 4653 1396 4706 in
1444 4654 1541 4708 hac
1582 4657 1865 4713 Academia

270 4740 544 4804 traditur,
595 4757 712 4795 cum
763 4741 996 4810 Rhagius
1039 4744 1494 4816 {Estieampianns
1539 4765 1630 4804 eas
1671 4753 1868 4808 docere

270 4833 559 4900 coepisset,
615 4833 824 4888 Andrea
865 4834 1129 4890 Delitiano
1177 4851 1297 4892 eum
1342 4841 1579 4907 quintam
1614 4845 1664 4896 in
1707 4862 1866 4900 curru

267 4933 445 4980 rotam
480 4937 732 4991 vocante,
774 4941 836 4980 os
876 4926 939 4978 iis
981 4928 1284 4983 obturatum
1317 4941 1398 4986 est
1443 4942 1595 4998 tum,
1639 4953 1758 4990 cum
1790 4953 1869 4994 eae

265 5018 464 5071 litterae
504 5019 572 5071 ad
605 5035 880 5077 saerornm
911 5025 1192 5079 Librorum
1222 5067 1234 5088 ,
1271 5023 1336 5077 ad
1366 5024 1620 5080 Ecclesiae
1647 5027 1866 5084 Patrum

266 5109 680 5180 intelligentiam
726 5119 996 5170 translatze
1045 5123 1226 5170 essent
1259 5157 1274 5180 ,
1321 5118 1817 5189 intelligeretttrquc
1849 5165 1862 5188 ,

263 5217 362 5271 per
392 5217 482 5256 eas
530 5204 734 5257 aditum
784 5206 899 5260 dari
949 5208 1013 5261 ad
1056 5224 1238 5263 veram
1281 5223 1554 5264 sacrorum
1604 5213 1864 5270 librorum

261 5293 768 5363 interpretationem
806 5306 861 5352 et
901 5299 966 5353 ad
1016 5315 1194 5355 veram
1226 5301 1534 5369 TllCOlOgim
1564 5307 1862 5360 scientiam.

258 5387 448 5458 Itaque
507 5403 631 5443 cum
704 5391 761 5445 P.
813 5391 1142 5447 Mosellanus
1211 5397 1550 5464 interpretari
1614 5399 1867 5463 coepisset

257 5475 534 5546 Epistolas
562 5480 712 5536 Pauli
735 5525 749 5544 ,
783 5483 834 5536 in
874 5499 982 5552 quo
1006 5488 1236 5540 maxime
1262 5529 1277 5551 ,
1313 5496 1366 5541 ut
1399 5497 1508 5541 tum
1550 5498 1701 5542 erant
1730 5500 1860 5543 tctu-

257 5582 428 5640 pora,
463 5571 812 5638 adiuvabatur
856 5577 1070 5631 Patrum
1123 5578 1434 5634 Grzecorum
1471 5590 1523 5633 et
1551 5581 1861 5636 Latinorum

255 5664 501 5719 lectione
525 5706 540 5730 ,
574 5671 700 5722 tanti
734 5681 1030 5724 concursus
1053 5673 1348 5740 iuventutis
1377 5684 1502 5728 sunt
1531 5674 1689 5738 facti,
1714 5682 1768 5728 et
1794 5676 1859 5731 ad

257 5755 387 5809 illas
417 5755 561 5822 ipsas
583 5800 596 5819 ,
624 5769 677 5814 et
705 5759 772 5814 ad
804 5771 1027 5817 emtcras
1056 5764 1174 5834 ejus
1203 5765 1492 5829 lectiones,
1523 5773 1579 5820 ut
1604 5765 1712 5833 jam
1739 5767 1861 5824 victi

247 5847 540 5918 iacerent,
582 5854 674 5922 qui
732 5855 888 5910 bonis
935 5856 1128 5914 litteris
1172 5865 1295 5914 ante
1341 5865 1522 5914 essent
1563 5857 1856 5918 adversati.

1991 3357 2125 3412 Sunt
2155 3361 2296 3410 enim
2334 3359 2383 3410 iu
2435 3361 2533 3411 hoc
2573 3374 2770 3427 genere
2801 3375 2930 3414 sane
2977 3361 3125 3414 multi
3167 3357 3362 3430 egregii
3410 3365 3464 3412 et.
3489 3369 3576 3410 co.

1989 3452 2120 3518 piosi
2138 3493 2150 3511 ,
2177 3462 2232 3503 ut
2263 3450 2391 3503 nihil
2411 3451 2582 3505 dicam
2613 3451 2679 3504 de
2692 3451 3078 3523 Cbrysostomo
3099 3495 3112 3516 ,
3137 3465 3187 3506 et
3216 3452 3332 3506 aliis
3345 3449 3574 3509 Grmcis,

1986 3543 2306 3611 eloquentiae
2357 3546 2572 3597 nomine
2594 3544 2782 3612 claris,
2814 3547 3172 3601 Tertullianus
3196 3589 3211 3612 ,
3242 3546 3538 3618 Cyprianus
3560 3585 3572 3608 ,

1986 3636 2312 3704 Augustinus
2338 3679 2350 3698 ,
2390 3638 2757 3709 ἱηιιπίιιιίεῳιθ
2789 3641 3100 3695 Ambrosius
3130 3656 3251 3694 cum
3282 3638 3534 3692 Salviano
3559 3678 3575 3702 ,

1985 3728 2142 3781 l‘etro
2180 3728 2544 3799 Chrysologo,
2579 3740 2632 3783 et
2656 3773 2668 3791 ,
2702 3733 2842 3800 quod
2870 3733 3085 3801 quidem
3117 3732 3180 3784 ad
3224 3733 3432 3800 copiam
3483 3729 3577 3782 ho-

1983 3836 2171 3873 narum
2205 3863 2219 3885 ,
2277 3834 2597 3884 acutarum,
2669 3833 2722 3877 et
2777 3835 3122 3878 venustarum
3189 3824 3572 3878 sententiarum

1981 3913 2170 3966 attinet
2195 3954 2207 3972 .
2245 3930 2467 3982 quarum
2499 3918 2548 3969 in
2579 3917 2880 3985 eloquentia
2912 3918 3270 3970 ecclesiastica
3306 3932 3431 3970 usus
3467 3918 3534 3970 sit
3558 3958 3571 3981 ,

1980 4004 2218 4056 ninnium
2269 4006 2535 4073 principe,
2582 4006 2886 4071 Bernardo,
2930 4007 3019 4075 qui
3072 4007 3270 4060 nullam
3315 4007 3472 4060 aliain
3505 4005 3574 4059 oh

1979 4109 2196 4149 causam
2246 4095 2535 4149 mellilluus
2578 4096 2750 4149 dictus
2779 4107 2880 4150 est.
2960 4099 3131 4164 Atqui-
3183 4098 3317 4150 hanc
3356 4106 3572 4150 senten-

1981 4179 2172 4233 tiarum
2220 4182 2428 4248 cupiam
2458 4197 2521 4234 ex
2562 4181 2756 4234 talibus
2802 4192 2948 4234 tanto
2986 4181 3254 4236 Salubrius
3300 4182 3572 4236 hauserint

1977 4273 2198 4327 studiosi
2223 4316 2238 4338 ,
2269 4274 2408 4342 quod
2443 4274 2511 4328 de
2537 4274 2791 4343 religione
2823 4289 2945 4327 vera
2975 4274 3157 4342 scripti
3191 4283 3354 4340 sunt,
3400 4277 3570 4344 iisque

1978 4366 2218 4435 legendis
2244 4368 2405 4421 etiam
2437 4383 2625 4422 sensus
2649 4369 2862 4438 pietatis
2891 4367 3212 4421 excitabitur
3233 4410 3247 4432 ,
3271 4368 3445 4422 aletur
3471 4409 3485 4432 ,
3518 4375 3572 4422 et

1977 4459 2426 4525 continuabitur,
2483 4460 2624 4530 quod
2686 4461 2736 4514 in
2790 4459 3218 4515 Christianorum
3280 4469 3520 4516 veterum
3552 4503 3567 4527 ,

1977 4552 2137 4604 etiam
2176 4564 2454 4620 puctarum
2483 4595 2496 4617 ,
2526 4553 2754 4607 lci-tione
2786 4554 3050 4621 imprimis
3089 4555 3365 4621 spectabat
3403 4555 3572 4609 Geor-

1976 4644 2092 4713 gius
2126 4645 2398 4699 Fabricius
2428 4665 2440 4699 :
2480 4666 2500 4698 c
2539 4647 2651 4700 Non
2683 4649 2858 4710 enim,
2901 4667 2918 4699 ι
2954 4648 3124 4717 inquit
3154 4687 3169 4714 ,
3201 4645 3446 4719 (Praefut.
3500 4650 3569 4702 ad

1976 4739 2122 4794 Poet.
2154 4740 2342 4796 Christ.
2370 4760 2420 4811 ρ.
2447 4743 2502 4811 4)
2523 4760 2542 4793 ι
2568 4744 2686 4795 linis
2703 4744 2997 4796 studiorum
3026 4755 3074 4796 et
3095 4742 3354 4795 doctrina:
3377 4743 3567 4795 unicus

1973 4847 2054 4890 est
2083 4878 2094 4897 ,
2131 4846 2186 4888 ut
2218 4838 2445 4906 linguam
2472 4839 2788 4906 perpolitrun
2815 4846 2869 4889 et
2897 4835 3184 4890 volubilem
3212 4835 3410 4887 habeas
3431 4876 3443 4896 ,
3472 4833 3565 4888 sed

1973 4939 2029 4980 ut
2059 4929 2266 4982 colatur
2317 4939 2369 4981 et
2411 4931 2645 4983 abundet
2694 4944 2870 4984 rerum
2923 4942 3233 4996 magnarum
3274 4937 3327 4980 et
3357 4929 3564 4980 utilium

1972 5021 2192 5075 scientia
2225 5022 2454 5076 animus.
2514 5023 2745 5076 Omnino
2772 5031 2948 5074 autem
2991 5020 3148 5072 nullae
3179 5033 3265 5072 res
3292 5019 3560 5087 majores,

1973 5113 2353 5167 frttctuosiores
2380 5160 2393 5181 ,
2441 5125 2492 5168 et
2541 5115 2810 5178 digniores
2858 5123 3021 5172 sunt,
3052 5123 3211 5180 quam
3256 5113 3468 5182 pietatis
3512 5121 3566 5166 et

1971 5206 2244 5275 religionis
2273 5208 2491 5259 scientia
2527 5249 2540 5264 .
2570 5221 2690 5274 qua:
2730 5205 2836 5274 peti
2868 5220 2930 5257 ex
2963 5204 3045 5257 bis
3083 5204 3433 5273 scriptoribus
3470 5221 3566 5274 po-

1972 5306 2074 5350 test
2110 5315 2121 5347 :
2156 5298 2205 5348 in
2237 5296 2430 5366 quibus
2469 5297 2676 5351 etiamsi
2731 5297 2834 5348 alia
2882 5309 2986 5349 noa
3019 5295 3291 5349 excellunt
3322 5337 3334 5353 .
3384 5306 3561 5351 tamen

1972 5387 2224 5440 lectorem
2251 5387 2525 5441 meliorem
2553 5396 2606 5440 et
2623 5388 2944 5441 sanctiorem
2976 5395 3200 5456 possunt
3226 5387 3556 5444 dimittere.)

1972 5481 2078 5536 Sed
2110 5480 2348 5550 profecto
2371 5482 2574 5534 inscitia
2607 5490 2911 5534 nostrorum
2932 5490 3231 5544 temporum
3254 5491 3306 5534 et
3329 5483 3557 5549 ignavia,

1967 5591 2086 5644 qua:
2107 5577 2266 5630 etiam
2293 5575 2430 5643 apud
2455 5575 2756 5646 Thcologos
2786 5575 2838 5628 in
2873 5575 2968 5628 hac
2997 5581 3146 5644 parte
3167 5573 3322 5643 longe
3350 5569 3561 5644 lateque

1967 5671 2302 5737 dominatur,
2331 5671 2488 5725 nimis
2515 5671 2787 5726 humiliter
2812 5673 2974 5726 sentit
3000 5671 3068 5724 de
3099 5671 3198 5725 hoc
3224 5679 3335 5724 toto
3360 5686 3559 5741 genere

1967 5763 2288 5832 scriptorum
2315 5806 2329 5830 ,
2360 5765 2502 5834 quod
2537 5775 2713 5819 tamen
2744 5775 2835 5820 aut
2863 5764 3084 5820 omnino
3112 5779 3214 5819 non
3246 5766 3432 5830 novit,
3467 5767 3558 5822 aut

1967 5857 2054 5912 vix
2079 5857 2365 5927 aliquando
2410 5873 2505 5928 per
2535 5859 2680 5914 leves
2700 5867 2756 5914 et
2776 5871 2924 5915 raras
2962 5857 3273 5915 occasiones
3299 5857 3553 5929 quiasdam
