  <div class='ocr_page' id='page_1' title='image "/cluster/home/n/w/nwhite01/storage/ocr_20150623/3/hvd.32044054086798/161.png"; bbox 0 0 4156 6282; ppageno 0'>
   <div class='ocr_carea' id='block_1_1' title="bbox 659 260 766 320">
    <p class='ocr_par' dir='ltr' id='par_1_1' title="bbox 659 260 766 320">
     <span class='ocr_line' id='line_1_1' title="bbox 659 260 766 320; baseline 0.009 -1"><span class='ocrx_word' id='word_1_1' title='bbox 659 260 766 320; x_wconf 69' lang='grc'><strong>925</strong></span> 
     </span>
    </p>
   </div>
   <div class='ocr_carea' id='block_1_2' title="bbox 2077 267 2465 326">
    <p class='ocr_par' dir='ltr' id='par_1_2' title="bbox 2077 267 2465 326">
     <span class='ocr_line' id='line_1_2' title="bbox 2077 267 2465 326; baseline -0.003 0"><span class='ocrx_word' id='word_1_2' title='bbox 2077 267 2465 326; x_wconf 67' lang='grc' dir='ltr'><strong>ΡΠᾹΞΕΑΤΙΟ.</strong></span> 
     </span>
    </p>
   </div>
   <div class='ocr_carea' id='block_1_3' title="bbox 3848 276 3950 333">
    <p class='ocr_par' dir='ltr' id='par_1_3' title="bbox 3848 276 3950 333">
     <span class='ocr_line' id='line_1_3' title="bbox 3848 276 3950 333; baseline 0.029 -3"><span class='ocrx_word' id='word_1_3' title='bbox 3848 276 3950 333; x_wconf 67' lang='grc' dir='ltr'><strong>2Ξῶ</strong></span> 
     </span>
    </p>
   </div>
   <div class='ocr_carea' id='block_1_4' title="bbox 661 375 3933 462">
    <p class='ocr_par' dir='ltr' id='par_1_4' title="bbox 661 375 3933 462">
     <span class='ocr_line' id='line_1_4' title="bbox 661 375 3933 462; baseline 0.005 -30"><span class='ocrx_word' id='word_1_4' title='bbox 661 378 681 453; x_wconf 88' lang='grc'>(</span> <span class='ocrx_word' id='word_1_5' title='bbox 707 381 806 434; x_wconf 94' lang='lat' dir='ltr'><strong>hoc</strong></span> <span class='ocrx_word' id='word_1_6' title='bbox 830 387 912 435; x_wconf 89' lang='lat' dir='ltr'><strong>est</strong></span> <span class='ocrx_word' id='word_1_7' title='bbox 937 419 951 442; x_wconf 88' lang='lat'><strong>,</strong></span> <span class='ocrx_word' id='word_1_8' title='bbox 982 375 1046 433; x_wconf 89' lang='lat' dir='ltr'><strong>ad</strong></span> <span class='ocrx_word' id='word_1_9' title='bbox 1081 378 1442 435; x_wconf 88' lang='lat' dir='ltr'><strong>testimonium</strong></span> <span class='ocrx_word' id='word_1_10' title='bbox 1467 379 1667 436; x_wconf 88' lang='lat' dir='ltr'><strong>citandi</strong></span> <span class='ocrx_word' id='word_1_11' title='bbox 1689 395 1848 438; x_wconf 87' lang='lat' dir='ltr'><strong>causa</strong></span> <span class='ocrx_word' id='word_1_12' title='bbox 1873 425 1887 448; x_wconf 86' lang='lat'><strong>,</strong></span> <span class='ocrx_word' id='word_1_13' title='bbox 1922 383 2014 440; x_wconf 90' lang='lat' dir='ltr'><strong>sed</strong></span> <span class='ocrx_word' id='word_1_14' title='bbox 2049 383 2161 439; x_wconf 88' lang='lat' dir='ltr'><strong>fere</strong></span> <span class='ocrx_word' id='word_1_15' title='bbox 2182 399 2246 439; x_wconf 82' lang='lat' dir='ltr'><strong>ex</strong></span> <span class='ocrx_word' id='word_1_16' title='bbox 2275 382 2328 442; x_wconf 85' lang='lat' dir='ltr'><strong>A</strong></span> <span class='ocrx_word' id='word_1_17' title='bbox 2354 383 2549 438; x_wconf 90' lang='lat' dir='ltr'><strong>simum</strong></span> <span class='ocrx_word' id='word_1_18' title='bbox 2589 384 2817 449; x_wconf 89' lang='lat' dir='ltr'><strong>videtur,</strong></span> <span class='ocrx_word' id='word_1_19' title='bbox 2861 386 3086 457; x_wconf 87' lang='lat' dir='ltr'><strong>proponi</strong></span> <span class='ocrx_word' id='word_1_20' title='bbox 3132 396 3187 444; x_wconf 90' lang='lat' dir='ltr'><strong>et</strong></span> <span class='ocrx_word' id='word_1_21' title='bbox 3221 387 3588 445; x_wconf 89' lang='lat' dir='ltr'><strong>commendari</strong></span> <span class='ocrx_word' id='word_1_22' title='bbox 3618 403 3713 445; x_wconf 89' lang='lat' dir='ltr'><strong>eos</strong></span> <span class='ocrx_word' id='word_1_23' title='bbox 3738 390 3933 462; x_wconf 90' lang='lat' dir='ltr'><strong>libros,</strong></span> 
     </span>
    </p>
   </div>
   <div class='ocr_carea' id='block_1_5' title="bbox 666 460 2256 549">
    <p class='ocr_par' dir='ltr' id='par_1_5' title="bbox 666 460 2256 549">
     <span class='ocr_line' id='line_1_5' title="bbox 666 460 2256 549; baseline 0.001 -21"><span class='ocrx_word' id='word_1_24' title='bbox 666 469 861 528; x_wconf 89' lang='lat' dir='ltr'><strong>indicio</strong></span> <span class='ocrx_word' id='word_1_25' title='bbox 907 460 1226 527; x_wconf 87' lang='lat' dir='ltr'><strong>novitiorum</strong></span> <span class='ocrx_word' id='word_1_26' title='bbox 1266 474 1583 543; x_wconf 89' lang='lat' dir='ltr'><strong>scriptorum</strong></span> <span class='ocrx_word' id='word_1_27' title='bbox 1610 473 1627 545; x_wconf 97' lang='lat'>)</span> <span class='ocrx_word' id='word_1_28' title='bbox 1657 476 1905 546; x_wconf 78' lang='lat' dir='ltr'><strong>inspexit.</strong></span> <span class='ocrx_word' id='word_1_29' title='bbox 1939 477 2050 548; x_wconf 83' lang='lat' dir='ltr'><strong>Ego</strong></span> <span class='ocrx_word' id='word_1_30' title='bbox 2075 525 2090 549; x_wconf 82' lang='lat'><strong>,</strong></span> <span class='ocrx_word' id='word_1_31' title='bbox 2120 489 2173 531; x_wconf 89' lang='lat' dir='ltr'><strong>ut</strong></span> <span class='ocrx_word' id='word_1_32' title='bbox 2204 477 2256 532; x_wconf 89' lang='lat' dir='ltr'><strong>in</strong></span> 
     </span>
    </p>
   </div>
   <div class='ocr_carea' id='block_1_6' title="bbox 667 570 2258 641">
    <p class='ocr_par' dir='ltr' id='par_1_6' title="bbox 667 570 2258 641">
     <span class='ocr_line' id='line_1_6' title="bbox 667 570 2258 641; baseline 0.003 -18"><span class='ocrx_word' id='word_1_33' title='bbox 667 582 728 623; x_wconf 85' lang='lat' dir='ltr'><strong>ea</strong></span> <span class='ocrx_word' id='word_1_34' title='bbox 762 579 913 637; x_wconf 90' lang='lat' dir='ltr'><strong>parte</strong></span> <span class='ocrx_word' id='word_1_35' title='bbox 954 584 1037 621; x_wconf 89' lang='lat' dir='ltr'><strong>me</strong></span> <span class='ocrx_word' id='word_1_36' title='bbox 1067 573 1367 624; x_wconf 88' lang='lat' dir='ltr'><strong>contineam</strong></span> <span class='ocrx_word' id='word_1_37' title='bbox 1394 612 1409 635; x_wconf 94' lang='lat'><strong>,</strong></span> <span class='ocrx_word' id='word_1_38' title='bbox 1450 586 1567 640; x_wconf 72' lang='lat' dir='ltr'><strong>quze</strong></span> <span class='ocrx_word' id='word_1_39' title='bbox 1607 570 1671 625; x_wconf 87' lang='lat' dir='ltr'><strong>ad</strong></span> <span class='ocrx_word' id='word_1_40' title='bbox 1722 571 2041 641; x_wconf 71' lang='lat' dir='ltr'><strong>eloquentia:</strong></span> <span class='ocrx_word' id='word_1_41' title='bbox 2086 572 2258 628; x_wconf 91' lang='lat' dir='ltr'><strong>studia</strong></span> 
     </span>
    </p>
   </div>
   <div class='ocr_carea' id='block_1_7' title="bbox 663 661 2260 738">
    <p class='ocr_par' dir='ltr' id='par_1_7' title="bbox 663 661 2260 738">
     <span class='ocr_line' id='line_1_7' title="bbox 663 661 2260 738; baseline 0.003 -21"><span class='ocrx_word' id='word_1_42' title='bbox 663 661 897 717; x_wconf 84' lang='lat' dir='ltr'><strong>maxime</strong></span> <span class='ocrx_word' id='word_1_43' title='bbox 947 663 1200 733; x_wconf 85' lang='lat' dir='ltr'><strong>pertinet,</strong></span> <span class='ocrx_word' id='word_1_44' title='bbox 1252 679 1407 718; x_wconf 88' lang='lat' dir='ltr'><strong>unam</strong></span> <span class='ocrx_word' id='word_1_45' title='bbox 1439 664 1690 738; x_wconf 84' lang='lat' dir='ltr'><strong>Cypriani</strong></span> <span class='ocrx_word' id='word_1_46' title='bbox 1719 667 2013 736; x_wconf 79' lang='lat' dir='ltr'><strong>Epistulam</strong></span> <span class='ocrx_word' id='word_1_47' title='bbox 2046 666 2112 721; x_wconf 89' lang='lat' dir='ltr'><strong>de</strong></span> <span class='ocrx_word' id='word_1_48' title='bbox 2142 668 2260 723; x_wconf 89' lang='lat' dir='ltr'><strong>lon-</strong></span> 
     </span>
    </p>
   </div>
   <div class='ocr_carea' id='block_1_8' title="bbox 662 755 2255 831">
    <p class='ocr_par' dir='ltr' id='par_1_8' title="bbox 662 755 2255 831">
     <span class='ocr_line' id='line_1_8' title="bbox 662 755 2255 831; baseline 0.007 -23"><span class='ocrx_word' id='word_1_49' title='bbox 662 755 901 827; x_wconf 88' lang='lat' dir='ltr'><strong>gioribus</strong></span> <span class='ocrx_word' id='word_1_50' title='bbox 933 797 947 821; x_wconf 90' lang='lat'><strong>,</strong></span> <span class='ocrx_word' id='word_1_51' title='bbox 987 764 1041 810; x_wconf 86' lang='lat' dir='ltr'><strong>et</strong></span> <span class='ocrx_word' id='word_1_52' title='bbox 1088 760 1390 813; x_wconf 77' lang='lat' dir='ltr'><strong>accuratius</strong></span> <span class='ocrx_word' id='word_1_53' title='bbox 1442 760 1688 827; x_wconf 90' lang='lat' dir='ltr'><strong>scriptis,</strong></span> <span class='ocrx_word' id='word_1_54' title='bbox 1736 760 1877 816; x_wconf 90' lang='lat' dir='ltr'><strong>velut</strong></span> <span class='ocrx_word' id='word_1_55' title='bbox 1926 762 2255 831; x_wconf 79' lang='lat' dir='ltr'><strong>secundum,</strong></span> 
     </span>
    </p>
   </div>
   <div class='ocr_carea' id='block_1_9' title="bbox 664 850 2259 927">
    <p class='ocr_par' dir='ltr' id='par_1_9' title="bbox 664 850 2259 927">
     <span class='ocr_line' id='line_1_9' title="bbox 664 850 2259 927; baseline 0.004 -22"><span class='ocrx_word' id='word_1_56' title='bbox 664 850 933 905; x_wconf 77' lang='lat' dir='ltr'><strong>Ambrosii</strong></span> <span class='ocrx_word' id='word_1_57' title='bbox 963 854 1087 907; x_wconf 91' lang='lat' dir='ltr'><strong>item</strong></span> <span class='ocrx_word' id='word_1_58' title='bbox 1118 867 1235 907; x_wconf 91' lang='lat' dir='ltr'><strong>eam</strong></span> <span class='ocrx_word' id='word_1_59' title='bbox 1256 895 1269 917; x_wconf 93' lang='lat'><strong>,</strong></span> <span class='ocrx_word' id='word_1_60' title='bbox 1300 870 1457 924; x_wconf 88' lang='lat' dir='ltr'><strong>quam</strong></span> <span class='ocrx_word' id='word_1_61' title='bbox 1490 854 1813 927; x_wconf 80' lang='lat' dir='ltr'><strong>Symmacho</strong></span> <span class='ocrx_word' id='word_1_62' title='bbox 1833 896 1848 922; x_wconf 95' lang='lat'><strong>,</strong></span> <span class='ocrx_word' id='word_1_63' title='bbox 1877 857 2144 926; x_wconf 73' lang='lat' dir='ltr'><strong>paganica:</strong></span> <span class='ocrx_word' id='word_1_64' title='bbox 2173 872 2259 912; x_wconf 84' lang='lat' dir='ltr'><strong>re-</strong></span> 
     </span>
    </p>
   </div>
   <div class='ocr_carea' id='block_1_10' title="bbox 664 942 2255 1020">
    <p class='ocr_par' dir='ltr' id='par_1_10' title="bbox 664 942 2255 1020">
     <span class='ocr_line' id='line_1_10' title="bbox 664 942 2255 1020; baseline 0.005 -21"><span class='ocrx_word' id='word_1_65' title='bbox 664 942 878 1014; x_wconf 89' lang='lat' dir='ltr'><strong>ligionis</strong></span> <span class='ocrx_word' id='word_1_66' title='bbox 895 947 1358 1002; x_wconf 92' lang='lat' dir='ltr'><strong>conservationem</strong></span> <span class='ocrx_word' id='word_1_67' title='bbox 1378 948 1443 1005; x_wconf 90' lang='lat' dir='ltr'><strong>ab</strong></span> <span class='ocrx_word' id='word_1_68' title='bbox 1467 949 1880 1020; x_wconf 91' lang='lat' dir='ltr'><strong>imperatoribus</strong></span> <span class='ocrx_word' id='word_1_69' title='bbox 1907 951 2255 1007; x_wconf 89' lang='lat' dir='ltr'><strong>disertissima</strong></span> 
     </span>
    </p>
   </div>
   <div class='ocr_carea' id='block_1_11' title="bbox 665 1038 2257 1115">
    <p class='ocr_par' dir='ltr' id='par_1_11' title="bbox 665 1038 2257 1115">
     <span class='ocr_line' id='line_1_11' title="bbox 665 1038 2257 1115; baseline 0.004 -21"><span class='ocrx_word' id='word_1_70' title='bbox 665 1038 889 1109; x_wconf 88' lang='lat' dir='ltr'><strong>epistola</strong></span> <span class='ocrx_word' id='word_1_71' title='bbox 940 1042 1137 1109; x_wconf 85' lang='lat' dir='ltr'><strong>petenti</strong></span> <span class='ocrx_word' id='word_1_72' title='bbox 1170 1084 1184 1107; x_wconf 96' lang='lat'><strong>,</strong></span> <span class='ocrx_word' id='word_1_73' title='bbox 1218 1046 1469 1112; x_wconf 84' lang='lat' dir='ltr'><strong>Opposuit</strong></span> <span class='ocrx_word' id='word_1_74' title='bbox 1498 1086 1514 1108; x_wconf 92' lang='lat'><strong>,</strong></span> <span class='ocrx_word' id='word_1_75' title='bbox 1560 1045 1643 1098; x_wconf 89' lang='lat' dir='ltr'><strong>vel</strong></span> <span class='ocrx_word' id='word_1_76' title='bbox 1688 1046 2069 1101; x_wconf 86' lang='lat' dir='ltr'><strong>Bernardinam</strong></span> <span class='ocrx_word' id='word_1_77' title='bbox 2097 1088 2110 1112; x_wconf 94' lang='lat'><strong>,</strong></span> <span class='ocrx_word' id='word_1_78' title='bbox 2153 1061 2257 1115; x_wconf 90' lang='lat' dir='ltr'><strong>qua</strong></span> 
     </span>
    </p>
   </div>
   <div class='ocr_carea' id='block_1_12' title="bbox 668 1130 2257 1207">
    <p class='ocr_par' dir='ltr' id='par_1_12' title="bbox 668 1130 2257 1207">
     <span class='ocr_line' id='line_1_12' title="bbox 668 1130 2257 1207; baseline 0.003 -19"><span class='ocrx_word' id='word_1_79' title='bbox 668 1130 730 1188; x_wconf 90' lang='lat' dir='ltr'><strong>S.</strong></span> <span class='ocrx_word' id='word_1_80' title='bbox 773 1132 1089 1188; x_wconf 86' lang='lat' dir='ltr'><strong>Theoderici</strong></span> <span class='ocrx_word' id='word_1_81' title='bbox 1110 1134 1298 1189; x_wconf 80' lang='lat' dir='ltr'><strong>Abbati</strong></span> <span class='ocrx_word' id='word_1_82' title='bbox 1329 1134 1612 1191; x_wconf 85' lang='lat' dir='ltr'><strong>Guiliclmo</strong></span> <span class='ocrx_word' id='word_1_83' title='bbox 1639 1178 1653 1201; x_wconf 94' lang='lat'><strong>,</strong></span> <span class='ocrx_word' id='word_1_84' title='bbox 1698 1137 1835 1205; x_wconf 90' lang='lat' dir='ltr'><strong>apud</strong></span> <span class='ocrx_word' id='word_1_85' title='bbox 1866 1153 2022 1207; x_wconf 87' lang='lat' dir='ltr'><strong>quem</strong></span> <span class='ocrx_word' id='word_1_86' title='bbox 2052 1137 2257 1192; x_wconf 83' lang='lat' dir='ltr'><strong>delatus</strong></span> 
     </span>
    </p>
   </div>
   <div class='ocr_carea' id='block_1_13' title="bbox 664 1226 2257 1296">
    <p class='ocr_par' dir='ltr' id='par_1_13' title="bbox 664 1226 2257 1296">
     <span class='ocr_line' id='line_1_13' title="bbox 664 1226 2257 1296; baseline 0.003 -13"><span class='ocrx_word' id='word_1_87' title='bbox 664 1234 821 1292; x_wconf 84' lang='lat' dir='ltr'><strong>erat,</strong></span> <span class='ocrx_word' id='word_1_88' title='bbox 867 1226 1008 1296; x_wconf 83' lang='lat' dir='ltr'><strong>quod</strong></span> <span class='ocrx_word' id='word_1_89' title='bbox 1055 1228 1293 1284; x_wconf 79' lang='lat' dir='ltr'><strong>studiose</strong></span> <span class='ocrx_word' id='word_1_90' title='bbox 1342 1230 1651 1285; x_wconf 88' lang='lat' dir='ltr'><strong>detraheret</strong></span> <span class='ocrx_word' id='word_1_91' title='bbox 1700 1230 1767 1287; x_wconf 94' lang='lat' dir='ltr'><strong>de</strong></span> <span class='ocrx_word' id='word_1_92' title='bbox 1814 1231 2257 1288; x_wconf 84' lang='lat' dir='ltr'><strong>Cluniacensibus</strong></span> 
     </span>
    </p>
   </div>
   <div class='ocr_carea' id='block_1_14' title="bbox 664 1322 2255 1395">
    <p class='ocr_par' dir='ltr' id='par_1_14' title="bbox 664 1322 2255 1395">
     <span class='ocr_line' id='line_1_14' title="bbox 664 1322 2255 1395; baseline 0.005 -19"><span class='ocrx_word' id='word_1_93' title='bbox 664 1322 941 1377; x_wconf 83' lang='lat' dir='ltr'><strong>monachis</strong></span> <span class='ocrx_word' id='word_1_94' title='bbox 964 1363 979 1385; x_wconf 89' lang='lat'><strong>,</strong></span> <span class='ocrx_word' id='word_1_95' title='bbox 1027 1324 1094 1376; x_wconf 88' lang='lat' dir='ltr'><strong>ita</strong></span> <span class='ocrx_word' id='word_1_96' title='bbox 1135 1338 1193 1377; x_wconf 90' lang='lat' dir='ltr'><strong>se</strong></span> <span class='ocrx_word' id='word_1_97' title='bbox 1226 1334 1411 1395; x_wconf 85' lang='lat' dir='ltr'><strong>purgat</strong></span> <span class='ocrx_word' id='word_1_98' title='bbox 1439 1367 1453 1390; x_wconf 95' lang='lat'><strong>,</strong></span> <span class='ocrx_word' id='word_1_99' title='bbox 1499 1337 1553 1379; x_wconf 89' lang='grc' dir='ltr'><strong>ιιι</strong></span> <span class='ocrx_word' id='word_1_100' title='bbox 1580 1341 1768 1381; x_wconf 91' lang='lat' dir='ltr'><strong>eorum</strong></span> <span class='ocrx_word' id='word_1_101' title='bbox 1798 1327 1921 1382; x_wconf 81' lang='lat' dir='ltr'><strong>vitia</strong></span> <span class='ocrx_word' id='word_1_102' title='bbox 1949 1328 2126 1382; x_wconf 86' lang='lat' dir='ltr'><strong>omnia</strong></span> <span class='ocrx_word' id='word_1_103' title='bbox 2158 1343 2255 1383; x_wconf 52' lang='lat' dir='ltr'><strong>ex.</strong></span> 
     </span>
    </p>
   </div>
   <div class='ocr_carea' id='block_1_15' title="bbox 665 1413 2257 1491">
    <p class='ocr_par' dir='ltr' id='par_1_15' title="bbox 665 1413 2257 1491">
     <span class='ocr_line' id='line_1_15' title="bbox 665 1413 2257 1491; baseline 0.005 -22"><span class='ocrx_word' id='word_1_104' title='bbox 665 1413 897 1485; x_wconf 86' lang='lat' dir='ltr'><strong>primat:</strong></span> <span class='ocrx_word' id='word_1_105' title='bbox 931 1414 1026 1470; x_wconf 90' lang='lat' dir='ltr'><strong>has</strong></span> <span class='ocrx_word' id='word_1_106' title='bbox 1073 1416 1231 1485; x_wconf 79' lang='lat' dir='ltr'><strong>igitur</strong></span> <span class='ocrx_word' id='word_1_107' title='bbox 1264 1459 1278 1483; x_wconf 94' lang='lat'><strong>,</strong></span> <span class='ocrx_word' id='word_1_108' title='bbox 1330 1419 1528 1472; x_wconf 82' lang='lat' dir='ltr'><strong>ut-alia</strong></span> <span class='ocrx_word' id='word_1_109' title='bbox 1578 1419 1770 1473; x_wconf 86' lang='lat' dir='ltr'><strong>similia</strong></span> <span class='ocrx_word' id='word_1_110' title='bbox 1820 1430 2023 1475; x_wconf 89' lang='lat' dir='ltr'><strong>taceam</strong></span> <span class='ocrx_word' id='word_1_111' title='bbox 2052 1464 2066 1486; x_wconf 91' lang='lat'><strong>,</strong></span> <span class='ocrx_word' id='word_1_112' title='bbox 2101 1422 2257 1491; x_wconf 89' lang='lat' dir='ltr'><strong>longe</strong></span> 
     </span>
    </p>
   </div>
   <div class='ocr_carea' id='block_1_16' title="bbox 665 1508 2256 1584">
    <p class='ocr_par' dir='ltr' id='par_1_16' title="bbox 665 1508 2256 1584">
     <span class='ocr_line' id='line_1_16' title="bbox 665 1508 2256 1584; baseline 0.004 -23"><span class='ocrx_word' id='word_1_113' title='bbox 665 1508 992 1578; x_wconf 61' lang='lat' dir='ltr'><strong>praetulerim</strong></span> <span class='ocrx_word' id='word_1_114' title='bbox 1020 1511 1267 1565; x_wconf 90' lang='lat' dir='ltr'><strong>omnibus</strong></span> <span class='ocrx_word' id='word_1_115' title='bbox 1298 1511 1477 1567; x_wconf 88' lang='lat' dir='ltr'><strong>latinis</strong></span> <span class='ocrx_word' id='word_1_116' title='bbox 1492 1512 1867 1584; x_wconf 89' lang='lat' dir='ltr'><strong>Panegyricis,</strong></span> <span class='ocrx_word' id='word_1_117' title='bbox 1893 1514 1983 1584; x_wconf 85' lang='lat' dir='ltr'><strong>qui</strong></span> <span class='ocrx_word' id='word_1_118' title='bbox 2008 1514 2256 1569; x_wconf 88' lang='lat' dir='ltr'><strong>Pliniano</strong></span> 
     </span>
    </p>
   </div>
   <div class='ocr_carea' id='block_1_17' title="bbox 663 1601 2256 1677">
    <p class='ocr_par' dir='ltr' id='par_1_17' title="bbox 663 1601 2256 1677">
     <span class='ocr_line' id='line_1_17' title="bbox 663 1601 2256 1677; baseline 0.004 -19"><span class='ocrx_word' id='word_1_119' title='bbox 663 1601 1019 1671; x_wconf 91' lang='lat' dir='ltr'><strong>subjiciuntur</strong></span> <span class='ocrx_word' id='word_1_120' title='bbox 1044 1644 1057 1665; x_wconf 87' lang='lat'><strong>,</strong></span> <span class='ocrx_word' id='word_1_121' title='bbox 1092 1619 1278 1673; x_wconf 89' lang='lat' dir='ltr'><strong>parum</strong></span> <span class='ocrx_word' id='word_1_122' title='bbox 1308 1604 1496 1669; x_wconf 88' lang='lat' dir='ltr'><strong>abest;</strong></span> <span class='ocrx_word' id='word_1_123' title='bbox 1542 1606 1673 1675; x_wconf 89' lang='lat' dir='ltr'><strong>quin</strong></span> <span class='ocrx_word' id='word_1_124' title='bbox 1706 1607 1863 1659; x_wconf 92' lang='lat' dir='ltr'><strong>etiam</strong></span> <span class='ocrx_word' id='word_1_125' title='bbox 1909 1608 2072 1677; x_wconf 90' lang='lat' dir='ltr'><strong>ipsius</strong></span> <span class='ocrx_word' id='word_1_126' title='bbox 2102 1608 2256 1664; x_wconf 86' lang='lat' dir='ltr'><strong>Plinii</strong></span> 
     </span>
    </p>
   </div>
   <div class='ocr_carea' id='block_1_18' title="bbox 664 1693 2255 1771">
    <p class='ocr_par' dir='ltr' id='par_1_18' title="bbox 664 1693 2255 1771">
     <span class='ocr_line' id='line_1_18' title="bbox 664 1693 2255 1771; baseline 0.003 -21"><span class='ocrx_word' id='word_1_127' title='bbox 664 1693 925 1763; x_wconf 86' lang='lat' dir='ltr'><strong>ambiguis</strong></span> <span class='ocrx_word' id='word_1_128' title='bbox 955 1696 1211 1764; x_wconf 89' lang='lat' dir='ltr'><strong>argutiis,</strong></span> <span class='ocrx_word' id='word_1_129' title='bbox 1241 1706 1295 1751; x_wconf 92' lang='lat' dir='ltr'><strong>et</strong></span> <span class='ocrx_word' id='word_1_130' title='bbox 1322 1698 1773 1752; x_wconf 83' lang='lat' dir='ltr'><strong>assentationibus</strong></span> <span class='ocrx_word' id='word_1_131' title='bbox 1795 1700 2021 1755; x_wconf 90' lang='lat' dir='ltr'><strong>eruditis</strong></span> <span class='ocrx_word' id='word_1_132' title='bbox 2046 1744 2061 1767; x_wconf 94' lang='lat'><strong>,</strong></span> <span class='ocrx_word' id='word_1_133' title='bbox 2097 1718 2255 1771; x_wconf 86' lang='lat' dir='ltr'><strong>prop-</strong></span> 
     </span>
    </p>
   </div>
   <div class='ocr_carea' id='block_1_19' title="bbox 666 1787 2257 1860">
    <p class='ocr_par' dir='ltr' id='par_1_19' title="bbox 666 1787 2257 1860">
     <span class='ocr_line' id='line_1_19' title="bbox 666 1787 2257 1860; baseline 0.005 -18"><span class='ocrx_word' id='word_1_134' title='bbox 666 1796 746 1842; x_wconf 89' lang='lat' dir='ltr'><strong>ter</strong></span> <span class='ocrx_word' id='word_1_135' title='bbox 788 1802 921 1858; x_wconf 88' lang='lat' dir='ltr'><strong>quas</strong></span> <span class='ocrx_word' id='word_1_136' title='bbox 973 1787 1357 1859; x_wconf 80' lang='lat' dir='ltr'><strong>Panegyricum</strong></span> <span class='ocrx_word' id='word_1_137' title='bbox 1408 1792 1524 1860; x_wconf 86' lang='lat' dir='ltr'><strong>ejus</strong></span> <span class='ocrx_word' id='word_1_138' title='bbox 1581 1791 1932 1848; x_wconf 86' lang='lat' dir='ltr'><strong>admirantur.</strong></span> <span class='ocrx_word' id='word_1_139' title='bbox 1992 1793 2146 1849; x_wconf 81' lang='lat' dir='ltr'><strong>Vertit</strong></span> <span class='ocrx_word' id='word_1_140' title='bbox 2204 1796 2257 1850; x_wconf 91' lang='lat' dir='ltr'><strong>in</strong></span> 
     </span>
    </p>
   </div>
   <div class='ocr_carea' id='block_1_20' title="bbox 663 1880 2256 1954">
    <p class='ocr_par' dir='ltr' id='par_1_20' title="bbox 663 1880 2256 1954">
     <span class='ocr_line' id='line_1_20' title="bbox 663 1880 2256 1954; baseline 0.007 -20"><span class='ocrx_word' id='word_1_141' title='bbox 663 1889 899 1935; x_wconf 90' lang='lat' dir='ltr'><strong>mentem</strong></span> <span class='ocrx_word' id='word_1_142' title='bbox 925 1922 940 1945; x_wconf 93' lang='lat'><strong>,</strong></span> <span class='ocrx_word' id='word_1_143' title='bbox 992 1880 1115 1934; x_wconf 90' lang='lat' dir='ltr'><strong>dttm</strong></span> <span class='ocrx_word' id='word_1_144' title='bbox 1153 1882 1409 1937; x_wconf 91' lang='lat' dir='ltr'><strong>Bernardi</strong></span> <span class='ocrx_word' id='word_1_145' title='bbox 1438 1886 1761 1940; x_wconf 87' lang='lat' dir='ltr'><strong>mentionem</strong></span> <span class='ocrx_word' id='word_1_146' title='bbox 1798 1886 1934 1941; x_wconf 80' lang='lat' dir='ltr'><strong>facio</strong></span> <span class='ocrx_word' id='word_1_147' title='bbox 1958 1930 1972 1954; x_wconf 96' lang='lat'><strong>,</strong></span> <span class='ocrx_word' id='word_1_148' title='bbox 1998 1888 2256 1945; x_wconf 88' lang='lat' dir='ltr'><strong>librorum</strong></span> 
     </span>
    </p>
   </div>
   <div class='ocr_carea' id='block_1_21' title="bbox 663 1968 2256 2051">
    <p class='ocr_par' dir='ltr' id='par_1_21' title="bbox 663 1968 2256 2051">
     <span class='ocr_line' id='line_1_21' title="bbox 663 1968 2256 2051; baseline 0.008 -28"><span class='ocrx_word' id='word_1_149' title='bbox 663 1968 781 2039; x_wconf 80' lang='lat' dir='ltr'><strong>ejus</strong></span> <span class='ocrx_word' id='word_1_150' title='bbox 810 1972 872 2024; x_wconf 80' lang='lat' dir='ltr'><strong>de</strong></span> <span class='ocrx_word' id='word_1_151' title='bbox 899 1970 1334 2040; x_wconf 75' lang='lat' dir='ltr'><strong>Consideratione,</strong></span> <span class='ocrx_word' id='word_1_152' title='bbox 1366 1974 1430 2028; x_wconf 91' lang='lat' dir='ltr'><strong>ad</strong></span> <span class='ocrx_word' id='word_1_153' title='bbox 1463 1976 1756 2047; x_wconf 81' lang='lat' dir='ltr'><strong>Eugenium</strong></span> <span class='ocrx_word' id='word_1_154' title='bbox 1780 1977 1867 2034; x_wconf 84' lang='grc' dir='ltr'><strong>ΙΙΙ.</strong></span> <span class='ocrx_word' id='word_1_155' title='bbox 1899 1979 1963 2034; x_wconf 87' lang='grc' dir='ltr'><strong>Ρ.</strong></span> <span class='ocrx_word' id='word_1_156' title='bbox 1988 1980 2051 2034; x_wconf 76' lang='grc' dir='ltr'><strong>Β.</strong></span> <span class='ocrx_word' id='word_1_157' title='bbox 2083 1982 2256 2051; x_wconf 85' lang='lat' dir='ltr'><strong>scrip-</strong></span> 
     </span>
    </p>
   </div>
   <div class='ocr_carea' id='block_1_22' title="bbox 664 2067 2258 2135">
    <p class='ocr_par' dir='ltr' id='par_1_22' title="bbox 664 2067 2258 2135">
     <span class='ocr_line' id='line_1_22' title="bbox 664 2067 2258 2135; baseline 0.009 -19"><span class='ocrx_word' id='word_1_158' title='bbox 664 2070 875 2130; x_wconf 88' lang='lat' dir='ltr'><strong>torum,</strong></span> <span class='ocrx_word' id='word_1_159' title='bbox 937 2078 1071 2133; x_wconf 90' lang='lat' dir='ltr'><strong>quos</strong></span> <span class='ocrx_word' id='word_1_160' title='bbox 1119 2081 1289 2135; x_wconf 90' lang='lat' dir='ltr'><strong>nuper</strong></span> <span class='ocrx_word' id='word_1_161' title='bbox 1336 2067 1385 2121; x_wconf 92' lang='lat' dir='ltr'><strong>in</strong></span> <span class='ocrx_word' id='word_1_162' title='bbox 1440 2067 1678 2123; x_wconf 66' lang='lat' dir='ltr'><strong>historia:</strong></span> <span class='ocrx_word' id='word_1_163' title='bbox 1729 2071 1871 2127; x_wconf 84' lang='lat' dir='ltr'><strong>Eccl.</strong></span> <span class='ocrx_word' id='word_1_164' title='bbox 1940 2072 2258 2131; x_wconf 84' lang='lat' dir='ltr'><strong>lectionibus</strong></span> 
     </span>
    </p>
   </div>
   <div class='ocr_carea' id='block_1_23' title="bbox 663 2154 2257 2230">
    <p class='ocr_par' dir='ltr' id='par_1_23' title="bbox 663 2154 2257 2230">
     <span class='ocr_line' id='line_1_23' title="bbox 663 2154 2257 2230; baseline 0.009 -22"><span class='ocrx_word' id='word_1_165' title='bbox 663 2154 1032 2210; x_wconf 88' lang='lat' dir='ltr'><strong>commendavi</strong></span> <span class='ocrx_word' id='word_1_166' title='bbox 1062 2158 1329 2212; x_wconf 85' lang='lat' dir='ltr'><strong>studiosis.</strong></span> <span class='ocrx_word' id='word_1_167' title='bbox 1365 2158 1499 2214; x_wconf 91' lang='lat' dir='ltr'><strong>Sunt</strong></span> <span class='ocrx_word' id='word_1_168' title='bbox 1533 2160 1566 2215; x_wconf 91' lang='lat' dir='ltr'><strong>ii</strong></span> <span class='ocrx_word' id='word_1_169' title='bbox 1592 2176 1722 2217; x_wconf 88' lang='lat' dir='ltr'><strong>sane</strong></span> <span class='ocrx_word' id='word_1_170' title='bbox 1744 2206 1760 2230; x_wconf 95' lang='lat'><strong>,</strong></span> <span class='ocrx_word' id='word_1_171' title='bbox 1790 2175 1844 2218; x_wconf 90' lang='lat' dir='ltr'><strong>ut</strong></span> <span class='ocrx_word' id='word_1_172' title='bbox 1876 2175 2069 2221; x_wconf 63' lang='lat' dir='ltr'><strong>caetera</strong></span> <span class='ocrx_word' id='word_1_173' title='bbox 2104 2167 2257 2223; x_wconf 89' lang='lat' dir='ltr'><strong>istius</strong></span> 
     </span>
    </p>
   </div>
   <div class='ocr_carea' id='block_1_24' title="bbox 664 2245 2253 2327">
    <p class='ocr_par' dir='ltr' id='par_1_24' title="bbox 664 2245 2253 2327">
     <span class='ocr_line' id='line_1_24' title="bbox 664 2245 2253 2327; baseline 0.009 -29"><span class='ocrx_word' id='word_1_174' title='bbox 664 2245 793 2314; x_wconf 91' lang='lat' dir='ltr'><strong>viri,</strong></span> <span class='ocrx_word' id='word_1_175' title='bbox 825 2257 878 2301; x_wconf 93' lang='lat' dir='ltr'><strong>et</strong></span> <span class='ocrx_word' id='word_1_176' title='bbox 904 2246 1121 2303; x_wconf 86' lang='lat' dir='ltr'><strong>Patrum</strong></span> <span class='ocrx_word' id='word_1_177' title='bbox 1170 2249 1314 2305; x_wconf 86' lang='lat' dir='ltr'><strong>Eccl.</strong></span> <span class='ocrx_word' id='word_1_178' title='bbox 1344 2251 1451 2307; x_wconf 88' lang='lat' dir='ltr'><strong>fere</strong></span> <span class='ocrx_word' id='word_1_179' title='bbox 1478 2254 1715 2309; x_wconf 90' lang='lat' dir='ltr'><strong>omnium</strong></span> <span class='ocrx_word' id='word_1_180' title='bbox 1737 2297 1753 2321; x_wconf 92' lang='lat'><strong>,</strong></span> <span class='ocrx_word' id='word_1_181' title='bbox 1779 2255 1975 2327; x_wconf 87' lang='lat' dir='ltr'><strong>scripta</strong></span> <span class='ocrx_word' id='word_1_182' title='bbox 1996 2299 2009 2318; x_wconf 89' lang='lat'><strong>.</strong></span> <span class='ocrx_word' id='word_1_183' title='bbox 2029 2258 2098 2315; x_wconf 92' lang='lat' dir='ltr'><strong>de</strong></span> <span class='ocrx_word' id='word_1_184' title='bbox 2120 2257 2253 2313; x_wconf 88' lang='lat' dir='ltr'><strong>Lttd.</strong></span> 
     </span>
    </p>
   </div>
   <div class='ocr_carea' id='block_1_25' title="bbox 664 2336 2255 2420">
    <p class='ocr_par' dir='ltr' id='par_1_25' title="bbox 664 2336 2255 2420">
     <span class='ocr_line' id='line_1_25' title="bbox 664 2336 2255 2420; baseline 0.008 -27"><span class='ocrx_word' id='word_1_185' title='bbox 664 2336 813 2394; x_wconf 81' lang='lat' dir='ltr'><strong>Vivis</strong></span> <span class='ocrx_word' id='word_1_186' title='bbox 843 2342 1121 2398; x_wconf 90' lang='lat' dir='ltr'><strong>verissimo</strong></span> <span class='ocrx_word' id='word_1_187' title='bbox 1152 2343 1355 2413; x_wconf 91' lang='lat' dir='ltr'><strong>judicio</strong></span> <span class='ocrx_word' id='word_1_188' title='bbox 1380 2386 1395 2410; x_wconf 95' lang='lat'><strong>,</strong></span> <span class='ocrx_word' id='word_1_189' title='bbox 1439 2360 1542 2400; x_wconf 92' lang='lat' dir='ltr'><strong>non</strong></span> <span class='ocrx_word' id='word_1_190' title='bbox 1577 2348 1886 2417; x_wconf 77' lang='lat' dir='ltr'><strong>pellucidae,</strong></span> <span class='ocrx_word' id='word_1_191' title='bbox 1920 2349 2013 2404; x_wconf 91' lang='lat' dir='ltr'><strong>sed</strong></span> <span class='ocrx_word' id='word_1_192' title='bbox 2043 2360 2255 2420; x_wconf 86' lang='lat' dir='ltr'><strong>pertur-</strong></span> 
     </span>
    </p>
   </div>
   <div class='ocr_carea' id='block_1_26' title="bbox 665 2430 2257 2511">
    <p class='ocr_par' dir='ltr' id='par_1_26' title="bbox 665 2430 2257 2511">
     <span class='ocr_line' id='line_1_26' title="bbox 665 2430 2257 2511; baseline 0.008 -24"><span class='ocrx_word' id='word_1_193' title='bbox 665 2430 888 2488; x_wconf 86' lang='lat' dir='ltr'><strong>batioris</strong></span> <span class='ocrx_word' id='word_1_194' title='bbox 909 2450 1061 2504; x_wconf 71' lang='lat' dir='ltr'><strong>aqua:</strong></span> <span class='ocrx_word' id='word_1_195' title='bbox 1086 2478 1099 2500; x_wconf 90' lang='lat'><strong>,</strong></span> <span class='ocrx_word' id='word_1_196' title='bbox 1132 2436 1232 2491; x_wconf 91' lang='lat' dir='ltr'><strong>hoc</strong></span> <span class='ocrx_word' id='word_1_197' title='bbox 1261 2447 1343 2492; x_wconf 87' lang='lat' dir='ltr'><strong>est</strong></span> <span class='ocrx_word' id='word_1_198' title='bbox 1367 2480 1383 2505; x_wconf 90' lang='lat'><strong>,</strong></span> <span class='ocrx_word' id='word_1_199' title='bbox 1418 2454 1521 2493; x_wconf 90' lang='lat' dir='ltr'><strong>non</strong></span> <span class='ocrx_word' id='word_1_200' title='bbox 1553 2441 1775 2496; x_wconf 91' lang='lat' dir='ltr'><strong>omnino</strong></span> <span class='ocrx_word' id='word_1_201' title='bbox 1804 2458 1953 2511; x_wconf 62' lang='lat' dir='ltr'><strong>put-a3</strong></span> <span class='ocrx_word' id='word_1_202' title='bbox 1981 2444 2257 2499; x_wconf 89' lang='lat' dir='ltr'><strong>latinitatis</strong></span> 
     </span>
    </p>
   </div>
   <div class='ocr_carea' id='block_1_27' title="bbox 664 2524 2258 2601">
    <p class='ocr_par' dir='ltr' id='par_1_27' title="bbox 664 2524 2258 2601">
     <span class='ocr_line' id='line_1_27' title="bbox 664 2524 2258 2601; baseline 0.009 -23"><span class='ocrx_word' id='word_1_203' title='bbox 664 2531 719 2578; x_wconf 90' lang='lat' dir='ltr'><strong>et</strong></span> <span class='ocrx_word' id='word_1_204' title='bbox 737 2524 995 2595; x_wconf 76' lang='lat' dir='ltr'><strong>elegantis</strong></span> <span class='ocrx_word' id='word_1_205' title='bbox 1026 2544 1039 2581; x_wconf 90' lang='lat'><strong><em>:</em></strong></span> <span class='ocrx_word' id='word_1_206' title='bbox 1070 2537 1125 2581; x_wconf 89' lang='lat' dir='ltr'><strong>at</strong></span> <span class='ocrx_word' id='word_1_207' title='bbox 1156 2530 1363 2597; x_wconf 79' lang='lat' dir='ltr'><strong>scripti,</strong></span> <span class='ocrx_word' id='word_1_208' title='bbox 1396 2540 1453 2585; x_wconf 91' lang='lat' dir='ltr'><strong>ut</strong></span> <span class='ocrx_word' id='word_1_209' title='bbox 1491 2543 1641 2601; x_wconf 91' lang='lat' dir='ltr'><strong>puto,</strong></span> <span class='ocrx_word' id='word_1_210' title='bbox 1675 2533 1739 2587; x_wconf 92' lang='lat' dir='ltr'><strong>ad</strong></span> <span class='ocrx_word' id='word_1_211' title='bbox 1778 2535 2128 2592; x_wconf 82' lang='lat' dir='ltr'><strong>imitationem</strong></span> <span class='ocrx_word' id='word_1_212' title='bbox 2160 2552 2258 2592; x_wconf 93' lang='lat' dir='ltr'><strong>no-</strong></span> 
     </span>
    </p>
   </div>
   <div class='ocr_carea' id='block_1_28' title="bbox 670 2616 2256 2695">
    <p class='ocr_par' dir='ltr' id='par_1_28' title="bbox 670 2616 2256 2695">
     <span class='ocr_line' id='line_1_28' title="bbox 670 2616 2256 2695; baseline 0.009 -25"><span class='ocrx_word' id='word_1_213' title='bbox 670 2616 946 2673; x_wconf 75' lang='lat' dir='ltr'><strong>bilissima:</strong></span> <span class='ocrx_word' id='word_1_214' title='bbox 974 2620 1228 2690; x_wconf 73' lang='lat' dir='ltr'><strong>Epistolre</strong></span> <span class='ocrx_word' id='word_1_215' title='bbox 1258 2622 1533 2680; x_wconf 86' lang='lat' dir='ltr'><strong>Ciceronis</strong></span> <span class='ocrx_word' id='word_1_216' title='bbox 1549 2625 1617 2681; x_wconf 91' lang='lat' dir='ltr'><strong>ad</strong></span> <span class='ocrx_word' id='word_1_217' title='bbox 1634 2627 1887 2695; x_wconf 88' lang='lat' dir='ltr'><strong>Quintum</strong></span> <span class='ocrx_word' id='word_1_218' title='bbox 1917 2628 2009 2683; x_wconf 89' lang='lat' dir='ltr'><strong>Fr.</strong></span> <span class='ocrx_word' id='word_1_219' title='bbox 2031 2629 2097 2683; x_wconf 90' lang='lat' dir='ltr'><strong>de</strong></span> <span class='ocrx_word' id='word_1_220' title='bbox 2120 2630 2256 2685; x_wconf 90' lang='lat' dir='ltr'><strong>bene</strong></span> 
     </span>
    </p>
   </div>
   <div class='ocr_carea' id='block_1_29' title="bbox 664 2707 2258 2793">
    <p class='ocr_par' dir='ltr' id='par_1_29' title="bbox 664 2707 2258 2793">
     <span class='ocr_line' id='line_1_29' title="bbox 664 2707 2258 2793; baseline 0.009 -31"><span class='ocrx_word' id='word_1_221' title='bbox 664 2707 1085 2767; x_wconf 69' lang='lat' dir='ltr'><strong>administranda</strong></span> <span class='ocrx_word' id='word_1_222' title='bbox 1112 2715 1379 2781; x_wconf 81' lang='lat' dir='ltr'><strong>provincia</strong></span> <span class='ocrx_word' id='word_1_223' title='bbox 1399 2758 1413 2781; x_wconf 93' lang='lat'><strong>,</strong></span> <span class='ocrx_word' id='word_1_224' title='bbox 1430 2718 1583 2786; x_wconf 92' lang='lat' dir='ltr'><strong>cujus</strong></span> <span class='ocrx_word' id='word_1_225' title='bbox 1606 2720 1765 2774; x_wconf 89' lang='lat' dir='ltr'><strong>etiam</strong></span> <span class='ocrx_word' id='word_1_226' title='bbox 1791 2723 2082 2777; x_wconf 88' lang='lat' dir='ltr'><strong>sententias</strong></span> <span class='ocrx_word' id='word_1_227' title='bbox 2104 2737 2258 2793; x_wconf 90' lang='lat' dir='ltr'><strong>quas-</strong></span> 
     </span>
    </p>
   </div>
   <div class='ocr_carea' id='block_1_30' title="bbox 662 2799 2256 2876">
    <p class='ocr_par' dir='ltr' id='par_1_30' title="bbox 662 2799 2256 2876">
     <span class='ocr_line' id='line_1_30' title="bbox 662 2799 2256 2876; baseline 0.008 -19"><span class='ocrx_word' id='word_1_228' title='bbox 662 2799 784 2857; x_wconf 87' lang='lat' dir='ltr'><strong>dam</strong></span> <span class='ocrx_word' id='word_1_229' title='bbox 816 2801 1007 2867; x_wconf 83' lang='lat' dir='ltr'><strong>habet,</strong></span> <span class='ocrx_word' id='word_1_230' title='bbox 1048 2821 1368 2876; x_wconf 89' lang='lat' dir='ltr'><strong>quamquam</strong></span> <span class='ocrx_word' id='word_1_231' title='bbox 1400 2808 1501 2863; x_wconf 91' lang='lat' dir='ltr'><strong>alia</strong></span> <span class='ocrx_word' id='word_1_232' title='bbox 1534 2820 1681 2866; x_wconf 81' lang='lat' dir='ltr'><strong>veste</strong></span> <span class='ocrx_word' id='word_1_233' title='bbox 1712 2812 1925 2867; x_wconf 91' lang='lat' dir='ltr'><strong>indutas</strong></span> <span class='ocrx_word' id='word_1_234' title='bbox 1963 2831 1976 2875; x_wconf 86' lang='lat'><strong>;</strong></span> <span class='ocrx_word' id='word_1_235' title='bbox 2009 2823 2064 2867; x_wconf 90' lang='lat' dir='ltr'><strong>at</strong></span> <span class='ocrx_word' id='word_1_236' title='bbox 2110 2816 2161 2869; x_wconf 94' lang='lat' dir='ltr'><strong>in</strong></span> <span class='ocrx_word' id='word_1_237' title='bbox 2193 2816 2256 2871; x_wconf 92' lang='lat' dir='ltr'><strong>iis</strong></span> 
     </span>
    </p>
   </div>
   <div class='ocr_carea' id='block_1_31' title="bbox 663 2895 2256 2974">
    <p class='ocr_par' dir='ltr' id='par_1_31' title="bbox 663 2895 2256 2974">
     <span class='ocr_line' id='line_1_31' title="bbox 663 2895 2256 2974; baseline 0.011 -28"><span class='ocrx_word' id='word_1_238' title='bbox 663 2906 769 2947; x_wconf 90' lang='lat' dir='ltr'><strong>non</strong></span> <span class='ocrx_word' id='word_1_239' title='bbox 815 2895 1004 2950; x_wconf 83' lang='lat' dir='ltr'><strong>minori</strong></span> <span class='ocrx_word' id='word_1_240' title='bbox 1037 2906 1149 2951; x_wconf 89' lang='lat' dir='ltr'><strong>arte</strong></span> <span class='ocrx_word' id='word_1_241' title='bbox 1174 2941 1186 2964; x_wconf 92' lang='lat'><strong>,</strong></span> <span class='ocrx_word' id='word_1_242' title='bbox 1224 2914 1323 2954; x_wconf 89' lang='lat' dir='ltr'><strong>nec</strong></span> <span class='ocrx_word' id='word_1_243' title='bbox 1360 2902 1536 2957; x_wconf 92' lang='lat' dir='ltr'><strong>minus</strong></span> <span class='ocrx_word' id='word_1_244' title='bbox 1576 2905 1723 2959; x_wconf 91' lang='lat' dir='ltr'><strong>molli</strong></span> <span class='ocrx_word' id='word_1_245' title='bbox 1763 2906 1986 2960; x_wconf 89' lang='lat' dir='ltr'><strong>articulo</strong></span> <span class='ocrx_word' id='word_1_246' title='bbox 2014 2949 2030 2974; x_wconf 94' lang='lat'><strong>,</strong></span> <span class='ocrx_word' id='word_1_247' title='bbox 2065 2916 2256 2964; x_wconf 88' lang='lat' dir='ltr'><strong>tractat</strong></span> 
     </span>
    </p>
   </div>
   <div class='ocr_carea' id='block_1_32' title="bbox 664 2985 2257 3071">
    <p class='ocr_par' dir='ltr' id='par_1_32' title="bbox 664 2985 2257 3071">
     <span class='ocr_line' id='line_1_32' title="bbox 664 2985 2257 3071; baseline 0.009 -29"><span class='ocrx_word' id='word_1_248' title='bbox 664 2985 962 3056; x_wconf 80' lang='lat' dir='ltr'><strong>Eugenium</strong></span> <span class='ocrx_word' id='word_1_249' title='bbox 987 3032 999 3053; x_wconf 90' lang='lat'><strong>,</strong></span> <span class='ocrx_word' id='word_1_250' title='bbox 1034 3006 1191 3060; x_wconf 90' lang='lat' dir='ltr'><strong>quam</strong></span> <span class='ocrx_word' id='word_1_251' title='bbox 1234 2992 1440 3050; x_wconf 84' lang='lat' dir='ltr'><strong>Marcus</strong></span> <span class='ocrx_word' id='word_1_252' title='bbox 1485 2995 1739 3065; x_wconf 89' lang='lat' dir='ltr'><strong>fratrem,</strong></span> <span class='ocrx_word' id='word_1_253' title='bbox 1770 2998 1991 3055; x_wconf 87' lang='lat' dir='ltr'><strong>hortans</strong></span> <span class='ocrx_word' id='word_1_254' title='bbox 2022 3017 2117 3071; x_wconf 88' lang='lat' dir='ltr'><strong>per</strong></span> <span class='ocrx_word' id='word_1_255' title='bbox 2144 3001 2257 3056; x_wconf 82' lang='lat' dir='ltr'><strong>lau-</strong></span> 
     </span>
    </p>
   </div>
   <div class='ocr_carea' id='block_1_33' title="bbox 664 3077 2252 3161">
    <p class='ocr_par' dir='ltr' id='par_1_33' title="bbox 664 3077 2252 3161">
     <span class='ocr_line' id='line_1_33' title="bbox 664 3077 2252 3161; baseline 0.01 -28"><span class='ocrx_word' id='word_1_256' title='bbox 664 3077 785 3134; x_wconf 87' lang='lat' dir='ltr'><strong>dem</strong></span> <span class='ocrx_word' id='word_1_257' title='bbox 818 3122 833 3146; x_wconf 93' lang='lat'><strong>,</strong></span> <span class='ocrx_word' id='word_1_258' title='bbox 880 3090 935 3135; x_wconf 86' lang='lat' dir='ltr'><strong>et</strong></span> <span class='ocrx_word' id='word_1_259' title='bbox 963 3082 1033 3137; x_wconf 82' lang='lat' dir='ltr'><strong>ita</strong></span> <span class='ocrx_word' id='word_1_260' title='bbox 1081 3086 1435 3154; x_wconf 74' lang='lat' dir='ltr'><strong>prmscrihens</strong></span> <span class='ocrx_word' id='word_1_261' title='bbox 1475 3088 1609 3144; x_wconf 88' lang='lat' dir='ltr'><strong>bene</strong></span> <span class='ocrx_word' id='word_1_262' title='bbox 1650 3092 1868 3161; x_wconf 78' lang='lat' dir='ltr'><strong>gerendi</strong></span> <span class='ocrx_word' id='word_1_263' title='bbox 1901 3093 2252 3149; x_wconf 87' lang='lat' dir='ltr'><strong>Pontiﬁcatus</strong></span> 
     </span>
    </p>
   </div>
   <div class='ocr_carea' id='block_1_34' title="bbox 2363 477 3951 552">
    <p class='ocr_par' dir='ltr' id='par_1_34' title="bbox 2363 477 3951 552">
     <span class='ocr_line' id='line_1_34' title="bbox 2363 477 3951 552; baseline 0.009 -23"><span class='ocrx_word' id='word_1_264' title='bbox 2363 477 2451 546; x_wconf 90' lang='lat' dir='ltr'><strong>qui</strong></span> <span class='ocrx_word' id='word_1_265' title='bbox 2501 478 2785 531; x_wconf 80' lang='lat' dir='ltr'><strong>maximam</strong></span> <span class='ocrx_word' id='word_1_266' title='bbox 2830 478 3059 535; x_wconf 88' lang='lat' dir='ltr'><strong>habeant</strong></span> <span class='ocrx_word' id='word_1_267' title='bbox 3107 481 3540 552; x_wconf 89' lang='lat' dir='ltr'><strong>c0njunctiunem</strong></span> <span class='ocrx_word' id='word_1_268' title='bbox 3579 498 3699 538; x_wconf 92' lang='lat' dir='ltr'><strong>cum</strong></span> <span class='ocrx_word' id='word_1_269' title='bbox 3748 487 3951 543; x_wconf 74' lang='lat' dir='ltr'><strong>cmtcris</strong></span> 
     </span>
    </p>
   </div>
   <div class='ocr_carea' id='block_1_35' title="bbox 2362 569 3947 649">
    <p class='ocr_par' dir='ltr' id='par_1_35' title="bbox 2362 569 3947 649">
     <span class='ocr_line' id='line_1_35' title="bbox 2362 569 3947 649; baseline 0.009 -26"><span class='ocrx_word' id='word_1_270' title='bbox 2362 569 2515 623; x_wconf 86' lang='lat' dir='ltr'><strong>istius</strong></span> <span class='ocrx_word' id='word_1_271' title='bbox 2552 575 2725 627; x_wconf 75' lang='lat' dir='ltr'><strong>:rtatis</strong></span> <span class='ocrx_word' id='word_1_272' title='bbox 2766 573 2985 635; x_wconf 87' lang='lat' dir='ltr'><strong>studiis,</strong></span> <span class='ocrx_word' id='word_1_273' title='bbox 3020 576 3104 630; x_wconf 90' lang='lat' dir='ltr'><strong>vel</strong></span> <span class='ocrx_word' id='word_1_274' title='bbox 3144 577 3336 641; x_wconf 86' lang='lat' dir='ltr'><strong>rebus,</strong></span> <span class='ocrx_word' id='word_1_275' title='bbox 3368 578 3452 631; x_wconf 88' lang='lat' dir='ltr'><strong>vel</strong></span> <span class='ocrx_word' id='word_1_276' title='bbox 3482 593 3680 649; x_wconf 85' lang='lat' dir='ltr'><strong>genere</strong></span> <span class='ocrx_word' id='word_1_277' title='bbox 3720 579 3947 637; x_wconf 80' lang='lat' dir='ltr'><strong>dicendi.</strong></span> 
     </span>
    </p>
   </div>
   <div class='ocr_carea' id='block_1_36' title="bbox 2364 662 3953 742">
    <p class='ocr_par' dir='ltr' id='par_1_36' title="bbox 2364 662 3953 742">
     <span class='ocr_line' id='line_1_36' title="bbox 2364 662 3953 742; baseline 0.008 -26"><span class='ocrx_word' id='word_1_278' title='bbox 2364 662 2599 717; x_wconf 83' lang='lat' dir='ltr'><strong>Dubitari</strong></span> <span class='ocrx_word' id='word_1_279' title='bbox 2642 674 2820 719; x_wconf 86' lang='lat' dir='ltr'><strong>autem</strong></span> <span class='ocrx_word' id='word_1_280' title='bbox 2866 684 2971 721; x_wconf 92' lang='lat' dir='ltr'><strong>non</strong></span> <span class='ocrx_word' id='word_1_281' title='bbox 3018 676 3223 737; x_wconf 86' lang='lat' dir='ltr'><strong>potest,</strong></span> <span class='ocrx_word' id='word_1_282' title='bbox 3267 669 3393 739; x_wconf 92' lang='lat' dir='ltr'><strong>quin</strong></span> <span class='ocrx_word' id='word_1_283' title='bbox 3440 669 3557 738; x_wconf 89' lang='lat' dir='ltr'><strong>ejus</strong></span> <span class='ocrx_word' id='word_1_284' title='bbox 3601 672 3814 742; x_wconf 81' lang='lat' dir='ltr'><strong>generis</strong></span> <span class='ocrx_word' id='word_1_285' title='bbox 3854 677 3953 731; x_wconf 90' lang='lat' dir='ltr'><strong>sint</strong></span> 
     </span>
    </p>
   </div>
   <div class='ocr_carea' id='block_1_37' title="bbox 2360 757 3952 831">
    <p class='ocr_par' dir='ltr' id='par_1_37' title="bbox 2360 757 3952 831">
     <span class='ocr_line' id='line_1_37' title="bbox 2360 757 3952 831; baseline 0.009 -22"><span class='ocrx_word' id='word_1_286' title='bbox 2360 757 2591 811; x_wconf 83' lang='lat' dir='ltr'><strong>maxime</strong></span> <span class='ocrx_word' id='word_1_287' title='bbox 2632 758 2750 813; x_wconf 90' lang='lat' dir='ltr'><strong>libri</strong></span> <span class='ocrx_word' id='word_1_288' title='bbox 2784 759 2854 825; x_wconf 91' lang='lat' dir='ltr'><strong>ii,</strong></span> <span class='ocrx_word' id='word_1_289' title='bbox 2887 760 2977 831; x_wconf 91' lang='lat' dir='ltr'><strong>qui</strong></span> <span class='ocrx_word' id='word_1_290' title='bbox 3012 760 3289 831; x_wconf 80' lang='lat' dir='ltr'><strong>religionis</strong></span> <span class='ocrx_word' id='word_1_291' title='bbox 3320 761 3642 817; x_wconf 73' lang='lat' dir='ltr'><strong>Christiana:</strong></span> <span class='ocrx_word' id='word_1_292' title='bbox 3677 766 3952 824; x_wconf 89' lang='lat' dir='ltr'><strong>veritatem</strong></span> 
     </span>
    </p>
   </div>
   <div class='ocr_carea' id='block_1_38' title="bbox 2359 847 3952 927">
    <p class='ocr_par' dir='ltr' id='par_1_38' title="bbox 2359 847 3952 927">
     <span class='ocr_line' id='line_1_38' title="bbox 2359 847 3952 927; baseline 0.006 -24"><span class='ocrx_word' id='word_1_293' title='bbox 2359 847 2778 917; x_wconf 83' lang='lat' dir='ltr'><strong>demonstrant,</strong></span> <span class='ocrx_word' id='word_1_294' title='bbox 2826 860 2879 905; x_wconf 90' lang='lat' dir='ltr'><strong>et</strong></span> <span class='ocrx_word' id='word_1_295' title='bbox 2927 851 3368 921; x_wconf 86' lang='lat' dir='ltr'><strong>superstitionem</strong></span> <span class='ocrx_word' id='word_1_296' title='bbox 3422 856 3733 924; x_wconf 87' lang='lat' dir='ltr'><strong>paganicatn</strong></span> <span class='ocrx_word' id='word_1_297' title='bbox 3785 872 3952 927; x_wconf 80' lang='lat' dir='ltr'><strong>oppu-</strong></span> 
     </span>
    </p>
   </div>
   <div class='ocr_carea' id='block_1_39' title="bbox 2360 941 3954 1017">
    <p class='ocr_par' dir='ltr' id='par_1_39' title="bbox 2360 941 3954 1017">
     <span class='ocr_line' id='line_1_39' title="bbox 2360 941 3954 1017; baseline 0.007 -21"><span class='ocrx_word' id='word_1_298' title='bbox 2360 952 2541 1013; x_wconf 87' lang='lat' dir='ltr'><strong>gnant.</strong></span> <span class='ocrx_word' id='word_1_299' title='bbox 2572 941 2703 996; x_wconf 88' lang='lat' dir='ltr'><strong>Nam</strong></span> <span class='ocrx_word' id='word_1_300' title='bbox 2734 960 2936 1009; x_wconf 89' lang='lat' dir='ltr'><strong>rerum,</strong></span> <span class='ocrx_word' id='word_1_301' title='bbox 2968 946 3221 1013; x_wconf 89' lang='lat' dir='ltr'><strong>primum,</strong></span> <span class='ocrx_word' id='word_1_302' title='bbox 3257 960 3446 1016; x_wconf 86' lang='lat' dir='ltr'><strong>magna</strong></span> <span class='ocrx_word' id='word_1_303' title='bbox 3472 961 3595 1017; x_wconf 91' lang='lat' dir='ltr'><strong>pars</strong></span> <span class='ocrx_word' id='word_1_304' title='bbox 3621 949 3703 1003; x_wconf 92' lang='lat' dir='ltr'><strong>vel</strong></span> <span class='ocrx_word' id='word_1_305' title='bbox 3728 958 3851 1004; x_wconf 90' lang='lat' dir='ltr'><strong>nota</strong></span> <span class='ocrx_word' id='word_1_306' title='bbox 3878 961 3954 1007; x_wconf 88' lang='lat' dir='ltr'><strong>est</strong></span> 
     </span>
    </p>
   </div>
   <div class='ocr_carea' id='block_1_40' title="bbox 2359 1036 3953 1112">
    <p class='ocr_par' dir='ltr' id='par_1_40' title="bbox 2359 1036 3953 1112">
     <span class='ocr_line' id='line_1_40' title="bbox 2359 1036 3953 1112; baseline 0.005 -23"><span class='ocrx_word' id='word_1_307' title='bbox 2359 1036 2407 1089; x_wconf 91' lang='lat' dir='ltr'><strong>ei</strong></span> <span class='ocrx_word' id='word_1_308' title='bbox 2437 1037 2577 1091; x_wconf 82' lang='lat' dir='ltr'><strong>:etati</strong></span> <span class='ocrx_word' id='word_1_309' title='bbox 2607 1052 2637 1091; x_wconf 94' lang='lat' dir='ltr'><strong>e</strong></span> <span class='ocrx_word' id='word_1_310' title='bbox 2666 1038 2944 1107; x_wconf 76' lang='lat' dir='ltr'><strong>gentilium</strong></span> <span class='ocrx_word' id='word_1_311' title='bbox 2976 1041 3297 1109; x_wconf 90' lang='lat' dir='ltr'><strong>scriptorum</strong></span> <span class='ocrx_word' id='word_1_312' title='bbox 3326 1079 3340 1104; x_wconf 92' lang='lat'><strong>,</strong></span> <span class='ocrx_word' id='word_1_313' title='bbox 3377 1050 3651 1110; x_wconf 89' lang='lat' dir='ltr'><strong>poetarum</strong></span> <span class='ocrx_word' id='word_1_314' title='bbox 3682 1044 3914 1097; x_wconf 78' lang='lat' dir='ltr'><strong>maxime</strong></span> <span class='ocrx_word' id='word_1_315' title='bbox 3939 1088 3953 1112; x_wconf 88' lang='lat'><strong>,</strong></span> 
     </span>
    </p>
   </div>
   <div class='ocr_carea' id='block_1_41' title="bbox 2360 1128 3953 1205">
    <p class='ocr_par' dir='ltr' id='par_1_41' title="bbox 2360 1128 3953 1205">
     <span class='ocr_line' id='line_1_41' title="bbox 2360 1128 3953 1205; baseline 0.006 -22"><span class='ocrx_word' id='word_1_316' title='bbox 2360 1128 2591 1185; x_wconf 87' lang='lat' dir='ltr'><strong>lectione</strong></span> <span class='ocrx_word' id='word_1_317' title='bbox 2616 1172 2629 1193; x_wconf 92' lang='lat'><strong>,</strong></span> <span class='ocrx_word' id='word_1_318' title='bbox 2672 1132 2813 1201; x_wconf 91' lang='lat' dir='ltr'><strong>quod</strong></span> <span class='ocrx_word' id='word_1_319' title='bbox 2845 1130 3009 1188; x_wconf 89' lang='lat' dir='ltr'><strong>efﬁcit</strong></span> <span class='ocrx_word' id='word_1_320' title='bbox 3037 1132 3441 1205; x_wconf 82' lang='lat' dir='ltr'><strong>intelligentiam</strong></span> <span class='ocrx_word' id='word_1_321' title='bbox 3482 1148 3668 1189; x_wconf 91' lang='lat' dir='ltr'><strong>eorum</strong></span> <span class='ocrx_word' id='word_1_322' title='bbox 3702 1136 3953 1193; x_wconf 90' lang='lat' dir='ltr'><strong>librorum</strong></span> 
     </span>
    </p>
   </div>
   <div class='ocr_carea' id='block_1_42' title="bbox 2361 1220 3951 1292">
    <p class='ocr_par' dir='ltr' id='par_1_42' title="bbox 2361 1220 3951 1292">
     <span class='ocr_line' id='line_1_42' title="bbox 2361 1220 3951 1292; baseline 0.006 -17"><span class='ocrx_word' id='word_1_323' title='bbox 2361 1220 2685 1287; x_wconf 88' lang='lat' dir='ltr'><strong>faciliorem,</strong></span> <span class='ocrx_word' id='word_1_324' title='bbox 2722 1222 2808 1277; x_wconf 89' lang='lat' dir='ltr'><strong>vel</strong></span> <span class='ocrx_word' id='word_1_325' title='bbox 2835 1223 3005 1279; x_wconf 93' lang='lat' dir='ltr'><strong>lucem</strong></span> <span class='ocrx_word' id='word_1_326' title='bbox 3034 1225 3273 1281; x_wconf 88' lang='lat' dir='ltr'><strong>vicissim</strong></span> <span class='ocrx_word' id='word_1_327' title='bbox 3301 1224 3528 1280; x_wconf 78' lang='lat' dir='ltr'><strong>aﬁ&#39;undit</strong></span> <span class='ocrx_word' id='word_1_328' title='bbox 3562 1226 3665 1281; x_wconf 86' lang='lat' dir='ltr'><strong>illis</strong></span> <span class='ocrx_word' id='word_1_329' title='bbox 3697 1227 3870 1292; x_wconf 91' lang='lat' dir='ltr'><strong>libris,</strong></span> <span class='ocrx_word' id='word_1_330' title='bbox 3905 1231 3951 1286; x_wconf 92' lang='lat' dir='ltr'><strong>in</strong></span> 
     </span>
    </p>
   </div>
   <div class='ocr_carea' id='block_1_43' title="bbox 2362 1316 3954 1386">
    <p class='ocr_par' dir='ltr' id='par_1_43' title="bbox 2362 1316 3954 1386">
     <span class='ocr_line' id='line_1_43' title="bbox 2362 1316 3954 1386; baseline 0.009 -20"><span class='ocrx_word' id='word_1_331' title='bbox 2362 1316 2556 1385; x_wconf 91' lang='lat' dir='ltr'><strong>quibus</strong></span> <span class='ocrx_word' id='word_1_332' title='bbox 2596 1318 2984 1386; x_wconf 87' lang='lat' dir='ltr'><strong>cognoscendis</strong></span> <span class='ocrx_word' id='word_1_333' title='bbox 3016 1326 3123 1371; x_wconf 93' lang='lat' dir='ltr'><strong>tum</strong></span> <span class='ocrx_word' id='word_1_334' title='bbox 3166 1317 3397 1373; x_wconf 84' lang='lat' dir='ltr'><strong>maxime</strong></span> <span class='ocrx_word' id='word_1_335' title='bbox 3422 1320 3625 1374; x_wconf 90' lang='lat' dir='ltr'><strong>versari</strong></span> <span class='ocrx_word' id='word_1_336' title='bbox 3652 1320 3832 1377; x_wconf 90' lang='lat' dir='ltr'><strong>debet.</strong></span> <span class='ocrx_word' id='word_1_337' title='bbox 3868 1322 3954 1380; x_wconf 81' lang='lat' dir='ltr'><strong>Est</strong></span> 
     </span>
    </p>
   </div>
   <div class='ocr_carea' id='block_1_44' title="bbox 2360 1408 3953 1483">
    <p class='ocr_par' dir='ltr' id='par_1_44' title="bbox 2360 1408 3953 1483">
     <span class='ocr_line' id='line_1_44' title="bbox 2360 1408 3953 1483; baseline 0.006 -21"><span class='ocrx_word' id='word_1_338' title='bbox 2360 1408 2520 1462; x_wconf 88' lang='lat' dir='ltr'><strong>etiam</strong></span> <span class='ocrx_word' id='word_1_339' title='bbox 2563 1416 2721 1462; x_wconf 76' lang='lat' dir='ltr'><strong>tntate</strong></span> <span class='ocrx_word' id='word_1_340' title='bbox 2763 1409 2874 1478; x_wconf 87' lang='lat' dir='ltr'><strong>ipsa</strong></span> <span class='ocrx_word' id='word_1_341' title='bbox 2914 1408 3156 1465; x_wconf 89' lang='lat' dir='ltr'><strong>classicis</strong></span> <span class='ocrx_word' id='word_1_342' title='bbox 3195 1412 3546 1482; x_wconf 89' lang='lat' dir='ltr'><strong>scriptoribus</strong></span> <span class='ocrx_word' id='word_1_343' title='bbox 3584 1412 3953 1483; x_wconf 58' lang='lat' dir='ltr'><strong>conjunctissio</strong></span> 
     </span>
    </p>
   </div>
   <div class='ocr_carea' id='block_1_45' title="bbox 2360 1499 3954 1573">
    <p class='ocr_par' dir='ltr' id='par_1_45' title="bbox 2360 1499 3954 1573">
     <span class='ocr_line' id='line_1_45' title="bbox 2360 1499 3954 1573; baseline 0.006 -20"><span class='ocrx_word' id='word_1_344' title='bbox 2360 1515 2505 1554; x_wconf 76' lang='lat' dir='ltr'><strong>nium</strong></span> <span class='ocrx_word' id='word_1_345' title='bbox 2552 1499 2652 1554; x_wconf 91' lang='lat' dir='ltr'><strong>hoc</strong></span> <span class='ocrx_word' id='word_1_346' title='bbox 2690 1514 2892 1571; x_wconf 88' lang='lat' dir='ltr'><strong>genus,</strong></span> <span class='ocrx_word' id='word_1_347' title='bbox 2936 1517 3056 1555; x_wconf 92' lang='lat' dir='ltr'><strong>cum</strong></span> <span class='ocrx_word' id='word_1_348' title='bbox 3098 1503 3328 1557; x_wconf 83' lang='lat' dir='ltr'><strong>maxima</strong></span> <span class='ocrx_word' id='word_1_349' title='bbox 3370 1517 3494 1573; x_wconf 87' lang='lat' dir='ltr'><strong>pars</strong></span> <span class='ocrx_word' id='word_1_350' title='bbox 3533 1518 3600 1558; x_wconf 84' lang='lat' dir='ltr'><strong>ex</strong></span> <span class='ocrx_word' id='word_1_351' title='bbox 3632 1519 3699 1561; x_wconf 93' lang='lat' dir='ltr'><strong>eo</strong></span> <span class='ocrx_word' id='word_1_352' title='bbox 3728 1506 3801 1561; x_wconf 91' lang='lat' dir='ltr'><strong>sit</strong></span> <span class='ocrx_word' id='word_1_353' title='bbox 3829 1514 3954 1563; x_wconf 89' lang='lat' dir='ltr'><strong>tem-</strong></span> 
     </span>
    </p>
   </div>
   <div class='ocr_carea' id='block_1_46' title="bbox 2363 1594 3954 1667">
    <p class='ocr_par' dir='ltr' id='par_1_46' title="bbox 2363 1594 3954 1667">
     <span class='ocr_line' id='line_1_46' title="bbox 2363 1594 3954 1667; baseline 0.006 -22"><span class='ocrx_word' id='word_1_354' title='bbox 2363 1608 2514 1662; x_wconf 88' lang='lat' dir='ltr'><strong>pore,</strong></span> <span class='ocrx_word' id='word_1_355' title='bbox 2548 1609 2654 1665; x_wconf 92' lang='lat' dir='ltr'><strong>quo</strong></span> <span class='ocrx_word' id='word_1_356' title='bbox 2685 1594 2999 1664; x_wconf 90' lang='lat' dir='ltr'><strong>superstitio</strong></span> <span class='ocrx_word' id='word_1_357' title='bbox 3030 1594 3243 1666; x_wconf 90' lang='lat' dir='ltr'><strong>gentilis</strong></span> <span class='ocrx_word' id='word_1_358' title='bbox 3270 1595 3665 1652; x_wconf 89' lang='lat' dir='ltr'><strong>dominabatur.</strong></span> <span class='ocrx_word' id='word_1_359' title='bbox 3698 1597 3804 1667; x_wconf 85' lang='lat' dir='ltr'><strong>Ipsi</strong></span> <span class='ocrx_word' id='word_1_360' title='bbox 3834 1615 3954 1655; x_wconf 86' lang='lat' dir='ltr'><strong>vero</strong></span> 
     </span>
    </p>
   </div>
   <div class='ocr_carea' id='block_1_47' title="bbox 2361 1686 3954 1758">
    <p class='ocr_par' dir='ltr' id='par_1_47' title="bbox 2361 1686 3954 1758">
     <span class='ocr_line' id='line_1_47' title="bbox 2361 1686 3954 1758; baseline 0.006 -20"><span class='ocrx_word' id='word_1_361' title='bbox 2361 1696 2610 1740; x_wconf 89' lang='lat' dir='ltr'><strong>auctores</strong></span> <span class='ocrx_word' id='word_1_362' title='bbox 2636 1702 2821 1740; x_wconf 91' lang='lat' dir='ltr'><strong>eorum</strong></span> <span class='ocrx_word' id='word_1_363' title='bbox 2850 1686 3132 1752; x_wconf 90' lang='lat' dir='ltr'><strong>librorum,</strong></span> <span class='ocrx_word' id='word_1_364' title='bbox 3163 1689 3326 1742; x_wconf 89' lang='lat' dir='ltr'><strong>etiam</strong></span> <span class='ocrx_word' id='word_1_365' title='bbox 3357 1689 3446 1758; x_wconf 91' lang='lat' dir='ltr'><strong>qui</strong></span> <span class='ocrx_word' id='word_1_366' title='bbox 3474 1690 3646 1744; x_wconf 87' lang='lat' dir='ltr'><strong>serius</strong></span> <span class='ocrx_word' id='word_1_367' title='bbox 3674 1691 3878 1755; x_wconf 84' lang='lat' dir='ltr'><strong>vixere,</strong></span> <span class='ocrx_word' id='word_1_368' title='bbox 3901 1702 3954 1747; x_wconf 91' lang='lat' dir='ltr'><strong>ut</strong></span> 
     </span>
    </p>
   </div>
   <div class='ocr_carea' id='block_1_48' title="bbox 2288 1778 3955 1855">
    <p class='ocr_par' dir='ltr' id='par_1_48' title="bbox 2288 1778 3955 1855">
     <span class='ocr_line' id='line_1_48' title="bbox 2288 1778 3955 1855; baseline 0.004 -22"><span class='ocrx_word' id='word_1_369' title='bbox 2288 1778 2336 1842; x_wconf 91' lang='lat' dir='ltr'><strong>B</strong></span> <span class='ocrx_word' id='word_1_370' title='bbox 2369 1779 2715 1847; x_wconf 81' lang='lat' dir='ltr'><strong>Augustinus,</strong></span> <span class='ocrx_word' id='word_1_371' title='bbox 2750 1778 2995 1845; x_wconf 84' lang='lat' dir='ltr'><strong>Orosius,</strong></span> <span class='ocrx_word' id='word_1_372' title='bbox 3026 1789 3079 1835; x_wconf 90' lang='lat' dir='ltr'><strong>et</strong></span> <span class='ocrx_word' id='word_1_373' title='bbox 3104 1780 3213 1843; x_wconf 86' lang='lat' dir='ltr'><strong>alii,</strong></span> <span class='ocrx_word' id='word_1_374' title='bbox 3258 1781 3339 1835; x_wconf 91' lang='lat' dir='ltr'><strong>vel</strong></span> <span class='ocrx_word' id='word_1_375' title='bbox 3370 1783 3610 1852; x_wconf 88' lang='lat' dir='ltr'><strong>magistri</strong></span> <span class='ocrx_word' id='word_1_376' title='bbox 3639 1784 3955 1855; x_wconf 71' lang='lat' dir='ltr'><strong>eloquentia:</strong></span> 
     </span>
    </p>
   </div>
   <div class='ocr_carea' id='block_1_49' title="bbox 2362 1870 3953 1946">
    <p class='ocr_par' dir='ltr' id='par_1_49' title="bbox 2362 1870 3953 1946">
     <span class='ocr_line' id='line_1_49' title="bbox 2362 1870 3953 1946; baseline 0.005 -21"><span class='ocrx_word' id='word_1_377' title='bbox 2362 1870 2534 1936; x_wconf 88' lang='lat' dir='ltr'><strong>fuere,</strong></span> <span class='ocrx_word' id='word_1_378' title='bbox 2562 1870 2702 1941; x_wconf 91' lang='lat' dir='ltr'><strong>quod</strong></span> <span class='ocrx_word' id='word_1_379' title='bbox 2732 1870 2798 1926; x_wconf 90' lang='lat' dir='ltr'><strong>de</strong></span> <span class='ocrx_word' id='word_1_380' title='bbox 2826 1872 3091 1943; x_wconf 86' lang='lat' dir='ltr'><strong>plerisque</strong></span> <span class='ocrx_word' id='word_1_381' title='bbox 3117 1872 3364 1929; x_wconf 91' lang='lat' dir='ltr'><strong>traditum</strong></span> <span class='ocrx_word' id='word_1_382' title='bbox 3388 1885 3488 1940; x_wconf 88' lang='lat' dir='ltr'><strong>est,</strong></span> <span class='ocrx_word' id='word_1_383' title='bbox 3526 1876 3609 1930; x_wconf 86' lang='lat' dir='ltr'><strong>vel</strong></span> <span class='ocrx_word' id='word_1_384' title='bbox 3637 1876 3755 1946; x_wconf 91' lang='lat' dir='ltr'><strong>ejus</strong></span> <span class='ocrx_word' id='word_1_385' title='bbox 3778 1887 3832 1933; x_wconf 94' lang='lat' dir='ltr'><strong>et</strong></span> <span class='ocrx_word' id='word_1_386' title='bbox 3856 1879 3953 1933; x_wconf 83' lang='lat' dir='ltr'><strong>hu-</strong></span> 
     </span>
    </p>
   </div>
   <div class='ocr_carea' id='block_1_50' title="bbox 2360 1962 3953 2040">
    <p class='ocr_par' dir='ltr' id='par_1_50' title="bbox 2360 1962 3953 2040">
     <span class='ocr_line' id='line_1_50' title="bbox 2360 1962 3953 2040; baseline 0.007 -25"><span class='ocrx_word' id='word_1_387' title='bbox 2360 1963 2663 2016; x_wconf 86' lang='lat' dir='ltr'><strong>maniorutn</strong></span> <span class='ocrx_word' id='word_1_388' title='bbox 2694 1962 2991 2018; x_wconf 90' lang='lat' dir='ltr'><strong>litterarum</strong></span> <span class='ocrx_word' id='word_1_389' title='bbox 3020 1966 3260 2021; x_wconf 90' lang='lat' dir='ltr'><strong>omnium</strong></span> <span class='ocrx_word' id='word_1_390' title='bbox 3288 1966 3511 2022; x_wconf 89' lang='lat' dir='ltr'><strong>studiosi</strong></span> <span class='ocrx_word' id='word_1_391' title='bbox 3542 1969 3827 2040; x_wconf 90' lang='lat' dir='ltr'><strong>imprimis.</strong></span> <span class='ocrx_word' id='word_1_392' title='bbox 3855 1971 3953 2026; x_wconf 88' lang='lat' dir='ltr'><strong>lta-</strong></span> 
     </span>
    </p>
   </div>
   <div class='ocr_carea' id='block_1_51' title="bbox 2362 2053 3958 2124">
    <p class='ocr_par' dir='ltr' id='par_1_51' title="bbox 2362 2053 3958 2124">
     <span class='ocr_line' id='line_1_51' title="bbox 2362 2053 3958 2124; baseline 0.008 -19"><span class='ocrx_word' id='word_1_393' title='bbox 2362 2069 2465 2124; x_wconf 88' lang='lat' dir='ltr'><strong>que</strong></span> <span class='ocrx_word' id='word_1_394' title='bbox 2490 2053 2541 2107; x_wconf 92' lang='lat' dir='ltr'><strong>in</strong></span> <span class='ocrx_word' id='word_1_395' title='bbox 2574 2054 2636 2107; x_wconf 92' lang='lat' dir='ltr'><strong>iis</strong></span> <span class='ocrx_word' id='word_1_396' title='bbox 2675 2068 2801 2109; x_wconf 92' lang='lat' dir='ltr'><strong>cura</strong></span> <span class='ocrx_word' id='word_1_397' title='bbox 2828 2055 3076 2112; x_wconf 90' lang='lat' dir='ltr'><strong>dictionis</strong></span> <span class='ocrx_word' id='word_1_398' title='bbox 3104 2070 3155 2113; x_wconf 90' lang='lat' dir='ltr'><strong>et</strong></span> <span class='ocrx_word' id='word_1_399' title='bbox 3181 2056 3467 2113; x_wconf 81' lang='lat' dir='ltr'><strong>artificium</strong></span> <span class='ocrx_word' id='word_1_400' title='bbox 3508 2059 3717 2117; x_wconf 91' lang='lat' dir='ltr'><strong>dicendi</strong></span> <span class='ocrx_word' id='word_1_401' title='bbox 3759 2078 3822 2117; x_wconf 87' lang='lat' dir='ltr'><strong>ac</strong></span> <span class='ocrx_word' id='word_1_402' title='bbox 3848 2064 3958 2119; x_wconf 88' lang='lat' dir='ltr'><strong>dis-</strong></span> 
     </span>
    </p>
   </div>
   <div class='ocr_carea' id='block_1_52' title="bbox 2361 2145 3959 2221">
    <p class='ocr_par' dir='ltr' id='par_1_52' title="bbox 2361 2145 3959 2221">
     <span class='ocr_line' id='line_1_52' title="bbox 2361 2145 3959 2221; baseline 0.008 -22"><span class='ocrx_word' id='word_1_403' title='bbox 2361 2145 2573 2200; x_wconf 89' lang='lat' dir='ltr'><strong>serendi</strong></span> <span class='ocrx_word' id='word_1_404' title='bbox 2603 2146 2772 2217; x_wconf 88' lang='lat' dir='ltr'><strong>tnagis</strong></span> <span class='ocrx_word' id='word_1_405' title='bbox 2802 2146 2931 2215; x_wconf 90' lang='lat' dir='ltr'><strong>fere,</strong></span> <span class='ocrx_word' id='word_1_406' title='bbox 2967 2164 3125 2221; x_wconf 91' lang='lat' dir='ltr'><strong>quam</strong></span> <span class='ocrx_word' id='word_1_407' title='bbox 3158 2152 3209 2205; x_wconf 91' lang='lat' dir='ltr'><strong>in</strong></span> <span class='ocrx_word' id='word_1_408' title='bbox 3242 2151 3452 2205; x_wconf 74' lang='lat' dir='ltr'><strong>czeteris</strong></span> <span class='ocrx_word' id='word_1_409' title='bbox 3478 2164 3716 2221; x_wconf 84' lang='lat' dir='ltr'><strong>apparet.</strong></span> <span class='ocrx_word' id='word_1_410' title='bbox 3749 2153 3885 2208; x_wconf 78' lang='lat' dir='ltr'><strong>Nam</strong></span> <span class='ocrx_word' id='word_1_411' title='bbox 3915 2157 3959 2211; x_wconf 89' lang='lat' dir='ltr'><strong>si</strong></span> 
     </span>
    </p>
   </div>
   <div class='ocr_carea' id='block_1_53' title="bbox 2361 2237 3961 2313">
    <p class='ocr_par' dir='ltr' id='par_1_53' title="bbox 2361 2237 3961 2313">
     <span class='ocr_line' id='line_1_53' title="bbox 2361 2237 3961 2313; baseline 0.009 -24"><span class='ocrx_word' id='word_1_412' title='bbox 2361 2238 2449 2307; x_wconf 89' lang='lat' dir='ltr'><strong>qui</strong></span> <span class='ocrx_word' id='word_1_413' title='bbox 2484 2237 2679 2293; x_wconf 91' lang='lat' dir='ltr'><strong>habent</strong></span> <span class='ocrx_word' id='word_1_414' title='bbox 2712 2239 2908 2311; x_wconf 91' lang='lat' dir='ltr'><strong>aliquid</strong></span> <span class='ocrx_word' id='word_1_415' title='bbox 2954 2242 3276 2313; x_wconf 90' lang='lat' dir='ltr'><strong>impuritatis</strong></span> <span class='ocrx_word' id='word_1_416' title='bbox 3306 2244 3359 2298; x_wconf 91' lang='lat' dir='ltr'><strong>in</strong></span> <span class='ocrx_word' id='word_1_417' title='bbox 3403 2244 3614 2309; x_wconf 87' lang='lat' dir='ltr'><strong>verbis,</strong></span> <span class='ocrx_word' id='word_1_418' title='bbox 3658 2256 3749 2300; x_wconf 88' lang='lat' dir='ltr'><strong>aut</strong></span> <span class='ocrx_word' id='word_1_419' title='bbox 3786 2247 3839 2301; x_wconf 93' lang='lat' dir='ltr'><strong>in</strong></span> <span class='ocrx_word' id='word_1_420' title='bbox 3877 2249 3961 2303; x_wconf 81' lang='lat' dir='ltr'><strong>di-</strong></span> 
     </span>
    </p>
   </div>
   <div class='ocr_carea' id='block_1_54' title="bbox 2361 2336 3957 2410">
    <p class='ocr_par' dir='ltr' id='par_1_54' title="bbox 2361 2336 3957 2410">
     <span class='ocr_line' id='line_1_54' title="bbox 2361 2336 3957 2410; baseline 0.007 -21"><span class='ocrx_word' id='word_1_421' title='bbox 2361 2336 2515 2391; x_wconf 88' lang='lat' dir='ltr'><strong>ccudi</strong></span> <span class='ocrx_word' id='word_1_422' title='bbox 2555 2353 2755 2408; x_wconf 92' lang='lat' dir='ltr'><strong>genere</strong></span> <span class='ocrx_word' id='word_1_423' title='bbox 2783 2339 2900 2394; x_wconf 91' lang='lat' dir='ltr'><strong>duri</strong></span> <span class='ocrx_word' id='word_1_424' title='bbox 2932 2349 2987 2395; x_wconf 89' lang='lat' dir='ltr'><strong>et</strong></span> <span class='ocrx_word' id='word_1_425' title='bbox 3022 2340 3257 2408; x_wconf 89' lang='lat' dir='ltr'><strong>horridi,</strong></span> <span class='ocrx_word' id='word_1_426' title='bbox 3289 2350 3343 2394; x_wconf 92' lang='lat' dir='ltr'><strong>ut</strong></span> <span class='ocrx_word' id='word_1_427' title='bbox 3374 2342 3663 2410; x_wconf 82' lang='lat' dir='ltr'><strong>Arnobius,</strong></span> <span class='ocrx_word' id='word_1_428' title='bbox 3698 2342 3752 2397; x_wconf 90' lang='lat' dir='ltr'><strong>id</strong></span> <span class='ocrx_word' id='word_1_429' title='bbox 3789 2343 3900 2399; x_wconf 87' lang='lat' dir='ltr'><strong>fere</strong></span> <span class='ocrx_word' id='word_1_430' title='bbox 3930 2362 3957 2400; x_wconf 88' lang='lat' dir='ltr'><strong>a</strong></span> 
     </span>
    </p>
   </div>
   <div class='ocr_carea' id='block_1_55' title="bbox 2360 2428 3958 2502">
    <p class='ocr_par' dir='ltr' id='par_1_55' title="bbox 2360 2428 3958 2502">
     <span class='ocr_line' id='line_1_55' title="bbox 2360 2428 3958 2502; baseline 0.006 -20"><span class='ocrx_word' id='word_1_431' title='bbox 2360 2428 2528 2497; x_wconf 89' lang='lat' dir='ltr'><strong>patria</strong></span> <span class='ocrx_word' id='word_1_432' title='bbox 2554 2437 2787 2486; x_wconf 81' lang='lat' dir='ltr'><strong>traxere.</strong></span> <span class='ocrx_word' id='word_1_433' title='bbox 2815 2430 2869 2484; x_wconf 92' lang='lat' dir='ltr'><strong>ln</strong></span> <span class='ocrx_word' id='word_1_434' title='bbox 2892 2447 2997 2501; x_wconf 92' lang='lat' dir='ltr'><strong>quo</strong></span> <span class='ocrx_word' id='word_1_435' title='bbox 3025 2441 3196 2502; x_wconf 88' lang='lat' dir='ltr'><strong>potest</strong></span> <span class='ocrx_word' id='word_1_436' title='bbox 3225 2435 3399 2487; x_wconf 88' lang='lat' dir='ltr'><strong>caveri</strong></span> <span class='ocrx_word' id='word_1_437' title='bbox 3421 2433 3717 2501; x_wconf 87' lang='lat' dir='ltr'><strong>juventuti,</strong></span> <span class='ocrx_word' id='word_1_438' title='bbox 3745 2451 3812 2489; x_wconf 91' lang='lat' dir='ltr'><strong>ne</strong></span> <span class='ocrx_word' id='word_1_439' title='bbox 3838 2436 3958 2492; x_wconf 90' lang='lat' dir='ltr'><strong>inde</strong></span> 
     </span>
    </p>
   </div>
   <div class='ocr_carea' id='block_1_56' title="bbox 2360 2518 3958 2596">
    <p class='ocr_par' dir='ltr' id='par_1_56' title="bbox 2360 2518 3958 2596">
     <span class='ocr_line' id='line_1_56' title="bbox 2360 2518 3958 2596; baseline 0.006 -23"><span class='ocrx_word' id='word_1_440' title='bbox 2360 2518 2561 2590; x_wconf 87' lang='lat' dir='ltr'><strong>aliquid</strong></span> <span class='ocrx_word' id='word_1_441' title='bbox 2592 2522 2785 2585; x_wconf 88' lang='lat' dir='ltr'><strong>trahat,</strong></span> <span class='ocrx_word' id='word_1_442' title='bbox 2817 2523 2862 2577; x_wconf 89' lang='lat' dir='ltr'><strong>si</strong></span> <span class='ocrx_word' id='word_1_443' title='bbox 2896 2523 3269 2579; x_wconf 79' lang='lat' dir='ltr'><strong>indiil&#39;cranlur</strong></span> <span class='ocrx_word' id='word_1_444' title='bbox 3294 2526 3358 2579; x_wconf 88' lang='lat' dir='ltr'><strong>ad</strong></span> <span class='ocrx_word' id='word_1_445' title='bbox 3390 2525 3439 2579; x_wconf 91' lang='lat' dir='ltr'><strong>id</strong></span> <span class='ocrx_word' id='word_1_446' title='bbox 3470 2536 3682 2596; x_wconf 86' lang='lat' dir='ltr'><strong>tempus</strong></span> <span class='ocrx_word' id='word_1_447' title='bbox 3705 2568 3721 2595; x_wconf 95' lang='lat'><strong>,</strong></span> <span class='ocrx_word' id='word_1_448' title='bbox 3754 2542 3878 2582; x_wconf 89' lang='lat' dir='ltr'><strong>cum</strong></span> <span class='ocrx_word' id='word_1_449' title='bbox 3910 2529 3958 2583; x_wconf 89' lang='lat' dir='ltr'><strong>in</strong></span> 
     </span>
    </p>
   </div>
   <div class='ocr_carea' id='block_1_57' title="bbox 2361 2611 3963 2692">
    <p class='ocr_par' dir='ltr' id='par_1_57' title="bbox 2361 2611 3963 2692">
     <span class='ocr_line' id='line_1_57' title="bbox 2361 2611 3963 2692; baseline 0.008 -26"><span class='ocrx_word' id='word_1_450' title='bbox 2361 2611 2499 2668; x_wconf 90' lang='lat' dir='ltr'><strong>bene</strong></span> <span class='ocrx_word' id='word_1_451' title='bbox 2528 2616 2795 2671; x_wconf 87' lang='lat' dir='ltr'><strong>scribendi</strong></span> <span class='ocrx_word' id='word_1_452' title='bbox 2828 2617 3056 2684; x_wconf 89' lang='lat' dir='ltr'><strong>ratione,</strong></span> <span class='ocrx_word' id='word_1_453' title='bbox 3085 2620 3275 2675; x_wconf 78' lang='lat' dir='ltr'><strong>Saltem</strong></span> <span class='ocrx_word' id='word_1_454' title='bbox 3301 2620 3477 2690; x_wconf 88' lang='lat' dir='ltr'><strong>quoad</strong></span> <span class='ocrx_word' id='word_1_455' title='bbox 3518 2622 3810 2692; x_wconf 87' lang='lat' dir='ltr'><strong>puritatem</strong></span> <span class='ocrx_word' id='word_1_456' title='bbox 3852 2638 3963 2679; x_wconf 86' lang='lat' dir='ltr'><strong>vcr-</strong></span> 
     </span>
    </p>
   </div>
   <div class='ocr_carea' id='block_1_58' title="bbox 2361 2706 3959 2779">
    <p class='ocr_par' dir='ltr' id='par_1_58' title="bbox 2361 2706 3959 2779">
     <span class='ocr_line' id='line_1_58' title="bbox 2361 2706 3959 2779; baseline 0.006 -20"><span class='ocrx_word' id='word_1_457' title='bbox 2361 2706 2574 2773; x_wconf 93' lang='lat' dir='ltr'><strong>borum,</strong></span> <span class='ocrx_word' id='word_1_458' title='bbox 2605 2709 2803 2779; x_wconf 89' lang='lat' dir='ltr'><strong>aliquid</strong></span> <span class='ocrx_word' id='word_1_459' title='bbox 2830 2709 3100 2767; x_wconf 89' lang='lat' dir='ltr'><strong>ﬁrmitatis</strong></span> <span class='ocrx_word' id='word_1_460' title='bbox 3127 2722 3249 2766; x_wconf 90' lang='lat' dir='ltr'><strong>sunt</strong></span> <span class='ocrx_word' id='word_1_461' title='bbox 3269 2713 3565 2767; x_wconf 87' lang='lat' dir='ltr'><strong>consecuti.</strong></span> <span class='ocrx_word' id='word_1_462' title='bbox 3594 2712 3717 2767; x_wconf 86' lang='lat' dir='ltr'><strong>Mihi</strong></span> <span class='ocrx_word' id='word_1_463' title='bbox 3747 2714 3959 2770; x_wconf 83' lang='lat' dir='ltr'><strong>initium</strong></span> 
     </span>
    </p>
   </div>
   <div class='ocr_carea' id='block_1_59' title="bbox 2360 2803 3959 2875">
    <p class='ocr_par' dir='ltr' id='par_1_59' title="bbox 2360 2803 3959 2875">
     <span class='ocr_line' id='line_1_59' title="bbox 2360 2803 3959 2875; baseline 0.004 -19"><span class='ocrx_word' id='word_1_464' title='bbox 2360 2803 2543 2857; x_wconf 88' lang='lat' dir='ltr'><strong>talium</strong></span> <span class='ocrx_word' id='word_1_465' title='bbox 2579 2804 2836 2859; x_wconf 91' lang='lat' dir='ltr'><strong>librorum</strong></span> <span class='ocrx_word' id='word_1_466' title='bbox 2873 2804 3221 2875; x_wconf 88' lang='lat' dir='ltr'><strong>legendorum</strong></span> <span class='ocrx_word' id='word_1_467' title='bbox 3255 2803 3354 2858; x_wconf 94' lang='lat' dir='ltr'><strong>fuit</strong></span> <span class='ocrx_word' id='word_1_468' title='bbox 3392 2804 3654 2860; x_wconf 79' lang='lat' dir='ltr'><strong>Minucius</strong></span> <span class='ocrx_word' id='word_1_469' title='bbox 3681 2805 3959 2875; x_wconf 77' lang='lat' dir='ltr'><strong>Octavius,</strong></span> 
     </span>
    </p>
   </div>
   <div class='ocr_carea' id='block_1_60' title="bbox 2360 2895 3959 2972">
    <p class='ocr_par' dir='ltr' id='par_1_60' title="bbox 2360 2895 3959 2972">
     <span class='ocr_line' id='line_1_60' title="bbox 2360 2895 3959 2972; baseline 0.004 -22"><span class='ocrx_word' id='word_1_470' title='bbox 2360 2895 2412 2950; x_wconf 90' lang='lat' dir='ltr'><strong>in</strong></span> <span class='ocrx_word' id='word_1_471' title='bbox 2450 2912 2607 2968; x_wconf 89' lang='lat' dir='ltr'><strong>quem</strong></span> <span class='ocrx_word' id='word_1_472' title='bbox 2652 2898 2881 2967; x_wconf 92' lang='lat' dir='ltr'><strong>primum</strong></span> <span class='ocrx_word' id='word_1_473' title='bbox 2924 2898 3084 2953; x_wconf 89' lang='lat' dir='ltr'><strong>incidi</strong></span> <span class='ocrx_word' id='word_1_474' title='bbox 3134 2898 3185 2953; x_wconf 91' lang='lat' dir='ltr'><strong>in</strong></span> <span class='ocrx_word' id='word_1_475' title='bbox 3223 2897 3403 2952; x_wconf 89' lang='lat' dir='ltr'><strong>schola</strong></span> <span class='ocrx_word' id='word_1_476' title='bbox 3445 2898 3719 2961; x_wconf 81' lang='lat' dir='ltr'><strong>Porteusi.</strong></span> <span class='ocrx_word' id='word_1_477' title='bbox 3758 2901 3821 2956; x_wconf 89' lang='lat' dir='ltr'><strong>in</strong></span> <span class='ocrx_word' id='word_1_478' title='bbox 3863 2917 3959 2972; x_wconf 89' lang='lat' dir='ltr'><strong>qua</strong></span> 
     </span>
    </p>
   </div>
   <div class='ocr_carea' id='block_1_61' title="bbox 2362 2990 3959 3062">
    <p class='ocr_par' dir='ltr' id='par_1_61' title="bbox 2362 2990 3959 3062">
     <span class='ocr_line' id='line_1_61' title="bbox 2362 2990 3959 3062; baseline 0.004 -19"><span class='ocrx_word' id='word_1_479' title='bbox 2362 2999 2470 3043; x_wconf 91' lang='lat' dir='ltr'><strong>tum</strong></span> <span class='ocrx_word' id='word_1_480' title='bbox 2505 2990 2626 3045; x_wconf 88' lang='lat' dir='ltr'><strong>huic</strong></span> <span class='ocrx_word' id='word_1_481' title='bbox 2667 2990 2882 3045; x_wconf 90' lang='lat' dir='ltr'><strong>lectioni</strong></span> <span class='ocrx_word' id='word_1_482' title='bbox 2913 2990 3110 3062; x_wconf 89' lang='lat' dir='ltr'><strong>aliquid</strong></span> <span class='ocrx_word' id='word_1_483' title='bbox 3149 2990 3518 3056; x_wconf 86' lang='lat' dir='ltr'><strong>tribuebatur,</strong></span> <span class='ocrx_word' id='word_1_484' title='bbox 3558 2991 3627 3046; x_wconf 90' lang='lat' dir='ltr'><strong>de</strong></span> <span class='ocrx_word' id='word_1_485' title='bbox 3666 2994 3959 3061; x_wconf 83' lang='lat' dir='ltr'><strong>magistro-</strong></span> 
     </span>
    </p>
   </div>
   <div class='ocr_carea' id='block_1_62' title="bbox 2361 3082 3965 3154">
    <p class='ocr_par' dir='ltr' id='par_1_62' title="bbox 2361 3082 3965 3154">
     <span class='ocr_line' id='line_1_62' title="bbox 2361 3082 3965 3154; baseline 0.004 -19"><span class='ocrx_word' id='word_1_486' title='bbox 2361 3097 2477 3135; x_wconf 88' lang='lat' dir='ltr'><strong>rum</strong></span> <span class='ocrx_word' id='word_1_487' title='bbox 2506 3082 3003 3146; x_wconf 86' lang='lat' dir='ltr'><strong>commendationc,</strong></span> <span class='ocrx_word' id='word_1_488' title='bbox 3045 3098 3143 3139; x_wconf 91' lang='lat' dir='ltr'><strong>nec</strong></span> <span class='ocrx_word' id='word_1_489' title='bbox 3182 3084 3337 3141; x_wconf 89' lang='lat' dir='ltr'><strong>facile</strong></span> <span class='ocrx_word' id='word_1_490' title='bbox 3361 3094 3471 3139; x_wconf 87' lang='lat' dir='ltr'><strong>erat</strong></span> <span class='ocrx_word' id='word_1_491' title='bbox 3512 3084 3578 3138; x_wconf 93' lang='lat' dir='ltr'><strong>de</strong></span> <span class='ocrx_word' id='word_1_492' title='bbox 3610 3086 3965 3154; x_wconf 64' lang='lat' dir='ltr'><strong>provectiori«</strong></span> 
     </span>
    </p>
   </div>
   <div class='ocr_carea' id='block_1_63' title="bbox 662 3167 2257 3259">
    <p class='ocr_par' dir='ltr' id='par_1_63' title="bbox 662 3172 2252 3259">
     <span class='ocr_line' id='line_1_63' title="bbox 662 3172 2252 3259; baseline 0.011 -34"><span class='ocrx_word' id='word_1_493' title='bbox 662 3172 922 3228; x_wconf 86' lang='lat' dir='ltr'><strong>rationem</strong></span> <span class='ocrx_word' id='word_1_494' title='bbox 953 3215 968 3239; x_wconf 91' lang='lat'><strong>,</strong></span> <span class='ocrx_word' id='word_1_495' title='bbox 1003 3184 1055 3228; x_wconf 94' lang='lat' dir='ltr'><strong>ut</strong></span> <span class='ocrx_word' id='word_1_496' title='bbox 1086 3179 1262 3233; x_wconf 90' lang='lat' dir='ltr'><strong>omnia</strong></span> <span class='ocrx_word' id='word_1_497' title='bbox 1293 3179 1609 3237; x_wconf 90' lang='lat' dir='ltr'><strong>Pontiﬁcum</strong></span> <span class='ocrx_word' id='word_1_498' title='bbox 1634 3224 1649 3250; x_wconf 92' lang='lat'><strong>,</strong></span> <span class='ocrx_word' id='word_1_499' title='bbox 1682 3186 1870 3253; x_wconf 86' lang='lat' dir='ltr'><strong>quales</strong></span> <span class='ocrx_word' id='word_1_500' title='bbox 1910 3186 2019 3241; x_wconf 90' lang='lat' dir='ltr'><strong>illis</strong></span> <span class='ocrx_word' id='word_1_501' title='bbox 2050 3198 2252 3259; x_wconf 88' lang='lat' dir='ltr'><strong>tempo-</strong></span> 
     </span>
    </p>
   </div>
   <div class='ocr_carea' id='block_1_64' title="bbox 2361 3167 3967 3259">
    <p class='ocr_par' dir='ltr' id='par_1_64' title="bbox 2362 3175 3967 3251">
     <span class='ocr_line' id='line_1_64' title="bbox 2362 3175 3967 3251; baseline 0.004 -21"><span class='ocrx_word' id='word_1_502' title='bbox 2362 3175 2497 3240; x_wconf 91' lang='lat' dir='ltr'><strong>bus,</strong></span> <span class='ocrx_word' id='word_1_503' title='bbox 2525 3178 2613 3246; x_wconf 91' lang='lat' dir='ltr'><strong>qui</strong></span> <span class='ocrx_word' id='word_1_504' title='bbox 2647 3191 2750 3231; x_wconf 93' lang='lat' dir='ltr'><strong>non</strong></span> <span class='ocrx_word' id='word_1_505' title='bbox 2795 3193 2957 3231; x_wconf 92' lang='lat' dir='ltr'><strong>unum</strong></span> <span class='ocrx_word' id='word_1_506' title='bbox 2999 3186 3053 3232; x_wconf 91' lang='lat' dir='ltr'><strong>et</strong></span> <span class='ocrx_word' id='word_1_507' title='bbox 3096 3179 3220 3233; x_wconf 85' lang='lat' dir='ltr'><strong>item</strong></span> <span class='ocrx_word' id='word_1_508' title='bbox 3262 3179 3491 3234; x_wconf 89' lang='lat' dir='ltr'><strong>alterum</strong></span> <span class='ocrx_word' id='word_1_509' title='bbox 3534 3179 3690 3234; x_wconf 88' lang='lat' dir='ltr'><strong>talem</strong></span> <span class='ocrx_word' id='word_1_510' title='bbox 3730 3180 3967 3251; x_wconf 91' lang='lat' dir='ltr'><strong>scripto-</strong></span> 
     </span>
    </p>
   </div>
   <div class='ocr_carea' id='block_1_65' title="bbox 664 3264 3960 3355">
    <p class='ocr_par' dir='ltr' id='par_1_65' title="bbox 664 3264 3960 3355">
     <span class='ocr_line' id='line_1_65' title="bbox 664 3264 3960 3355; baseline 0.005 -42"><span class='ocrx_word' id='word_1_511' title='bbox 664 3264 812 3320; x_wconf 83' lang='lat' dir='ltr'><strong>ribus</strong></span> <span class='ocrx_word' id='word_1_512' title='bbox 840 3276 1019 3333; x_wconf 69' lang='lat' dir='ltr'><strong>eram,</strong></span> <span class='ocrx_word' id='word_1_513' title='bbox 1064 3269 1287 3341; x_wconf 70' lang='lat' dir='ltr'><strong>Engenji</strong></span> <span class='ocrx_word' id='word_1_514' title='bbox 1318 3272 1483 3341; x_wconf 82' lang='lat' dir='ltr'><strong>ipsius</strong></span> <span class='ocrx_word' id='word_1_515' title='bbox 1510 3317 1523 3341; x_wconf 62' lang='lat'><strong>,</strong></span> <span class='ocrx_word' id='word_1_516' title='bbox 1552 3275 1793 3344; x_wconf 64' lang='lat' dir='ltr'><strong>aulagque</strong></span> <span class='ocrx_word' id='word_1_517' title='bbox 1832 3277 2127 3335; x_wconf 64' lang='grc' dir='ltr'><strong>Ροηιίῆοίω</strong></span> <span class='ocrx_word' id='word_1_518' title='bbox 2152 3296 2175 3346; x_wconf 57' lang='grc' dir='ltr'><em>ς</em></span> <span class='ocrx_word' id='word_1_519' title='bbox 2200 3292 2270 3355; x_wconf 29' lang='grc' dir='ltr'><strong>ει.</strong></span> <span class='ocrx_word' id='word_1_520' title='bbox 2355 3284 2490 3333; x_wconf 90' lang='lat' dir='ltr'><strong>rem,</strong></span> <span class='ocrx_word' id='word_1_521' title='bbox 2527 3278 2709 3339; x_wconf 72' lang='lat' dir='ltr'><strong>poetas</strong></span> <span class='ocrx_word' id='word_1_522' title='bbox 2738 3270 2898 3325; x_wconf 89' lang='lat' dir='ltr'><strong>etiam</strong></span> <span class='ocrx_word' id='word_1_523' title='bbox 2927 3272 3131 3341; x_wconf 90' lang='lat' dir='ltr'><strong>aliquot</strong></span> <span class='ocrx_word' id='word_1_524' title='bbox 3160 3270 3516 3337; x_wconf 82' lang='lat' dir='ltr'><strong>ChriSIianos,</strong></span> <span class='ocrx_word' id='word_1_525' title='bbox 3548 3272 3797 3337; x_wconf 90' lang='lat' dir='ltr'><strong>haberet,</strong></span> <span class='ocrx_word' id='word_1_526' title='bbox 3827 3288 3960 3343; x_wconf 87' lang='lat' dir='ltr'><strong>quos</strong></span> 
     </span>
    </p>
   </div>
   <div class='ocr_carea' id='block_1_66' title="bbox 663 3359 2255 3443">
    <p class='ocr_par' dir='ltr' id='par_1_66' title="bbox 663 3359 2255 3443">
     <span class='ocr_line' id='line_1_66' title="bbox 663 3359 2255 3443; baseline 0.013 -30"><span class='ocrx_word' id='word_1_527' title='bbox 663 3359 792 3414; x_wconf 90' lang='lat' dir='ltr'><strong>eleri</strong></span> <span class='ocrx_word' id='word_1_528' title='bbox 840 3363 1070 3418; x_wconf 87' lang='lat' dir='ltr'><strong>universi</strong></span> <span class='ocrx_word' id='word_1_529' title='bbox 1121 3368 1245 3421; x_wconf 91' lang='lat' dir='ltr'><strong>vitia</strong></span> <span class='ocrx_word' id='word_1_530' title='bbox 1308 3368 1603 3426; x_wconf 84' lang='lat' dir='ltr'><strong>clarissime</strong></span> <span class='ocrx_word' id='word_1_531' title='bbox 1667 3372 1976 3443; x_wconf 80' lang='lat' dir='ltr'><strong>describat,</strong></span> <span class='ocrx_word' id='word_1_532' title='bbox 2031 3392 2255 3433; x_wconf 91' lang='lat' dir='ltr'><strong>servans</strong></span> 
     </span>
    </p>
   </div>
   <div class='ocr_carea' id='block_1_67' title="bbox 666 3452 2252 3537">
    <p class='ocr_par' dir='ltr' id='par_1_67' title="bbox 666 3452 2252 3537">
     <span class='ocr_line' id='line_1_67' title="bbox 666 3452 2252 3537; baseline 0.011 -31"><span class='ocrx_word' id='word_1_533' title='bbox 666 3452 861 3523; x_wconf 87' lang='lat' dir='ltr'><strong>ubique</strong></span> <span class='ocrx_word' id='word_1_534' title='bbox 887 3456 1140 3511; x_wconf 90' lang='lat' dir='ltr'><strong>decorum</strong></span> <span class='ocrx_word' id='word_1_535' title='bbox 1165 3500 1177 3519; x_wconf 80' lang='grc'><em>.</em></span> <span class='ocrx_word' id='word_1_536' title='bbox 1223 3468 1277 3514; x_wconf 91' lang='lat' dir='ltr'><strong>et</strong></span> <span class='ocrx_word' id='word_1_537' title='bbox 1302 3460 1653 3519; x_wconf 82' lang='lat' dir='ltr'><strong>offensionem</strong></span> <span class='ocrx_word' id='word_1_538' title='bbox 1680 3466 1871 3523; x_wconf 87' lang='lat' dir='ltr'><strong>vitans.</strong></span> <span class='ocrx_word' id='word_1_539' title='bbox 1924 3468 2101 3537; x_wconf 85' lang='lat' dir='ltr'><strong>Itaque</strong></span> <span class='ocrx_word' id='word_1_540' title='bbox 2131 3484 2252 3524; x_wconf 91' lang='lat' dir='ltr'><strong>cum</strong></span> 
     </span>
    </p>
   </div>
   <div class='ocr_carea' id='block_1_68' title="bbox 666 3547 2255 3629">
    <p class='ocr_par' dir='ltr' id='par_1_68' title="bbox 666 3547 2255 3629">
     <span class='ocr_line' id='line_1_68' title="bbox 666 3547 2255 3629; baseline 0.013 -29"><span class='ocrx_word' id='word_1_541' title='bbox 666 3547 895 3617; x_wconf 86' lang='lat' dir='ltr'><strong>primunt</strong></span> <span class='ocrx_word' id='word_1_542' title='bbox 918 3548 1039 3602; x_wconf 88' lang='lat' dir='ltr'><strong>illos</strong></span> <span class='ocrx_word' id='word_1_543' title='bbox 1065 3550 1228 3607; x_wconf 76' lang='lat' dir='ltr'><strong>libros</strong></span> <span class='ocrx_word' id='word_1_544' title='bbox 1259 3553 1435 3623; x_wconf 83' lang='lat' dir='ltr'><strong>legere</strong></span> <span class='ocrx_word' id='word_1_545' title='bbox 1456 3557 1593 3626; x_wconf 63' lang='grc' dir='ltr'><strong>εαξρὶ</strong></span> <span class='ocrx_word' id='word_1_546' title='bbox 1618 3598 1634 3623; x_wconf 95' lang='lat'><strong>,</strong></span> <span class='ocrx_word' id='word_1_547' title='bbox 1663 3574 1986 3629; x_wconf 90' lang='lat' dir='ltr'><strong>quamquam</strong></span> <span class='ocrx_word' id='word_1_548' title='bbox 2009 3574 2255 3620; x_wconf 80' lang='lat' dir='ltr'><strong>aSsuetus</strong></span> 
     </span>
    </p>
   </div>
   <div class='ocr_carea' id='block_1_69' title="bbox 669 3640 2253 3723">
    <p class='ocr_par' dir='ltr' id='par_1_69' title="bbox 669 3640 2253 3723">
     <span class='ocr_line' id='line_1_69' title="bbox 669 3640 2253 3723; baseline 0.011 -31"><span class='ocrx_word' id='word_1_549' title='bbox 669 3640 973 3709; x_wconf 89' lang='lat' dir='ltr'><strong>purioribus</strong></span> <span class='ocrx_word' id='word_1_550' title='bbox 1000 3652 1053 3698; x_wconf 92' lang='lat' dir='ltr'><strong>et</strong></span> <span class='ocrx_word' id='word_1_551' title='bbox 1075 3645 1492 3713; x_wconf 80' lang='lat' dir='ltr'><strong>elegantioribus</strong></span> <span class='ocrx_word' id='word_1_552' title='bbox 1513 3692 1527 3712; x_wconf 87' lang='lat'><strong><em>.</em></strong></span> <span class='ocrx_word' id='word_1_553' title='bbox 1555 3659 1729 3706; x_wconf 91' lang='lat' dir='ltr'><strong>tamen</strong></span> <span class='ocrx_word' id='word_1_554' title='bbox 1755 3653 1823 3707; x_wconf 89' lang='lat' dir='ltr'><strong>ita</strong></span> <span class='ocrx_word' id='word_1_555' title='bbox 1848 3665 2253 3723; x_wconf 90' lang='lat' dir='ltr'><strong>metenuerunt,</strong></span> 
     </span>
    </p>
   </div>
   <div class='ocr_carea' id='block_1_70' title="bbox 665 3731 2258 3817">
    <p class='ocr_par' dir='ltr' id='par_1_70' title="bbox 665 3731 2258 3817">
     <span class='ocr_line' id='line_1_70' title="bbox 665 3731 2258 3817; baseline 0.013 -33"><span class='ocrx_word' id='word_1_556' title='bbox 665 3741 723 3785; x_wconf 91' lang='lat' dir='ltr'><strong>ut</strong></span> <span class='ocrx_word' id='word_1_557' title='bbox 745 3731 813 3785; x_wconf 91' lang='lat' dir='ltr'><strong>ab</strong></span> <span class='ocrx_word' id='word_1_558' title='bbox 827 3734 904 3787; x_wconf 88' lang='lat' dir='ltr'><strong>eis</strong></span> <span class='ocrx_word' id='word_1_559' title='bbox 932 3751 1036 3788; x_wconf 92' lang='lat' dir='ltr'><strong>non</strong></span> <span class='ocrx_word' id='word_1_560' title='bbox 1067 3747 1194 3792; x_wconf 90' lang='lat' dir='ltr'><strong>ante</strong></span> <span class='ocrx_word' id='word_1_561' title='bbox 1217 3780 1230 3802; x_wconf 93' lang='lat'><strong>,</strong></span> <span class='ocrx_word' id='word_1_562' title='bbox 1258 3756 1414 3808; x_wconf 89' lang='lat' dir='ltr'><strong>quam</strong></span> <span class='ocrx_word' id='word_1_563' title='bbox 1438 3742 1502 3795; x_wconf 90' lang='lat' dir='ltr'><strong>ad</strong></span> <span class='ocrx_word' id='word_1_564' title='bbox 1533 3742 1695 3798; x_wconf 90' lang='lat' dir='ltr'><strong>ﬁnem</strong></span> <span class='ocrx_word' id='word_1_565' title='bbox 1730 3746 2077 3817; x_wconf 81' lang='lat' dir='ltr'><strong>perlegissem</strong></span> <span class='ocrx_word' id='word_1_566' title='bbox 2101 3789 2115 3813; x_wconf 92' lang='lat'><strong>,</strong></span> <span class='ocrx_word' id='word_1_567' title='bbox 2150 3749 2258 3804; x_wconf 82' lang='lat' dir='ltr'><strong>dis-</strong></span> 
     </span>
    </p>
   </div>
   <div class='ocr_carea' id='block_1_71' title="bbox 667 3826 2251 3911">
    <p class='ocr_par' dir='ltr' id='par_1_71' title="bbox 667 3826 2251 3911">
     <span class='ocr_line' id='line_1_71' title="bbox 667 3826 2251 3911; baseline 0.012 -34"><span class='ocrx_word' id='word_1_568' title='bbox 667 3826 945 3881; x_wconf 87' lang='lat' dir='ltr'><strong>cesserim.</strong></span> <span class='ocrx_word' id='word_1_569' title='bbox 984 3828 1135 3895; x_wconf 86' lang='lat' dir='ltr'><strong>Quod</strong></span> <span class='ocrx_word' id='word_1_570' title='bbox 1167 3832 1209 3885; x_wconf 90' lang='lat' dir='ltr'><strong>si</strong></span> <span class='ocrx_word' id='word_1_571' title='bbox 1242 3833 1434 3888; x_wconf 90' lang='lat' dir='ltr'><strong>talibus</strong></span> <span class='ocrx_word' id='word_1_572' title='bbox 1465 3834 1703 3906; x_wconf 86' lang='lat' dir='ltr'><strong>legendis</strong></span> <span class='ocrx_word' id='word_1_573' title='bbox 1730 3838 1842 3906; x_wconf 90' lang='lat' dir='ltr'><strong>ipse</strong></span> <span class='ocrx_word' id='word_1_574' title='bbox 1874 3840 2041 3895; x_wconf 85' lang='lat' dir='ltr'><strong>teneri</strong></span> <span class='ocrx_word' id='word_1_575' title='bbox 2070 3842 2251 3911; x_wconf 92' lang='lat' dir='ltr'><strong>potui,</strong></span> 
     </span>
    </p>
   </div>
   <div class='ocr_carea' id='block_1_72' title="bbox 667 3922 2256 4000">
    <p class='ocr_par' dir='ltr' id='par_1_72' title="bbox 667 3922 2256 4000">
     <span class='ocr_line' id='line_1_72' title="bbox 667 3922 2256 4000; baseline 0.012 -29"><span class='ocrx_word' id='word_1_576' title='bbox 667 3929 786 3971; x_wconf 93' lang='lat' dir='ltr'><strong>cum</strong></span> <span class='ocrx_word' id='word_1_577' title='bbox 830 3928 933 3973; x_wconf 92' lang='lat' dir='ltr'><strong>tam</strong></span> <span class='ocrx_word' id='word_1_578' title='bbox 965 3922 1203 3978; x_wconf 86' lang='lat' dir='ltr'><strong>studiose</strong></span> <span class='ocrx_word' id='word_1_579' title='bbox 1236 3927 1502 3996; x_wconf 89' lang='lat' dir='ltr'><strong>principes</strong></span> <span class='ocrx_word' id='word_1_580' title='bbox 1525 3930 1845 4000; x_wconf 69' lang='lat' dir='ltr'><strong>eloquentia:</strong></span> <span class='ocrx_word' id='word_1_581' title='bbox 1873 3932 2075 3987; x_wconf 66' lang='lat' dir='ltr'><strong>Graeca-</strong></span> <span class='ocrx_word' id='word_1_582' title='bbox 2111 3936 2256 3990; x_wconf 78' lang='lat' dir='ltr'><strong>Lati-</strong></span> 
     </span>
    </p>
   </div>
   <div class='ocr_carea' id='block_1_73' title="bbox 666 4021 2258 4096">
    <p class='ocr_par' dir='ltr' id='par_1_73' title="bbox 666 4021 2258 4096">
     <span class='ocr_line' id='line_1_73' title="bbox 666 4021 2258 4096; baseline 0.013 -33"><span class='ocrx_word' id='word_1_583' title='bbox 666 4026 883 4081; x_wconf 71' lang='lat' dir='ltr'><strong>umque,</strong></span> <span class='ocrx_word' id='word_1_584' title='bbox 934 4029 1034 4069; x_wconf 91' lang='lat' dir='ltr'><strong>nec</strong></span> <span class='ocrx_word' id='word_1_585' title='bbox 1057 4058 1069 4079; x_wconf 92' lang='lat'><strong>,</strong></span> <span class='ocrx_word' id='word_1_586' title='bbox 1107 4027 1165 4071; x_wconf 92' lang='lat' dir='ltr'><strong>ut</strong></span> <span class='ocrx_word' id='word_1_587' title='bbox 1193 4021 1411 4089; x_wconf 90' lang='lat' dir='ltr'><strong>opinor,</strong></span> <span class='ocrx_word' id='word_1_588' title='bbox 1446 4024 1561 4078; x_wconf 90' lang='lat' dir='ltr'><strong>sine</strong></span> <span class='ocrx_word' id='word_1_589' title='bbox 1588 4040 1748 4079; x_wconf 90' lang='lat' dir='ltr'><strong>sensu</strong></span> <span class='ocrx_word' id='word_1_590' title='bbox 1773 4026 2085 4096; x_wconf 64' lang='lat' dir='ltr'><strong>elegantiae,</strong></span> <span class='ocrx_word' id='word_1_591' title='bbox 2118 4039 2258 4083; x_wconf 88' lang='lat' dir='ltr'><strong>trac-</strong></span> 
     </span>
    </p>
   </div>
   <div class='ocr_carea' id='block_1_74' title="bbox 667 4112 2256 4191">
    <p class='ocr_par' dir='ltr' id='par_1_74' title="bbox 667 4112 2256 4191">
     <span class='ocr_line' id='line_1_74' title="bbox 667 4112 2256 4191; baseline 0.01 -30"><span class='ocrx_word' id='word_1_592' title='bbox 667 4115 833 4163; x_wconf 89' lang='lat' dir='ltr'><strong>tarem</strong></span> <span class='ocrx_word' id='word_1_593' title='bbox 866 4151 882 4177; x_wconf 94' lang='lat'><strong>,</strong></span> <span class='ocrx_word' id='word_1_594' title='bbox 920 4120 973 4165; x_wconf 93' lang='lat' dir='ltr'><strong>et</strong></span> <span class='ocrx_word' id='word_1_595' title='bbox 1002 4112 1126 4167; x_wconf 89' lang='lat' dir='ltr'><strong>inde</strong></span> <span class='ocrx_word' id='word_1_596' title='bbox 1153 4112 1383 4170; x_wconf 91' lang='lat' dir='ltr'><strong>fructum</strong></span> <span class='ocrx_word' id='word_1_597' title='bbox 1422 4116 1680 4171; x_wconf 84' lang='lat' dir='ltr'><strong>doctrinae</strong></span> <span class='ocrx_word' id='word_1_598' title='bbox 1730 4134 1922 4190; x_wconf 89' lang='lat' dir='ltr'><strong>capere</strong></span> <span class='ocrx_word' id='word_1_599' title='bbox 1950 4162 1964 4186; x_wconf 91' lang='lat'><strong>,</strong></span> <span class='ocrx_word' id='word_1_600' title='bbox 2006 4123 2095 4191; x_wconf 92' lang='lat' dir='ltr'><strong>qui</strong></span> <span class='ocrx_word' id='word_1_601' title='bbox 2129 4124 2256 4178; x_wconf 92' lang='lat' dir='ltr'><strong>mihi</strong></span> 
     </span>
    </p>
   </div>
   <div class='ocr_carea' id='block_1_75' title="bbox 668 4210 2259 4279">
    <p class='ocr_par' dir='ltr' id='par_1_75' title="bbox 668 4210 2259 4279">
     <span class='ocr_line' id='line_1_75' title="bbox 668 4210 2259 4279; baseline 0.011 -24"><span class='ocrx_word' id='word_1_602' title='bbox 668 4217 1001 4274; x_wconf 90' lang='lat' dir='ltr'><strong>nequaquam</strong></span> <span class='ocrx_word' id='word_1_603' title='bbox 1050 4210 1476 4265; x_wconf 88' lang='lat' dir='ltr'><strong>contemnendus</strong></span> <span class='ocrx_word' id='word_1_604' title='bbox 1515 4211 1785 4268; x_wconf 89' lang='lat' dir='ltr'><strong>videretur</strong></span> <span class='ocrx_word' id='word_1_605' title='bbox 1815 4230 1827 4267; x_wconf 94' lang='lat'><strong>:</strong></span> <span class='ocrx_word' id='word_1_606' title='bbox 1859 4215 1993 4268; x_wconf 89' lang='lat' dir='ltr'><strong>alios</strong></span> <span class='ocrx_word' id='word_1_607' title='bbox 2015 4256 2028 4279; x_wconf 91' lang='lat'><strong>,</strong></span> <span class='ocrx_word' id='word_1_608' title='bbox 2082 4218 2259 4273; x_wconf 92' lang='lat' dir='ltr'><strong>minus</strong></span> 
     </span>
    </p>
   </div>
   <div class='ocr_carea' id='block_1_76' title="bbox 668 4296 2259 4371">
    <p class='ocr_par' dir='ltr' id='par_1_76' title="bbox 668 4296 2259 4371">
     <span class='ocr_line' id='line_1_76' title="bbox 668 4296 2259 4371; baseline 0.01 -20"><span class='ocrx_word' id='word_1_609' title='bbox 668 4296 785 4351; x_wconf 87' lang='lat' dir='ltr'><strong>istis</strong></span> <span class='ocrx_word' id='word_1_610' title='bbox 815 4298 1162 4355; x_wconf 91' lang='lat' dir='ltr'><strong>humanitatis</strong></span> <span class='ocrx_word' id='word_1_611' title='bbox 1188 4302 1377 4357; x_wconf 83' lang='lat' dir='ltr'><strong>studiis</strong></span> <span class='ocrx_word' id='word_1_612' title='bbox 1407 4304 1616 4359; x_wconf 92' lang='lat' dir='ltr'><strong>deditos</strong></span> <span class='ocrx_word' id='word_1_613' title='bbox 1642 4348 1657 4371; x_wconf 90' lang='lat'><strong>,</strong></span> <span class='ocrx_word' id='word_1_614' title='bbox 1697 4308 1873 4361; x_wconf 88' lang='lat' dir='ltr'><strong>minus</strong></span> <span class='ocrx_word' id='word_1_615' title='bbox 1907 4309 2065 4364; x_wconf 89' lang='lat' dir='ltr'><strong>etiam</strong></span> <span class='ocrx_word' id='word_1_616' title='bbox 2098 4310 2151 4364; x_wconf 93' lang='lat' dir='ltr'><strong>in</strong></span> <span class='ocrx_word' id='word_1_617' title='bbox 2194 4312 2259 4368; x_wconf 90' lang='lat' dir='ltr'><strong>iis</strong></span> 
     </span>
    </p>
   </div>
   <div class='ocr_carea' id='block_1_77' title="bbox 667 4392 2261 4470">
    <p class='ocr_par' dir='ltr' id='par_1_77' title="bbox 667 4392 2261 4470">
     <span class='ocr_line' id='line_1_77' title="bbox 667 4392 2261 4470; baseline 0.014 -32"><span class='ocrx_word' id='word_1_618' title='bbox 667 4402 980 4457; x_wconf 82' lang='lat' dir='ltr'><strong>provectos,</strong></span> <span class='ocrx_word' id='word_1_619' title='bbox 1016 4406 1120 4445; x_wconf 89' lang='lat' dir='ltr'><strong>non</strong></span> <span class='ocrx_word' id='word_1_620' title='bbox 1145 4392 1431 4457; x_wconf 87' lang='lat' dir='ltr'><strong>delectari,</strong></span> <span class='ocrx_word' id='word_1_621' title='bbox 1456 4411 1559 4451; x_wconf 91' lang='lat' dir='ltr'><strong>non</strong></span> <span class='ocrx_word' id='word_1_622' title='bbox 1586 4397 1825 4469; x_wconf 89' lang='lat' dir='ltr'><strong>adjuvari</strong></span> <span class='ocrx_word' id='word_1_623' title='bbox 1855 4416 2012 4470; x_wconf 84' lang='lat' dir='ltr'><strong>posse</strong></span> <span class='ocrx_word' id='word_1_624' title='bbox 2038 4403 2104 4457; x_wconf 86' lang='lat' dir='ltr'><strong>ad</strong></span> <span class='ocrx_word' id='word_1_625' title='bbox 2132 4404 2261 4459; x_wconf 87' lang='lat' dir='ltr'><strong>doc-</strong></span> 
     </span>
    </p>
   </div>
   <div class='ocr_carea' id='block_1_78' title="bbox 668 4479 1114 4547">
    <p class='ocr_par' dir='ltr' id='par_1_78' title="bbox 668 4479 1114 4547">
     <span class='ocr_line' id='line_1_78' title="bbox 668 4479 1114 4547; baseline 0.011 -17"><span class='ocrx_word' id='word_1_626' title='bbox 668 4479 861 4531; x_wconf 89' lang='lat' dir='ltr'><strong>trinam</strong></span> <span class='ocrx_word' id='word_1_627' title='bbox 895 4489 1072 4547; x_wconf 89' lang='lat' dir='ltr'><strong>putem</strong></span> <span class='ocrx_word' id='word_1_628' title='bbox 1092 4483 1114 4534; x_wconf 83' lang='lat'><strong>?</strong></span> 
     </span>
    </p>
   </div>
   <div class='ocr_carea' id='block_1_79' title="bbox 2361 3362 3965 3436">
    <p class='ocr_par' dir='ltr' id='par_1_79' title="bbox 2361 3362 3965 3436">
     <span class='ocr_line' id='line_1_79' title="bbox 2361 3362 3965 3436; baseline 0.001 -19"><span class='ocrx_word' id='word_1_629' title='bbox 2361 3378 2452 3433; x_wconf 90' lang='lat' dir='ltr'><strong>per</strong></span> <span class='ocrx_word' id='word_1_630' title='bbox 2482 3362 2597 3418; x_wconf 90' lang='lat' dir='ltr'><strong>dies</strong></span> <span class='ocrx_word' id='word_1_631' title='bbox 2636 3364 2968 3431; x_wconf 91' lang='lat' dir='ltr'><strong>dominicos,</strong></span> <span class='ocrx_word' id='word_1_632' title='bbox 3005 3365 3250 3432; x_wconf 89' lang='lat' dir='ltr'><strong>aliosque</strong></span> <span class='ocrx_word' id='word_1_633' title='bbox 3279 3365 3477 3430; x_wconf 85' lang='lat' dir='ltr'><strong>festos,</strong></span> <span class='ocrx_word' id='word_1_634' title='bbox 3518 3364 3741 3436; x_wconf 76' lang='lat' dir='ltr'><strong>legeret.</strong></span> <span class='ocrx_word' id='word_1_635' title='bbox 3788 3369 3965 3435; x_wconf 81' lang='lat' dir='ltr'><strong>Atque</strong></span> 
     </span>
    </p>
   </div>
   <div class='ocr_carea' id='block_1_80' title="bbox 2359 3455 3961 3528">
    <p class='ocr_par' dir='ltr' id='par_1_80' title="bbox 2359 3455 3961 3528">
     <span class='ocr_line' id='line_1_80' title="bbox 2359 3455 3961 3528; baseline 0.001 -19"><span class='ocrx_word' id='word_1_636' title='bbox 2359 3455 2483 3511; x_wconf 85' lang='lat' dir='ltr'><strong>hinc</strong></span> <span class='ocrx_word' id='word_1_637' title='bbox 2510 3456 2639 3511; x_wconf 90' lang='lat' dir='ltr'><strong>mihi</strong></span> <span class='ocrx_word' id='word_1_638' title='bbox 2672 3460 2898 3526; x_wconf 89' lang='lat' dir='ltr'><strong>primum</strong></span> <span class='ocrx_word' id='word_1_639' title='bbox 2942 3458 3169 3525; x_wconf 90' lang='lat' dir='ltr'><strong>injectus</strong></span> <span class='ocrx_word' id='word_1_640' title='bbox 3194 3466 3279 3513; x_wconf 87' lang='lat' dir='ltr'><strong>est</strong></span> <span class='ocrx_word' id='word_1_641' title='bbox 3314 3472 3467 3512; x_wconf 89' lang='lat' dir='ltr'><strong>amor</strong></span> <span class='ocrx_word' id='word_1_642' title='bbox 3492 3458 3820 3528; x_wconf 87' lang='lat' dir='ltr'><strong>scriptorum</strong></span> <span class='ocrx_word' id='word_1_643' title='bbox 3860 3458 3961 3511; x_wconf 71' lang='lat' dir='ltr'><strong>lic-</strong></span> 
     </span>
    </p>
   </div>
   <div class='ocr_carea' id='block_1_81' title="bbox 2358 3549 3968 3620">
    <p class='ocr_par' dir='ltr' id='par_1_81' title="bbox 2358 3549 3968 3620">
     <span class='ocr_line' id='line_1_81' title="bbox 2358 3549 3968 3620; baseline 0.001 -17"><span class='ocrx_word' id='word_1_644' title='bbox 2358 3549 2803 3615; x_wconf 80' lang='lat' dir='ltr'><strong>clesiasticorum,</strong></span> <span class='ocrx_word' id='word_1_645' title='bbox 2835 3552 2924 3620; x_wconf 90' lang='lat' dir='ltr'><strong>qui</strong></span> <span class='ocrx_word' id='word_1_646' title='bbox 2962 3559 3080 3619; x_wconf 89' lang='lat' dir='ltr'><strong>post</strong></span> <span class='ocrx_word' id='word_1_647' title='bbox 3129 3553 3288 3605; x_wconf 88' lang='lat' dir='ltr'><strong>etiam</strong></span> <span class='ocrx_word' id='word_1_648' title='bbox 3319 3550 3661 3605; x_wconf 85' lang='lat' dir='ltr'><strong>conﬁrmatus</strong></span> <span class='ocrx_word' id='word_1_649' title='bbox 3692 3563 3798 3614; x_wconf 87' lang='lat' dir='ltr'><strong>est,</strong></span> <span class='ocrx_word' id='word_1_650' title='bbox 3841 3566 3968 3605; x_wconf 90' lang='lat' dir='ltr'><strong>cum</strong></span> 
     </span>
    </p>
   </div>
   <div class='ocr_carea' id='block_1_82' title="bbox 2360 3642 3963 3707">
    <p class='ocr_par' dir='ltr' id='par_1_82' title="bbox 2360 3642 3963 3707">
     <span class='ocr_line' id='line_1_82' title="bbox 2360 3642 3963 3707; baseline 0.001 -12"><span class='ocrx_word' id='word_1_651' title='bbox 2360 3651 2413 3695; x_wconf 92' lang='lat' dir='ltr'><strong>et</strong></span> <span class='ocrx_word' id='word_1_652' title='bbox 2437 3642 2761 3697; x_wconf 90' lang='lat' dir='ltr'><strong>litteratores</strong></span> <span class='ocrx_word' id='word_1_653' title='bbox 2789 3643 3050 3699; x_wconf 83' lang='lat' dir='ltr'><strong>maximos</strong></span> <span class='ocrx_word' id='word_1_654' title='bbox 3074 3642 3311 3699; x_wconf 85' lang='lat' dir='ltr'><strong>viderem</strong></span> <span class='ocrx_word' id='word_1_655' title='bbox 3341 3645 3403 3698; x_wconf 92' lang='lat' dir='ltr'><strong>iis</strong></span> <span class='ocrx_word' id='word_1_656' title='bbox 3430 3643 3652 3698; x_wconf 88' lang='lat' dir='ltr'><strong>multum</strong></span> <span class='ocrx_word' id='word_1_657' title='bbox 3679 3644 3963 3707; x_wconf 89' lang='lat' dir='ltr'><strong>tribuisse,</strong></span> 
     </span>
    </p>
   </div>
   <div class='ocr_carea' id='block_1_83' title="bbox 2360 3735 3967 3808">
    <p class='ocr_par' dir='ltr' id='par_1_83' title="bbox 2360 3735 3967 3808">
     <span class='ocr_line' id='line_1_83' title="bbox 2360 3735 3967 3808; baseline -0.002 -18"><span class='ocrx_word' id='word_1_658' title='bbox 2360 3744 2411 3790; x_wconf 89' lang='lat' dir='ltr'><strong>et</strong></span> <span class='ocrx_word' id='word_1_659' title='bbox 2444 3736 2707 3805; x_wconf 87' lang='lat' dir='ltr'><strong>principes</strong></span> <span class='ocrx_word' id='word_1_660' title='bbox 2738 3735 3135 3808; x_wconf 89' lang='lat' dir='ltr'><strong>Theologorum</strong></span> <span class='ocrx_word' id='word_1_661' title='bbox 3157 3777 3171 3799; x_wconf 90' lang='lat'><strong>,</strong></span> <span class='ocrx_word' id='word_1_662' title='bbox 3207 3737 3435 3805; x_wconf 91' lang='lat' dir='ltr'><strong>primum</strong></span> <span class='ocrx_word' id='word_1_663' title='bbox 3467 3751 3495 3789; x_wconf 93' lang='lat' dir='ltr'><strong>a</strong></span> <span class='ocrx_word' id='word_1_664' title='bbox 3528 3735 3967 3807; x_wconf 69' lang='lat' dir='ltr'><strong>praeceptoribus</strong></span> 
     </span>
    </p>
   </div>
   <div class='ocr_carea' id='block_1_84' title="bbox 2360 3830 3972 3903">
    <p class='ocr_par' dir='ltr' id='par_1_84' title="bbox 2360 3830 3972 3903">
     <span class='ocr_line' id='line_1_84' title="bbox 2360 3830 3972 3903; baseline 0.001 -19"><span class='ocrx_word' id='word_1_665' title='bbox 2360 3830 2623 3896; x_wconf 90' lang='lat' dir='ltr'><strong>audirem,</strong></span> <span class='ocrx_word' id='word_1_666' title='bbox 2660 3831 2853 3887; x_wconf 91' lang='lat' dir='ltr'><strong>deinde</strong></span> <span class='ocrx_word' id='word_1_667' title='bbox 2884 3834 2999 3903; x_wconf 88' lang='lat' dir='ltr'><strong>ipse</strong></span> <span class='ocrx_word' id='word_1_668' title='bbox 3042 3832 3313 3897; x_wconf 91' lang='lat' dir='ltr'><strong>viderem,</strong></span> <span class='ocrx_word' id='word_1_669' title='bbox 3355 3831 3476 3887; x_wconf 90' lang='lat' dir='ltr'><strong>inde</strong></span> <span class='ocrx_word' id='word_1_670' title='bbox 3515 3847 3543 3886; x_wconf 90' lang='lat' dir='ltr'><strong>a</strong></span> <span class='ocrx_word' id='word_1_671' title='bbox 3573 3831 3798 3887; x_wconf 92' lang='lat' dir='ltr'><strong>Lutheri</strong></span> <span class='ocrx_word' id='word_1_672' title='bbox 3835 3843 3972 3886; x_wconf 85' lang='lat' dir='ltr'><strong>tem-</strong></span> 
     </span>
    </p>
   </div>
   <div class='ocr_carea' id='block_1_85' title="bbox 2364 3927 3973 4001">
    <p class='ocr_par' dir='ltr' id='par_1_85' title="bbox 2364 3927 3973 4001">
     <span class='ocr_line' id='line_1_85' title="bbox 2364 3927 3973 4001; baseline 0.003 -22"><span class='ocrx_word' id='word_1_673' title='bbox 2364 3927 2603 3996; x_wconf 89' lang='lat' dir='ltr'><strong>poribus,</strong></span> <span class='ocrx_word' id='word_1_674' title='bbox 2636 3929 2849 3984; x_wconf 90' lang='lat' dir='ltr'><strong>Patrum</strong></span> <span class='ocrx_word' id='word_1_675' title='bbox 2878 3928 3091 4001; x_wconf 92' lang='lat' dir='ltr'><strong>scriptis</strong></span> <span class='ocrx_word' id='word_1_676' title='bbox 3114 3929 3502 4000; x_wconf 88' lang='lat' dir='ltr'><strong>cognoscendis</strong></span> <span class='ocrx_word' id='word_1_677' title='bbox 3524 3930 3819 4000; x_wconf 87' lang='lat' dir='ltr'><strong>plurimum</strong></span> <span class='ocrx_word' id='word_1_678' title='bbox 3851 3939 3973 3984; x_wconf 87' lang='lat' dir='ltr'><strong>stu—</strong></span> 
     </span>
    </p>
   </div>
   <div class='ocr_carea' id='block_1_86' title="bbox 2362 4020 2734 4077">
    <p class='ocr_par' dir='ltr' id='par_1_86' title="bbox 2362 4020 2734 4077">
     <span class='ocr_line' id='line_1_86' title="bbox 2362 4020 2734 4077; baseline 0.008 -3"><span class='ocrx_word' id='word_1_679' title='bbox 2362 4020 2435 4075; x_wconf 90' lang='lat' dir='ltr'><strong>dii</strong></span> <span class='ocrx_word' id='word_1_680' title='bbox 2468 4022 2734 4077; x_wconf 89' lang='lat' dir='ltr'><strong>tribuisse.</strong></span> 
     </span>
    </p>
   </div>
   <div class='ocr_carea' id='block_1_87' title="bbox 2433 4115 3981 4188">
    <p class='ocr_par' dir='ltr' id='par_1_87' title="bbox 2433 4115 3981 4188">
     <span class='ocr_line' id='line_1_87' title="bbox 2433 4115 3981 4188; baseline 0.001 -18"><span class='ocrx_word' id='word_1_681' title='bbox 2433 4116 2550 4183; x_wconf 86' lang='lat' dir='ltr'><strong>Quo</strong></span> <span class='ocrx_word' id='word_1_682' title='bbox 2592 4117 2759 4187; x_wconf 90' lang='lat' dir='ltr'><strong>magis</strong></span> <span class='ocrx_word' id='word_1_683' title='bbox 2800 4118 3017 4188; x_wconf 81' lang='lat' dir='ltr'><strong>probavi</strong></span> <span class='ocrx_word' id='word_1_684' title='bbox 3060 4117 3171 4173; x_wconf 85' lang='lat' dir='ltr'><strong>Viri</strong></span> <span class='ocrx_word' id='word_1_685' title='bbox 3211 4118 3541 4182; x_wconf 90' lang='lat' dir='ltr'><strong>doctissimi,</strong></span> <span class='ocrx_word' id='word_1_686' title='bbox 3584 4116 3672 4172; x_wconf 69' lang='lat' dir='ltr'><strong>lo.</strong></span> <span class='ocrx_word' id='word_1_687' title='bbox 3720 4115 3981 4172; x_wconf 85' lang='lat' dir='ltr'><strong>Gottlieb</strong></span> 
     </span>
    </p>
   </div>
   <div class='ocr_carea' id='block_1_88' title="bbox 2362 4210 3980 4283">
    <p class='ocr_par' dir='ltr' id='par_1_88' title="bbox 2362 4210 3980 4283">
     <span class='ocr_line' id='line_1_88' title="bbox 2362 4210 3980 4283; baseline -0.001 -17"><span class='ocrx_word' id='word_1_688' title='bbox 2362 4212 2640 4278; x_wconf 87' lang='lat' dir='ltr'><strong>Lindneri,</strong></span> <span class='ocrx_word' id='word_1_689' title='bbox 2670 4212 2881 4268; x_wconf 81' lang='lat' dir='ltr'><strong>Scholce</strong></span> <span class='ocrx_word' id='word_1_690' title='bbox 2905 4213 3176 4269; x_wconf 75' lang='lat' dir='ltr'><strong>Sallensis</strong></span> <span class='ocrx_word' id='word_1_691' title='bbox 3217 4214 3268 4268; x_wconf 92' lang='lat' dir='ltr'><strong>in</strong></span> <span class='ocrx_word' id='word_1_692' title='bbox 3301 4212 3588 4283; x_wconf 84' lang='lat' dir='ltr'><strong>Thuringis</strong></span> <span class='ocrx_word' id='word_1_693' title='bbox 3615 4210 3980 4266; x_wconf 83' lang='lat' dir='ltr'><strong>Courectoris</strong></span> 
     </span>
    </p>
   </div>
   <div class='ocr_carea' id='block_1_89' title="bbox 2364 4303 3980 4375">
    <p class='ocr_par' dir='ltr' id='par_1_89' title="bbox 2364 4303 3980 4375">
     <span class='ocr_line' id='line_1_89' title="bbox 2364 4303 3980 4375; baseline -0.001 -14"><span class='ocrx_word' id='word_1_694' title='bbox 2364 4306 2680 4375; x_wconf 77' lang='lat' dir='ltr'><strong>dignissimi,</strong></span> <span class='ocrx_word' id='word_1_695' title='bbox 2713 4307 3012 4372; x_wconf 89' lang='lat' dir='ltr'><strong>consilium,</strong></span> <span class='ocrx_word' id='word_1_696' title='bbox 3045 4307 3255 4361; x_wconf 81' lang='lat' dir='ltr'><strong>Minucii</strong></span> <span class='ocrx_word' id='word_1_697' title='bbox 3292 4321 3479 4362; x_wconf 86' lang='lat' dir='ltr'><strong>rursus</strong></span> <span class='ocrx_word' id='word_1_698' title='bbox 3503 4303 3727 4367; x_wconf 89' lang='lat' dir='ltr'><strong>edendi,</strong></span> <span class='ocrx_word' id='word_1_699' title='bbox 3761 4315 3822 4360; x_wconf 92' lang='lat' dir='ltr'><strong>et</strong></span> <span class='ocrx_word' id='word_1_700' title='bbox 3850 4320 3980 4361; x_wconf 90' lang='lat' dir='ltr'><strong>cum</strong></span> 
     </span>
    </p>
   </div>
   <div class='ocr_carea' id='block_1_90' title="bbox 2363 4397 3979 4466">
    <p class='ocr_par' dir='ltr' id='par_1_90' title="bbox 2363 4397 3979 4466">
     <span class='ocr_line' id='line_1_90' title="bbox 2363 4397 3979 4466; baseline -0.002 -11"><span class='ocrx_word' id='word_1_701' title='bbox 2363 4400 2589 4455; x_wconf 88' lang='lat' dir='ltr'><strong>aliorum</strong></span> <span class='ocrx_word' id='word_1_702' title='bbox 2621 4401 2899 4456; x_wconf 89' lang='lat' dir='ltr'><strong>doctorum</strong></span> <span class='ocrx_word' id='word_1_703' title='bbox 2934 4402 3193 4466; x_wconf 90' lang='lat' dir='ltr'><strong>virorum,</strong></span> <span class='ocrx_word' id='word_1_704' title='bbox 3230 4409 3343 4455; x_wconf 89' lang='lat' dir='ltr'><strong>tum</strong></span> <span class='ocrx_word' id='word_1_705' title='bbox 3384 4400 3495 4453; x_wconf 90' lang='lat' dir='ltr'><strong>suis</strong></span> <span class='ocrx_word' id='word_1_706' title='bbox 3529 4397 3979 4453; x_wconf 85' lang='lat' dir='ltr'><strong>animadversio-</strong></span> 
     </span>
    </p>
   </div>
   <div class='ocr_carea' id='block_1_91' title="bbox 2362 4490 3983 4563">
    <p class='ocr_par' dir='ltr' id='par_1_91' title="bbox 2362 4490 3983 4563">
     <span class='ocr_line' id='line_1_91' title="bbox 2362 4490 3983 4563; baseline -0.002 -17"><span class='ocrx_word' id='word_1_707' title='bbox 2362 4492 2519 4546; x_wconf 90' lang='lat' dir='ltr'><strong>nihus</strong></span> <span class='ocrx_word' id='word_1_708' title='bbox 2544 4491 2737 4546; x_wconf 91' lang='lat' dir='ltr'><strong>talibus</strong></span> <span class='ocrx_word' id='word_1_709' title='bbox 2764 4491 3081 4555; x_wconf 86' lang='lat' dir='ltr'><strong>illustrandi,</strong></span> <span class='ocrx_word' id='word_1_710' title='bbox 3112 4507 3206 4563; x_wconf 89' lang='lat' dir='ltr'><strong>per</strong></span> <span class='ocrx_word' id='word_1_711' title='bbox 3231 4506 3363 4560; x_wconf 91' lang='lat' dir='ltr'><strong>quas</strong></span> <span class='ocrx_word' id='word_1_712' title='bbox 3388 4490 3596 4545; x_wconf 89' lang='lat' dir='ltr'><strong>facilior</strong></span> <span class='ocrx_word' id='word_1_713' title='bbox 3623 4502 3781 4545; x_wconf 89' lang='lat' dir='ltr'><strong>esset</strong></span> <span class='ocrx_word' id='word_1_714' title='bbox 3815 4490 3983 4545; x_wconf 89' lang='lat' dir='ltr'><strong>lectio</strong></span> 
     </span>
    </p>
   </div>
   <div class='ocr_carea' id='block_1_92' title="bbox 738 4562 3985 4659">
    <p class='ocr_par' dir='ltr' id='par_1_92' title="bbox 738 4562 3985 4659">
     <span class='ocr_line' id='line_1_92' title="bbox 738 4562 3985 4659; baseline 0.003 -33"><span class='ocrx_word' id='word_1_715' title='bbox 738 4570 844 4627; x_wconf 89' lang='lat' dir='ltr'><strong>Sed</strong></span> <span class='ocrx_word' id='word_1_716' title='bbox 882 4574 1019 4627; x_wconf 89' lang='lat' dir='ltr'><strong>sicut</strong></span> <span class='ocrx_word' id='word_1_717' title='bbox 1049 4575 1099 4628; x_wconf 92' lang='lat' dir='ltr'><strong>in</strong></span> <span class='ocrx_word' id='word_1_718' title='bbox 1130 4577 1519 4650; x_wconf 89' lang='lat' dir='ltr'><strong>antiquioribus</strong></span> <span class='ocrx_word' id='word_1_719' title='bbox 1546 4582 1750 4639; x_wconf 67' lang='lat' dir='ltr'><strong>Graecis</strong></span> <span class='ocrx_word' id='word_1_720' title='bbox 1776 4596 1828 4641; x_wconf 92' lang='lat' dir='ltr'><strong>et</strong></span> <span class='ocrx_word' id='word_1_721' title='bbox 1858 4586 2090 4655; x_wconf 88' lang='lat' dir='ltr'><strong>Latinis,</strong></span> <span class='ocrx_word' id='word_1_722' title='bbox 2120 4604 2255 4659; x_wconf 90' lang='lat' dir='ltr'><strong>quos</strong></span> <span class='ocrx_word' id='word_1_723' title='bbox 2281 4562 2334 4623; x_wconf 81' lang='lat' dir='ltr'><strong>D</strong></span> <span class='ocrx_word' id='word_1_724' title='bbox 2360 4584 2479 4652; x_wconf 90' lang='lat' dir='ltr'><strong>ejus</strong></span> <span class='ocrx_word' id='word_1_725' title='bbox 2518 4594 2571 4638; x_wconf 90' lang='lat' dir='ltr'><strong>et</strong></span> <span class='ocrx_word' id='word_1_726' title='bbox 2611 4584 2792 4638; x_wconf 91' lang='lat' dir='ltr'><strong>utilior</strong></span> <span class='ocrx_word' id='word_1_727' title='bbox 2811 4584 3078 4654; x_wconf 88' lang='lat' dir='ltr'><strong>juventuti</strong></span> <span class='ocrx_word' id='word_1_728' title='bbox 3106 4582 3462 4637; x_wconf 76' lang='lat' dir='ltr'><strong>scholasticze.</strong></span> <span class='ocrx_word' id='word_1_729' title='bbox 3490 4582 3627 4651; x_wconf 88' lang='lat' dir='ltr'><strong>Ipsis</strong></span> <span class='ocrx_word' id='word_1_730' title='bbox 3654 4593 3853 4639; x_wconf 88' lang='lat' dir='ltr'><strong>autem</strong></span> <span class='ocrx_word' id='word_1_731' title='bbox 3885 4598 3985 4638; x_wconf 83' lang='lat' dir='ltr'><strong>no-</strong></span> 
     </span>
    </p>
   </div>
   <div class='ocr_carea' id='block_1_93' title="bbox 666 4665 2256 4745">
    <p class='ocr_par' dir='ltr' id='par_1_93' title="bbox 666 4665 2256 4745">
     <span class='ocr_line' id='line_1_93' title="bbox 666 4665 2256 4745; baseline 0.011 -25"><span class='ocrx_word' id='word_1_732' title='bbox 666 4665 921 4722; x_wconf 83' lang='lat' dir='ltr'><strong>classicos</strong></span> <span class='ocrx_word' id='word_1_733' title='bbox 953 4683 1223 4736; x_wconf 88' lang='lat' dir='ltr'><strong>vocamus,</strong></span> <span class='ocrx_word' id='word_1_734' title='bbox 1251 4673 1382 4727; x_wconf 89' lang='lat' dir='ltr'><strong>ordo</strong></span> <span class='ocrx_word' id='word_1_735' title='bbox 1399 4678 1637 4745; x_wconf 88' lang='lat' dir='ltr'><strong>quidam,</strong></span> <span class='ocrx_word' id='word_1_736' title='bbox 1664 4680 2099 4736; x_wconf 84' lang='lat' dir='ltr'><strong>accommodatus</strong></span> <span class='ocrx_word' id='word_1_737' title='bbox 2115 4684 2256 4737; x_wconf 66' lang='lat' dir='ltr'><strong>aetati</strong></span> 
     </span>
    </p>
   </div>
   <div class='ocr_carea' id='block_1_94' title="bbox 667 4757 2260 4843">
    <p class='ocr_par' dir='ltr' id='par_1_94' title="bbox 667 4757 2260 4843">
     <span class='ocr_line' id='line_1_94' title="bbox 667 4757 2260 4843; baseline 0.013 -33"><span class='ocrx_word' id='word_1_738' title='bbox 667 4757 1102 4832; x_wconf 89' lang='lat' dir='ltr'><strong>profectibusque</strong></span> <span class='ocrx_word' id='word_1_739' title='bbox 1169 4764 1510 4833; x_wconf 88' lang='lat' dir='ltr'><strong>discentium,</strong></span> <span class='ocrx_word' id='word_1_740' title='bbox 1570 4771 1841 4838; x_wconf 72' lang='grc' dir='ltr'><strong>ιη’ίιιεειὶὺί</strong></span> <span class='ocrx_word' id='word_1_741' title='bbox 1905 4787 1934 4825; x_wconf 93' lang='lat' dir='ltr'><strong>a</strong></span> <span class='ocrx_word' id='word_1_742' title='bbox 1990 4775 2260 4843; x_wconf 88' lang='lat' dir='ltr'><strong>magistris</strong></span> 
     </span>
    </p>
   </div>
   <div class='ocr_carea' id='block_1_95' title="bbox 669 4851 2257 4938">
    <p class='ocr_par' dir='ltr' id='par_1_95' title="bbox 669 4851 2257 4938">
     <span class='ocr_line' id='line_1_95' title="bbox 669 4851 2257 4938; baseline 0.012 -33"><span class='ocrx_word' id='word_1_743' title='bbox 669 4851 1015 4909; x_wconf 89' lang='lat' dir='ltr'><strong>humanitatis</strong></span> <span class='ocrx_word' id='word_1_744' title='bbox 1041 4858 1179 4913; x_wconf 88' lang='lat' dir='ltr'><strong>solet</strong></span> <span class='ocrx_word' id='word_1_745' title='bbox 1204 4876 1217 4914; x_wconf 88' lang='lat'><strong>:</strong></span> <span class='ocrx_word' id='word_1_746' title='bbox 1247 4860 1323 4915; x_wconf 92' lang='lat' dir='ltr'><strong>sic</strong></span> <span class='ocrx_word' id='word_1_747' title='bbox 1344 4863 1503 4917; x_wconf 91' lang='lat' dir='ltr'><strong>etiam</strong></span> <span class='ocrx_word' id='word_1_748' title='bbox 1530 4865 1580 4917; x_wconf 93' lang='lat' dir='ltr'><strong>in</strong></span> <span class='ocrx_word' id='word_1_749' title='bbox 1607 4864 1707 4919; x_wconf 91' lang='lat' dir='ltr'><strong>hoc</strong></span> <span class='ocrx_word' id='word_1_750' title='bbox 1727 4882 1922 4933; x_wconf 87' lang='lat' dir='ltr'><strong>genere</strong></span> <span class='ocrx_word' id='word_1_751' title='bbox 1951 4868 2085 4922; x_wconf 91' lang='lat' dir='ltr'><strong>ratio</strong></span> <span class='ocrx_word' id='word_1_752' title='bbox 2107 4884 2257 4938; x_wconf 75' lang='lat' dir='ltr'><strong>qure-</strong></span> 
     </span>
    </p>
   </div>
   <div class='ocr_carea' id='block_1_96' title="bbox 665 4944 2260 5025">
    <p class='ocr_par' dir='ltr' id='par_1_96' title="bbox 665 4944 2260 5025">
     <span class='ocr_line' id='line_1_96' title="bbox 665 4944 2260 5025; baseline 0.013 -27"><span class='ocrx_word' id='word_1_753' title='bbox 665 4944 787 5000; x_wconf 93' lang='lat' dir='ltr'><strong>dam</strong></span> <span class='ocrx_word' id='word_1_754' title='bbox 813 4947 931 5001; x_wconf 89' lang='lat' dir='ltr'><strong>talis</strong></span> <span class='ocrx_word' id='word_1_755' title='bbox 958 4948 1200 5005; x_wconf 90' lang='lat' dir='ltr'><strong>adhiberi</strong></span> <span class='ocrx_word' id='word_1_756' title='bbox 1233 4954 1410 5008; x_wconf 87' lang='lat' dir='ltr'><strong>debet.</strong></span> <span class='ocrx_word' id='word_1_757' title='bbox 1436 4954 1620 5025; x_wconf 86' lang='lat' dir='ltr'><strong>Neque</strong></span> <span class='ocrx_word' id='word_1_758' title='bbox 1642 4956 1783 5011; x_wconf 91' lang='lat' dir='ltr'><strong>enim</strong></span> <span class='ocrx_word' id='word_1_759' title='bbox 1807 4960 1986 5012; x_wconf 88' lang='lat' dir='ltr'><strong>omnia</strong></span> <span class='ocrx_word' id='word_1_760' title='bbox 2012 4964 2260 5018; x_wconf 90' lang='lat' dir='ltr'><strong>omnibus</strong></span> 
     </span>
    </p>
   </div>
   <div class='ocr_carea' id='block_1_97' title="bbox 665 5048 2258 5123">
    <p class='ocr_par' dir='ltr' id='par_1_97' title="bbox 665 5048 2258 5123">
     <span class='ocr_line' id='line_1_97' title="bbox 665 5048 2258 5123; baseline 0.013 -32"><span class='ocrx_word' id='word_1_761' title='bbox 665 5050 785 5108; x_wconf 89' lang='lat' dir='ltr'><strong>apta</strong></span> <span class='ocrx_word' id='word_1_762' title='bbox 825 5051 977 5108; x_wconf 88' lang='lat' dir='ltr'><strong>sunt,</strong></span> <span class='ocrx_word' id='word_1_763' title='bbox 1020 5052 1112 5097; x_wconf 91' lang='lat' dir='ltr'><strong>aut</strong></span> <span class='ocrx_word' id='word_1_764' title='bbox 1152 5048 1296 5100; x_wconf 91' lang='lat' dir='ltr'><strong>omni</strong></span> <span class='ocrx_word' id='word_1_765' title='bbox 1345 5052 1569 5119; x_wconf 89' lang='lat' dir='ltr'><strong>tempori</strong></span> <span class='ocrx_word' id='word_1_766' title='bbox 1594 5092 1610 5117; x_wconf 91' lang='lat'><strong>,</strong></span> <span class='ocrx_word' id='word_1_767' title='bbox 1655 5053 1951 5123; x_wconf 89' lang='lat' dir='ltr'><strong>studiisque</strong></span> <span class='ocrx_word' id='word_1_768' title='bbox 1989 5055 2258 5114; x_wconf 89' lang='lat' dir='ltr'><strong>omnibus.</strong></span> 
     </span>
    </p>
   </div>
   <div class='ocr_carea' id='block_1_98' title="bbox 663 5131 2262 5206">
    <p class='ocr_par' dir='ltr' id='par_1_98' title="bbox 663 5131 2262 5206">
     <span class='ocr_line' id='line_1_98' title="bbox 663 5131 2262 5206; baseline 0.013 -21"><span class='ocrx_word' id='word_1_769' title='bbox 663 5131 782 5186; x_wconf 79' lang='lat' dir='ltr'><strong>Alia</strong></span> <span class='ocrx_word' id='word_1_770' title='bbox 807 5131 1061 5201; x_wconf 90' lang='lat' dir='ltr'><strong>juvenilis</strong></span> <span class='ocrx_word' id='word_1_771' title='bbox 1088 5146 1216 5192; x_wconf 68' lang='lat' dir='ltr'><strong>tetas</strong></span> <span class='ocrx_word' id='word_1_772' title='bbox 1255 5138 1544 5205; x_wconf 88' lang='lat' dir='ltr'><strong>desiderat,</strong></span> <span class='ocrx_word' id='word_1_773' title='bbox 1589 5156 1709 5197; x_wconf 92' lang='lat' dir='ltr'><strong>cum</strong></span> <span class='ocrx_word' id='word_1_774' title='bbox 1753 5144 1947 5201; x_wconf 91' lang='lat' dir='ltr'><strong>litteris</strong></span> <span class='ocrx_word' id='word_1_775' title='bbox 1975 5146 2176 5205; x_wconf 60' lang='lat' dir='ltr'><strong>Graecis</strong></span> <span class='ocrx_word' id='word_1_776' title='bbox 2207 5158 2262 5206; x_wconf 86' lang='lat' dir='ltr'><strong>et</strong></span> 
     </span>
    </p>
   </div>
   <div class='ocr_carea' id='block_1_99' title="bbox 662 5221 2261 5298">
    <p class='ocr_par' dir='ltr' id='par_1_99' title="bbox 662 5221 2261 5298">
     <span class='ocr_line' id='line_1_99' title="bbox 662 5221 2261 5298; baseline 0.013 -21"><span class='ocrx_word' id='word_1_777' title='bbox 662 5221 868 5279; x_wconf 90' lang='lat' dir='ltr'><strong>Latinis</strong></span> <span class='ocrx_word' id='word_1_778' title='bbox 895 5227 1127 5283; x_wconf 72' lang='lat' dir='ltr'><strong>maxime</strong></span> <span class='ocrx_word' id='word_1_779' title='bbox 1157 5241 1329 5298; x_wconf 90' lang='lat' dir='ltr'><strong>vacat,</strong></span> <span class='ocrx_word' id='word_1_780' title='bbox 1357 5233 1460 5287; x_wconf 90' lang='lat' dir='ltr'><strong>alia</strong></span> <span class='ocrx_word' id='word_1_781' title='bbox 1490 5250 1611 5289; x_wconf 92' lang='lat' dir='ltr'><strong>cum</strong></span> <span class='ocrx_word' id='word_1_782' title='bbox 1640 5237 1691 5291; x_wconf 92' lang='lat' dir='ltr'><strong>in</strong></span> <span class='ocrx_word' id='word_1_783' title='bbox 1722 5238 1999 5294; x_wconf 86' lang='lat' dir='ltr'><strong>altioribus</strong></span> <span class='ocrx_word' id='word_1_784' title='bbox 2027 5240 2261 5297; x_wconf 84' lang='lat' dir='ltr'><strong>Theolo-</strong></span> 
     </span>
    </p>
   </div>
   <div class='ocr_carea' id='block_1_100' title="bbox 664 5319 2263 5400">
    <p class='ocr_par' dir='ltr' id='par_1_100' title="bbox 664 5319 2263 5400">
     <span class='ocr_line' id='line_1_100' title="bbox 664 5319 2263 5400; baseline 0.012 -29"><span class='ocrx_word' id='word_1_785' title='bbox 664 5319 765 5387; x_wconf 66' lang='lat' dir='ltr'><strong>giae</strong></span> <span class='ocrx_word' id='word_1_786' title='bbox 794 5320 985 5376; x_wconf 91' lang='lat' dir='ltr'><strong>studiis</strong></span> <span class='ocrx_word' id='word_1_787' title='bbox 1014 5335 1282 5391; x_wconf 89' lang='lat' dir='ltr'><strong>versatur,</strong></span> <span class='ocrx_word' id='word_1_788' title='bbox 1312 5326 1415 5382; x_wconf 89' lang='lat' dir='ltr'><strong>alia</strong></span> <span class='ocrx_word' id='word_1_789' title='bbox 1450 5329 1498 5382; x_wconf 91' lang='lat' dir='ltr'><strong>in</strong></span> <span class='ocrx_word' id='word_1_790' title='bbox 1533 5330 1829 5400; x_wconf 85' lang='lat' dir='ltr'><strong>principiis.</strong></span> <span class='ocrx_word' id='word_1_791' title='bbox 1863 5333 1964 5387; x_wconf 89' lang='lat' dir='ltr'><strong>alia</strong></span> <span class='ocrx_word' id='word_1_792' title='bbox 1994 5349 2115 5388; x_wconf 93' lang='lat' dir='ltr'><strong>cum</strong></span> <span class='ocrx_word' id='word_1_793' title='bbox 2145 5335 2263 5390; x_wconf 86' lang='lat' dir='ltr'><strong>lon-</strong></span> 
     </span>
    </p>
   </div>
   <div class='ocr_carea' id='block_1_101' title="bbox 663 5410 2260 5497">
    <p class='ocr_par' dir='ltr' id='par_1_101' title="bbox 663 5410 2260 5497">
     <span class='ocr_line' id='line_1_101' title="bbox 663 5410 2260 5497; baseline 0.013 -35"><span class='ocrx_word' id='word_1_794' title='bbox 663 5410 785 5480; x_wconf 90' lang='lat' dir='ltr'><strong>gius</strong></span> <span class='ocrx_word' id='word_1_795' title='bbox 812 5410 864 5465; x_wconf 92' lang='lat' dir='ltr'><strong>in</strong></span> <span class='ocrx_word' id='word_1_796' title='bbox 892 5412 957 5467; x_wconf 92' lang='lat' dir='ltr'><strong>iis</strong></span> <span class='ocrx_word' id='word_1_797' title='bbox 984 5428 1262 5485; x_wconf 88' lang='lat' dir='ltr'><strong>progressa</strong></span> <span class='ocrx_word' id='word_1_798' title='bbox 1290 5429 1393 5484; x_wconf 91' lang='lat' dir='ltr'><strong>est,</strong></span> <span class='ocrx_word' id='word_1_799' title='bbox 1421 5435 1540 5475; x_wconf 92' lang='lat' dir='ltr'><strong>cum</strong></span> <span class='ocrx_word' id='word_1_800' title='bbox 1571 5422 1635 5477; x_wconf 89' lang='lat' dir='ltr'><strong>ad</strong></span> <span class='ocrx_word' id='word_1_801' title='bbox 1663 5422 2044 5492; x_wconf 85' lang='lat' dir='ltr'><strong>perfectionem</strong></span> <span class='ocrx_word' id='word_1_802' title='bbox 2075 5443 2260 5497; x_wconf 87' lang='lat' dir='ltr'><strong>quam-</strong></span> 
     </span>
    </p>
   </div>
   <div class='ocr_carea' id='block_1_102' title="bbox 661 5502 2263 5587">
    <p class='ocr_par' dir='ltr' id='par_1_102' title="bbox 661 5502 2263 5587">
     <span class='ocr_line' id='line_1_102' title="bbox 661 5502 2263 5587; baseline 0.013 -28"><span class='ocrx_word' id='word_1_803' title='bbox 661 5502 788 5559; x_wconf 90' lang='lat' dir='ltr'><strong>dam</strong></span> <span class='ocrx_word' id='word_1_804' title='bbox 831 5513 887 5559; x_wconf 90' lang='lat' dir='ltr'><strong>et</strong></span> <span class='ocrx_word' id='word_1_805' title='bbox 920 5508 1131 5576; x_wconf 80' lang='lat' dir='ltr'><strong>capiam</strong></span> <span class='ocrx_word' id='word_1_806' title='bbox 1179 5510 1441 5568; x_wconf 69' lang='lat' dir='ltr'><strong>doctrina:</strong></span> <span class='ocrx_word' id='word_1_807' title='bbox 1478 5517 1699 5587; x_wconf 87' lang='lat' dir='ltr'><strong>aspirat.</strong></span> <span class='ocrx_word' id='word_1_808' title='bbox 1746 5520 1823 5575; x_wconf 85' lang='lat' dir='ltr'><strong>Ae</strong></span> <span class='ocrx_word' id='word_1_809' title='bbox 1853 5520 1981 5575; x_wconf 89' lang='lat' dir='ltr'><strong>mihi</strong></span> <span class='ocrx_word' id='word_1_810' title='bbox 2024 5538 2129 5577; x_wconf 92' lang='lat' dir='ltr'><strong>non</strong></span> <span class='ocrx_word' id='word_1_811' title='bbox 2161 5523 2263 5580; x_wconf 88' lang='lat' dir='ltr'><strong>hoc</strong></span> 
     </span>
    </p>
   </div>
   <div class='ocr_carea' id='block_1_103' title="bbox 654 5596 2261 5682">
    <p class='ocr_par' dir='ltr' id='par_1_103' title="bbox 654 5596 2261 5682">
     <span class='ocr_line' id='line_1_103' title="bbox 654 5596 2261 5682; baseline 0.012 -31"><span class='ocrx_word' id='word_1_812' title='bbox 654 5596 771 5667; x_wconf 89' lang='lat' dir='ltr'><strong>jam</strong></span> <span class='ocrx_word' id='word_1_813' title='bbox 800 5608 884 5652; x_wconf 89' lang='lat' dir='ltr'><strong>est</strong></span> <span class='ocrx_word' id='word_1_814' title='bbox 924 5598 1257 5663; x_wconf 89' lang='lat' dir='ltr'><strong>institutum.</strong></span> <span class='ocrx_word' id='word_1_815' title='bbox 1293 5615 1351 5660; x_wconf 93' lang='lat' dir='ltr'><strong>ut</strong></span> <span class='ocrx_word' id='word_1_816' title='bbox 1379 5605 1446 5659; x_wconf 92' lang='lat' dir='ltr'><strong>de</strong></span> <span class='ocrx_word' id='word_1_817' title='bbox 1481 5608 1726 5666; x_wconf 89' lang='lat' dir='ltr'><strong>universa</strong></span> <span class='ocrx_word' id='word_1_818' title='bbox 1769 5611 2113 5682; x_wconf 87' lang='lat' dir='ltr'><strong>legendorum</strong></span> <span class='ocrx_word' id='word_1_819' title='bbox 2157 5616 2261 5670; x_wconf 88' lang='lat' dir='ltr'><strong>Pa-</strong></span> 
     </span>
    </p>
   </div>
   <div class='ocr_carea' id='block_1_104' title="bbox 658 5688 2264 5762">
    <p class='ocr_par' dir='ltr' id='par_1_104' title="bbox 658 5688 2264 5762">
     <span class='ocr_line' id='line_1_104' title="bbox 658 5688 2264 5762; baseline 0.012 -19"><span class='ocrx_word' id='word_1_820' title='bbox 658 5697 798 5743; x_wconf 92' lang='lat' dir='ltr'><strong>trum</strong></span> <span class='ocrx_word' id='word_1_821' title='bbox 825 5688 1035 5749; x_wconf 87' lang='lat' dir='ltr'><strong>ratione</strong></span> <span class='ocrx_word' id='word_1_822' title='bbox 1057 5708 1119 5758; x_wconf 83' lang='lat' dir='ltr'><strong>et</strong></span> <span class='ocrx_word' id='word_1_823' title='bbox 1157 5696 1346 5755; x_wconf 90' lang='lat' dir='ltr'><strong>ordine</strong></span> <span class='ocrx_word' id='word_1_824' title='bbox 1373 5698 1627 5757; x_wconf 88' lang='lat' dir='ltr'><strong>universo</strong></span> <span class='ocrx_word' id='word_1_825' title='bbox 1662 5704 1920 5760; x_wconf 91' lang='lat' dir='ltr'><strong>disseram</strong></span> <span class='ocrx_word' id='word_1_826' title='bbox 1962 5722 1975 5761; x_wconf 91' lang='lat'><strong>:</strong></span> <span class='ocrx_word' id='word_1_827' title='bbox 2006 5706 2074 5762; x_wconf 89' lang='lat' dir='ltr'><strong>de</strong></span> <span class='ocrx_word' id='word_1_828' title='bbox 2099 5707 2264 5762; x_wconf 88' lang='lat' dir='ltr'><strong>initiis</strong></span> 
     </span>
    </p>
   </div>
   <div class='ocr_carea' id='block_1_105' title="bbox 646 5778 2261 5868">
    <p class='ocr_par' dir='ltr' id='par_1_105' title="bbox 646 5778 2261 5868">
     <span class='ocr_line' id='line_1_105' title="bbox 646 5778 2261 5868; baseline 0.007 -23"><span class='ocrx_word' id='word_1_829' title='bbox 646 5779 763 5845; x_wconf 68' lang='lat' dir='ltr'><strong>ci&#39;ls</strong></span> <span class='ocrx_word' id='word_1_830' title='bbox 787 5778 959 5836; x_wconf 72' lang='lat' dir='ltr'><strong>studii</strong></span> <span class='ocrx_word' id='word_1_831' title='bbox 979 5794 1135 5858; x_wconf 53' lang='lat' dir='ltr'><strong>satis</strong></span> <span class='ocrx_word' id='word_1_832' title='bbox 1163 5788 1267 5845; x_wconf 88' lang='lat' dir='ltr'><strong>erit</strong></span> <span class='ocrx_word' id='word_1_833' title='bbox 1294 5792 1586 5851; x_wconf 88' lang='lat' dir='ltr'><strong>monuisse.</strong></span> <span class='ocrx_word' id='word_1_834' title='bbox 1618 5797 1675 5856; x_wconf 82' lang='lat' dir='ltr'><strong>in</strong></span> <span class='ocrx_word' id='word_1_835' title='bbox 1705 5797 1897 5868; x_wconf 88' lang='lat' dir='ltr'><strong>quibus</strong></span> <span class='ocrx_word' id='word_1_836' title='bbox 1923 5800 2053 5855; x_wconf 91' lang='lat' dir='ltr'><strong>mihi</strong></span> <span class='ocrx_word' id='word_1_837' title='bbox 2076 5800 2261 5857; x_wconf 86' lang='lat' dir='ltr'><strong>rectis-</strong></span> 
     </span>
    </p>
   </div>
   <div class='ocr_carea' id='block_1_106' title="bbox 2365 4676 3987 4750">
    <p class='ocr_par' dir='ltr' id='par_1_106' title="bbox 2365 4676 3987 4750">
     <span class='ocr_line' id='line_1_106' title="bbox 2365 4676 3987 4750; baseline 0 -16"><span class='ocrx_word' id='word_1_838' title='bbox 2365 4681 2433 4735; x_wconf 92' lang='lat' dir='ltr'><strong>tis</strong></span> <span class='ocrx_word' id='word_1_839' title='bbox 2462 4680 2572 4734; x_wconf 83' lang='lat' dir='ltr'><strong>Viri</strong></span> <span class='ocrx_word' id='word_1_840' title='bbox 2602 4679 2991 4750; x_wconf 89' lang='lat' dir='ltr'><strong>perspiciendis</strong></span> <span class='ocrx_word' id='word_1_841' title='bbox 3018 4679 3145 4742; x_wconf 88' lang='lat' dir='ltr'><strong>vidi,</strong></span> <span class='ocrx_word' id='word_1_842' title='bbox 3186 4695 3292 4733; x_wconf 91' lang='lat' dir='ltr'><strong>non</strong></span> <span class='ocrx_word' id='word_1_843' title='bbox 3336 4676 3495 4732; x_wconf 90' lang='lat' dir='ltr'><strong>modo</strong></span> <span class='ocrx_word' id='word_1_844' title='bbox 3522 4676 3688 4732; x_wconf 90' lang='lat' dir='ltr'><strong>multa</strong></span> <span class='ocrx_word' id='word_1_845' title='bbox 3726 4678 3879 4734; x_wconf 86' lang='lat' dir='ltr'><strong>bene</strong></span> <span class='ocrx_word' id='word_1_846' title='bbox 3918 4678 3987 4734; x_wconf 83' lang='lat' dir='ltr'><strong>de</strong></span> 
     </span>
    </p>
   </div>
   <div class='ocr_carea' id='block_1_107' title="bbox 2364 4769 3987 4841">
    <p class='ocr_par' dir='ltr' id='par_1_107' title="bbox 2364 4769 3987 4841">
     <span class='ocr_line' id='line_1_107' title="bbox 2364 4769 3987 4841; baseline -0.001 -15"><span class='ocrx_word' id='word_1_847' title='bbox 2364 4772 2544 4827; x_wconf 87' lang='lat' dir='ltr'><strong>verbis</strong></span> <span class='ocrx_word' id='word_1_848' title='bbox 2584 4772 2854 4841; x_wconf 88' lang='lat' dir='ltr'><strong>rebusque</strong></span> <span class='ocrx_word' id='word_1_849' title='bbox 2888 4772 3079 4826; x_wconf 89' lang='lat' dir='ltr'><strong>tradita</strong></span> <span class='ocrx_word' id='word_1_850' title='bbox 3109 4785 3251 4836; x_wconf 90' lang='lat' dir='ltr'><strong>esse,</strong></span> <span class='ocrx_word' id='word_1_851' title='bbox 3284 4769 3380 4826; x_wconf 89' lang='lat' dir='ltr'><strong>sed</strong></span> <span class='ocrx_word' id='word_1_852' title='bbox 3405 4771 3567 4827; x_wconf 88' lang='lat' dir='ltr'><strong>etiam</strong></span> <span class='ocrx_word' id='word_1_853' title='bbox 3605 4771 3783 4826; x_wconf 88' lang='lat' dir='ltr'><strong>crisin</strong></span> <span class='ocrx_word' id='word_1_854' title='bbox 3823 4772 3987 4827; x_wconf 88' lang='lat' dir='ltr'><strong>adhi-</strong></span> 
     </span>
    </p>
   </div>
   <div class='ocr_carea' id='block_1_108' title="bbox 2364 4862 3988 4933">
    <p class='ocr_par' dir='ltr' id='par_1_108' title="bbox 2364 4862 3988 4933">
     <span class='ocr_line' id='line_1_108' title="bbox 2364 4862 3988 4933; baseline -0.002 -13"><span class='ocrx_word' id='word_1_855' title='bbox 2364 4866 2528 4920; x_wconf 86' lang='lat' dir='ltr'><strong>bitam</strong></span> <span class='ocrx_word' id='word_1_856' title='bbox 2559 4879 2680 4920; x_wconf 89' lang='lat' dir='ltr'><strong>esse</strong></span> <span class='ocrx_word' id='word_1_857' title='bbox 2710 4864 3008 4919; x_wconf 88' lang='lat' dir='ltr'><strong>modestam</strong></span> <span class='ocrx_word' id='word_1_858' title='bbox 3037 4875 3091 4919; x_wconf 92' lang='lat' dir='ltr'><strong>et</strong></span> <span class='ocrx_word' id='word_1_859' title='bbox 3118 4874 3447 4928; x_wconf 89' lang='lat' dir='ltr'><strong>accuratam,</strong></span> <span class='ocrx_word' id='word_1_860' title='bbox 3478 4877 3597 4933; x_wconf 68' lang='lat' dir='ltr'><strong>qua:</strong></span> <span class='ocrx_word' id='word_1_861' title='bbox 3627 4862 3988 4918; x_wconf 87' lang='lat' dir='ltr'><strong>defendenda</strong></span> 
     </span>
    </p>
   </div>
   <div class='ocr_carea' id='block_1_109' title="bbox 2366 4955 3989 5028">
    <p class='ocr_par' dir='ltr' id='par_1_109' title="bbox 2366 4955 3989 5028">
     <span class='ocr_line' id='line_1_109' title="bbox 2366 4955 3989 5028; baseline -0.001 -15"><span class='ocrx_word' id='word_1_862' title='bbox 2366 4960 2536 5028; x_wconf 87' lang='lat' dir='ltr'><strong>magis</strong></span> <span class='ocrx_word' id='word_1_863' title='bbox 2562 4966 2615 5013; x_wconf 89' lang='lat' dir='ltr'><strong>et</strong></span> <span class='ocrx_word' id='word_1_864' title='bbox 2641 4956 2955 5027; x_wconf 80' lang='lat' dir='ltr'><strong>explicanda</strong></span> <span class='ocrx_word' id='word_1_865' title='bbox 2999 4956 3227 5010; x_wconf 89' lang='lat' dir='ltr'><strong>lectione</strong></span> <span class='ocrx_word' id='word_1_866' title='bbox 3265 4955 3508 5025; x_wconf 86' lang='lat' dir='ltr'><strong>vulgata,</strong></span> <span class='ocrx_word' id='word_1_867' title='bbox 3548 4970 3714 5024; x_wconf 86' lang='lat' dir='ltr'><strong>quam</strong></span> <span class='ocrx_word' id='word_1_868' title='bbox 3758 4956 3989 5026; x_wconf 87' lang='lat' dir='ltr'><strong>conjec-</strong></span> 
     </span>
    </p>
   </div>
   <div class='ocr_carea' id='block_1_110' title="bbox 2366 5047 3992 5120">
    <p class='ocr_par' dir='ltr' id='par_1_110' title="bbox 2366 5047 3992 5120">
     <span class='ocr_line' id='line_1_110' title="bbox 2366 5047 3992 5120; baseline -0.002 -14"><span class='ocrx_word' id='word_1_869' title='bbox 2366 5052 2503 5107; x_wconf 89' lang='lat' dir='ltr'><strong>turis</strong></span> <span class='ocrx_word' id='word_1_870' title='bbox 2529 5050 2849 5106; x_wconf 78' lang='lat' dir='ltr'><strong>exercendis</strong></span> <span class='ocrx_word' id='word_1_871' title='bbox 2878 5056 3251 5120; x_wconf 88' lang='lat' dir='ltr'><strong>occuparetur,</strong></span> <span class='ocrx_word' id='word_1_872' title='bbox 3281 5064 3415 5117; x_wconf 89' lang='lat' dir='ltr'><strong>quas</strong></span> <span class='ocrx_word' id='word_1_873' title='bbox 3453 5047 3615 5102; x_wconf 90' lang='lat' dir='ltr'><strong>nimis</strong></span> <span class='ocrx_word' id='word_1_874' title='bbox 3646 5050 3866 5103; x_wconf 85' lang='lat' dir='ltr'><strong>multas</strong></span> <span class='ocrx_word' id='word_1_875' title='bbox 3893 5065 3992 5103; x_wconf 85' lang='lat' dir='ltr'><strong>ex-</strong></span> 
     </span>
    </p>
   </div>
   <div class='ocr_carea' id='block_1_111' title="bbox 2365 5139 3992 5217">
    <p class='ocr_par' dir='ltr' id='par_1_111' title="bbox 2365 5139 3992 5217">
     <span class='ocr_line' id='line_1_111' title="bbox 2365 5139 3992 5217; baseline -0.003 -16"><span class='ocrx_word' id='word_1_876' title='bbox 2365 5156 2549 5217; x_wconf 90' lang='lat' dir='ltr'><strong>pertus</strong></span> <span class='ocrx_word' id='word_1_877' title='bbox 2576 5154 2659 5200; x_wconf 90' lang='lat' dir='ltr'><strong>est</strong></span> <span class='ocrx_word' id='word_1_878' title='bbox 2697 5143 2978 5199; x_wconf 82' lang='lat' dir='ltr'><strong>Minucius.</strong></span> <span class='ocrx_word' id='word_1_879' title='bbox 3028 5142 3207 5213; x_wconf 91' lang='lat' dir='ltr'><strong>Itaque</strong></span> <span class='ocrx_word' id='word_1_880' title='bbox 3243 5139 3459 5195; x_wconf 90' lang='lat' dir='ltr'><strong>conﬁdo</strong></span> <span class='ocrx_word' id='word_1_881' title='bbox 3482 5181 3497 5206; x_wconf 92' lang='lat'><strong>,</strong></span> <span class='ocrx_word' id='word_1_882' title='bbox 3542 5141 3689 5195; x_wconf 89' lang='lat' dir='ltr'><strong>hunc</strong></span> <span class='ocrx_word' id='word_1_883' title='bbox 3738 5142 3992 5196; x_wconf 90' lang='lat' dir='ltr'><strong>libellum</strong></span> 
     </span>
    </p>
   </div>
   <div class='ocr_carea' id='block_1_112' title="bbox 2369 5233 3998 5305">
    <p class='ocr_par' dir='ltr' id='par_1_112' title="bbox 2369 5233 3998 5305">
     <span class='ocr_line' id='line_1_112' title="bbox 2369 5233 3998 5305; baseline -0.005 -9"><span class='ocrx_word' id='word_1_884' title='bbox 2369 5240 2551 5296; x_wconf 91' lang='lat' dir='ltr'><strong>utilem</strong></span> <span class='ocrx_word' id='word_1_885' title='bbox 2590 5236 2701 5291; x_wconf 92' lang='lat' dir='ltr'><strong>fore</strong></span> <span class='ocrx_word' id='word_1_886' title='bbox 2741 5246 2797 5293; x_wconf 92' lang='lat' dir='ltr'><strong>et</strong></span> <span class='ocrx_word' id='word_1_887' title='bbox 2829 5234 3293 5291; x_wconf 86' lang='lat' dir='ltr'><strong>accommodatum</strong></span> <span class='ocrx_word' id='word_1_888' title='bbox 3333 5233 3517 5288; x_wconf 91' lang='lat' dir='ltr'><strong>multis</strong></span> <span class='ocrx_word' id='word_1_889' title='bbox 3554 5234 3888 5289; x_wconf 89' lang='lat' dir='ltr'><strong>nominibus</strong></span> <span class='ocrx_word' id='word_1_890' title='bbox 3911 5234 3998 5305; x_wconf 83' lang='lat' dir='ltr'><strong>ju-</strong></span> 
     </span>
    </p>
   </div>
   <div class='ocr_carea' id='block_1_113' title="bbox 2368 5325 3996 5400">
    <p class='ocr_par' dir='ltr' id='par_1_113' title="bbox 2368 5325 3996 5400">
     <span class='ocr_line' id='line_1_113' title="bbox 2368 5325 3996 5400; baseline -0.002 -15"><span class='ocrx_word' id='word_1_891' title='bbox 2368 5333 2609 5399; x_wconf 79' lang='lat' dir='ltr'><strong>ventuti,</strong></span> <span class='ocrx_word' id='word_1_892' title='bbox 2653 5336 3109 5400; x_wconf 89' lang='lat' dir='ltr'><strong>vehementerque</strong></span> <span class='ocrx_word' id='word_1_893' title='bbox 3144 5338 3303 5398; x_wconf 90' lang='lat' dir='ltr'><strong>opto.</strong></span> <span class='ocrx_word' id='word_1_894' title='bbox 3346 5337 3404 5382; x_wconf 93' lang='grc' dir='ltr'><strong>ιιι</strong></span> <span class='ocrx_word' id='word_1_895' title='bbox 3445 5326 3535 5380; x_wconf 85' lang='lat' dir='ltr'><strong>Vir</strong></span> <span class='ocrx_word' id='word_1_896' title='bbox 3578 5325 3996 5393; x_wconf 84' lang='lat' dir='ltr'><strong>doctissimus,</strong></span> 
     </span>
    </p>
   </div>
   <div class='ocr_carea' id='block_1_114' title="bbox 2367 5421 3999 5495">
    <p class='ocr_par' dir='ltr' id='par_1_114' title="bbox 2367 5421 3999 5495">
     <span class='ocr_line' id='line_1_114' title="bbox 2367 5421 3999 5495; baseline -0.003 -12"><span class='ocrx_word' id='word_1_897' title='bbox 2367 5443 2489 5484; x_wconf 92' lang='lat' dir='ltr'><strong>cum</strong></span> <span class='ocrx_word' id='word_1_898' title='bbox 2538 5427 2639 5481; x_wconf 87' lang='lat' dir='ltr'><strong>alia</strong></span> <span class='ocrx_word' id='word_1_899' title='bbox 2698 5425 2914 5495; x_wconf 67' lang='lat' dir='ltr'><strong>prmmia</strong></span> <span class='ocrx_word' id='word_1_900' title='bbox 2957 5423 3099 5478; x_wconf 92' lang='lat' dir='ltr'><strong>docti</strong></span> <span class='ocrx_word' id='word_1_901' title='bbox 3148 5421 3306 5492; x_wconf 89' lang='lat' dir='ltr'><strong>hujus</strong></span> <span class='ocrx_word' id='word_1_902' title='bbox 3346 5421 3585 5487; x_wconf 88' lang='lat' dir='ltr'><strong>laboris,</strong></span> <span class='ocrx_word' id='word_1_903' title='bbox 3636 5423 3999 5493; x_wconf 83' lang='lat' dir='ltr'><strong>omninoque</strong></span> 
     </span>
    </p>
   </div>
   <div class='ocr_carea' id='block_1_115' title="bbox 2368 5512 3995 5588">
    <p class='ocr_par' dir='ltr' id='par_1_115' title="bbox 2368 5512 3995 5588">
     <span class='ocr_line' id='line_1_115' title="bbox 2368 5512 3995 5588; baseline -0.004 -12"><span class='ocrx_word' id='word_1_904' title='bbox 2368 5520 2628 5576; x_wconf 69' lang='lat' dir='ltr'><strong>doctrinae</strong></span> <span class='ocrx_word' id='word_1_905' title='bbox 2656 5533 2787 5585; x_wconf 61' lang='lat' dir='ltr'><strong>suae,</strong></span> <span class='ocrx_word' id='word_1_906' title='bbox 2819 5517 3012 5588; x_wconf 88' lang='lat' dir='ltr'><strong>capiat,</strong></span> <span class='ocrx_word' id='word_1_907' title='bbox 3050 5524 3160 5570; x_wconf 91' lang='lat' dir='ltr'><strong>tum</strong></span> <span class='ocrx_word' id='word_1_908' title='bbox 3190 5516 3422 5570; x_wconf 82' lang='lat' dir='ltr'><strong>maxime</strong></span> <span class='ocrx_word' id='word_1_909' title='bbox 3449 5512 3572 5579; x_wconf 90' lang='lat' dir='ltr'><strong>hoc,</strong></span> <span class='ocrx_word' id='word_1_910' title='bbox 3601 5521 3659 5566; x_wconf 93' lang='lat' dir='ltr'><strong>ut</strong></span> <span class='ocrx_word' id='word_1_911' title='bbox 3683 5514 3995 5587; x_wconf 86' lang='lat' dir='ltr'><strong>intelligat,</strong></span> 
     </span>
    </p>
   </div>
   <div class='ocr_carea' id='block_1_116' title="bbox 2370 5608 3998 5681">
    <p class='ocr_par' dir='ltr' id='par_1_116' title="bbox 2370 5608 3998 5681">
     <span class='ocr_line' id='line_1_116' title="bbox 2370 5608 3998 5681; baseline -0.004 -11"><span class='ocrx_word' id='word_1_912' title='bbox 2370 5630 2428 5671; x_wconf 89' lang='lat' dir='ltr'><strong>se</strong></span> <span class='ocrx_word' id='word_1_913' title='bbox 2456 5629 2521 5667; x_wconf 90' lang='lat' dir='ltr'><strong>eo</strong></span> <span class='ocrx_word' id='word_1_914' title='bbox 2562 5611 2745 5668; x_wconf 87' lang='lat' dir='ltr'><strong>utilem</strong></span> <span class='ocrx_word' id='word_1_915' title='bbox 2776 5610 3042 5681; x_wconf 91' lang='lat' dir='ltr'><strong>juventuti</strong></span> <span class='ocrx_word' id='word_1_916' title='bbox 3083 5608 3407 5664; x_wconf 70' lang='lat' dir='ltr'><strong>Christiana:</strong></span> <span class='ocrx_word' id='word_1_917' title='bbox 3438 5620 3659 5673; x_wconf 89' lang='lat' dir='ltr'><strong>operam</strong></span> <span class='ocrx_word' id='word_1_918' title='bbox 3701 5622 3998 5662; x_wconf 87' lang='lat' dir='ltr'><strong>navasse:</strong></span> 
     </span>
    </p>
   </div>
   <div class='ocr_carea' id='block_1_117' title="bbox 2367 5699 4001 5778">
    <p class='ocr_par' dir='ltr' id='par_1_117' title="bbox 2367 5699 4001 5778">
     <span class='ocr_line' id='line_1_117' title="bbox 2367 5699 4001 5778; baseline -0.005 -16"><span class='ocrx_word' id='word_1_919' title='bbox 2367 5706 2511 5778; x_wconf 92' lang='lat' dir='ltr'><strong>quod</strong></span> <span class='ocrx_word' id='word_1_920' title='bbox 2556 5714 2609 5760; x_wconf 88' lang='lat' dir='ltr'><strong>et</strong></span> <span class='ocrx_word' id='word_1_921' title='bbox 2653 5704 2826 5775; x_wconf 88' lang='lat' dir='ltr'><strong>ipsum</strong></span> <span class='ocrx_word' id='word_1_922' title='bbox 2882 5702 3116 5757; x_wconf 89' lang='lat' dir='ltr'><strong>maxime</strong></span> <span class='ocrx_word' id='word_1_923' title='bbox 3161 5703 3215 5756; x_wconf 93' lang='lat' dir='ltr'><strong>in</strong></span> <span class='ocrx_word' id='word_1_924' title='bbox 3263 5700 3367 5756; x_wconf 91' lang='lat' dir='ltr'><strong>hoc</strong></span> <span class='ocrx_word' id='word_1_925' title='bbox 3410 5699 3594 5755; x_wconf 88' lang='lat' dir='ltr'><strong>labore</strong></span> <span class='ocrx_word' id='word_1_926' title='bbox 3622 5701 4001 5772; x_wconf 86' lang='lat' dir='ltr'><strong>suscipienda</strong></span> 
     </span>
    </p>
   </div>
   <div class='ocr_carea' id='block_1_118' title="bbox 2367 5790 4002 5870">
    <p class='ocr_par' dir='ltr' id='par_1_118' title="bbox 2367 5790 4002 5870">
     <span class='ocr_line' id='line_1_118' title="bbox 2367 5790 4002 5870; baseline -0.007 -13"><span class='ocrx_word' id='word_1_927' title='bbox 2367 5807 2642 5870; x_wconf 86' lang='lat' dir='ltr'><strong>spectasse</strong></span> <span class='ocrx_word' id='word_1_928' title='bbox 2671 5796 2900 5857; x_wconf 89' lang='lat' dir='ltr'><strong>conﬁdo.</strong></span> <span class='ocrx_word' id='word_1_929' title='bbox 2933 5796 3049 5854; x_wconf 91' lang='lat' dir='ltr'><strong>Scr.</strong></span> <span class='ocrx_word' id='word_1_930' title='bbox 3076 5796 3269 5869; x_wconf 67' lang='lat' dir='ltr'><strong>Lipsiae</strong></span> <span class='ocrx_word' id='word_1_931' title='bbox 3308 5810 3359 5851; x_wconf 91' lang='lat' dir='ltr'><strong>a.</strong></span> <span class='ocrx_word' id='word_1_932' title='bbox 3390 5794 3446 5851; x_wconf 93' lang='lat' dir='ltr'><strong>d.</strong></span> <span class='ocrx_word' id='word_1_933' title='bbox 3470 5792 3559 5849; x_wconf 84' lang='lat' dir='ltr'><strong>IV.</strong></span> <span class='ocrx_word' id='word_1_934' title='bbox 3585 5790 3713 5848; x_wconf 82' lang='lat' dir='ltr'><strong>Kal.</strong></span> <span class='ocrx_word' id='word_1_935' title='bbox 3744 5795 4002 5852; x_wconf 83' lang='lat' dir='ltr'><strong>Martias.</strong></span> 
     </span>
    </p>
   </div>
  </div>
