4218 6268
635 338 737 397 251

1546 452 1726 517 rimus,
1760 466 1981 506 sxxvttt.

1469 534 1491 561 ο
1526 522 1963 589 Philosophorum
2003 521 2235 591 exempla

1543 594 1671 648 nihil
1700 610 1790 649 nos
1821 602 2044 662 mouent,
2075 592 2152 648 Ib.

706 455 873 511 studio
900 452 1227 517 incumbunt,
1256 468 1363 517 xu;

638 539 661 568 ε
712 530 787 582 Ab
854 526 1083 588 exemplo
1127 524 1387 588 Socratis,

706 596 1399 661 Arcesilte,Carneadis.Aca-

704 670 1015 722 demicorum
1040 676 1086 722 et
1117 666 1398 722 Simonidis

704 740 896 805 Melici,
922 753 1043 803 xui;

1464 881 1519 936 2.
1588 880 1706 937 Non
1776 881 1935 938 dubia
2004 878 2239 949 amplius

1544 963 1669 1007 sunt
1698 970 1815 1021 qtae
1858 952 2014 1007 dubia
2060 965 2234 1022 quon-

1544 1026 1667 1080 dam
1703 1025 1947 1087 fuerunt,
1985 1038 2104 1077 cunt
2139 1038 2234 1075 vc-

1546 1098 1677 1152 ritas
1756 1096 2051 1150 divinitatis
2124 1092 2233 1165 jam

632 883 690 941 2°
722 882 889 938 Duliia
916 898 1044 951 ergo
1082 896 1202 947 qua:
1231 890 1354 936 sunt
1377 921 1390 943 ,

705 956 895 1010 merito
924 952 1295 1025 relinquenda,
1317 952 1394 1009 Ib.

1541 1168 1811 1223 maturuit.

989 1263 1056 1317 V.
1822 1260 1887 1315 ν.

857 1354 1199 1413 EPILOGUS
1694 1353 2036 1411 EPILOGUS

884 1452 1129 1506 continet
1160 1471 1172 1504 :
1728 1445 1961 1502 ostendit
1991 1461 2003 1494 :

637 1544 691 1601 1⁸
723 1542 1259 1599 —Provocationem
1289 1539 1404 1597 (ζω-
1478 1540 1533 1596 l°
1564 1569 1635 1580 —-
1660 1538 1809 1606 Quos
1837 1536 2085 1593 stimulos
2116 1550 2237 1590 ora-

1936 329 2006 385 Μ.
2051 321 2309 382 MINUCII
2348 320 2617 381 FELICIS

2260 449 2313 508 Α
2408 445 2515 500 cilii
2546 443 2612 498 ad
2657 442 2970 498 Octavium.
3006 457 3104 510 qua

3836 330 3941 387 253

3251 441 3324 496 tio
3374 441 3580 498 Octavii
3649 443 3701 498 in
3755 447 3943 503 animis

2408 517 2653 569 invitatur
2683 515 2750 567 ad
2792 514 3100 583 responden-
3246 513 3578 569 audientium
3631 517 3940 587 ,reliuuerit,

2420 588 2542 639 dum
2568 630 2581 651 ,
2612 602 2736 645 xw;
3267 600 3424 639 xxxix
3446 628 3459 651 ,
3497 595 3609 648 tot;

2338 658 2396 713 2°
2425 687 2497 697 -—-
2526 659 2834 712 Orationem
2890 654 3105 711 Minucii
3178 654 3235 709 2°
3258 656 3752 715 —-Confessionem
3784 659 3948 716 Carci-

2412 730 2476 784 ad
2519 728 2788 782 Cmcilium
2809 768 2824 792 ,
2875 744 2977 795 qua
3024 728 3108 797 ip-
3256 727 3347 793 lii,
3380 745 3481 797 qua
3512 731 3709 784 victum
3738 747 3797 786 se
3830 746 3948 789 esse

2412 817 2557 865 sum,
2615 817 2715 853 non
2766 801 2908 868 prius
2960 800 3105 852 exul-
3248 797 3467 863 fatetur,
3502 816 3602 862 xL;

2414 873 2626 925 tundunt
2708 888 2815 925 esse
2905 881 3103 933 monet,
3180 870 3237 925 5°
3274 869 3612 942 ADilationem
3639 875 3949 942 quaestionis

2414 961 2567 1011 quam
2621 945 2872 1009 utrimque
2959 943 3112 1011 fuerit
3256 938 3325 995 de
3354 943 3514 996 rebus
3582 938 3827 1013 ad'qnas
3874 946 3952 1001 in-

2410 1024 2719 1085 peroralum,
2752 1013 2852 1076 1b.;
2946 1082 2971 1085 _
3062 1084 3067 1085 ί
3251 1013 3459 1085 stitutio
3520 1014 3809 1085 perfectior
3860 1032 3951 1073 rc-

2338 1082 2419 1141 5°'
2456 1082 2883 1153 Responiouem
2932 1082 3102 1138 Cteci-
3250 1083 3600 1151 quirebatur,
3630 1084 3742 1149 1b.;

2412 1157 2489 1217 lii,
2509 1172 2610 1222 qua
2636 1154 2919 1208 Minucium
2943 1164 3108 1222 taxat,
3187 1153 3246 1209 4°
3277 1154 3705 1211 Gratulationem
3738 1157 3952 1215 Minucii

2411 1227 2549 1297 quod
2605 1243 2659 1281 se
2688 1227 2941 1300 oratione
2994 1243 3113 1297 gra-
3256 1226 3597 1300 conjunctam
3650 1242 3771 1282 cum
3811 1245 3952 1300 κεκι-

2411 1300 2617 1352 vissinta
2678 1297 3104 1367 interpellaverit,
3255 1298 3447 1352 tiarum
3471 1298 3682 1354 actione
3704 1300 3769 1355 ad
3795 1297 3955 1356 Octa-

2414 1380 2460 1425 et
2491 1378 2740 1422 attentum
2758 1369 2999 1422 Januarii
3021 1386 3113 1422 au-
3254 1370 3399 1422 vium
3428 1385 3537 1436 xu,
3575 1372 3626 1431 l.
3656 1371 3721 1431 2;

2413 1442 2628 1495 ditarem
2674 1444 2783 1512 {ore
2838 1441 3109 1510 promittit,
3186 1438 3243 1496 5°
3271 1440 3478 1495 Ltetum
3533 1442 3773 1512 omnium
3846 1442 3957 1499 dis-

2416 1527 2505 1581 xv,
2550 1521 2647 1566 tot.
2676 1510 2683 1512 ⁷
3268 1526 3483 1567 cessum
3504 1553 3520 1580 ,
3554 1510 3638 1567 lb.

658 1727 3951 1790 ω

907 1908 1623 2059 MARCI
1745 1906 2665 2055 MINUCII
2784 1905 3684 2056 FELICIS

1772 2152 2819 2283 OCTAVIUS.

1782 2416 2775 2460 ._.___‘_——_-_-;@==——————

1984 2571 2579 2699 PliillEMIUM.

1959 2840 2062 2851 -ο

2063 2822 2613 2854 ᾧ

709 2965 767 3021 lu
800 2964 903 3019 hoc
934 2961 1154 3032 Dialogn
1193 2958 1441 3015 Caecilius
1472 2956 1740 3011 inducitur
1778 2953 2008 3009 ethnicis
2050 2966 2243 3021 super-
2274 2952 2322 3010 B
2350 2949 2493 3004 cultu
2519 2951 2737 3020 exponit
2763 2960 2971 3007 auctor.
3006 2951 3207 3009 Deinde
3233 2968 3362 3008 vero
3389 2955 3594 3012 Octavii
3627 2965 3947 3028 restionsio-

640 3058 952 3114 stitionihus
982 3054 1261 3117 addictus,
1305 3051 1394 3120 qui
1438 3050 1664 3118 patrium
1703 3058 1757 3104 et
1784 3048 1983 3102 avitum
2012 3045 2236 3100 deorum

646 3127 851 3206 cultum
882 3163 911 3201 a
942 3146 1157 3202 nemine
1182 3142 1563 3205 deserendum,
1595 3141 1758 3195 variis
1780 3139 2080 3195 rationibus
2112 3153 2238 3207 pro-

646 3240 775 3296 bare
801 3250 1026 3293 conatur
1057 3254 1071 3291 :
1107 3251 1278 3302 neque
1310 3235 1403 3289 ulli
1434 3249 1555 3291 esse
1581 3233 1739 3289 anxie
1764 3232 1833 3288 de
1864 3231 2121 3301 religione
2156 3231 2240 3284 in-

640 3330 963 3402 quireudum
984 3371 999 3396 ,
1030 3327 1125 3383 sed
1162 3326 1432 3397 antiquam
1471 3324 1831 3388 retinendam,
1866 3339 2057 3380 novam
2083 3338 2241 3393 repu-

642 3423 913 3479 diandum.
950 3422 1150 3477 Contra
1175 3434 1303 3476 vero
1328 3418 1601 3483 Octavius,
1634 3418 1745 3489 qui,
1776 3416 1942 3485 impio
1973 3416 2065 3469 illo
2093 3416 2238 3469 cultu

647 3516 884 3586 reiecto,
926 3514 1234 3570 christianze
1272 3511 1593 3583 professioni
1634 3524 1829 3565 nomen
1861 3524 1983 3565 cum
2011 3507 2244 3563 Minucio

644 3610 827 3667 Felice
850 3608 1094 3673 dederat,
1128 3604 1306 3661 omnia
1335 3603 1531 3659 Cmcilii
1564 3611 1874 3673 argumenta
1902 3601 1979 3656 sic
2006 3599 2246 3655 funditus

646 3703 864 3769 evertit,
896 3701 1167 3770 lnnlisqtle
1204 3697 1471 3753 rationum
1513 3696 1799 3751 momentis
1826 3695 2135 3751 christiana:
2163 3709 2250 3751 re-

646 3796 865 3868 ligiouis
908 3795 1189 3849 veritatem
1235 3791 1604 3851 demonstrat,
1638 3798 1697 3843 ut
1726 3788 1996 3855 C:ecilius,
2040 3788 2243 3858 gravis-

643 3889 780 3944 sima
812 3886 1173 3957 disputatione
1210 3883 1411 3939 fractus
1445 3899 1506 3937 ac
1538 3883 1693 3953 plane
1722 3882 2022 3947 convictus,
2053 3896 2235 3937 veram

646 3979 962 4049 religionem
986 3976 1111 4033 la'lo
1131 3977 1469 4045 gratantique
1491 3976 1670 4029 animo
1695 3973 1856 4029 fuerit
1881 3974 2235 4044 amplexatus.

644 4071 724 4126 Ac
767 4068 999 4141 primum
1038 4067 1255 4139 quidem
1293 4066 1489 4124 Caecilii
1529 4081 1834 4121 sermonem
1878 4083 1975 4136 pro
2012 4067 2236 4122 deorum

2344 3057 2470 3096 nem
2502 3043 2569 3099 ad
2606 3045 2814 3115 singula
2842 3046 3103 3101 orationis
3131 3046 3431 3105 Caeciliano:
3472 3051 3715 3107 membra
3762 3055 3953 3112 subin-

2341 3133 2465 3190 fert.

2826 3249 2910 3306 CA
2921 3251 3053 3309 PUT
3094 3250 3374 3311 PRIMUM.

2346 3381 2744 3440 Ancoueu'rtnt.
2774 3415 2845 3426 —
2879 3386 2955 3441 Ab
2995 3389 3107 3459 ipso
3146 3390 3340 3460 dialogi
3373 3394 3605 3464 exordio,
3628 3406 3808 3451 narrat
3846 3397 3955 3453 Mi-

2416 3474 2598 3527 nucius
2632 3492 2787 3543 quam
2821 3478 3056 3547 jucunda
3087 3495 3261 3534 eorum
3285 3498 3397 3551 quia
3433 3484 3531 3537 sibi
3558 3501 3674 3539 cum
3712 3486 3951 3554 Octavio,

2417 3565 2537 3617 dum
2580 3566 2721 3637 apud
2764 3583 2817 3621 se
2845 3568 3025 3624 Itonia:
3056 3580 3246 3642 ageret,
3272 3574 3621 3644 contigerant,
3654 3593 3713 3629 ac
3740 3578 3955 3646 potissi-

2422 3673 2559 3711 mum
2613 3659 2824 3729 hujusce
2868 3661 3230 3733 disputationis
3268 3666 3619 3724 recordatione
3654 3668 3955 3727 oblectare-

2423 3759 2524 3804 tur.

2404 3884 2560 3958 l.(t)“
2579 3887 2874 3945 Cosmum
2888 3891 3038 3959 mihi,
3055 3901 3241 3948 etcum
3256 3895 3435 3951 animo
3449 3912 3569 3953 meo
3581 3898 3807 3965 Octavii,
3823 3900 3955 3957 boni

2343 3985 2396 4031 et
2416 3976 2708 4034 ﬁdelissimi
2727 3982 3151 4049 contubernalis,
3168 3988 3480 4042 memoriam
3497 3991 3822 4053 recensenti,
3842 4000 3960 4047 tan-

2346 4079 2395 4123 ta
2417 4070 2645 4128 dulcedo
2661 4082 2715 4128 et
2730 4074 2941 4130 affectio
2964 4075 3443 4148 hominisinhzesit,
3464 4089 3520 4135 ut
3541 4081 3655 4151 ipse
3682 4082 3961 4152 quodam-

1966 4181 2327 4239 VARIORUM
2370 4184 2596 4243 ΝΟΤᾹΞ.

719 4304 796 4360 Μ.
846 4299 1311 4375 Minttcii__14'elic_is.
1331 4298 1516 4375 _Plura
1562 4296 2241 4375 al_inuci:e_gen_tis_cogno-
2269 4299 2314 4361 C
2347 4316 2466 4372 cap.
2500 4320 2571 4358 xv
2600 4313 2654 4360 et
2679 4304 2966 4362 Januarius
2994 4306 3167 4375 plenis
3193 4307 3504 4363 nominibus
3534 4306 3823 4366 Ianuarius
3851 4312 3962 4370 Oc-

645 4378 827 4438 miua,
857 4375 1009 4435 Ruﬁ,
1042 4371 1301 4433 Thermi,
1331 4368 1538 4431 Fausti,
1573 4368 1757 4436 Macri,
1795 4369 2061 4435 Fundani,
2095 4368 2149 4424 et
2190 4371 2243 4423 in

650 4448 732 4500 liis
777 4447 939 4499 etiam
982 4440 1212 4511 Felices.
1262 4438 1432 4494 Vetus
1482 4439 1761 4511 inscriptio
1814 4440 2054 4495 Romana
2108 4440 2252 4511 apud

648 4517 872 4580 Gruter,
907 4527 1027 4584 pag.
1066 4509 1172 4565 918
1204 4526 1219 4564 :

1219 4623 1353 4682 DlIS
1392 4624 1696 4683 MANIBVS

1313 4696 1490 4752 SACR
1501 4698 1592 4750 VM

1235 4770 1299 4838 Q.
1344 4766 1669 4823 MINVCIVS

1327 4839 1560 4895 FELIX.

651 4958 912 5016 Scribitur
935 4971 1035 5029 per
1060 4954 1139 5029 C,_
1157 4956 1425 5029 quia__n_on
1459 4968 1491 5029 ει
1521 4952 1747 5029 minutus
1776 4968 1795 5005 :
1824 4950 1963 5029 quod
1999 4960 2247 5023 correpta

649 5032 809 5087 etiam
838 5022 1040 5100 syllaba
1067 5022 1236 5096 jubet.
1267 5025 1432 5080 Silius
1459 5023 1675 5076 Italicus
1708 5038 1801 5087 vn,
1832 5022 1939 5079 525
1967 5041 1980 5077 :

743 5143 849 5194 Nec
872 5154 1028 5200 mora,
1058 5140 1266 5202 disiecto
1289 5136 1721 5202 Minucivecordia
1746 5136 1871 5187 vallo

740 5204 989 5256 Perdendi
1013 5198 1157 5252 Simul
1183 5207 1236 5252 et
1262 5200 1501 5265 pereundi
1527 5198 1733 5250 ardebat
1749 5212 1932 5314 ametée.

1897 5280 2046 5315 ειιηιιι

725 5373 986 5429 Octavius.
1018 5371 1130 5427 Hoc
1159 5385 1354 5425 nomen
1392 5369 1617 5440 dialogi,
1652 5379 1922 5437 sumptum
1954 5387 1980 5423 a
2010 5371 2249 5441 principe

654 5444 1073 5513 colloquenliuui
1111 5457 1361 5513 persmia.
1397 5451 1454 5495 ut
1481 5440 1672 5513 Cicero
1706 5457 1831 5496 suos
1878 5441 2119 5511 dialogos
2150 5440 2249 5497 Ca-

656 5512 829 5573 tonis,
860 5514 1086 5575 Luculli.
1122 5515 1292 5577 Bruti,
1323 5512 1469 5567 Laelii
1504 5512 1717 5567 nomiae
1750 5515 2096 5580 prtescripxit,
2132 5514 2253 5567 Pla-

654 5597 836 5640 tonem
870 5584 1140 5646 imitatus.
1182 5584 1334 5653 cujus
1382 5582 1727 5652 Phaedonem,
1760 5583 2077 5637 Alcibiadem
2100 5626 2114 5650 ,
2151 5584 2252 5639 So-

654 5667 846 5711 cratem
876 5665 929 5709 et
958 5657 1093 5709 alios
1123 5655 1286 5709 libros
1312 5694 1328 5719 ,
1371 5669 1399 5706 a
1439 5656 1679 5723 principe
1709 5656 2049 5723 colloquentc
2074 5656 2251 5709 nomi-

656 5740 812 5783 natos
842 5725 1121 5781 habemus.
1165 5725 1294 5790 Quis
1331 5723 1489 5777 fuerit
1520 5725 1793 5788 Octavius,
1823 5740 1887 5778 ex
1919 5740 2037 5789 cap.
2068 5741 2081 5777 ι
2113 5736 2163 5779 et
2192 5741 2249 5792 ll,

658 5806 916 5868 quantum
944 5796 1013 5853 de
1038 5812 1105 5852 eo
1136 5793 1291 5852 nobis
1320 5793 1571 5849 traditum
1596 5803 1698 5858 est,
1726 5796 2083 5865 cognoscitur.
2114 5796 2253 5851 Infra

2358 4376 2530 4445 tavius
2556 4377 2875 4445 appellatur.
2923 4374 3115 4432 Cteteri
3161 4380 3521 4435 collocutores
3550 4392 3675 4435 sunt
3704 4379 3961 4439 Cmcilius

2356 4444 2582 4509 Natalis,
2628 4463 2863 4520 paganus
2884 4448 3078 4520 adhuc,
3105 4458 3223 4515 post
3243 4451 3568 4518 Colloquium
3592 4451 3959 4520 Christianus,

2357 4526 2410 4569 ct
2437 4527 2621 4593 noster
2643 4518 2711 4593 ll.
2743 4519 3004 4593 Minucius
3030 4518 3182 4593 Felix
3208 4564 3222 4588 ,
3270 4520 3361 4591 qui
3394 4522 3445 4575 in
3476 4523 3579 4578 hoc
3608 4523 3825 4593 Dialogo
3867 4518 3965 4581 ali-

2356 4588 2569 4656 quando
2597 4591 2712 4667 solo
2728 4590 3061 4660 praenomine
3083 4588 3299 4647 Marcus
3318 4594 3599 4649 vocitatur.
3636 4588 3955 4667 V’ide'capp.

2356 4673 2409 4711 ιιι
2442 4668 2497 4714 et
2525 4675 2576 4713 v.
2611 4662 2845 4715 CELLAR.

2431 4734 2449 4750 '
2491 4728 2560 4785 Ut
2586 4732 2887 4787 accuratior
2917 4731 3232 4788 exhibeatur
3263 4734 3421 4790 unius
3459 4734 3663 4791 codicis
3697 4738 3962 4794 exstantis

2356 4798 2825 4883 dial‘ogiioctavius
2862 4803 3078 4883 collatio
3115 4819 3177 4859 ac
3224 4805 3675 4883 verior__el‘ligies,
3714 4809 3767 4862 in
3810 4818 3961 4883 textu

2355 4880 2482 4924 sunt
2511 4875 3325 4947 interpositinumeri,quorum
3357 4876 3468 4940 alii,
3501 4875 3693 4947 nempe
3725 4880 3958 4941 romani,

2352 4953 2527 5010 capita
2561 4959 2655 5019 seu
2680 4944 3222 5019 divisi_ones_codicis,
3244 4947 3331 5002 alii
3356 4962 3505 5014 vero,
3536 4944 3787 5019 vulgares
3812 4950 3964 5004 scili-

2351 5022 2462 5077 cet,
2492 5012 2747 5071 exhibent
2771 5014 2917 5070 l‘olia.
2962 5015 3093 5072 Enn.

2419 5154 2549 5210 CAP.
2568 5156 3000 5211 L—Fidelissimi
3020 5158 3409 5215 contubernalis.
3429 5160 3673 5217 Buzelius
3688 5161 3754 5217 de
3774 5162 3965 5219 militia

2352 5226 2755 5299 interpretatur,
2792 5230 2932 5297 quod
2959 5231 3163 5285 scilicet
3195 5231 3455 5285 Minucius
3485 5242 3687 5299 noster,
3710 5249 3776 5287 ex
3810 5250 3965 5290 more

2356 5297 2741 5360 Romanorum.
2776 5300 2987 5369 juvenis
3027 5301 3223 5356 Caecilii
3255 5303 3605 5357 contubernio
3628 5297 3756 5358 usus
3781 5304 3965 5360 fuerit.

2360 5369 2456 5423 llic
2490 5372 2828 5439 probandum
2858 5372 2955 5438 ipsi
2987 5371 3265 5435 incumbit,
3290 5388 3357 5427 an
3385 5389 3503 5428 mos
3524 5373 3614 5429 ille
3637 5376 3857 5430 sa‘culis
3878 5391 3968 5432 sc-

2359 5441 2637 5508 quiorihus
2684 5452 2809 5513 tant
2838 5451 3150 5497 constanter
3198 5458 3296 5497 usu
3346 5456 3595 5513 receptus
3637 5448 3899 5501 manserit
3946 5464 3962 5501 :

2360 5528 2482 5586 nam
2510 5512 2577 5566 de
2605 5513 2721 5586 ipso
2763 5511 2994 5586 Minucio
3038 5513 3141 5586 hoc
3171 5529 3308 5570 onus
3334 5511 3595 5586 probandi
3627 5519 3829 5571 nemini
3864 5518 3967 5572 im-

2360 5584 2628 5651 poniuuis.
2678 5583 2864 5637 Melius
2901 5595 2983 5637 est
3038 5585 3088 5637 in
3124 5583 3607 5654 genere'sodalem
3656 5589 3862 5644 laboris
3899 5602 3967 5643 ac

2360 5655 2658 5710 studiorum
2688 5653 3009 5723 intelligere.
3040 5653 3298 5712 Lttvntven.

2436 5724 2600 5779 Tanta
2641 5726 2877 5780 dulcedo.
2903 5725 3236 5795 W0pkenius
3280 5739 3477 5783 tantum
3515 5730 3738 5786 dulcedo
3765 5730 3966 5787 rescri-

2362 5797 2595 5853 bendum
2624 5806 2828 5867 censet,
2861 5798 3039 5854 minus
3070 5809 3237 5856 recte.
3270 5799 3529 5858 LINDNER.
