4218 6268
295 329 409 388 553

1791 333 2145 393 OCTAVIUS.

3501 352 3609 410 254

296 446 468 504 modo
499 445 626 500 mihi
665 445 876 500 viderer
909 446 958 500 in
992 447 1259 516 prmterita
1295 447 1501 512 redire,
1536 463 1639 503 non
1668 464 1729 505 ea
1780 467 1900 520 qua:
1929 453 1976 512 Α
2007 452 2183 517 ribus,
2222 454 2472 508 coiiseius
2503 455 2651 523 ipse,
2693 453 2870 510 socius
2901 454 2953 508 itt
2984 457 3282 524 erroribus,
3315 469 3371 515 et
3398 477 3562 531 quum
3585 509 3601 534 ,

291 543 414 611 jam
440 550 706 596 transacta
729 550 784 595 et
803 541 1032 596 decursa
1055 550 1200 608 sunt,
1231 541 1605 598 recordatione
1628 558 1902 598 revocare.

296 636 381 692 Ila
414 635 528 706 ejus
557 635 961 705 contemplatio.
993 646 1249 707 quantuut
1278 636 1550 692 subtracta
1580 647 1658 692 est
1689 638 1858 692 oculis
1886 680 1900 702 ,

298 737 513 783 tantum
541 727 740 796 pectori
768 743 910 790 meo,
940 743 1003 781 ac
1031 742 1166 797 pene
1194 727 1396 782 inlimis
1423 728 1693 795 sensibus,
1723 728 1900 798 impli-

295 831 421 877 cata
461 829 558 874 est.
593 818 678 892 (ιι)
711 818 816 874 Nec
863 820 1132 874 immerito
1168 819 1452 875 discedens
1482 821 1563 874 vir
1592 822 1818 876 eximius
1849 831 1902 877 et

293 923 516 969 sanctus
547 913 866 966 immensqu
895 913 977 966 sui
1008 912 1334 967 desiderium
1365 913 1516 968 nobis
1541 913 1783 984 reliquit:
1817 923 1900 967 ut-

295 1014 426 1076 pote
453 1020 617 1075 quttm
648 1011 702 1057 et
732 1003 847 1073 ipse
877 1011 1025 1058 tanto
1055 1003 1224 1058 nostri
1253 1019 1468 1072 semper
1497 1021 1681 1060 amore
1709 1005 1900 1075 ﬂagra-

296 1097 458 1160 verit,
483 1104 543 1149 ut
569 1103 624 1151 et
652 1097 705 1149 iu
735 1094 952 1149 ludicris
981 1105 1034 1150 ct
1054 1095 1210 1150 seriis
1241 1096 1353 1165 pari
1379 1111 1590 1150 mecum
1617 1097 1892 1151 voluntate

297 1189 643 1254 concineret,
676 1186 864 1243 eadem
895 1187 1054 1242 vellet
1087 1186 1172 1242 vel
1219 1187 1402 1243 nollet.
1444 1187 1710 1244 Crederes
1739 1204 1897 1243 unam

297 1294 536 1340 mentem
567 1283 618 1339 in
647 1282 860 1338 duobus
890 1281 1054 1338 fuisse
1079 1280 1371 1338 ’divisam:
1394 1283 1470 1339 sic
1494 1283 1642 1340 solus
1670 1283 1720 1338 in
1751 1297 1900 1338 amo-

2008 545 2250 600 discussa
2282 547 2530 618 caligine,
2563 547 2632 602 de
2661 548 3003 603 tenebrarum
3046 550 3313 620 profundo
3345 554 3394 609 in
3429 556 3604 613 lucem

2005 638 2284 708 sapientia:
2311 647 2366 692 et
2393 639 2634 694 veritatis
2663 656 2994 710 emergerem
3018 683 3029 704 ,
3071 658 3175 696 non
3205 647 3407 716 respuit.
3436 653 3608 706 comi-

2008 739 2136 794 tem,
2167 730 2281 796 sed,
2311 731 2452 800 quod
2501 741 2583 786 est
2625 731 2931 801 gloriosius,
2979 737 3345 802 praccuwrrit.
3395 738 3601 812 Itaque,

2005 837 2126 878 cum
2156 840 2248 893 per
2289 825 2594 880 universam
2625 828 2909 882 convictus
2943 831 3110 885 nostri
3137 842 3186 886 et
3221 832 3599 894 familiaritatis

2006 928 2217 974 aetatem
2239 935 2353 973 mea
2372 919 2623 989 cogitatio
2647 922 2969 990 volveretur,
3003 924 3054 977 itt
3081 925 3172 980 illo
3197 929 3463 998 pnecipue
3491 947 3605 987 ser-

2006 1025 2164 1064 mone
2193 1011 2310 1078 ejus
2360 1011 2554 1066 mentis
2595 1028 2726 1066 mere
2768 1014 2963 1068 resedit.
2999 1015 3226 1071 intentio
3251 1059 3264 1084 ,
3303 1036 3409 1089 quo
3437 1022 3607 1079 Cteci-

2003 1100 2154 1166 liutn,
2189 1102 2578 1170 superstitiosis
2611 1105 2934 1160 vanitatibus
2965 1108 3125 1162 etiam
3157 1125 3298 1164 nunc
3339 1111 3607 1170 inhaeren-

2007 1202 2111 1248 tem
2139 1233 2152 1258 ,
2197 1192 2557 1262 di<putatione
2601 1197 2917 1267 gravissima
2959 1199 3026 1254 ad
3065 1216 3245 1258 veram
3290 1203 3605 1277 religionem

2005 1285 2338 1339 reformavit.

1591 1397 1985 1483 'VARIORUM
2021 1397 2252 1455 nom.

373 1521 668 1576 Discedens.
706 1519 787 1574 Ex
831 1526 944 1574 toto
968 1518 1230 1574 orationis
1265 1527 1521 1575 contextu
1557 1519 1760 1589 liquido
1789 1535 1885 1588 pa-

293 1604 374 1649 tet
404 1595 546 1647 hunc
585 1591 856 1661 dialogum
887 1607 915 1644 a
949 1589 1130 1645 Felice
1160 1600 1345 1646 nostro
1376 1601 1498 1660 post
1527 1590 1736 1646 Octavii
1781 1592 1887 1646 fata

294 1666 489 1719 litteris
521 1663 691 1718 fuisse
723 1661 1028 1716 mandatum
1063 1681 1075 1716 :
1109 1674 1435 1733 quapropter
1465 1662 1750 1732 legendum
1793 1664 1882 1717 de—

1987 1524 2065 1590 git.
2091 1538 2119 1600 ς.
2141 1519 2299 1600 Haud
2321 1537 2439 1600 raro
2469 1523 2543 1577 ita
2567 1540 2647 1579 res
2665 1527 2858 1600 eadem
2883 1537 2974 1582 aut
3003 1533 3165 1600 ferme
3195 1535 3371 1589 eadem
3394 1538 3613 1597 diversis

1991 1593 2195 1680 uocibus
2227 1594 2592 1680 ingeminatur,
2628 1599 2758 1650 citra
2783 1615 2939 1667 quam
2977 1593 3176 1680 necesse
3203 1606 3302 1671 sit,
3334 1593 3492 1678 idque
3515 1593 3610 1680 per

1997 1667 2272 1748 οὶσὺνδετωνξ
2317 1674 2372 1748 et
2414 1666 2464 1748 in
2507 1666 2608 1748 hoc
2657 1666 2909 1748 prosecat
2949 1673 3013 1748 ad
3055 1690 3175 1742 cap.
3219 1677 3252 1731 5
3278 1666 3298 1739 ,⁷
3335 1666 3602 1748 emicaret,

293 1737 526 1816 cedens;
547 1734 629 1816 lta_
667 1749 908 1816 persaepe
945 1733 1138 1816 Cicero
1163 1775 1185 1816 .-
1219 1731 1417 1816 aliique
1449 1731 1748 1816 scriptores
1789 1749 1886 1816 op-
1921 1731 1970 1790 Β
1998 1737 2386 1816 emergeret;
2430 1731 2830 1816 indignandum,
2865 1731 3314 1810 indolescendum;
3347 1731 3448 1816 ﬂ;
3467 1731 3607 1807 5,6,1:

294 1809 438 1861 timi.
475 1805 748 1870 Plta-dt'us,
785 1805 881 1858 lib.
911 1820 986 1870 tv,
1017 1803 1128 1859 fab.
1158 1805 1192 1859 4
1223 1822 1236 1852 τ
1275 1805 1501 1872 Quidam
1527 1806 1770 1860 decedens
1796 1815 1895 1860 tres

296 1880 504 1948 reliquit
553 1879 707 1944 ﬁlias.
751 1876 1020 1946 Sulpicius
1058 1876 1273 1943 Seven,
1323 1876 1462 1930 llist.
1505 1893 1666 1939 sacr.,
1705 1877 1801 1931 lib.
1846 1893 1896 1942 ι,

297 1965 421 2019 cap.
457 1950 487 2002 7
521 1966 534 2002 :
570 1949 706 2003 Sara
730 1963 883 2017 quum
909 1948 1176 2016 septimum
1205 1959 1250 2001 et
1279 1949 1568 2002 vicesimum
1600 1965 1758 2016 supra
1779 1965 1896 2001 cen-

300 2018 542 2075 tesimum
581 2036 768 2072 annutn
805 2028 1010 2090 ageret,
1056 2018 1287 2073 decessit.
1330 2020 1420 2075 Sic
1461 2027 1514 2073 et
1545 2019 1669 2072 alibi
1701 2019 1898 2090 passim

294 2092 459 2218 idem,
476 2090 778 2146 historicus.
814 2089 1142 2145 Claudianus
1185 2100 1362 2147 tamen
1396 2090 1449 2146 in
1487 2091 1758 2158 Rulinutu,
1801 2091 1895 2145 lib.

295 2179 361 2218 ιι.
485 2181 497 2217 :

295 2179 361 2232 tt,
392 2170 459 2219 10
485 2181 497 2217 :

1394 2280 1576 2329 Solatia
1603 2279 1739 2330 letho

423 2340 640 2393 Exilium
662 2354 922 2392 commune
953 2341 1105 2401 dabit,
1135 2354 1227 2390 nec
1247 2345 1451 2392 territus
1473 2349 1588 2392 ante

423 2405 684 2455 Discedam
710 2421 722 2466 ;
750 2419 860 2455 cum
886 2406 998 2454 luce
1017 2404 1162 2454 simul
1183 2405 1447 2467 linquenda
1470 2413 1708 2468 potestas.

296 2537 369 2592 At
398 2536 465 2592 ibi
494 2535 709 2606 quidam
731 2533 892 2606 codd.
914 2533 1155 2606 decedam
1182 2543 1274 2587 :et
1296 2550 1420 2588 vere
1440 2533 1686 2606 quidem.
1709 2533 1892 2589 Davis.

297 2608 426 2662 -—Si
455 2604 764 2663 Grunerum
795 2605 983 2660 audias
1011 2606 1062 2658 in
1089 2605 1226 2658 Actis
1246 2606 1436 2660 Societ.
1460 2604 1632 2658 Latin.
1656 2604 1892 2672 Jenens.,

296 2679 405 2734 vol.
433 2694 508 2745 tv,
541 2693 664 2749 pag.
689 2676 797 2732 209
821 2718 834 2740 ,
869 2676 1134 2749 editorum
1163 2678 1324 2749 lectio
1361 2677 1635 2730 retinenda
1655 2717 1671 2742 ,
1702 2677 1893 2749 eodem

297 2765 478 2807 sensu.
509 2747 711 2804 Verum
742 2749 822 2802 vir
860 2748 1102 2801 eruditus
1134 2748 1310 2801 minus
1339 2749 1601 2818 appositis
1629 2747 1895 2816 exemplis

298 2823 349 2877 id
375 2821 657 2875 adstruere
684 2819 1227 2888 videtur;cujusmodi
1245 2830 1399 2874 sunt:
1427 2835 1456 2871 a
1483 2819 1583 2872 vita
1609 2818 1892 2884 discedens,

297 2910 361 2948 ea:
389 2894 491 2946 vita
519 2891 726 2946 discedo
746 2935 759 2957 ,
793 2891 1065 2944 discessum
1099 2907 1129 2942 a
1156 2907 1386 2960 corpore.
1416 2889 1556 2944 Loca
1590 2901 1742 2943 erant
1769 2906 1894 2961 pro—

298 2963 568 3028 ducenda,
596 2963 648 3017 in
680 2961 877 3031 quibus
906 2961 1125 3016 verbum
1159 2961 1362 3016 discedo
1393 2961 1710 3030 simpliciter
1741 2977 1896 3014 usur-

299 3047 510 3106 patum,
538 3034 605 3089 de
631 3049 803 3088 morte
827 3032 1080 3106 absolute
1107 3046 1170 3086 ac
1197 3033 1313 3088 sine
1343 3032 1714 3106 controversia
1745 3033 1890 3106 acci-

300 3102 500 3175 piatur,
567 3122 672 3176 quo
711 3105 880 3176 modo
929 3120 1057 3158 sane
1103 3113 1314 3176 constat
1359 3104 1426 3158 de
1468 3102 1635 3176 verbo
1681 3102 1888 3158 decedo.

301 3174 676 3234 GALLANDI—
704 3174 846 3230 Nihil
889 3185 972 3230 est
1014 3174 1155 3244 quod
1195 3174 1262 3228 de
1303 3184 1476 3229 morte
1515 3174 1752 3243 cogitare
1797 3190 1894 3230 nos

295 3251 504 3317 jubeat,
535 3248 678 3318 quod
711 3247 836 3302 facit
863 3245 1191 3318 Gronovius,
1227 3247 1296 3318 ob
1337 3245 1515 3318 levem
1541 3246 1894 3318 imitationem

299 3315 612 3385 Ciceronis,
645 3317 739 3389 qui
772 3319 823 3372 in
856 3317 1118 3386 principio
1147 3316 1293 3370 Bruti
1321 3318 1398 3370 ait
1426 3334 1439 3369 :
1479 3315 1629 3381 Quod
1650 3317 1725 3369 vir
1755 3333 1898 3386 egre-

299 3394 410 3464 gius
431 3391 745 3464 alienissimo
768 3390 897 3464 reip.
930 3389 1478 3464 temporerestinctus,
1511 3398 1557 3464 et
1579 3389 1897 3464 auctoritatis

299 3458 347 3518 Et
374 3463 661 3533 prudentiae
685 3477 792 3533 sua:
813 3458 954 3533 triste
975 3459 1118 3533 nobis
1136 3459 1440 3513 desiderium
1460 3459 1737 3525 reliquerit.
1763 3458 1896 3533 Nam

301 3531 674 3603 l’scripsisse
707 3531 824 3586 lucc
856 3531 1116 3586 Minucius
1146 3546 1298 3600 atque
1329 3539 1560 3603 poterat_
1580 3539 1699 3603 post
1737 3531 1898 3586 Octa-

299 3605 369 3660 vii
396 3623 426 3660 e
457 3600 629 3658 Roma
662 3603 957 3658 discessum
979 3645 995 3670 ,
1026 3618 1186 3672 quam
1233 3600 1483 3656 mortem.
1535 3600 1594 3652 2°
1641 3600 1896 3656 Memoria

300 3693 408 3731 non
439 3678 618 3730 minus
651 3684 734 3728 est
763 3675 1087 3738 absentium,
1121 3689 1280 3742 quatn
1314 3683 1665 3726 mortuorum.
1700 3675 1758 3728 5°
1792 3673 1896 3728 De-

298 3749 563 3802 sidet-ium
607 3745 765 3800 amici
797 3745 1038 3799 absentis
1068 3753 1152 3798 est
1182 3745 1543 3809 immensum;
1577 3745 1772 3798 mortui
1806 3743 1899 3798 tri-

305 3828 426 3882 ste,
479 3832 578 3872 ncc
619 3816 771 3870 facile
813 3815 1117 3869 ferendum.
1161 3815 1218 3870 4°
1259 3814 1511 3869 Octavius
1558 3823 1682 3869 tunc
1724 3815 1898 3870 adhuc

303 3898 428 3944 erat
453 3889 655 3956 junior,
682 3888 749 3942 ob
776 3887 973 3942 liberos
1002 3886 1254 3941 infantes.
1302 3885 1356 3940 5°
1393 3886 1584 3940 Dubito
1630 3901 1695 3939 an
1730 3887 1896 3941 disce-

301 3961 430 4014 dere
459 3957 770 4026 simpliciter
797 3958 1006 4013 dicatur
1038 3973 1133 4026 pro
1163 3958 1309 4011 mori.
1351 3956 1613 4012 LtNDNElt.

395 4030 484 4084 Vir
521 4029 737 4084 eximius
767 4041 810 4083 et
850 4039 1076 4083 sanctus.
1103 4029 1290 4085 Virum
1320 4039 1547 4081 sanctum
1574 4037 1627 4082 et
1668 4036 1900 4081 sanctam

302 4103 562 4159 feminam
604 4101 766 4157 etiam
806 4100 1010 4155 ethnici
1061 4099 1310 4156 dicebant
1341 4098 1582 4153 moribus
1620 4107 1674 4152 ct
1703 4100 1900 4153 virtute

303 4182 677 4245 prmstantem.
721 4171 876 4244 Apud
917 4171 1286 4245 Christianos,
1329 4171 1419 4239 qui
1465 4168 1643 4245 datam
1687 4167 1900 4245 Christo

304 4239 465 4301 ﬁdem
509 4239 802 4307 servabat]
849 4244 938 4313 qui
981 4243 1249 4312 Baptisma
1292 4257 1447 4296 suum
1489 4240 1720 4313 habebat
1760 4239 1898 4313 inte-

301 4333 457 4388 grttm
481 4356 498 4382 ,
546 4325 756 4388 sanctus
786 4312 1278 4388 appellabatur._Et
1308 4314 1423 4388 haec
1451 4312 1741 4388 appellatio
1773 4312 1901 4388 reli-

302 4383 518 4459 gionem
547 4387 796 4457 designat
827 4383 890 4440 et
929 4399 1128 4459 mores.
1163 4383 1396 4459 _Qu_ud_si
1426 4383 1617 4452 aliquis
1659 4383 1900 4459 moribus

303 4450 565 4529 improbis
605 4450 920 4529 notaretur,
993 4457 1105 4527 jam
1144 4450 1423 4512 desinebat
1463 4450 1584 4509 esse
1621 4462 1675 4510 et
1713 4450 1898 4510 haberi

303 4528 662 4587 Christianus.
699 4528 921 4584 BIGALT.

381 4601 446 4654 Et
477 4602 530 4654 in
560 4600 774 4654 ludicris
805 4609 849 4654 et
879 4600 1044 4654 seriis.
1074 4598 1158 4653 Cl.
1191 4597 1558 4660 Heumannus,
1588 4606 1632 4650 et
1653 4597 1706 4650 in
1726 4597 1894 4652 seriis.

303 4672 418 4729 Sed
443 4671 584 4725 nulla
615 4685 752 4741 opus
780 4671 1093 4726 mutatione.
1130 4673 1325 4724 Amant
1352 4681 1496 4724 certe
1522 4662 1787 4741 ejusmodi
1813 4668 1896 4741 di:

305 4741 472 4799 ceudi
501 4739 816 4812 compendia
861 4751 1070 4797 veteres
1102 4741 1177 4795 illi
1207 4741 1388 4796 sccculi
1420 4739 1641 4812 secundi
1673 4749 1727 4793 et
1757 4739 1900 4794 tertii

307 4822 590 4873 auctores.
629 4811 702 4868 illi
729 4813 994 4884 inprimis,
1026 4813 1116 4883 qtti
1146 4827 1399 4868 sermone
1428 4811 1572 4884 brevi
1601 4819 1655 4864 et
1682 4813 1900 4884 conciso

310 4892 563 4943 utuntur.
615 4894 664 4954 et
707 4881 884 4939 rerum
926 4881 1096 4954 magis
1149 4901 1308 4954 quam
1350 4882 1644 4954 verborum
1691 4881 1899 4950 copiam

305 4965 611 5011 sectantur.
646 4953 725 5010 Ex
752 4955 957 5020 Tacito,
993 4952 1184 5019 Plinio,
1213 4956 1472 5010 Suetonio
1495 4961 1550 5006 et
1578 4952 1718 5006 illius
1768 4964 1900 5006 ana-

307 5029 383 5082 tis
425 5027 580 5092 aliis,
632 5041 738 5081 non
778 5026 1078 5082 dubitarem
1125 5027 1367 5094 exempla
1411 5024 1518 5093 peti
1561 5023 1696 5094 satis
1736 5023 1902 5078 multa

306 5113 494 5168 posse.
526 5097 812 5153 Mesenen.
847 5098 1020 5153 ——Sic
1044 5097 1256 5161 Livius,
1287 5093 1481 5168 ’54,],
1513 5095 1576 5168 μ
1608 5111 1620 5147 :
1652 5093 1830 5168 E_t_t'os
1852 5112 1903 5148 in

304 5164 466 5223 manu
496 5180 542 5223 et
564 5172 840 5223 tutela.....
865 5169 1052 5224 debetis
1073 5170 1256 5223 habere
1277 5183 1385 5222 eas.
1410 5165 1645 5229 Tacitus,
1681 5164 1901 5233 Histor.,

305 5241 345 5295 4
367 5283 382 5305 ,
414 5241 484 5295 56
512 5260 525 5291 τ
562 5239 628 5294 In
651 5241 830 5294 luxum
861 5239 1009 5308 eﬂ'usi
1048 5251 1095 5295 et
1129 5240 1305 5309 epulas
1334 5249 1380 5292 et
1421 5247 1693 5309 nocturnos
1727 5247 1899 5309 cretus.

303 5311 537 5373 Plinius.
575 5312 863 5382 Panegyr.,
893 5314 987 5376 2|,
1017 5313 1085 5368 ὃς
1112 5310 1180 5365 In
1209 5310 1392 5365 animis
1419 5308 1603 5362 nostris
1629 5317 1676 5361 et
1690 5308 1906 5377 jttdtciis

305 5399 425 5439 eras
454 5395 596 5452 pater
628 5387 830 5452 patriw.
864 5383 1123 5442 litNDNt-zn.

386 5450 583 5508 Eadem
610 5450 755 5508 uellet
779 5457 852 5508 vel
879 5456 1053 5510 nollet.
1105 5455 1195 5510 Sic
1220 5453 1387 5509 edidit
1414 5450 1693 5516 Heratldus,
1727 5459 1911 5506 aucto-

305 5526 494 5588 ritate,
524 5526 579 5580 ni
609 5525 786 5589 fallor,
819 5540 918 5580 ms.
941 5527 1589 5597 regii.Rigaltiusvero_ct
1613 5523 1720 5597 Sig.
1749 5520 1911 5597 Gele-

307 5597 440 5652 nius
467 5597 664 5651 habent
689 5597 866 5651 eadem
895 5593 1026 5653 uelle
1050 5600 1125 5653 vel
1166 5593 1300 5652 nolle
1321 5638 1334 5662 ,
1381 5595 1522 5666 quod
1565 5594 1798 5666 explicat
1834 5593 1908 5650 cl.

313 5666 593 5738 Qrunerns
637 5685 732 5738 per
773 5669 979 5723 inlinita
1027 5679 1268 5724 naturam
1317 5663 1594 5722 nominum
1632 5663 1911 5738 habentia.

312 5736 655 5811 wopkenius
680 5783 693 5804 ,
727 5741 814 5795 cui
855 5741 1090 5811 glossam
1133 5754 1324 5811 sapere
1359 5736 1713 5811 quatuor_h_a:
1753 5750 1913 5793 voces

311 5806 594 5874 Videntur,
636 5811 778 5865 nullo
825 5806 987 5866 niodo
1032 5823 1112 5866 est
1160 5806 1474 5867 audiendus.
1508 5806 1613 5863 Sed
1655 5809 1767 5878 ipse
1793 5849 1808 5874 ,
1860 5817 1916 5864 ut

311 5880 643 5958 conjectura:
673 5881 799 5938 huic
825 5899 938 5937 sua:
976 5899 1160 5949 parum
1189 5883 1449 5952 conlisus,
1483 5883 1662 5939 statim
1695 5880 1915 5955 subjun-

635 5975 919 6044 Psrsos.
949 5974 1055 6042 lll.

2005 1807 2434 1887 tuis,_ea;tinctis;
2472 1807 2562 1887 δῇ
2596 1812 2710 1887 ω’ἱ,Δ
2740 1814 2958 1887 cremari
2984 1832 3000 1876 ;
3031 1816 3100 1868 24
3123 1857 3137 1881 ,
3169 1807 3354 1887 sciunt,
3395 1807 3606 1881 norunt.

2005 1878 2083 1953 Cl.
2133 1878 2484 1953 lleumautttts
2520 1880 2592 1933 ita
2625 1881 2735 1953 vult
2785 1881 2885 1952 legi
2922 1897 2936 1936 :
2968 1878 3251 1940 concineret
3277 1932 3292 1953 ,
3336 1878 3383 1944 et
3426 1878 3606 1950 eadem

2004 1949 2081 2002 vel
2110 1949 2254 2024 uellet
2283 1950 2361 2003 vel
2398 1951 2576 2005 nollet.
2617 1951 2723 2007 Sed
2757 1949 2886 2006 usus
2925 1949 3361 2024 frequentissime
3391 1962 3493 2018 hoc
3522 1949 3606 2021 di;

2003 2020 2156 2097 cendi
2187 2036 2385 2097 genere
2413 2029 2627 2097 veteres
2668 2033 2936 2086 auctores,
2988 2020 3252 2097 exemplis
3287 2042 3369 2086 sat
3426 2020 3607 2094 multis

2005 2090 2380 2177 probgt‘F.nO.
2410 2092 2780 2177 lllencltenius,
2813 2097 3008 2177 quibus
3041 2090 3182 2177 addo
3214 2101 3378 2177 Plin,
3412 2105 3503 2159 lib.
3537 2090 3602 2177 x7,

2003 2160 2103 2231 Ep.
2137 2163 2240 2218 5'0:
2279 2163 2520 2231 Superest
2547 2174 2602 2217 ut
2628 2175 2690 2218 tn-
2713 2160 3003 2221 libratorem
3030 2171 3106 2223 uel
3127 2160 3456 2229 architectum
3483 2160 3605 2232 mit:

2003 2242 2100 2286 tas.
2147 2233 2357 2289 Plorusi
2379 2277 2393 2300 ,
2423 2234 2456 2287 9
2478 2277 2498 2306 ,ν
2529 2236 2596 2290 10
2622 2255 2635 2290 :
2666 2235 2750 2290 Ne
2778 2246 3000 2306 potestas
3039 2242 3316 2298 solitudine
3339 2246 3418 2298 vel
3459 2265 3605 2304 mora

2001 2316 2430 2388 c.0rruiitperetut'.
2457 2305 2718 2388 Minucius
2735 2305 2947 2388 noster,
2971 2311 3041 2367 20
3061 2330 3070 2363 :
3093 2315 3382 2388 Antiquitas
3403 2321 3607 2388 fabellis

2000 2376 2364 2455 delectata-vel
2391 2387 2562 2455 capta.
2592 2377 2694 2455 ld_.,
2734 2377 2838 2455 2’5:
2872 2378 3119 2455 Quorum_
3130 2376 3239 2437 cibo
3271 2388 3347 2441 vel
3372 2376 3603 2455 fastidio.

2005 2445 2212 2530 Itaque,
2235 2448 2404 2530 simul
2450 2445 2620 2530 vulgo.
2654 2449 2849 2530 legitur
2872 2451 3322 2530 dicereFelicem
3346 2445 3603 2530 potuisse,

2001 2532 2108 2571 non
2135 2527 2220 2572 est
2243 2517 2504 2582 dubium;
2537 2517 2773 2574 voluisse
2801 2533 2982 2576 autem
3008 2563 3022 2587 ,
3056 2524 3154 2577 hor
3185 2517 3392 2581 facilius
3421 2517 3604 2587 credi:

1999 2588 2192 2666 derint,
2240 2604 2345 2658 quo
2376 2590 2554 2666 magis
2575 2591 2689 2659 ipse
2715 2591 3011 2666 cavendum
3045 2594 3377 2666 intelligi-bat
3414 2617 3480 2654 ne
3507 2604 3603 2658 de-

2002 2659 2189 2714 licatas
2218 2675 2374 2714 aures
2406 2658 2494 2713 illa
2523 2658 2656 2714 duas
2683 2661 2925 2729 ejusdem
2959 2661 3144 2718 fornae
3172 2658 3244 2720 ac
3261 2669 3378 2722 soni
3439 2687 3605 2728 vocu-

2000 2731 2078 2785 las
2106 2730 2384 2798 repetendi
2416 2732 2552 2784 ratio
2584 2731 2903 2787 ollenderet.
2942 2733 3207 2791 LINDNER.

2071 2801 2313 2856 Crederes
2350 2818 2505 2855 unam
2547 2813 2856 2858 mentem....
2900 2805 3135 2862 divisam.
3178 2807 3320 2862 Nihil
3363 2811 3415 2866 in
3459 2812 3606 2871 hisce

2001 2873 2184 2957 verbis
2212 2874 2352 2955 inest
2392 2872 2524 2926 vitii.
2562 2873 2870 2957 Lactantius
3016 2878 3178 2957 Mart;
3205 2878 3437 2957 Persea,
3477 2900 3598 2957 cap,

1997 2943 2222 3024 8-:-Nec
2265 2945 2403 3024 enim
2451 2955 2654 3012 possent
2683 2945 2734 2998 in
2761 2945 2987 3024 amicitia
3013 2957 3121 3024 tam
3143 2951 3282 3024 ﬁdeli
3310 2943 3600 3024 conterere,

1999 3015 2098 3092 nisi
2127 3025 2252 3092 esset
2273 3016 2331 3092 in
2361 3025 2571 3092 utroque
2599 3032 2736 3092 mens
2765 3033 2886 3069 una.
2923 3017 3061 3074 Vide
3088 3015 3336 3092 Persium
3362 3067 3377 3090 ,
3403 3027 3516 3080 Sat.
3547 3015 3603 3092 νζ

1997 3087 2107 3170 25",
2133 3087 2286 3170 etnitbi
2316 3087 2562 3170 scholia;
2592 3097 2647 3143 et
2674 3086 3061 3158 Hieronymum
3084 3132 3100 3157 ,
3148 3090 3325 3163 Epist.
3365 3086 3388 3149 ἰ
3432 3108 3485 3152 ct
3514 3086 3603 3170 xv,

2001 3157 2134 3213 edit.
2173 3157 2279 3211 BB.
2313 3157 2497 3212 DAVIS.

2077 3228 2166 3283 Sic
2187 3229 2330 3309 solus
2352 3228 2942 3309 iit_aittorilitts_cortscius
2956 3233 3074 3309 ipse
3093 3235 3280 3309 socius.
3309 3237 3435 3293 Haec
3456 3242 3607 3309 equi-

2001 3299 2124 3354 dem
2156 3300 2233 3354 sic
2259 3299 2498 3370 intelligo
2525 3317 2537 3352 :
2573 3299 2664 3354 Sic
2689 3301 2731 3354 is
2759 3302 2845 3371 qui
2872 3299 2999 3356 mihi
3024 3306 3164 3359 solus
3191 3317 3296 3360 erat
3326 3311 3377 3362 in
3408 3299 3604 3367 amori-

2004 3371 2112 3434 bus,
2140 3372 2287 3442 cujus
2317 3372 2390 3424 rei
2414 3372 2552 3425 testis
2575 3373 2784 3442 estripse
2811 3373 3236 3442 locupletissimus
3259 3381 3607 3442 socius,etiam

2003 3443 2103 3522 fuit
2205 3442 2590 3522 erroribumﬁn
2623 3441 2855 3522 ξίιίριριμι
2885 3441 3058 3522 locum
3091 3449 3230 3522 apud
3261 3441 3603 3522 Ciceronem,

2003 3515 2091 3592 qui
2123 3514 2216 3568 lib.
2235 3529 2332 3592 vn,
2365 3513 2463 3592 Eﬁp.
2492 3513 2679 3592 33,_de
2708 3515 2941 3592 Curione
2969 3519 3090 3592 ita:
3123 3513 3217 3574 Est
3241 3522 3384 3586 milii,
3411 3533 3462 3577 ut
3484 3513 3602 3592 scis,

2003 3586 2054 3638 in
2081 3585 2360 3639 amoribus.
2391 3585 2544 3652 Quod
2569 3584 2764 3640 Minue.
2796 3585 3026 3643 fortasse
3050 3589 3120 3642 ita
3148 3601 3290 3646 esset
3317 3584 3562 3651 elocutus
3586 3584 3601 3649 Ξ

2009 3654 2104 3710 Est
2134 3655 2258 3710 mihi
2297 3657 2530 3710 conscius
2569 3657 2696 3725 ipse,
2730 3657 2780 3710 in
2809 3660 3088 3713 amoribus.
3132 3661 3441 3718 Sclteﬂ'erus
3472 3667 3605 3723 illud

2003 3729 2238 3782 conscius
2267 3727 2413 3781 delet
2447 3735 2502 3782 et
2533 3727 2602 3780 ita
2634 3727 2914 3797 legendum
2955 3740 3142 3785 censet
3174 3750 3187 3786 :
3231 3733 3322 3788 Sic
3351 3738 3518 3791 socius
3550 3739 3605 3792 in

2002 3799 2259 3852 amoribus
2288 3798 2418 3865 ipse,
2447 3798 2613 3851 socius
2638 3799 2689 3851 in
2721 3801 2994 3854 erroribus.
3026 3800 3332 3859 Gronovius
3359 3807 3429 3861 ita
3463 3827 3474 3860 :
3513 3810 3604 3865 Sic

2003 3868 2225 3945 sol-us‘in
2259 3869 2517 3945 amoribus
2547 3871 2798 3945 conscius,
2836 3872 3136 3945 ipsesocius
3161 3875 3214 3927 in
3241 3878 3516 3945 erroribus,
3549 3890 3605 3935 et

2002 3939 2116 3993 vult
2143 3939 2423 3993 Octavium
2455 3939 2540 4018 his
2566 3941 2742 3993 verbis
2766 3943 2834 3995 de
2859 3939 2927 3996 ise
2958 3943 3130 4018 ipsum
3167 3946 3432 4010 conliteri,
3460 3939 3604 4018 quod

2006 4025 2254 4065 venerem
2299 4010 2601 4077 promiscue
2639 4021 2985 4078 spargerent,
3025 4013 3152 4066 dum
3199 4031 3350 4072 more
3388 4010 3601 4075 illorum

2004 4081 2420 4135 adolescentiam
2455 4079 2523 4131 ab
2555 4094 2615 4133 se
2640 4089 2813 4134 actam
2846 4081 3064 4136 fatetur.
3104 4083 3452 4142 Heumannus
3481 4092 3549 4142 ita
3585 4109 3598 4143 :

2007 4152 2097 4207 Sic
2128 4151 2267 4205 solus
2306 4151 2356 4202 in
2398 4148 2656 4204 amoribus
2695 4151 2828 4219 ipsi,
2877 4154 3040 4205 socius
3084 4153 3135 4206 in
3165 4158 3452 4220 erroribus,
3488 4177 3602 4212 cum

2005 4223 2249 4298 discussa
2285 4221 2570 4298 caligine...
2612 4237 2932 4298 emergerem.
2971 4221 3158 4278 Causa:
3223 4239 3320 4279 cur
3357 4231 3604 4298 acquies-

2004 4294 2205 4368 cere_in
2238 4295 2338 4348 hac
2363 4291 2760 4368 emendatione
2781 4309 3042 4368 nequeam
3065 4335 3078 4360 ,
3121 4304 3246 4349 sunt
3285 4315 3298 4351 :
3328 4291 3558 4368 prin-tum
3582 4345 3598 4367 ,

2005 4364 2144 4435 quod
2177 4379 2335 4438 voices
2362 4363 2566 4432 aliquot
2592 4363 2870 4438 ejiciendte
2909 4374 3070 4438 sunt,
3116 4368 3290 4436 quod,
3328 4363 3601 4438 quomodo

2004 4437 2464 4512 excusariqueal.
2489 4449 2603 4512 non
2632 4435 3033 4512 video_:_deinde
3061 4435 3184 4512 pars
3207 4435 3468 4512 orationis
3500 4462 3600 4512 op.

1924 4516 1979 4578 ι)
2007 4507 2134 4562 lima
2164 4506 2382 4578 excidit.
2411 4505 2533 4578 Tria
2574 4505 2716 4578 enim
2759 4506 2952 4578 Minue.
2982 4509 3050 4562 de
3075 4508 3302 4564 Octavio
3330 4529 3427 4568 suo
3455 4505 3603 4570 al'li'r-

2005 4587 2133 4644 mat,
2163 4578 2218 4632 1⁸
2249 4577 2388 4650 quod
2403 4577 2620 4650 amicus
2651 4575 2844 4644 fuerit;
2871 4577 2930 4631 2°
2959 4581 3100 4650 quod
3124 4595 3188 4634 ex
3215 4582 3295 4636 sui
3324 4599 3508 4646 amore
3526 4588 3602 4644 εἰ⁴

2002 4651 2114 4704 mul
2146 4647 2320 4704 errori
2349 4647 2669 4714 adlneserit;
2707 4650 2764 4703 '5"
2797 4651 2937 4717 quod
2971 4647 3037 4705 ex
3071 4667 3256 4707 errore
3285 4655 3440 4710 simul
3478 4674 3602 4715 cum

2002 4738 2068 4776 eo
2103 4721 2155 4775 in
2188 4721 2364 4775 lucem
2395 4720 2636 4774 veritatis
2669 4721 2907 4776 redierit.
2946 4721 3042 4776 Hic
3073 4737 3222 4789 vero,
3255 4741 3320 4778 ex
3349 4731 3604 4784 emenda-

2004 4791 2152 4847 tione
2182 4791 2587 4846 Heumanniana
2621 4793 2922 4847 membrum
2964 4794 3260 4849 secundum
3290 4796 3461 4850 abest.
3495 4799 3604 4855 0b—

2004 4874 2183 4919 servet
2218 4865 2439 4932 insuper
2479 4863 2648 4935 lcetor
2692 4864 2992 4933 elegantem
3052 4867 3451 4935 paronomasiu,
3477 4886 3604 4925 con-

2009 4935 2141 4989 scius
2168 4943 2222 4990 et
2246 4931 2435 4998 socius,
2458 4931 2716 4988 amoribus
2749 4931 2803 4988 et
2829 4931 3101 4988 erroribus.
3130 4934 3385 4990 LINDNER.

2081 5006 2365 5080 Sapientia:
2406 5014 2452 5080 et
2497 5003 2757 5080 veriqttis.
2815 5004 2927 5080 l-loc
2968 5015 3090 5080 est,_
3118 5021 3258 5080 vera:
3303 5007 3598 5080 sapientiae,

2008 5092 2202 5146 nempe
2231 5074 2564 5131 christianze.
2605 5075 2700 5146 Sic
2731 5076 2947 5144 feminas
2976 5076 3281 5142 sapientiam
3311 5074 3603 5135 consecutus

2009 5145 2148 5202 dixit
2165 5146 2547 5219 Tertullianus.
2575 5145 2936 5219 Christianas;
2962 5155 3016 5199 et
3043 5146 3305 5219 socratam
3330 5165 3510 5219 sapere
3535 5153 3604 5206 ad

2008 5220 2265 5272 veritatem
2287 5259 2300 5280 ,
2331 5231 2454 5270 cum
2480 5216 2547 5270 ad
2574 5216 3003 5271 Christianorum
3027 5215 3162 5272 scita
3200 5215 3420 5291 propius
3445 5237 3602 5279 accc-

2009 5289 2191 5344 debat.
2224 5289 2535 5342 thsutus.

2049 5291 2191 5345 ebat.
2224 5289 2535 5342 thsutus.

2087 5379 2451 5434 Prtecueurrit.
2478 5378 2569 5433 Sic
2605 5379 2658 5433 in
2695 5392 2796 5432 nts.
2826 5387 2931 5444 est;
2962 5387 3017 5433 at
3057 5379 3111 5436 in
3147 5379 3380 5438 editione
3407 5384 3607 5446 Roma-

2013 5467 2102 5518 tta,
2137 5467 2256 5519 qua:
2276 5451 2518 5506 omnium
2545 5458 2629 5504 est
2656 5449 2847 5518 prima,
2878 5452 3166 5520 prwcurrit.
3193 5453 3298 5508 Sed
3328 5455 3458 5512 nihil
3489 5476 3607 5516 mu-

2015 5522 2235 5580 tandum
2277 5531 2463 5577 eontra
2507 5534 2609 5575 ms.
2656 5522 3052 5578 auctoritatem.
3099 5522 3266 5578 Habet
3314 5528 3449 5582 hanc
3493 5531 3608 5586 lor-

2015 5611 2155 5651 mam
2185 5593 2424 5655 Plautus,
2466 5591 2794 5659 Meruechm.,
2825 5593 2880 5660 5,
2909 5593 2972 5656 8,
3006 5593 3061 5648 8.
3111 5593 3266 5650 Conl’.
3301 5595 3368 5652 de
3399 5615 3610 5655 concur-

2017 5683 2147 5741 rere,
2177 5665 2465 5741 decurrere,
2498 5679 2812 5733 procurrere,
2849 5664 3036 5719 eadem
3068 5667 3233 5741 fortna
3267 5666 3605 5741 Freinsltem,

2017 5739 2069 5792 in
2099 5736 2280 5791 Indice
2305 5735 2372 5790 ad
2397 5734 2634 5799 Florum,
2659 5750 2713 5789 v.
2746 5751 3059 5790 concurrere.
3095 5735 3355 5792 LINDNER.

2093 5809 2265 5863 Etiam
2292 5824 2424 5861 nunc
2450 5807 2797 5860 inliwrentem.
2828 5808 2915 5863 Sic
2953 5807 3191 5875 loquitur
3218 5809 3478 5867 Minucius
3524 5831 3612 5871 re-

1997 5882 2257 5958 spiciens
2285 5881 2353 5941 ad
2382 5877 2517 5941 illud
2545 5879 2804 5954 temporis
2843 5879 2956 5937 sive
2987 5879 3183 5948 negotii
3215 5881 3358 5953 quod
3379 5881 3501 5944 heic
3519 5885 3620 5948 de-

3028 5970 3090 6038 8.
