4218 6268
319 407 426 464 2H

1733 405 2096 465 OCTAVIUS.

3537 421 3647 477 212

325 520 476 575 tione
529 516 742 584 ridete;
787 515 882 573 sed
941 525 1142 582 tacens,
1191 516 1402 581 anxius,
1452 527 1782 590 segregatus,
1831 517 1929 574 do-
1959 518 2012 579 Α
2039 526 2416 589 protegerent;
2447 533 2546 578 nec
2574 521 2677 578 hoc
2705 523 2948 596 obsequii
2994 523 3110 590 fuit,
3167 535 3257 583 aut
3298 527 3501 585 ordinis
3549 540 3645 588 aut

323 612 447 668 lere
478 611 659 667 nescio
687 610 818 682 quid
864 610 1013 664 vultu
1045 609 1327 665 fatebatur.
1363 609 1458 665 Cui
1484 625 1583 681 ego
1615 630 1629 667 :
1656 609 1796 678 Quid
1829 610 1931 666 hoc

319 715 408 762 est
438 704 550 760 rei?
579 719 675 759 cur
721 717 828 757 non
868 717 1124 773 agnosco,
1157 702 1356 769 Caecili,
1403 702 1733 758 alacritatem
1784 712 1928 758 tuam

320 799 470 854 illam
497 798 522 849 ?
548 809 599 853 et
623 797 767 852 illam
798 795 1076 851 oculorum
1120 796 1280 850 etiam
1320 795 1374 849 in
1400 795 1557 850 seriis
1605 794 1926 851 hilaritatem

317 891 584 963 requiro?
625 891 760 945 Tum
813 888 1301 944 illezlamdudum
1352 903 1440 945 me
1495 886 1702 945 Octavii
1757 891 1926 947 nostri

312 987 519 1042 acriter
547 986 698 1055 angit
723 993 777 1039 et
805 982 1081 1040 remordet
1106 983 1302 1046 oratio,
1353 998 1477 1054 qua,
1506 983 1559 1038 in
1582 991 1636 1038 te
1657 983 1922 1052 invectus,

313 1081 625 1151 objurgavit
645 1079 1000 1150 negligentiae,
1015 1086 1075 1132 ut
1092 1093 1178 1133 me
1193 1075 1597 1133 dissimulanter
1607 1079 1822 1149 gravius
1839 1092 1926 1135 ar—

319 1182 509 1246 gueret
525 1171 1030 1241 inscientianltaqne
1046 1171 1356 1240 progrediar
1379 1169 1630 1226 ulterius:
1647 1170 1712 1226 de
1739 1180 1850 1226 toto
1871 1181 1925 1228 et

321 1266 536 1337 integro
549 1266 675 1320 mihi
698 1279 818 1319 cum
834 1263 964 1320 Octa
974 1263 1147 1319 viores
1171 1271 1269 1318 cst.
1289 1263 1345 1320 Si
1363 1263 1532 1332 placet
1553 1273 1607 1318 ut
1629 1264 1793 1334 ipsius
1807 1280 1922 1321 sec-

315 1370 386 1416 tae
415 1361 575 1414 homo
600 1355 1105 1428 cumeodisputem,
1128 1356 1236 1425 jam
1255 1354 1496 1426 profecto
1515 1355 1774 1427 intelliget
1794 1357 1921 1413 faci-

311 1454 421 1510 lius
434 1469 556 1510 esse
575 1453 627 1508 in
647 1451 1122 1507 contubernalibus
1140 1449 1436 1518 disputare,
1453 1466 1611 1519 quam
1633 1466 1921 1508 conserere

315 1547 644 1619 sapientium
677 1546 874 1612 modo;
908 1545 1068 1600 modo
1099 1545 1152 1599 in
1191 1545 1306 1599 istis
1343 1544 1409 1600 ad
1443 1545 1662 1600 tutelam
1705 1547 1922 1602 balnea—

313 1659 434 1700 rum
465 1643 644 1713 iactis,
668 1650 723 1695 et
754 1642 807 1696 in
835 1639 1002 1695 altttm
1051 1640 1490 1710 procurrentibus
1520 1649 1794 1710 petrarum
1823 1641 1919 1696 ob-

312 1736 482 1792 icibus
512 1733 830 1800 residamus,
865 1743 922 1787 ιιι
948 1741 1001 1786 et
1038 1733 1378 1803 requiescere
1425 1732 1492 1788 de
1532 1734 1719 1789 itinere
1756 1734 1921 1804 possi-

317 1843 445 1883 mus
468 1836 525 1882 et
549 1826 808 1882 intentius
851 1825 1144 1895 disputare.
1173 1824 1241 1880 Et
1268 1841 1390 1880 cum
1418 1825 1562 1881 dicto
1577 1826 1694 1895 ejus
1712 1827 1916 1884 assedi-

2041 611 2062 642 ⁸
2083 609 2326 678 honoris,
2348 614 2544 686 quippe
2571 629 2692 669 cum
2715 616 2947 672 amicitia
2971 632 3124 688 pares
3150 633 3366 690 semper
3387 631 3477 677 aut
3496 625 3641 679 acci-

2037 703 2146 773 piat
2189 712 2278 758 aut
2309 704 2485 773 faciat,
2542 706 2636 761 sed
2671 717 2730 761 ut
2755 709 2975 776 arbiter,
3005 719 3058 766 et
3086 713 3297 784 utrique
3340 717 3639 786 proximus,

2034 811 2195 852 aures
2222 797 2427 863 darem,
2445 806 2496 853 et
2512 799 2871 870 disceptantes
2891 803 3026 858 duos
3043 804 3250 862 medius
3269 823 3632 882 segregarem.

2035 889 2170 945 Tum
2198 890 2276 946 sic
2301 889 2548 948 Caecilius
2569 907 2795 950 exorsus
2825 906 2946 951 est:

2655 1028 2885 1086 CAPUT
2936 1030 3002 1087 ν.

2031 1183 2426 1239 Ancum-3mm.
2453 1184 2952 1258 --Disputationem
3002 1207 3149 1247 suam
3192 1196 3497 1266 aggreditur
3527 1199 3640 1255 Cte-

2102 1279 2253 1332 cilius
2284 1296 2302 1331 :
2343 1288 2391 1333 et
2418 1280 2638 1349 primum
2667 1283 2868 1350 quidem
2904 1286 3074 1339 omnia
3102 1288 3156 1341 in
3205 1289 3354 1344 rebus
3400 1293 3638 1349 Immanis

2101 1369 2254 1423 dubia
2279 1381 2323 1424 et
2351 1371 2580 1436 incerta;
2609 1373 2834 1443 adeoque
2860 1376 3134 1431 dolendum
3164 1381 3300 1450 quod
3332 1379 3632 1449 Christiani,

2097 1462 2247 1515 rudes
2269 1463 2562 1534 plerumque
2586 1474 2630 1517 et
2656 1464 2925 1533 illitterati,
2951 1469 3014 1522 de
3038 1485 3236 1524 summa
3265 1489 3435 1527 rerum
3461 1492 3520 1528 ac
3549 1478 3632 1529 di-

2097 1554 2214 1606 vina
2251 1555 2515 1624 majestate
2539 1555 2735 1624 aliquid
2780 1559 2903 1611 certi
2944 1557 3211 1615 decernere
3238 1563 3486 1629 audeant;
3511 1566 3631 1620 hinc

2095 1647 2238 1702 nulla
2266 1647 2579 1716 providentia
2595 1649 2836 1703 mundum
2859 1652 2961 1721 regi
2977 1655 3165 1722 arguit,
3184 1657 3534 1728 concluditque
3545 1676 3602 1715 stt
3616 1689 3630 1702 -

2096 1740 2195 1795 tius
2223 1755 2329 1796 esse
2355 1739 2553 1795 traditis
2575 1741 2903 1810 religionibus
2931 1744 3211 1804 adhwrere.

312 1937 438 1978 mus
487 1922 557 1977 ita
605 1931 662 1977 ut
708 1936 794 1976 me
824 1935 892 1976 ex
940 1920 1108 1975 tribus
1154 1918 1388 1975 medium
1420 1919 1601 1977 lateris
1628 1923 1920 1982 ambitione
1949 1919 1996 1979 Β
2024 1925 2358 1996 Quamquam
2389 1925 2504 1993 tibi,
2534 1924 2708 1982 Marce
2736 1924 2922 1994 frater,
2968 1927 3036 1986 de
3079 1945 3186 2002 quo
3223 1933 3454 1991 maxime
3475 1950 3629 2007 qure-

1679 2035 2039 2096 VARIORUM
2077 2037 2307 2094 NOTAE.

310 2150 468 2208 verbi
493 2151 658 2222 carpit,
696 2150 894 2219 ubique
942 2149 1070 2222 fere
1107 2149 1307 2222 aliquid
1353 2150 1596 2206 dissoluti
1631 2149 1830 2207 habent
1855 2161 1910 2208 et

309 2225 518 2294 positos
547 2221 867 2294 inveniesgin
899 2221 1130 2294 tristitia,
1159 2221 1497 2294 cenfusioiie,
1530 2222 1905 2292 trepidatione.

307 2291 488 2350 Crsar
512 2295 573 2347 de
603 2293 736 2349 Bell.
767 2293 907 2349 Gall.
942 2294 995 2360 1,
1022 2292 1092 2349 52
1116 2313 1128 2346 :
1149 2291 1299 2348 Nihil
1317 2293 1541 2363 Sequani
1567 2291 1870 2361 respondere
1889 2337 1904 2359 ,

305 2368 393 2421 sed
417 2369 470 2420 in
495 2365 671 2420 eadem
697 2366 901 2436 tristitia
927 2366 1067 2418 taciti
1087 2381 1402 2436 permanere.
1432 2365 1508 2419 Id.
1541 2380 1589 2419 c.
1618 2364 1685 2419 16
1716 2384 1729 2419 :
1757 2365 1907 2421 Diem

304 2453 369 2491 ea:
422 2438 508 2490 die
547 2439 730 2491 ducere
779 2435 965 2504 Edui,
1016 2435 1258 2506 conferri,
1310 2437 1654 2505 comportari,
1709 2437 1904 2502 adesse,

305 2509 495 2562 dicere.
530 2507 728 2562 Eadem
751 2509 888 2562 ratio
912 2517 993 2562 est
1015 2508 1317 2578 Asyndetor.
1343 2508 1600 2563 LINDNER.

377 2579 610 2644 Taceas,
669 2580 889 2642 anxius,
943 2591 1251 2650 segregatus.
1312 2580 1576 2634 Deseribit
1633 2578 1905 2635 hominem

302 2661 551 2705 vexatum
586 2651 910 2704 mmrtirihus
934 2662 988 2720 et
1034 2652 1177 2705 curis
1209 2652 1512 2710 ingentibus
1567 2651 1742 2720 qualis
1789 2661 1906 2706 erat

306 2720 525 2794 Homeri
557 2721 907 2794 Bellerophon
941 2719 1121 2794 (Iliad.
1152 2721 1214 2781 Z.
1243 2721 1391 2793 201).
1439 2722 1662 2778 RIGALT.

372 2792 703 2863 Segregntns,
730 2793 900 2847 dolere
924 2792 1088 2846 nescio
1101 2795 1222 2864 quid
1239 2795 1375 2848 vultu
1403 2794 1675 2862 fatebatur.
1697 2793 1905 2848 incom-

301 2866 460 2919 mode
509 2865 731 2917 omnino
773 2879 874 2919 ms.
925 2880 1035 2936 reg.
1071 2875 1124 2918 et
1153 2866 1303 2919 editt.
1339 2865 1591 2919 exhibent
1615 2876 1906 2936 segregatus

299 2938 498 2998 dolore,
532 2937 698 2989 nescio
741 2936 865 3006 quid
913 2935 1051 2988 vultu
1106 2938 1377 3007 fatebatur,
1424 2935 1708 3007 ali'ectuum
1758 2935 1901 2990 enim

300 3007 464 3061 index
493 3016 575 3060 est
603 3007 798 3065 vultus.
830 3023 987 3076 quem
1033 3017 1313 3076 propterea
1342 3007 1533 3062 Cicero
1581 3009 1631 3060 in
1665 3006 1903 3061 Pisonem

302 3079 511 3132 vocarit
562 3093 839 3130 sermonem
888 3078 1154 3145 quemdam
1214 3081 1421 3132 tacitum
1453 3079 1651 3132 mentis.
1685 3079 1817 3134 Vide
1848 3087 1902 3132 et

305 3150 475 3219 0min,
505 3149 592 3202 lib.
627 3165 660 3210 ι,
686 3165 804 3216 cap.
852 3149 944 3203 29.
1009 3149 1504 3205 D.\\'ts.—Dolere.
1562 3151 1616 3203 In
1669 3166 1768 3204 ms.
1818 3159 1901 3204 est

2016 2153 2068 2208 iu
2097 2154 2205 2208 istis
2250 2155 2318 2207 ad
2373 2154 2583 2208 tutelant
2637 2155 2954 2225 balnearum,
2985 2166 3091 2215 etc.
3143 2160 3342 2218 Omnes
3371 2164 3626 2221 hactenus

2016 2225 2283 2296 editiones
2310 2241 2472 2296 prava
2505 2227 2934 2295 iuterpunctionc
2960 2245 3176 2287 sensum
3204 2244 3529 2293 cvi-rterant.
3561 2240 3623 2294 Et

2017 2294 2135 2377 falsi
2183 2294 2327 2377 sunt
2355 2294 2676 2377 interpretes
2725 2301 3110 2377 qui_asserutt_t
3157 2305 3210 2377 i_u
3255 2310 3622 2377 manuscripto

2016 2367 2121 2436 legi
2147 2368 2304 2422 aliter
2340 2382 2499 2435 quam
2549 2368 2634 2422 hic
2682 2367 2981 2425 retulimus.
3031 2373 3122 2428 Ait
3151 2375 3401 2433 Caecilius
3454 2367 3624 2434 factu-

2016 2452 2133 2518 rum
2160 2453 2218 2493 se
2245 2446 2322 2518 _n_t
2348 2438 2599 2493 Octavius
2631 2440 2887 2518 intelligat
2916 2441 3294 2518 faciliusﬂesse
3345 2450 3621 2518 disputare

2015 2509 2256 2584 ctrix_a_ri
2289 2509 2429 2562 inter
2473 2509 2886 2584 contubernales
2937 2515 3244 2584 vulgaribus
3289 2509 3526 2575 dicteriis
3566 2533 3624 2579 et

2015 2580 2306 2653 conviciis,
2325 2595 2484 2653 quam
2533 2581 2798 2653 Aeogmodo
2828 2580 3116 2640 conserére
3161 2602 3267 2653 quo
3314 2591 3492 2644 solent
3535 2608 3623 2648 sa-

2015 2651 2244 2719 pientes.
2285 2651 2483 2705 Deinde
2532 2651 2718 2720 incipit
2768 2653 2926 2706 aliam
2959 2651 3252 2710 clausulam
3283 2676 3294 2711 :
3322 2658 3389 2712 In
3415 2661 3526 2714 istis
3553 2664 3622 2716 ad

2008 2721 2220 2798 tutelam
2249 2722 2564 2798 balnearum,
2597 2732 2702 2779 etc.
2736 2723 3396 2798 R_tcAL'rtus.—Conserere
3417 2733 3622 2798 sapien-

2009 2792 2135 2874 tium
2156 2794 2327 2857 modo,
2347 2798 2399 2844 il.
2420 2810 2470 2846 e.
2492 2804 2739 2874 accurate
2759 2795 3054 2874 disputare,
3075 2809 3229 2874 prout
3247 2792 3614 2874 philosophos,

2006 2864 2193 2932 quales
2220 2879 2316 2918 nos
2341 2877 2460 2935 esse
2504 2864 3037 2933 prolitemnr,dccct.
3069 2864 3375 2935 Conserere,
3425 2864 3502 2926 sc.
3530 2864 3620 2927 ar;

2006 2946 2280 3015 gumenta,
2306 2945 2388 3015 est
2411 2934 2704 3015 disputare.
2743 2935 2907 3015 ll!on
2925 2948 3102 3015 autem
3135 2934 3368 3015 positam
3393 2954 3474 2996 est
3518 2960 3618 3015 pro

2007 3021 2164 3082 more.
2203 3005 2282 3082 Ita
2308 3005 2553 3082 Lactant.
2581 3007 2722 3082 7,_7,
2755 3007 2787 3062 9
2816 3026 2828 3063 :
2861 3008 3067 3082 Erravit
3116 3005 3234 3082 ergo
3256 3005 3610 3082 HDemocrit-us,

2005 3077 2094 3146 qui
2127 3078 2516 3148 vermiculorum
2543 3077 2692 3130 modo
2727 3080 2920 3144 putavit
2948 3077 3190 3135 homines
3205 3081 3394 3148 effusos
3423 3100 3529 3139 esse
3556 3077 3619 3142 de

2002 3155 2152 3217 terra.
2176 3147 2350 3201 Etiam
2374 3148 2436 3200 de
2454 3148 2565 3212 Ira,
2590 3163 2707 3217 cap.
2726 3150 2910 3213 20,“).
2929 3150 3209 3206 Nonnulla:
3229 3147 3358 3209 edit.
3383 3154 3576 3210 habent
3599 3176 3612 3212 :

299 3216 497 3281 dolore,
533 3222 671 3274 unde
696 3221 887 3276 lleum.
915 3220 1037 3274 facit
1059 3222 1268 3276 doloris.
1304 3221 1589 3292 Eleganter
1615 3235 1777 3292 sane;
1803 3222 1896 3276 sed
1924 3219 1970 3282 C
2006 3216 2270 3292 [fecitdum
2301 3220 2450 3272 modo
2476 3221 2617 3272 humi
2661 3216 2856 3291 repere.
2907 3221 2963 3275 lu
2998 3237 3120 3288 tus.,
3154 3232 3288 3278 teste
3314 3225 3527 3282 llerald.
3558 3240 3612 3283 et

302 3291 585 3361 elegantia:
627 3308 730 3346 non
765 3293 940 3346 minus
971 3303 1052 3347 est
1082 3293 1132 3346 in
1165 3294 1392 3348 lectione
1417 3291 1660 3363 recepta.
1716 3291 1901 3347 Dolere

301 3365 469 3416 nescio
500 3363 623 3432 quid
662 3373 744 3418 est
771 3362 942 3417 dolere
966 3363 1026 3417 ob
1056 3363 1268 3427 aliquid.
1300 3365 1558 3419 Ltuoaen.

369 3434 701 3488 Alacritatem
731 3443 872 3487 tamn
899 3434 1063 3490 illam.
1102 3435 1179 3490 Ne
1209 3451 1364 3505 quem
1396 3436 1634 3490 offendat
1655 3435 1904 3506 junctura

299 3506 589 3559 verboruttt
622 3515 759 3558 tuam
788 3506 976 3560 illam?
1023 3517 1070 3560 et
1099 3507 1263 3572 illam,
1315 3507 1416 3561 hoc
1443 3523 1507 3562 ex
1539 3521 1633 3560 usu
1674 3507 1906 3562 auctoris

301 3577 414 3630 ﬁeri
460 3576 761 3630 ostendam.
808 3577 898 3632 Sic
945 3576 1139 3632 Noster
1162 3577 1252 3642 21,
1288 3577 1321 3631 5
1348 3595 1362 3632 :
1387 3578 1553 3632 Sacra
1581 3579 1694 3646 ipsa
1720 3588 1767 3632 et
1793 3579 1906 3646 ipsa

301 3649 565 3717 mysteria;
593 3647 684 3711 35,
714 3648 748 3702 4
779 3665 792 3702 :
827 3647 1095 3702 Parentem
1123 3650 1347 3704 omnium
1397 3660 1442 3703 et
1487 3651 1713 3703 omniunt
1739 3650 1904 3702 domi-

301 3734 446 3782 num,-
473 3717 530 3782 9,
547 3717 581 3772 8
613 3737 624 3771 :
657 3734 808 3772 sexus
835 3720 999 3774 omnis
1021 3721 1247 3774 homines
1262 3729 1308 3774 et
1339 3722 1502 3775 omnis
1527 3722 1714 3786 (etatis;
1743 3720 1902 3788 10,2:

307 3789 502 3858 templa
531 3790 690 3852 nulla,
721 3790 864 3843 nulla
894 3800 1011 3844 nota
1034 3792 1331 3854 simulacra;
1351 3793 1438 3857 10,
1474 3793 1507 3847 5
1532 3810 1545 3846 :
1576 3793 1628 3845 in
1679 3795 1906 3846 omnium

300 3875 495 3934 mares,
544 3869 697 3934 actus
733 3863 956 3934 omnium
1001 3863 1274 3930 inquirere;
1304 3864 1392 3930 10,
1418 3865 1450 3919 6
1483 3882 1495 3918 :
1527 3863 1695 3917 adstat
1757 3867 1907 3934 factis

301 3929 566 4003 omnibus,
597 3931 725 4003 locis
749 3933 974 4003 omnibus
1014 3935 1299 3998 interereat;
1316 3935 1367 3998 7,
1401 3936 1436 3989 4
1465 3952 1478 3988 :
1503 3945 1619 3988 rata
1644 3929 1782 3988 testis
1808 3944 1900 4003 est,

300 4001 454 4077 testis
479 4009 550 4065 et;
591 4001 642 4077 ξς,
668 4001 736 4054 5:
765 4002 889 4057 beati
940 4007 1083 4070 satis,
1133 4007 1358 4077 satisque
1399 4007 1688 4077 prudentes;
1720 4004 1808 4067 28,
1838 4001 1901 4060 8i

300 4072 659 4145 bountcapita
705 4083 752 4126 et
786 4077 954 4145 capita
1002 4072 1483 4142 vervecunr,‘52,8:
1513 4077 1725 4130 tenebris
1773 4077 1904 4129 inte-

300 4153 426 4216 rest,
460 4144 666 4197 interest
693 4144 1102 4215 cogitationibus;
1128 4149 1219 4214 25,
1250 4150 1282 4202 8
1309 4167 1322 4202 :
1352 4148 1609 4202 tormentis
1630 4146 1810 4216 quibus
1858 4156 1906 4200 et

300 4214 485 4284 quibus
520 4214 808 4282 machinis;
855 4217 946 4282 24,
975 4219 1283 4274 κίςνὶάεηάα
1325 4235 1475 4283 quam
1520 4214 1698 4282 multa,
1748 4218 1906 4270 nmlta

302 4285 458 4340 etiam
488 4287 778 4360 miseranda
805 4299 942 4342 sunt.
973 4289 1085 4344 Hoc
1111 4291 1381 4360 expedito,
1416 4298 1662 4360 superest
1714 4298 1770 4343 ut
1796 4289 1906 4343 lec-

303 4365 392 4411 tor
437 4368 717 4431 moneatur
756 4359 1067 4429 interrogat.
1122 4359 1214 4415 cur
1262 4371 1388 4416 ante
1432 4361 1651 4416 verbum
1705 4361 1905 4431 requiro

304 4441 430 4482 esse
458 4429 831 4504 repetendam,
880 4447 978 4502 per
1013 4448 1254 4503 zeugma.
1289 4433 1344 4486 Si
1373 4432 1491 4504 quis
1522 4432 1656 4487 adeo
1687 4432 1748 4504 iu
1775 4429 1905 4487 tex-

306 4507 418 4551 tum
447 4501 575 4553 velit
624 4501 895 4569 recipere,
947 4518 1041 4572 per
1081 4501 1166 4559 me
1216 4505 1358 4559 licet.
1390 4501 1519 4558 'lloc
1547 4513 1692 4558 certe
1719 4503 1900 4572 liquet,

301 4583 692 4645 supervacuam
717 4587 837 4627 esse
849 4575 1287 4645 emendationem
1314 4575 1503 4630 lleum.
1523 4590 1682 4645 quam
1705 4574 1860 4628 affert
1889 4589 1902 4627 :

303 4637 414 4712 Cur
440 4657 802 4712 nonagnosco,
833 4642 1023 4708 Coctili,
1055 4646 1367 4700 alacritatem
1397 4637 1737 4712 tuam-illam,
1769 4655 1812 4699 et
1843 4645 1907 4698 il-

305 4711 417 4790 lam
438 4711 725 4790 oeulornm,
748 4717 899 4769 etiam
935 4717 987 4769 in
1008 4721 1151 4772 seriis
1175 4718 1517 4790 hilaritatem?
1540 4731 1666 4790 Itec_
1681 4711 1875 4772 cellar.
1889 4758 1903 4782 ,

304 4781 607 4856 quini/lam?
634 4797 677 4836 et
709 4787 758 4838 in
790 4804 882 4839 cur
906 4798 1096 4856 mutat,
1125 4803 1245 4844 esse
1273 4788 1614 4842 audiendum.
1645 4781 1902 4842 LINDNER.

392 4849 705 4928 οζνίιξγφαρρρ.
739 4857 830 4912 Sc.
864 4868 929 4922 te,
963 4849 1103 4928 quod
1135 4874 1428 4928 pronomen
1457 4859 1616 4914 etiam
1645 4859 1907 4913 omittitur

303 4922 451 4992 aputl
482 4924 587 4978 Cic.
618 4926 713 4998 lib.
744 4944 835 4993 vn,
871 4922 1042 4998 Epist.
1072 4922 1161 4995 28,
1197 4932 1230 4986 5
1262 4950 1275 4986 :
1304 4929 1543 4985 Intellexi
1572 4933 1704 4984 enim
1730 4947 1792 4984 ea;
1823 4939 1906 4984 tuo

303 5009 557 5075 sermone,
591 4997 758 5075 dicere
783 5011 828 5054 te
856 4997 929 5055 ex,
955 5001 1078 5056 meis
1104 5002 1244 5057 libris
1263 5005 1488 5056 animum
1515 5018 1679 5056 nteum
1699 4999 1793 5075 (te)
1822 5000 1908 5056 de«

304 5064 558 5120 siderare.
590 5067 850 5124 LINDNER.

384 5135 756 5218 lpsius_sectaz
793 5142 963 5200 homo.
1012 5145 1310 5215 Opponitur
1352 5144 1662 5200 adversario
1691 5144 1812 5218 licto
1853 5153 1911 5200 et

304 5211 458 5288 quasi
484 5211 802 5288 umbratica.
833 5219 919 5284 qui
948 5211 1190 5273 exercitii
1223 5226 1423 5271 tantttm
1447 5219 1638 5286 gratia,
1662 5217 1911 5288 adversa-

304 5283 374 5333 rii
423 5288 602 5358 partes
631 5283 701 5358 __i_n
748 5299 806 5338 se
837 5289 1076 5357 suscipit,
1104 5289 1243 5358 quod
1277 5289 1336 5342 lit
1362 5283 1482 5343 cum
1510 5289 1810 5358 disputatur
1856 5287 1911 5358 in

305 5352 772 5427 contubernalibus.
793 5358 910 5423 Quo
925 5352 1046 5427 jure
1067 5352 1222 5427 igitur
1247 5360 1436 5415 I-leunt.
1458 5352 1745 5413 rescribat:
1766 5355 1831 5411 Ut
1849 5357 1912 5411 de

305 5419 472 5502 ξριὲιιε
499 5431 636 5502 secta
664 5419 953 5502 hodievcutn
995 5447 1052 5484 eo
1080 5419 1350 5502 disputem,
1377 5430 1472 5502 alii
1495 5427 1912 5502 videant._Wop-

307 5487 439 5570 ken.
461 5500 623 5570 etlam
645 5498 862 5570 sinistre
884 5487 1170 5562 intellexit:
1182 5504 1268 5570 qui
1293 5487 1358 5555 de
1380 5501 1567 5556 eadem
1590 5515 1710 5552 cum
1725 5487 1908 5553 Octav.

309 5564 698 5642 secta_cogi_ta_t.
726 5567 917 5642 Melius
939 5572 1118 5641 utique
1134 5564 1330 5628 Cellar.
1349 5576 1436 5642 qui
1461 5582 1912 5642 sectampagano-

310 5645 438 5705 rum
461 5635 718 5705 intelligit,
737 5641 820 5693 cui
836 5641 1010 5696 adhuc
1024 5635 1233 5698 dtulitns
1246 5655 1356 5698 erat
1370 5635 1637 5698 (Lucilius.
1656 5635 1911 5693 Elabar-zu.

395 5701 566 5784 Ωιξιιηζ
587 5701 845 5784 conserere
866 5715 1167 5782 sapientium
1195 5715 1361 5768 modo.
1387 5715 1474 5769 Sic
1496 5712 1649 5767 facile
1680 5709 1916 5784 restitui-

313 5786 441 5827 mus
470 5780 788 5851 ipsissimaut
840 5780 1160 5851 scripturam
1216 5785 1429 5841 Minucii
1477 5785 1821 5851 depravatum
1863 5782 1914 5834 iu

310 5845 611 5926 exemplari
638 5865 891 5926 perversa
939 5845 1208 5911 litterula:
1241 5856 1471 5911 Facilius
1493 5845 1599 5910 esse
1639 5854 1691 5908 in
1741 5861 1918 5926 contu-

311 5915 604 5973 bernalibus
632 5915 912 5992 disputare,
960 5943 1112 5994 quam
1141 5943 1400 5985 conserere
1443 5927 1744 5997 sapientiam
1769 5923 1919 5978 modo

1930 4608 1984 4668 D

2010 3288 2261 3363 Bigaltio,
2305 3299 2393 3363 est
2436 3307 2654 3363 :_qua_m
2699 3288 2959 3346 conserere
3011 3293 3313 3363 sapientiam
3354 3299 3503 3351 modo
3560 3300 3615 3354 in

2010 3361 2138 3436 istis,
2167 3371 2286 3436 etc._
2306 3361 2432 3436 lude
2462 3361 2660 3436 Bigall,
2689 3365 2900 3436 primus?
2919 3361 3084 3418 feciti
3116 3381 3379 3421 conserere
3398 3369 3609 3436 sapien-

2011 3433 2137 3485 tium
2168 3432 2338 3486 modo.
2370 3430 2435 3487 In
2457 3433 2588 3498 istis,
2642 3430 2744 3487 etc.
2779 3434 2833 3488 In
2891 3435 2990 3489 hac
3025 3437 3400 3493 emendatione
3450 3430 3612 3495 nntnn

2011 3501 2143 3577 illud
2170 3503 2439 3577 desidero,
2465 3503 2604 3574 quod
2649 3504 2890 3577 rclausula
2921 3522 3155 3576 sequens
3185 3509 3345 3563 nimis
3386 3508 3612 3577 abrupte

2010 3572 2082 3628 ita
2112 3574 2316 3644 incipit.
2353 3572 2757 3644 lliucsuspicor
2809 3572 3038 3644 priorem
3066 3579 3360 3634 clausulam
3389 3572 3615 3638 desiisse

2012 3645 2064 3723 i_n
2095 3647 2266 3723 modo,
2300 3655 2352 3723 et
2381 3645 2736 3723 posteriorem
2764 3649 2968 3723 amado
2999 3649 3286 3723 incepisse,
3314 3651 3468 3720 cujus
3496 3669 3615 3723 qut-

2010 3715 2130 3792 dem
2160 3715 2658 3792 rationis’exempla
2690 3718 2812 3792 dedi
2839 3719 2904 3772 ad
2932 3715 3133 3792 capitis
3165 3721 3322 3792 hujus
3351 3715 3526 3777 n'um.'

2009 3787 2326 3864 Omissionis
2343 3797 2519 3864 autem
2541 3793 2676 3864 ralia
2699 3789 2751 3843 in
2767 3789 3022 3845 alterutra
3044 3787 3278 3864 clausula
3294 3793 3345 3846 in
3363 3804 3610 3864 promptu

2010 3867 2113 3912 est.
2143 3857 2331 3924 Nemo,
2385 3859 2568 3924 credo,
2627 3859 2817 3915 lleum.
2873 3863 3198 3916 assentietur
3245 3857 3608 3919 rescribenti:

2011 3927 2071 3982 Si
2104 3930 2265 3996 placet
2308 3941 2360 3983 ut
2390 3947 2503 3983 cum
2533 3947 2590 3984 eo
2629 3930 2901 3996 disputem,
2957 3932 3008 3983 in
3039 3933 3150 3986 istis
3193 3932 3263 3985 ad
3292 3935 3500 3988 tutelam
3524 3936 3610 3988 in-

2009 4000 2191 4073 tentius
2218 4000 2496 4073 disputare.
2526 3999 2648 4073 lam
2687 4003 2912 4073 profecto
2947 4001 3191 4073 intelliget
3228 4004 3433 4073 facilius
3481 4023 3607 4070 esse,

2008 4069 2060 4122 in
2083 4071 2520 4144 contubernalibus
2542 4069 2792 4144 disserere
2833 4069 3139 4144 (ita_scril_)o
3167 4069 3263 4144 pro
3299 4069 3608 4144 conserere),

2008 4155 2162 4210 quam
2201 4141 2461 4208 disputare
2489 4141 2794 4210 sapientium
2831 4141 3002 4194 modo.
3048 4140 3262 4194 llerald.
3295 4158 3448 4206 quam
3487 4140 3609 4198 con—

2010 4227 2175 4265 serere
2201 4213 2415 4281 sapienti
2449 4227 2675 4264 manunt.
2701 4211 2961 4265 LINDNER.

2081 4282 2183 4336 Aut
2210 4279 2424 4337 ordinis.
2477 4281 2699 4336 Fallitur
2725 4281 2905 4336 Wow.
2955 4279 3145 4336 abesse
3190 4295 3218 4334 a
3270 4298 3374 4338 ms.
3426 4283 3610 4339 codice

2011 4354 2129 4409 lucc
2157 4355 2316 4410 verba
2346 4366 2512 4408 ratus.
2543 4352 2884 4409 Contrarium
2939 4361 3164 4408 testatur
3201 4357 3445 4417 αὐτόπτης
3499 4355 3605 4410 lle-

2010 4425 2211 4491 raldus,
2243 4426 2410 4497 quiet
2437 4439 2555 4495 cap.
2584 4423 2640 4490 9,
2675 4425 2728 4489 5,
2762 4424 2940 4497 docet,
2972 4425 3168 4494 saepius
3194 4423 3372 4497 Wow.
3412 4426 3608 4482 aﬂ'errc

2010 4497 2242 4567 aliquam
2267 4496 2626 4566 scripturam,
2665 4497 2819 4566 quasi
2859 4496 3001 4567 illius
3038 4496 3230 4550 vetusti
3275 4497 3476 4552 codicis
3513 4500 3604 4564 sit,

2011 4565 2130 4624 cum
2153 4578 2329 4625 tamen
2360 4565 2429 4624 ibi
2453 4582 2558 4622 non
2587 4569 2871 4638 reperitur.
2897 4565 3180 4622 Fel’ellerat
3207 4567 3454 4625 videlicet
3482 4585 3604 4624 cum

2010 4643 2236 4705 amiCus,
2268 4643 2354 4711 qui
2379 4653 2489 4711 ase
2529 4640 2837 4711 inspeetum
2857 4639 3161 4711 esseistum
3183 4639 3425 4695 codicem
3457 4657 3611 4696 men-

2012 4713 2139 4766 titus
2171 4709 2361 4766 fuerat.
2393 4710 2656 4766 Ι-Ιεωι.-
2684 4709 2794 4764 Nec
2819 4710 2913 4762 hoc
2943 4709 3162 4779 obsequii
3191 4711 3311 4779 fuit,
3355 4720 3444 4763 aut
3469 4713 3613 4764 ordi-

2010 4784 2108 4849 nis,
2135 4796 2221 4836 aut
2244 4783 2468 4838 honoris.
2491 4782 2588 4837 Ms.
2613 4797 2725 4852 reg.
2756 4780 2886 4834 nihil
2918 4791 3106 4834 mutat.
3135 4779 3268 4834 Nam
3294 4781 3435 4849 quod
3457 4782 3607 4834 aiunt

2010 4856 2171 4909 verba
2200 4857 2298 4910 ista
2325 4863 2412 4908 aut
2441 4854 2636 4907 ordinis
2663 4851 2714 4906 in
2764 4866 2829 4906 eo
2875 4865 3136 4918 nusquam
3189 4864 3471 4918 apparere,
3507 4851 3609 4905 l'al-

2009 4925 2222 4993 luutur;
2268 4941 2367 4981 nec
2395 4927 2619 4979 aliorum
2649 4921 3117 4993 observationibus
3148 4918 3305 4972 fidem
3324 4990 3334 4993 _
3353 4921 3609 4975 arbitrari

2011 5005 2117 5051 tam
2152 4990 2305 5052 facile
2333 4996 2651 5051 debuerant.
2684 4995 2846 5057 Sane,
2878 4993 2920 5045 si
2955 4991 3046 5060 qui
3090 4990 3484 5060 honoratiores,
3512 5001 3609 5042 aut

2011 5069 2288 5139 amplioris
2313 5067 2517 5139 ordinis
2547 5076 2722 5139 erant,
2754 5066 2901 5139 locus
2926 5059 3331 5139 lt-fzttt’trtttipfniis
3355 5060 3604 5139 dabatur,

2011 5150 2066 5195 et
2089 5128 2286 5194 idcirco
2307 5138 2537 5192 medios.
2563 5136 2834 5205 Appianus
2861 5133 2924 5183 de
2952 5129 3111 5182 Bellis
3135 5128 3384 5205 civilibus,
3408 5129 3498 5205 lib.
3531 5145 3609 5184 ιχ.

2010 5218 2113 5266 Καὶ
2138 5214 2412 5279 συντλδρευον
2439 5215 2488 5279 _o_i
2513 5203 2661 5276 apale,
2689 5211 2932 5272 Καίσαρος
2969 5208 3016 5255 ἰν
3043 5208 3172 5270 μέσῳ
3209 5203 3290 5253 διὰ
3326 5211 3412 5257 τὶν
3459 5203 3616 5271 ἀρχὴ,

2014 5304 2070 5353 πρ
2080 5283 2194 5336 οκαθ
2205 5277 2402 5341 ἐπόντος.
2437 5277 2476 5330 Η
2485 5289 2741 5353 ξιιὲιρυξ..

2087 5340 2453 5422 Disceptantes.
2490 5341 3017 5403 EditioOxouiensis
3045 5340 3207 5397 habet
3243 5342 3613 5466 dig-repunt“.

3352 5427 3504 5466 uzea.

3352 5427 3504 5467 UZEL.

2085 5491 2687 5560 CAP.V.—Quatttquam
2705 5485 2816 5560 tibi,
2842 5483 2892 5537 Μ
2901 5499 3016 5560 ai'ce
3030 5487 3207 5554 frater.
3229 5482 3474 5538 Cmcilius
3498 5482 3615 5538 etlt-

2015 5565 2167 5620 nicus
2213 5564 2498 5618 Minucium
2521 5556 2879 5615 Christianum
2927 5556 3136 5624 fratrem
3163 5564 3340 5620 vocat,
3381 5571 3614 5624 quocum

2017 5644 2134 5691 erat
2149 5635 2397 5690 amicitia:
2415 5629 2777 5686 familiaritate
2800 5625 3291 5696 coniunctissimus,
3309 5625 3618 5696 ut_jndicaut

2018 5707 2105 5762 illa
2129 5704 2332 5762 Octavii
2362 5704 2426 5757 ad
2458 5704 2740 5757 Minucium
2768 5699 2835 5754 de
2852 5693 3308 5765 Ct'ccilio,cap.3:
3341 5693 3615 5748 Hominem

2017 5779 2154 5832 domi
2177 5778 2399 5848 forisque
2430 5774 2585 5848 elateri
2621 5782 2706 5825 tuo
2737 5773 3084 5848 intuerentem.
3136 5768 3450 5848 RIGAIJIUS.
3470 5765 3620 5848 :De

2019 5865 2137 5921 quo.
2177 5836 2374 5904 Minue.
2396 5846 2494 5921 __id,
2520 5845 2603 5921 _de
2652 5859 2751 5913 quo
2773 5838 3070 5921 scripserit,
3102 5836 3621 5921 00065.58‘BSIx'ljttttl

2019 5907 2154 5977 dura
2184 5921 2328 5977 enim
2358 5907 2563 5988 ellipsis
2607 5907 2712 5970 non
2743 5907 2997 5970 convenit
3022 5911 3270 5981 scriptori
3320 5918 3430 5964 tam
3462 5907 3630 5962 laliae
