4218 6268
293 329 411 394 249

297 452 558 510 meliores
603 450 782 521 potius
821 449 1165 505 occumbere.

298 553 508 601 tantum
550 550 799 613 :equatur
823 541 1055 612 nequitia
1091 540 1437 606 melioribus,
1472 543 1642 619 sedet
1671 543 1863 598 colitur
1891 563 1903 600 :

297 649 362 695 ιιι
392 639 445 693 in
476 635 717 706 pluribus
762 636 975 692 nescias
1010 645 1190 690 utrum
1234 639 1302 691 sit
1352 652 1539 692 eorum
1591 637 1907 694 detestanda

302 731 572 803 pravitas,
599 745 668 783 an
706 727 940 798 optanda
990 727 1239 783 felicitas.
1274 727 1375 801 (tv)
1403 728 1556 796 Quod
1582 730 1627 785 si
1674 731 1906 788 mundus

300 823 484 879 divina
535 821 871 894 providentia
920 829 974 877 et
1023 821 1253 892 alicujus
1300 823 1538 879 numinis
1587 826 1906 883 auctoritate

298 926 603 989 regeretur.
627 931 919 986 numquam
949 925 1247 972 mereretur
1275 917 1518 973 Phalaris
1542 928 1597 974 et
1622 919 1905 993 Dionysius

298 1025 528 1082 regnum
553 1053 568 1075 ,
628 1025 920 1079 numquam
971 1008 1201 1065 Rutilius
1244 1018 1299 1066 et
1327 1009 1581 1068 Camillus
1611 1014 1857 1069 exsilium
1884 1057 1900 1081 ,

299 1118 592 1174 numquam
624 1102 880 1158 Socrates
908 1116 1194 1157 venenum.
1229 1101 1307 1174 (ν)
1336 1102 1477 1159 Ecce
1504 1105 1720 1161 arbusta
1738 1106 1901 1177 frugi-

305 1197 440 1258 fera.
474 1211 598 1251 ecce
625 1196 734 1265 jam
760 1210 915 1267 seges
954 1210 1108 1258 caua,
1132 1196 1242 1267 jam
1285 1197 1580 1253 temulenta
1627 1200 1900 1257 vindemia

305 1287 467 1344 imbri
504 1287 882 1357 corrumpitur,
923 1286 1180 1357 grandine
1209 1286 1433 1344 cmditur
1464 1306 1479 1344 :
1506 1288 1641 1345 adeo
1682 1299 1773 1345 aut
1815 1291 1902 1347 in-

303 1390 454 1437 certa
476 1380 633 1436 nobis
666 1381 859 1436 veritas
885 1379 1184 1436 occultatur
1209 1390 1263 1437 et
1284 1382 1578 1451 premitur;
1607 1392 1719 1448 aut,
1760 1384 1901 1456 quod

304 1473 474 1541 magis
502 1471 834 1533 credendum
863 1480 968 1536 est.
994 1472 1158 1527 variis
1200 1481 1256 1529 et
1299 1472 1519 1530 lubricis
1547 1475 1789 1541 casibus,
1815 1491 1902 1532 so-

301 1564 411 1621 luta
441 1565 652 1639 legibus
684 1565 892 1622 fortuna
923 1563 1253 1622 dominatur.

1778 331 2142 392 OCTAVIUS.

1242 448 1299 504 ln
1355 464 1483 521 pace
1534 451 1731 515 etiam,
1799 468 1905 509 non
1934 455 1987 515 Α

3505 328 3613 390 250

2638 444 2865 506 CAPUT
2906 445 2995 502 Vl.

2008 605 2390 646 ABGUHENTUH.
2413 619 2485 630 —
2517 587 2764 657 Quaelibet
2812 589 2951 641 natio
2972 628 2986 653 ,
3029 601 3089 640 ac
3132 585 3356 642 Romani
3383 595 3598 659 postmo-

2080 685 2203 738 dum
2234 684 2444 738 numina
2464 700 2558 737 sua
2587 684 2658 736 ita
2684 683 2918 747 coluere,
2964 688 3018 734 ut
3066 696 3239 736 eorum
3283 681 3479 736 cultum
3523 694 3612 736 su-

2081 796 2307 850 premum
2334 779 2486 833 totius
2515 777 2650 834 orbis
2680 787 2827 832 terrm
2856 776 3124 849 imperium
3154 775 3341 847 fuerint
3371 774 3607 831 assecuti.

2079 916 2212 974 Cum
2253 919 2410 989 igitur
2453 927 2546 974 aut
2589 918 2799 975 fortuna
2823 929 2990 985 certa,
3018 928 3110 976 aut
3162 920 3368 977 incerta
3416 929 3604 978 natura

2005 1011 2093 1078 sit,
2149 1020 2350 1083 quanto
2394 1012 2750 1068 venerabilius
2773 1027 2836 1067 ac
2862 1013 3076 1080 melius,
3114 1012 3379 1068 antistites
3404 1013 3604 1068 verita-

2009 1102 2074 1156 tis
2106 1102 2367 1173 majorum
2388 1103 2643 1175 excipere
2658 1102 3030 1175 disciplinam,
3063 1104 3351 1176 religiones
3380 1103 3603 1160 traditas

2007 1195 2215 1262 colere;
2282 1197 2415 1253 deos
2466 1212 2600 1268 quos
2651 1213 2680 1252 a
2728 1198 3039 1267 parentibus
3083 1208 3209 1254 ante
3263 1198 3500 1254 imbutus
3543 1214 3602 1255 es

2007 1288 2229 1355 timere,
2289 1305 2450 1359 quam
2500 1305 2659 1345 nosse
2708 1289 3045 1356 familiarius,
3087 1290 3349 1357 adorare;
3407 1306 3507 1347 nec
3533 1291 3601 1347 de

2007 1382 2316 1436 numinibus
2338 1381 2478 1437 ferre
2523 1384 2875 1450 sententiam,
2905 1382 2999 1438 sed
3030 1386 3052 1415 ⁸
3080 1383 3348 1453 prioribus
3373 1384 3599 1441 credere

2008 1473 2118 1545 qui,
2168 1472 2343 1529 adhuc
2387 1474 2507 1530 rudi
2558 1475 2779 1538 sreculo,
2841 1475 3007 1546 ipsius
3052 1473 3237 1529 mundi
3290 1474 3597 1543 natalibus,

2008 1575 2325 1624 meruerunt
2371 1567 2501 1625 deos
2561 1568 2645 1624 vel
2710 1566 2893 1624 faciles
2942 1566 3172 1635 habere,
3248 1566 3335 1623 vel
3412 1568 3600 1639 reges!

1628 1704 1987 1763 VARIORUM
2025 1704 2256 1763 ΝΟΤΕ.

302 1844 542 1903 auctoris
591 1844 1165 1918 nostri_scripturam_:
1197 1859 1312 1918 cum
1358 1841 1479 1899 belli
1524 1841 1680 1918 ardor
1730 1843 1890 1899 struit.
1926 1845 1973 1906 B
2072 1844 2750 1904 AdhucrudisteculoJlrec
2768 1845 2931 1902 verba
2947 1845 3213 1902 desuntin
3231 1845 3597 1918 ed.Gronov.,

303 1919 406 1987 Qui
435 1927 615 1971 tamen
644 1918 727 1987 vir
755 1915 1100 1971 doctissimus
1133 1914 1235 1987 hoc
1264 1914 1631 1987 impersonali,
1664 1930 1731 1970 ex
1763 1930 1894 1970 neu-

305 1986 391 2043 tro
426 1989 606 2044 activo
644 1986 905 2053 formato,
953 1988 1123 2058 magis
1142 1986 1471 2058 oll‘endatur,
1514 2002 1672 2057 quam
1716 1987 1897 2042 verbis

303 2062 430 2123 itur,
462 2069 644 2123 statur,
672 2057 919 2128 equidem
953 2057 1056 2113 non
1106 2057 1283 2119 video,
1312 2058 1543 2112 maxime
1576 2073 1698 2112 cum
1757 2072 1896 2126 prae-

305 2140 415 2186 ter.
448 2130 670 2201 smitam
697 2139 767 2184 est
797 2139 1046 2185 occurrat
1071 2128 1212 2201 apud
1241 2128 1499 2201 Velleium
1518 2169 1534 2194 ,
1557 2128 1652 2184 lib.
1684 2145 1742 2191 ll,
1773 2143 1893 2198 cap.

307 2202 377 2257 74
409 2220 425 2255 :
465 2201 534 2254 In
556 2200 831 2256 Perusinos
860 2201 1023 2271 magis
1055 2200 1134 2254 ira
1161 2200 1416 2267 militum,
1458 2216 1607 2264 quant
1638 2201 1899 2271 voluntate

304 2274 534 2328 smitam
563 2273 730 2327 ducis.
759 2270 981 2328 Curtius
1002 2271 1097 2327 lib.
1125 2286 1240 2327 tht.
1270 2287 1390 2343 cap.
1417 2271 1505 2339 19,
1537 2271 1570 2328 6
1601 2289 1614 2326 :
1646 2270 1816 2326 Etiam
1844 2272 1898 2326 in

304 2354 435 2399 tecta
469 2345 696 2398 steoitunt
724 2354 814 2402 est.

380 2416 489 2471 Sed
509 2425 556 2469 et
580 2417 785 2470 colitur.
815 2414 943 2471 limo
965 2423 1048 2469 est
1093 2414 1420 2484 exemplaris
1462 2414 1638 2471 lectio.
1676 2416 1785 2479 AL,
1814 2415 1904 2469 sed

305 2487 580 2541 attollitur.
631 2488 893 2551 Davisius,
934 2487 1022 2541 sed
1053 2487 1388 2554 praeponitur.
1413 2486 1777 2552 Wopkensius
1807 2485 1903 2541 de.

304 2557 385 2614 lct
434 2558 543 2613 sed.
577 2558 702 2613 Mihi
735 2559 891 2626 plane
919 2557 1051 2613 nihil
1093 2559 1402 2612 mutandum
1444 2559 1671 2613 videtur.
1722 2558 1903 2627 Neque

304 2631 648 2699 perspexisse
669 2629 920 2684 videntur
947 2628 1093 2685 vocis
1120 2630 1302 2683 colitur
1326 2628 1639 2692 efficaciam,
1671 2629 1760 2698 qui
1785 2644 1903 2684 mu-

306 2702 523 2755 tamtam
555 2713 900 2757 censuerunt.
926 2701 1041 2757 Non
1082 2701 1247 2771 enim,
1280 2701 1322 2754 si
1352 2711 1583 2771 (equatur
1609 2701 1901 2756 melioribus

304 2774 531 2843 nequitia
560 2815 574 2835 ,
628 2774 807 2827 statim
845 2782 900 2828 et
941 2773 1144 2827 colitur.
1190 2769 1284 2843 Illa
1330 2769 1473 2827 enim
1524 2788 1588 2828 eo
1630 2773 1745 2842 ipso
1789 2774 1899 2841 jatn

305 2854 543 2909 tenuatur
563 2843 872 2910 melioribus,
903 2845 947 2900 si
976 2845 1194 2913 impune
1216 2842 1343 2898 licet
1368 2861 1488 2899 esse
1511 2860 1758 2914 nequam.
1794 2843 1900 2899 Sed

307 2917 499 2969 colitur
518 2917 698 2979 etiam,
730 2918 773 2970 si
810 2914 1057 2970 homines
1102 2914 1330 2983 improbi
1372 2916 1512 2972 eain
1546 2915 1755 2970 fortuna
1808 2930 1902 2984 po-

309 2999 537 3053 nuntur,
586 2996 639 3040 ut
678 2988 766 3042 alii
795 2987 1039 3042 venerari
1068 3001 1161 3041 eos
1190 2988 1341 3056 quasi
1369 2997 1676 3043 mereantur
1696 3028 1710 3051 ,
1764 2996 1819 3041 et
1846 2987 1899 3042 in

311 3073 514 3125 magno
541 3060 742 3113 honore
793 3058 991 3114 habere
1020 3066 1298 3127 cogantur.
1350 3060 1460 3114 lloc
1486 3061 1627 3113 enim
1657 3058 1766 3111 vult
1799 3073 1898 3113 vox

308 3127 710 3219 colere.JCicero
736 3130 1021 3219 aliquoties
1047 3129 1210 3184 colere
1230 3138 1276 3183 et
1305 3130 1569 3185 observare
1596 3129 1893 3219 copjuttgit,
1925 3156 1970 3219 ρ

306 3210 368 3255 ιιι
392 3204 464 3254 at!
482 3201 664 3255 divers.
691 3218 803 3259 χιιι.
836 3201 928 3267 78,
960 3200 1141 3267 illeque
1164 3211 1347 3270 prater
1369 3213 1574 3257 steteras
1601 3200 1719 3257 colit
1750 3212 1795 3254 et
1813 3201 1900 3255 ob-

307 3283 492 3328 servat.
530 3274 590 3328 ιςι
612 3272 676 3326 de
706 3271 851 3344 Ofﬁe.
883 3289 920 3338 t,
938 3273 1001 3327 41
1029 3291 1042 3325 :
1073 3272 1178 3326 Eos
1201 3289 1411 3343 quorum
1438 3275 1539 3328 vita
1565 3284 1824 3344 perspecta
1849 3274 1903 3327 in

306 3344 461 3399 rebus
488 3344 707 3416 honestis
728 3354 877 3412 atque
895 3345 1091 3415 magnis
1115 3354 1281 3408 est,...
1317 3346 1461 3399 sicuti
1499 3345 1689 3416 aliqua
1714 3347 1905 3399 honore

306 3424 356 3469 et
375 3417 587 3479 imperio
617 3415 829 3484 affectos
850 3416 1115 3470 observare
1128 3424 1172 3469 et
1194 3417 1358 3471 colere
1376 3416 1629 3470 debemus.
1653 3415 1894 3472 Gitone.

309 3486 347 3540 l.
374 3487 736 3555 e.—Ellipsi,
765 3489 979 3543 duriore
998 3502 1147 3552 sane,
1175 3487 1598 3544 subaudiendum
1622 3486 1904 3555 foret,pra:

311 3558 435 3622 illis,
487 3561 605 3614 scil.
640 3559 972 3616 melioribus.
996 3558 1354 3626 Quamobrem
1409 3576 1512 3614 non
1554 3558 1900 3628 rejiriendum

308 3630 450 3699 quod
482 3630 697 3699 conjicit
716 3632 916 3695 Davis.,
932 3634 1020 3685 secl
1043 3631 1358 3701 pra'ponitur
1378 3645 1397 3684 :
1412 3631 1511 3685 nisi
1532 3630 1686 3692 forte.
1705 3630 1903 3687 leviore

309 3702 623 3766 mutatione,
650 3703 931 3757 malimus:
956 3704 1007 3753 in
1039 3718 1163 3770 pace
1186 3702 1336 3755 etiam
1360 3702 1413 3756 in
1457 3712 1649 3757 tantum
1676 3712 1904 3772 aequatur

306 3772 535 3844 nequitia
562 3773 849 3827 melioribus
873 3782 919 3827 et
944 3773 1145 3838 colitur,
1177 3782 1231 3826 ut
1255 3775 1308 3827 in
1336 3772 1563 3844 pluribus
1584 3774 1666 3829 vel
1715 3783 1900 3843 potus:

312 3842 383 3896 In
400 3859 531 3915 pace
556 3846 704 3897 etiam
724 3861 824 3899 non
855 3854 1050 3899 tantum
1080 3855 1311 3915 a'quatur
1337 3842 1566 3908 nequitia
1589 3842 1899 3910 melibribus,

308 3914 407 3969 sed
438 3914 509 3986 ita
530 3915 731 3986 colitur,
762 3926 814 3969 ut
840 3917 890 3969 in
915 3914 1169 3983 pluribus,
1201 3926 1308 3986 etc.
1335 3917 1427 3971 i.e.
1464 3927 1518 3969 ιιι
1548 3917 1727 3986 plures
1755 3916 1900 3982 mali,

307 4000 479 4055 quam
496 3985 618 4038 boni
644 3986 820 4041 felices
845 3985 1365 4044 sint.WurK.-Setl
1386 3997 1430 4040 et
1458 3986 1616 4041 habet
1647 3987 1781 4040 Plin.
1805 4002 1899 4053 vn,

307 4057 430 4127 507:
463 4055 576 4111 Sed
611 4068 660 4110 et
688 4066 911 4111 nostram
951 4059 1165 4127 gloriam
1195 4074 1595 4127 percenseamus.
1642 4057 1902 4115 LINDNER.

385 4126 633 4182 Phalaris
661 4138 708 4181 et
735 4128 1032 4199 Dionysius.
1062 4126 1231 4185 liabet
1260 4145 1326 4182 ex
1355 4130 1636 4195 Cicerone,
1670 4131 1757 4194 qui
1788 4130 1905 4185 haec

308 4198 472 4254 latius
497 4200 709 4255 diduxit
754 4200 819 4255 de
852 4198 977 4254 Nat.
1029 4200 1186 4257 Deor.
1233 4200 1327 4255 lib.
1361 4217 1437 4265 ιιι,
1484 4215 1637 4325 capp.
1684 4199 1775 4265 52,
1808 4201 1900 4257 55.

1549 4286 1688 4325 AVIS.

1549 4286 1688 4327 Ανιε.

381 4341 501 4395 Jmn
529 4342 805 4414 temulenta
834 4341 1106 4398 vindemia.
1138 4343 1385 4398 Proxima
1418 4350 1655 4410 temeto;
1707 4342 1775 4398 de
1804 4357 1905 4414 qua

310 4429 435 4469 mox
467 4425 724 4469 temetmn
757 4413 877 4469 ﬁat:
913 4413 1134 4469 mulcet
1163 4414 1462 4470 temulenti.
1484 4414 1795 4470 lltcALrtus.

382 4506 504 4561 lam
534 4525 676 4579 seges
718 4525 869 4563 cana.
900 4507 1166 4563 Rescribit
1194 4508 1384 4579 llcum.
1436 4510 1542 4573 iam
1564 4526 1694 4563 cana
1744 4524 1902 4579 seges,

309 4579 407 4633 sed
433 4578 736 4649 perperam.
764 4580 1228 4635 l’romiseueenim
1249 4578 1442 4634 Noster
1460 4579 1724 4647 adjectiva
1749 4578 1909 4635 modo

313 4651 597 4716 [tm-punit,
642 4650 1127 4720 tnodo'postponit.
1172 4650 1338 4718 Quum
1389 4660 1476 4705 aut
1523 4656 1731 4720 fortuna
1772 4661 1911 4706 certa

316 4729 409 4773 aut
436 4721 627 4774 incerta
651 4732 834 4776 natura
862 4723 945 4777 sit.
981 4723 1034 4787 7,
1064 4723 1187 4776 dant
1203 4722 1449 4777 cautelam
1478 4723 1714 4789 periculis
1736 4764 1750 4786 ,
1769 4739 1911 4776 mor-

316 4791 683 4864 bis‘medclam.
737 4794 826 4857 5|,
856 4811 956 4848 non
983 4806 1038 4847 ut
1089 4794 1367 4863 affirmatur
1408 4795 1746 4847 testimonium
1772 4795 1911 4864 fecit,

313 4860 413 4915 sed
437 4863 713 4917 com-icium
740 4876 791 4919 ut
821 4876 996 4920 orator
1020 4860 1290 4934 adspersit.
1322 4864 1502 4919 Wow.
1538 4872 1688 4919 notat
1718 4860 1783 4918 iu'
1806 4879 1909 4920 ms.

314 4946 441 4989 esse
479 4935 657 5004 flava,
707 4936 802 4993 sed
862 4946 1095 5003 nonest;
1146 4945 1407 4991 testantur
1454 4936 1632 5062 "enim.
1686 4943 1741 4990 et
1787 4935 1909 5007 Rig.

1586 5022 1801 5062 lacuna.

1586 5022 1801 5062 INDNER.

389 5098 529 5152 Adeo
574 5109 684 5153 aut.
741 5098 869 5155 Haec
916 5100 1078 5155 lectio
1129 5113 1238 5154 non
1289 5106 1371 5153 est
1419 5113 1484 5153 ex
1536 5097 1914 5155 emendatione

315 5167 531 5244 Meursii
585 5185 684 5240 pro
734 5171 948 5244 vulgata
1004 5172 1133 5226 adeo
1180 5182 1265 5238 ut,
1314 5169 1408 5226 sed
1454 5179 1536 5225 est
1586 5171 1745 5225 lectio
1800 5171 1911 5240 ipsa

317 5256 422 5297 ms.
460 5240 725 5299 Lmonsn.

387 5335 516 5391 (far.
550 5334 731 5392 VL—
760 5335 964 5403 Quanto
1017 5334 1373 5392 venerabilius.
1418 5333 1476 5389 In
1521 5333 1749 5403 vulgatis
1796 5343 1913 5389 erat

315 5408 543 5474 quando.
576 5407 683 5462 Sed
718 5407 897 5464 laurea
924 5423 989 5464 ex
1034 5408 1133 5462 hac
1152 5405 1528 5461 emendatione
1553 5406 1778 5460 debetur
1805 5421 1911 5460 non

313 5475 570 5564 Meursio,
601 5477 697 5534 sed
722 5478 849 5563 Her.
878 5482 965 5564 «pii
990 5479 1070 5564 sic
1095 5495 1160 5534 ex
1196 5477 1385 5533 edidit.
1426 5475 1685 5564 ῐίικιικπιις

392 5549 646 5620 Antistites
710 5545 953 5606 veritatis.
1014 5551 1138 5605 ll:ec
1180 5559 1261 5605 est
1301 5549 1530 5619 genuina
1592 5546 1714 5601 cod.
1779 5545 1911 5616 regii

316 5618 500 5673 lectio.
527 5618 658 5689 Imp.
693 5624 986 5677 antistitem.
1022 5622 1153 5677 EDD.

393 5690 524 5743 Ante
552 5688 771 5748 imbutus
797 5712 847 5749 es
880 5695 1072 5748 timere.
1096 5693 1407 5748 [lectissima
1435 5700 1511 5747 est
1536 5689 1649 5743 lucc
1672 5688 1789 5742 libri
1820 5704 1913 5746 ve-

315 5762 452 5833 teris
480 5764 759 5833 scriptura.
794 5764 861 5819 Et
888 5764 1317 5827 impersonalitcr
1345 5764 1560 5833 quidem
1599 5761 1909 5829 accipienda

314 5831 554 5888 videtur.
589 5831 1111 5904 litatum—Vulgum
1150 5836 1325 5892 male:
1355 5831 1576 5889 imbutus
1599 5833 1906 5901 existimare,

313 5919 471 5975 quam
497 5920 758 5977 cognosse.
789 5907 1046 5964 LINDNBR.

2001 1925 2270 1988 typorum,
2305 1927 2360 1971 ut
2399 1923 2614 1988 opinor,
2645 1920 2793 1973 vitio.
2830 1918 3094 1973 LINDNER.

2072 1988 2139 2042 In
2155 1989 2314 2054 ipsius
2332 1993 2509 2046 mundi
2525 1990 2777 2045 natalibus
2816 1988 2932 2044 Non
2948 1992 3143 2059 opinor
3156 1989 3361 2058 impleri
3377 1992 3600 2060 empha-

2002 2058 2085 2114 sin
2122 2060 2189 2115 ab
2212 2064 2544 2129 pronomine,
2577 2077 2735 2131 quam
2753 2061 2804 2115 in
2824 2076 2890 2115 eo
2906 2058 3074 2115 voluit
3090 2062 3248 2115 sitam
3263 2076 3382 2116 esse
3399 2058 3595 2119 Minue.

2002 2131 2047 2185 si
2082 2131 2270 2186 edatur
2295 2132 2347 2185 in
2364 2134 2524 2201 ipsius
2550 2133 2730 2188 mundi
2760 2141 2890 2191 nat..
2923 2133 3201 2200 proutvult
3221 2147 3325 2188 ms.
3353 2132 3601 2202 Implebit

2002 2212 2204 2267 autem,
2221 2203 2264 2256 si
2288 2206 2566 2274 seripseris
2584 2208 2635 2259 in
2660 2204 2785 2271 ipsis
2798 2204 2978 2259 mundi
2993 2214 3125 2268 nat.,
3142 2214 3198 2257 ιιι
3214 2202 3373 2265 infra.
3391 2207 3455 2257 alt
3473 2206 3598 2273 ipsis

2005 2274 2207 2344 imperii
2228 2277 2477 2331 nascentis
2494 2274 2839 2331 incunabulis.
2863 2275 3020 2331 Certe
3039 2276 3200 2330 etiam
3222 2274 3300 2328 sic
3322 2275 3601 2332 ediderant

2004 2344 2132 2399 olim
2160 2345 2337 2400 Wow.
2369 2357 2421 2402 et
2448 2347 2731 2412 Eltnenlt.,
2763 2347 2861 2400 etsi
2892 2356 3052 2417 queat
3100 2346 3312 2415 placere
3358 2348 3600 2417 enallage

2005 2431 2248 2471 casuum.
2278 2417 2430 2481 Quod
2458 2428 2635 2474 autem
2664 2434 2728 2473 ex
2752 2432 2980 2488 persona
3004 2417 3201 2473 Caecilii
3232 2432 3373 2472 nunc
3397 2419 3601 2486 profert

2005 2496 2217 2551 auctor,
2245 2488 2401 2556 plane
2451 2499 2619 2545 totum
2652 2489 2817 2543 habes
2847 2499 2905 2543 ut
2929 2500 3206 2557 acceptmn
3231 2498 3285 2542 et
3313 2490 3596 2557 probatum

2005 2558 2134 2612 olim
2168 2558 2467 2627 Germanis,
2495 2561 2634 2628 apud
2666 2559 2835 2614 Tacit.
2864 2561 2915 2612 in
2942 2557 3270 2628 Germ.,cap.
3303 2562 3401 2614 ll:
3434 2560 3600 2616 Rere-

2005 2631 2196 2684 rentius
2221 2631 2379 2683 visum
2403 2641 2472 2686 est
2503 2634 2566 2686 tle
2590 2632 2714 2685 actis
2740 2629 2949 2684 deorum
2986 2630 3212 2757 credet-Ge.
3254 2645 3405 2698 quam
3447 2634 3597 2689 scire.

3193 2715 3382 2756 nouov.

3193 2715 3382 2756 RONOV.

2080 2771 2379 2844 Meruerttnt
2405 2774 2523 2828 tlcos
2549 2775 2627 2828 vel
2650 2774 2827 2844 faciles
2864 2771 3064 2833 habere,
3094 2775 3171 2826 vel
3200 2788 3361 2842 reges.
3394 2772 3599 2844 Faciles

2005 2843 2135 2899 dicit
2166 2846 2454 2909 lienelic09,
2488 2846 2624 2901 bene
2651 2843 2895 2900 ’n‘Ieritos.
2932 2844 3134 2898 Plinius
3162 2844 3253 2897 lib.
3289 2858 3369 2897 n.:
3405 2843 3505 2897 llic
3526 2854 3598 2898 est

2004 2916 2374 2989 vetustissimus
2395 2918 2645 2989 referendi
2674 2918 2795 2971 bene
2822 2916 3121 2989 nu‘rentibus
3148 2914 3365 2989 gratiam
3391 2932 3518 2980 mos,
3544 2927 3599 2989 ut

2005 2987 2129 3041 tales
2183 2986 2473 3043 numinibus
2521 2989 2877 3042 adscribuntur
2904 2988 3128 3051 lltGAL'r,
3161 3016 3229 3026 —-
3258 2986 3419 3041 Miror
3459 2987 3600 3043 unde

2005 3061 2199 3113 factum
2232 3068 2287 3115 ut
2315 3061 2394 3114 vir
2425 3060 2767 3115 doctissimm
2796 3058 2908 3113 Jac.
2968 3057 3283 3113 Perizonius
3308 3056 3410 3111 hoc
3442 3058 3491 3111 in
3519 3059 3598 3112 lo.

2003 3145 2069 3185 co
2098 3133 2397 3198 reposuerit
2422 3132 2500 3185 vel
2528 3144 2697 3201 patres
2723 3130 2942 3184 habuere
2986 3129 3064 3184 vel
3115 3146 3286 3199 reges,
3337 3144 3455 3201 cum
3499 3145 3599 3185 nec

2004 3217 2194 3256 omnes
2225 3202 2260 3257 ii
2290 3204 2378 3267 qui
2406 3200 2586 3257 statim
2619 3212 2989 3266 recensentur,
3020 3201 3102 3256 vel
3134 3212 3313 3270 patres
3339 3200 3485 3255 fuere
3515 3201 3598 3255 vel

2004 3289 2180 3343 reges.
2216 3274 2421 3328 Faciles
2442 3285 2567 3345 sunt
2595 3273 2788 3341 placidi
2821 3281 2875 3329 et
2908 3274 3144 3345 prOpitii,
3173 3286 3237 3329 ac
3259 3271 3481 3343 proinde
3503 3272 3598 3328 be-

2005 3345 2182 3401 nefici.
2214 3344 2468 3417 Virgilius
2494 3344 2678 3417 Eclog.
2698 3361 2774 3414 ιιι,
2799 3345 2831 3401 9
2866 3364 2878 3401 :

2443 3485 2638 3538 Faciles
2655 3487 2877 3552 nympha:
2893 3488 3053 3538 risere

2004 3615 2105 3691 Ubi
2143 3616 2381 3691 Servius
2405 3618 2508 3673 hoc
2534 3618 2696 3674 modo
2721 3637 2735 3673 :
2761 3618 2888 3675 Ideo
2912 3663 2925 3685 ,
2951 3619 3141 3691 inquit.
3176 3619 3432 3675 indulsere
3455 3635 3598 3690 nym-

2006 3688 2142 3762 ρξιαξ,
2171 3691 2290 3762 quia
2314 3690 2458 3744 mites
2484 3700 2670 3762 suntet
2720 3688 3039 3758 exorabiles}
3075 3694 3155 3747 sic
3185 3694 3235 3746 in
3276 3688 3553 3762 Georgicis
3582 3709 3595 3745 :

2008 3758 2078 3812 Et
2109 3760 2834 3836 facilesvenerareﬂapwas.
2866 3764 3188 3820 Prudentius
3208 3773 3395 3819 contra
3425 3758 3599 3836 'Sym-

2007 3831 2256 3886 tnacltum
2298 3833 2388 3887 lib.
2420 3849 2475 3899 ιι,
2519 3833 2623 3888 804
2653 3850 2666 3887 :

2131 3982 2216 4047 Sic
2239 3984 2620 4047 probustatque
2644 3999 2764 4035 reus
2785 3986 3008 4036 canitalis
3024 3988 3240 4037 criminis
3256 3988 3415 4038 isdem

2134 4044 2414 4106 Sideribus,
2439 4044 2697 4110 facilisque
2714 4048 2814 4098 boli
2834 4049 3058 4098 bonitate
3080 4047 3328 4100 fruuntur.

2011 4192 2147 4249 Hinc
2175 4192 2315 4264 apttd
2345 4193 2640 4250 Arnohittm
2673 4193 2821 4249 lib.t.
2850 4209 2973 4265 pag.
2999 4195 3066 4249 5:
3094 4194 3337 4264 Sequitur
3361 4205 3414 4251 ut
3436 4196 3598 4252 abun-

2010 4266 2199 4338 dantia:
2224 4276 2445 4338 tempore
2468 4264 2588 4338 (Ilii)
2613 4266 2732 4319 irati
2747 4264 3071 4336 difficilesque
3085 4283 3186 4320 non
3204 4269 3322 4321 sint.
3351 4267 3409 4322 In
3427 4268 3602 4323 ethni-

2009 4336 2085 4392 cis
2108 4345 2286 4392 autem
2320 4336 2516 4391 multos
2547 4338 2616 4391 ob
2648 4352 2868 4391 munera
2894 4338 3195 4407 artiumque
3240 4339 3599 4396 inventionem

2011 4407 2144 4464 deos
2175 4423 2296 4463 esse
2344 4407 2575 4468 habitos.
2626 4409 2824 4464 nemini
2881 4409 3029 4464 latet.
3086 4408 3216 4465 Vide
3268 4410 3599 4466 Clementem

2012 4480 2430 4553 Alexandrinum
2473 4480 2527 4534 in
2558 4478 2812 4551 Protrept.
2847 4496 2966 4551 pag.
2996 4482 3085 4547 15,
3126 4484 3187 4548 Α,
3236 4481 3324 4537 ed.
3354 4482 3602 4553 Lngtlur.

1932 4556 1985 4617 D
2012 4551 2174 4612 1616,
2223 4560 2276 4606 et
2303 4551 2573 4614 Nostrum.
2609 4567 2726 4676 cap.
2758 4569 2847 4609 xx.
2882 4553 3061 4608 DAVIS.
3095 4583 3168 4592 —
3196 4553 3393 4609 Scltetl‘.
3441 4551 3604 4610 socios

2018 4623 2092 4677 vel
2151 4623 2429 4678 familiares
2501 4625 2664 4678 rescri
2690 4627 2786 4678 tit.
2859 4640 2992 4678 voce
3070 4625 3269 4678 fatniles
3331 4637 3604 4678 contractu

2018 4623 2092 4677 vel
2149 4623 2429 4693 funtiliares
2501 4623 2786 4691 rescribit,
2859 4640 2992 4679 voce
3068 4625 3269 4693 fantiles
3331 4637 3605 4682 contractu

2017 4693 2213 4763 seripta
2264 4709 2384 4749 cum
2420 4694 2608 4749 lineola
2662 4694 2713 4749 in
2765 4696 2957 4766 capite.
2994 4695 3182 4750 lleum.
3212 4697 3363 4760 cives,
3419 4697 3490 4750 ob
3542 4715 3603 4753 ca

2017 4780 2136 4835 qum
2213 4774 2508 4836 sequuntur
2569 4780 2690 4835 cap.
2749 4765 2841 4822 2οζ
2909 4766 3012 4821 Sed
3090 4767 3172 4821 lue
3237 4768 3603 4823 cerrectiones

2017 4844 2144 4890 sunt
2190 4836 2499 4907 ejusmodi,
2555 4847 2611 4891 ιιι
2681 4839 2761 4892 vel
2823 4853 2887 4891 ex
2936 4838 3272 4893 dissensione
3330 4837 3599 4906 parllltll‘l,

2017 4908 2212 4978 malam
2243 4923 2459 4963 causam
2496 4908 2670 4978 possis
2709 4908 3045 4963 subodorari.
3080 4908 3216 4976 Quid
3244 4916 3327 4963 est
3376 4909 3518 4977 quod
3550 4911 3601 4964 in

2019 4977 2249 5033 lectione
2293 4977 2509 5048 recepta
2534 4977 2813 5034 offendat?
2843 4982 2911 5033 At
2942 4979 3028 5031 illa
3058 4982 3259 5046 optime
3285 4994 3403 5048 cunt
3438 4990 3601 5033 caete-

2016 5049 2091 5105 ris
2123 5050 2332 5104 Minucii
2363 5047 2541 5104 verbis
2566 5049 2824 5105 coha-ret.
2867 5049 2998 5117 Cap.
3036 5048 3099 5102 2t
3149 5048 3277 5102 dicit
3304 5047 3496 5102 Noster
3539 5048 3599 5102 ob

2016 5122 2199 5174 merita
2236 5119 2509 5192 virtutisﬁ(
2531 5136 2596 5175 eu
2628 5119 2822 5192 reges)
2868 5133 2956 5173 aut
3000 5121 3222 5192 muneris
3252 5119 3352 5191 (en
3380 5119 3600 5191 faciles)

2018 5191 2137 5245 deos
2164 5192 2380 5245 habitos.
2440 5191 2633 5245 verum
2665 5191 2879 5258 quidem
2908 5191 3151 5258 estquod
3197 5192 3371 5260 capite
3401 5205 3601 5257 prince-

2019 5262 2180 5316 dcnte
2207 5262 2408 5317 mentio
2443 5261 2534 5315 fiat
2560 5261 2766 5325 civium,
2798 5260 2894 5315 sed
2939 5276 3042 5314 non
3074 5261 3268 5315 civium
3313 5261 3558 5315 absolute
3584 5303 3598 5327 ,

2016 5332 2109 5386 sed
2135 5342 2187 5385 ut
2203 5334 2384 5385 civium
2406 5333 2552 5391 batur:
2571 5335 2849 5393 memoriaz,
2879 5331 2932 5384 Ιι.
2958 5347 3005 5385 e.
3030 5333 3213 5385 talittm
3256 5333 3343 5401 qtti
3373 5330 3597 5401 alicujus

2017 5402 2255 5457 muneris
2287 5404 2366 5456 vel
2399 5405 2530 5455 artis
2560 5402 2865 5457 inventione
2916 5401 3100 5457 faciles
3127 5418 3186 5457 se
3232 5403 3440 5456 civibus
3490 5404 3602 5459 suis

2019 5474 2379 5543 praebuerunt,
2409 5487 2580 5543 eoque
2605 5472 2722 5543 ipso
2748 5473 2942 5529 bonam
2976 5474 3288 5528 memoriam
3316 5484 3439 5528 sunt
3467 5490 3597 5529 con-

2016 5546 2209 5599 secuti.
2243 5545 2438 5599 Verum
2486 5545 2668 5607 etiam,
2694 5545 2833 5613 quod
2857 5544 3054 5600 Scltell'.
3086 5554 3249 5612 taxat,
3282 5546 3599 5615 parmujns-

2019 5625 2121 5670 tam
2141 5615 2243 5670 sibi
2254 5616 2643 5683 oppositionem
2662 5615 3015 5687 videri,quam
3041 5617 3272 5685 postulet
3289 5616 3596 5686 c0ujunctio

2017 5687 2113 5741 vel.
2158 5688 2262 5742 Sed
2293 5688 2489 5742 nullam
2519 5690 2912 5758 Oppositionctn
2958 5689 3043 5741 hic
3070 5687 3480 5758 lucumltabcre.
3504 5687 3599 5742 sed

2014 5761 2090 5812 vel
2121 5759 2401 5883 utrobitrte
2428 5757 2607 5814 valere
2633 5771 2680 5813 et
2711 5761 2846 5815 bene
2870 5770 3049 5815 monet
3077 5757 3273 5830 Wopk.
3305 5770 3357 5813 et
3386 5758 3604 5815 adducit

2016 5829 2273 5883 Severum
2327 5829 2446 5883 list.
2475 5830 2650 5883 Sacr..
2684 5849 2722 5883 ι.
2757 5833 2849 5883 55.
2896 5842 2945 5883 et
2987 5847 3135 5883 sacra
3178 5839 3475 5883 ornamenta
3523 5831 3602 5883 vel

2016 5829 2273 5887 Severum
2304 5829 2446 5884 Hist.
2475 5830 2650 5898 Sacr.,
2684 5849 2722 5902 ι,
2757 5833 2849 5902 55,
2896 5842 2945 5888 et
2987 5847 3135 5887 sacra
3178 5829 3475 5887 Ornamenta
3523 5831 3602 5888 vel

2016 5903 2238 5973 publica,
2270 5903 2347 5958 vel
2373 5903 2591 5973 privata.
