4156 6282
594 323 700 388 251

609 545 859 599 videmus
916 546 1153 617 singulos
1207 563 1481 601 Sacrorum
1529 549 1660 600 ritus
1712 548 1938 618 gentiles
1979 547 2196 612 habere,

607 649 662 694 et
694 640 824 694 deos
853 641 1034 695 colere
1090 641 1407 711 municipes,
1467 652 1517 694 ut
1578 641 1879 695 Eleusinios
1907 640 2157 695 Cererem
2186 681 2199 705 ,

611 733 850 805 Plirygas
881 735 1121 800 Matrem,
1154 735 1470 804 Epidaurios
1497 733 1884 804 .Escnlapiuin,
1921 734 2202 788 Chalda-os

609 825 794 880 Belum
820 868 832 890 ,
855 828 1104 881 Astarten
1139 821 1322 898 Syros,
1358 827 1576 881 Dianam
1611 827 1836 888 Tauros,
1867 826 2049 881 Gallos
2077 825 2206 879 Mer-

605 918 834 985 curium,
915 919 1163 973 universa
1221 919 1513 972 Romanos.
1569 920 1657 971 Sic
1712 934 1899 973 eorum
1968 927 2204 986 potestas

612 1021 668 1065 et
718 1010 1009 1064 auctoritas
1070 1012 1233 1064 totius
1278 1011 1425 1064 orbis
1477 1010 1710 1064 ambitus
1764 1009 2082 1079 occupavit:
2129 1011 2205 1064 sic

606 1104 892 1174 imperium
944 1120 1098 1158 suum
1163 1105 1297 1159 ultra
1360 1104 1491 1160 solis
1539 1104 1651 1158 vias
1701 1113 1754 1158 et
1805 1103 1969 1172 ipsius
2007 1102 2205 1157 Oceani

608 1196 808 1252 limites
893 1196 1247 1267 pr0pag.ivit,
1355 1197 1480 1252 dum
1559 1207 1811 1251 exercent
1896 1197 1946 1250 in
2040 1197 2205 1249 armis

613 1285 864 1346 virtutem
921 1288 1271 1361 religiosam,
1350 1285 1476 1346 dum
1547 1291 1731 1345 urbem
1804 1290 2049 1343 muniunt
2121 1303 2208 1343 sa-

609 1398 822 1438 crorum
902 1383 1250 1453 religionibus
1289 1424 1304 1449 ,
1401 1383 1563 1437 castis
1635 1383 1970 1452 virginibus,
2070 1383 2209 1435 mul-

608 1475 674 1531 tis
729 1475 1067 1540 honoribus,
1131 1491 1196 1531 ac
1252 1476 1560 1532 nominibus
1620 1475 1964 1532 sacerdotum
2015 1492 2029 1529 :
2083 1474 2211 1529 dum

1748 336 1960 394 MARCI
1985 333 2247 393 MINUCII
2275 334 2536 394 FELICIS

602 449 730 506 Inde
755 451 890 508 adeo
917 467 1011 523 per
1059 451 1305 509 universa
1347 453 1586 523 imperia,
1622 455 1946 524 provincias,
1977 453 2192 523 Oppida,
2224 455 2274 516 Α
2301 453 2504 506 obsessi
2538 495 2552 517 ,
2654 464 2705 508 et

3789 337 3899 400 259.

2798 455 2930 510 citra
3035 455 3206 509 solum
3312 453 3634 526 Capitolium
3716 460 3898 529 capti,

2307 546 2492 599 colunt
2554 545 2722 612 deos,
2773 564 2909 618 quos
2959 547 3095 603 alius
3147 548 3256 618 jam
3306 551 3630 620 Sprevisset,
3696 551 3899 620 iratos;

2309 648 2360 692 et
2410 653 2503 707 per
2561 637 2834 695 Gallorum
2888 643 3062 706 acies,
3129 643 3432 697 mirantium
3502 647 3899 714 superstitionis

2307 730 2606 795 audaciam,
2633 741 2860 803 pergunt
2891 733 3009 789 telis
3041 736 3302 801 inermes,
3329 733 3423 790 sed
3457 736 3602 790 cultu
3631 738 3903 809 religionis

2307 823 2538 876 armati:
2584 824 2708 878 dum
2743 826 2922 894 capti,
2981 827 3031 879 in
3078 825 3362 881 hostilibus
3413 828 3681 885 moenibus
3728 831 3904 888 adlmc

2311 917 2603 971 ferociente
2641 918 2860 972 victoria
2883 959 2898 983 ,
2930 919 3145 972 numina
3180 921 3317 974 victa
3364 934 3688 977 venerantur
3717 942 3732 979 ;
3773 925 3902 982 dum

2309 1012 2542 1080 undique
2593 1013 2828 1082 hospites
2872 1013 3003 1067 deos
3053 1026 3326 1083 qllzt'l‘tlttl,
3387 1026 3440 1071 et
3488 1032 3614 1072 SttOS
3664 1018 3902 1077 faciunt:

2308 1101 2433 1156 dum
2467 1119 2586 1156 aras
2617 1116 2918 1171 exstruunt,
2959 1104 3262 1160 dutnctiam
3292 1107 3484 1178 ignotis
3515 1112 3822 1168 numinibus
3850 1122 3905 1169 et

2309 1194 2573 1258 manibus.
2605 1198 2725 1260 Sic,
2758 1197 2881 1250 dum
2912 1199 3280 1253 uiiiversarum
3315 1203 3549 1268 gentium
3594 1219 3744 1259 sacra
3782 1221 3906 1262 sus-

2308 1282 2533 1358 cipiunt,
2561 1290 2720 1343 etiam
2751 1306 2907 1358 regna
2935 1289 3449 1362 [merueruntlllinc
3475 1303 3760 1364 perpetuus
3786 1313 3904 1354 me-

2317 1392 2436 1436 rent
2465 1386 2825 1438 venerationis
2856 1392 3011 1438 tener
3046 1387 3274 1450 mansit,
3315 1389 3402 1455 qui
3432 1388 3583 1459 longa
3611 1399 3767 1447 :etate
3795 1408 3906 1449 non

2317 1475 2638 1544 infringitur,
2661 1475 2756 1531 sed
2781 1485 3030 1546 augetur:
3049 1479 3244 1549 quippe
3267 1481 3555 1552 antiquitas
3571 1487 3906 1542 cmremoniis

1909 1591 2268 1652 VARIORUM
2305 1594 2535 1652 ΝΟΤᾹΞ.

682 1709 814 1790 Deos
833 1712 1006 1790 solere
1029 1712 1336 1790 ntttuicipes_._
1360 1712 1655 1790 Municipes
1682 1711 1815 1790 deos
1843 1709 2080 1790 appellat
2109 1711 2206 1790 M‘i-
2234 1714 2281 1773 B
2311 1723 2438 1790 teni.
2472 1715 2845 1790 lilincaaersos
2871 1737 2903 1773 a
2942 1718 3252 1790 Carthagine
3294 1722 3415 1776 deos
3463 1725 3685 1779 vocabat
3711 1726 3907 1786 Florus

609 1785 797 1836 nucius
833 1783 999 1845 Felix,
1042 1785 1126 1853 qui
1170 1784 1420 1850 peculiari
1457 1784 1603 1837 cultu
1637 1785 1686 1836 in
1723 1783 1947 1847 singulis
1968 1784 2201 1837 civitati-

610 1855 706 1909 bus
737 1857 815 1907 vel
844 1855 1134 1923 proviuriis
1175 1857 1471 1908 coast-crati
1506 1864 1653 1908 sunt.
1698 1854 1898 1908 Horum
1931 1854 2204 1922 catalogos

611 1935 797 1996 texunt
838 1925 997 1977 etiam
1031 1925 1278 1996 ’l‘ert.nll.,
1311 1925 1526 1996 Apolog.
1555 1942 1607 1979 c.
1656 1926 1743 1988 Ἡ,
1771 1926 2081 1979 Lactantius
2110 1926 2197 1980 lib.

610 2013 649 2060 t,
684 1995 1005 2068 Prudentius
1034 1995 1085 2048 in
1117 1994 1416 2065 ngmach.
1445 1994 1502 2052 ti.
1550 1996 1803 2051 Sidonius
1835 1996 2206 2068 (Apollinaris)

611 2082 719 2137 qua
735 2067 949 2120 excellit
976 2070 1253 2125 brevitate.
1287 2069 1436 2121 billOs
1465 2069 1691 2137 singulis
1718 2069 1961 2122 versibus
1987 2069 2210 2121 conclu-

612 2136 682 2193 sit
703 2136 898 2209 (Carm.
935 2153 1010 2204 lx,
1049 2154 1133 2190 vv.
1174 2139 1276 2194 165
1305 2138 1450 2208 sqq.)
1489 2158 1499 2192 :
1531 2136 1685 2194 vetus
1729 2139 2055 2210 epigramma
2094 2139 2208 2194 sin-

619 2211 772 2279 gulos
799 2210 1044 2278 singulis,
1078 2211 1127 2264 in
1173 2212 1311 2264 hunc
1339 2211 1555 2264 modum
1603 2230 1616 2265 :

832 2299 1037 2350 Dodone
1062 2301 1168 2356 tibi.
1194 2301 1438 2364 Juppiter,
1465 2309 1654 2352 sacrata
1680 2310 1773 2364 est,
1804 2307 1900 2352 etc.

619 2385 699 2439 Ci.
740 2386 796 2439 D.
832 2385 982 2440 Mart.
1032 2386 1265 2454 Religion
1295 2389 1380 2440 (les
1405 2387 1636 2455 (iaulois,
1668 2404 1725 2452 tt,
1748 2388 1885 2455 2'10;
1916 2388 2209 2444 Burmann.

617 2457 826 2532 Anthol.
854 2458 952 2532 lat.
990 2474 1074 2532 pp.
1116 2459 1213 2511 H7
1243 2475 1362 2532 sqq.
1401 2460 1529 2532 Enn.

692 2529 977 2582 Eleusinios
1006 2529 1252 2581 Cererem.
1285 2530 1559 2591 lileusinii,
1589 2529 1712 2582 dum
1739 2529 2210 2598 coluntCererem,

617 2609 889 2670 nequeunt
913 2601 978 2652 ιι..
1005 2601 1265 2654 celebrari
1307 2603 1457 2669 quasi
1487 2602 1640 2653 deam
1661 2601 1836 2655 colant
1863 2604 2208 2670 ιιιιιιιιριμθιιι,

622 2681 736 2723 Illttl.
763 2669 993 2724 habeant
1020 2673 1248 2741 gentiles
1279 2672 1407 2725 ritus
1447 2689 1755 2735 sacrorum;
1807 2672 2002 2741 quippe
2053 2691 2209 2742 quam

617 2755 829 2794 veteres
851 2742 1117 2795 deducant
1165 2743 1354 2796 l'abnlae
1386 2760 1451 2798 ex
1480 2743 1684 2804 Sicilia.
1709 2755 1821 2810 aut,
1861 2745 1905 2797 si
1959 2747 2026 2797 ita
2059 2746 2212 2798 t'ahu-

618 2815 744 2868 Iosie
774 2813 917 2882 genti
964 2813 1243 2881 indulgere
1273 2815 1423 2880 libet,
1469 2833 1531 2869 ex
1583 2813 1760 2869 Creta.
1813 2815 2032 2869 Accedit
2073 2816 2214 2886 quod

619 2895 707 2939 aut
757 2897 943 2953 gentes
985 2900 1204 2952 magnas
1258 2897 1347 2938 aut
1397 2887 1554 2939 urbes
1611 2887 1988 2940 memorabiles
2015 2887 2078 2941 ad
2115 2887 2217 2944 hoc

626 2955 883 3024 producat
924 2956 974 3009 in
1035 2957 1277 3026 proxime
1309 2957 1676 3023 sequentibus,
1716 2959 1911 3026 quibus
1960 2959 2213 3020 anteponi

625 3022 928 3100 Eleusinios
953 3022 1260 3100 (etsitleleo
1278 3022 1551 3098 regnatam
1583 3022 1791 3084 urbem.
1827 3027 2214 3100 utjactabanl),

622 3097 1037 3168 quaeratioeSI?
1071 3099 1248 3151 Possis
1276 3097 1447 3154 vereri
1491 3101 1669 3166 apices
1717 3101 2010 3153 litterarum
2065 3101 2114 3154 in
2156 3097 2216 3154 ca

2309 1802 2367 1850 ιι,
2398 1786 2450 1850 6,
2479 1789 2567 1871 βο.
2593 1789 2734 1871 Tum
2758 1808 2884 1845 vero
2913 1790 3043 1871 deos
3089 1786 3216 1846 suos
3261 1793 3458 1871 ethnici
3492 1796 3737 1871 solebant
3773 1817 3910 1871 sper-

2310 1874 2446 1920 uere,
2479 1862 2641 1915 immo
2667 1864 2824 1914 etiam
2851 1880 2982 1915 satva
3007 1865 3058 1915 in
3086 1874 3286 1916 sanctos
3302 1866 3502 1918 verbera
3527 1867 3658 1930 [ει-νε
3689 1862 3828 1928 deos.
3851 1881 3908 1926 ut

2310 1930 2479 2008 Qvidii
2509 1935 2905 2008 verbisutarex
2955 1935 3193 1987 Amorum
3237 1937 3366 2008 ινἹ,
3416 1939 3476 1998 6;
3530 1935 3594 1990 de
3641 1957 3747 2008 quo
3802 1943 3907 1996 ritu

2313 2001 2541 2056 Piliseus
2568 2005 2630 2057 ad
2660 2005 2872 2060 Sueton.
2920 2015 3047 2059 tom.
3076 2023 3109 2068 ι,
3147 2024 3193 2070 p.
3236 2007 3360 2071 767;
3401 2019 3448 2062 et
3485 2001 3678 2066 [li-lius
3718 2012 3768 2066 in
3808 2028 3909 2070 suo

2313 2073 2376 2125 de
2399 2074 2614 2128 (.‘ometis
2653 2077 2808 2140 libro,
2841 2093 2956 2141 cap.
2994 2078 3113 2132 15‘2.
3152 2077 3325 2132 HBL'M.

2388 2144 2525 2199 Dum
2563 2151 2732 2219 capti,
2789 2149 2840 2201 in
2886 2150 3146 2201 hostilibus
3180 2149 3441 2205 utrenibas.
3473 2151 3730 2216 Romani,
3781 2155 3912 2210 dum

2317 2223 2442 2294 sunt
2471 2220 2520 2294 in
2552 2218 2833 2294 Capitolio,
2861 2231 3120 2294 quamum
3148 2230 3264 2274 erat
3318 2232 3376 2279 ut
3406 2241 3507 2275 non
3555 2236 3736 2278 essent
3764 2228 3912 2294 capti

2318 2297 2368 2364 et
2403 2289 2455 2364 iu,
2481 2289 2682 2364 ditione
2715 2293 2979 2344 lto-tium?
3007 2304 3054 2342 et
3082 2292 3156 2344 sic
3188 2307 3364 2346 tamen
3406 2295 3453 2347 iit
3486 2295 3748 2350 inmitibus
3791 2289 3910 2364 jzitn

2319 2356 2630 2424 hostilibus,
2667 2361 2767 2415 hoc
2807 2372 2924 2422 est,
2968 2364 3031 2415 ab
3063 2363 3212 2416 lli)th
3258 2366 3475 2417 inse~sis
3507 2368 3721 2420 numina
3770 2356 3914 2422 victa

2319 2433 2735 2486 venerabantur.
2779 2433 2929 2501 Quod
2963 2434 3222 2500 Optimum
3259 2436 3554 2490 intellectu.
3591 2438 3739 2492 Nunc
3777 2438 3913 2495 illud

2319 2505 2456 2570 Capti
2489 2508 2651 2572 magis
2683 2516 2994 2571 promovet,
3031 2523 3186 2574 quam
3221 2522 3377 2570 supra
3420 2508 3631 2562 dicebat
3669 2511 3794 2561 citra
3825 2529 3915 2564 so-

2320 2575 2423 2625 lum
2465 2574 2774 2642 Capitolium
2807 2580 2974 2644 capti,
3009 2587 3060 2628 ttt
3105 2585 3279 2645 puteal
3320 2578 3421 2630 isto
3467 2579 3782 2632 (lisiritttitte
3813 2598 3916 2636 vo-

2319 2645 2484 2698 luisse
2523 2665 2642 2700 eum
2704 2649 2896 2700 itnitari
2942 2647 3221 2716 Virgiliana
3251 2664 3318 2704 ex
3356 2665 3428 2703 vn
3459 2649 3674 2704 .Eneitl.
3709 2667 3727 2704 :
3772 2651 3919 2706 Nunt

2321 2721 2457 2784 Capti
2485 2730 2690 2782 potuere
2717 2721 2830 2789 capi
2850 2721 2873 2772 ?
2895 2719 3063 2774 GBON.
3098 2751 3168 2758 —
3197 2720 3309 2772 Vox
3343 2723 3631 2788 pennltima
3668 2723 3746 2776 vel
3777 2725 3921 2776 osci-

2321 2792 2503 2843 tantis:
2536 2790 2734 2844 librarii
2775 2794 3031 2852 debetur,
3065 2792 3145 2844 vel
3188 2790 3525 2846 scriba-mlum
3564 2813 3575 2847 :
3625 2794 3744 2845 dum
3794 2812 3921 2850 aras

2322 2872 2557 2914 extruunt
2589 2862 2983 2922 demnmetitnn
3023 2863 3207 2930 ignotis
3247 2864 3552 2917 numinibus.
3619 2863 3778 2919 Davus
3848 2898 3919 2906 —

2327 2931 2482 2985 Davis
2509 2935 2561 2986 in
2595 2935 2815 2987 mutavit
2847 2935 2896 2988 in
2930 2936 3002 2988 vir
3026 2935 3282 2994 feliciter;
3318 2935 3411 2988 sed
3444 2938 3602 2990 etiam
3648 2937 3923 2993 hostilibus

2325 3006 2636 3057 mutandum
2691 3015 2804 3058 erat
2852 3011 2902 3059 in
2955 3007 3143 3060 hostili.
3199 3006 3285 3062 Sic
3337 3022 3453 3075 cap.
3485 3023 3592 3073 vn,
3648 3021 3779 3067 metu
3824 3010 3920 3062 ho-

2325 3076 2448 3129 stili.
2478 3076 2649 3131 "EL'M.
2676 3109 2746 3117 —
2769 3077 3001 3132 Lindner
3032 3089 3242 3131 secutus
3273 3089 3350 3131 est
3372 3080 3653 3131 lectionem
3697 3079 3918 3136 Davisii.

624 3146 754 3223 ξορρ
786 3167 1035 3223 confusos
1065 3181 1114 3221 et
1140 3169 1332 3224 Minue.
1361 3146 1571 3224 dedis:e
1598 3180 1652 3222 ut
1691 3170 1938 3224 lleumeos
1969 3172 2215 3226 Cererem.

2328 3146 2530 3226 Sensus
2559 3162 2660 3211 e~t,
2688 3151 2853 3220 inquit.
2883 3169 2892 3201 :
2921 3149 3143 3230 Roitnuii
3167 3149 3382 3230 urbibus
3406 3151 3634 3230 ho~tiuoi
3656 3149 3701 3204 vi
3723 3153 3921 3219 ruptis,

631 3240 835 3295 Forsan
867 3240 914 3290 id
948 3239 1201 3308 scriptum
1228 3240 1322 3294 fuit
1356 3240 1630 3301 "enueios,
1681 3245 1811 3294 sicut
1859 3256 1979 3308 cap.
2039 3243 2130 3303 51.
2169 3242 2221 3296 in

629 3311 831 3365 ιιίς,ιιιῖι
862 3309 1104 3369 Ilenueis,
1141 3327 1233 3380 pro
1252 3328 1357 3372 uno
1375 3314 1722 3367 restituerunt
1747 3311 1958 3368 (Elaris.
1983 3313 2220 3369 Gaoxov.

703 3381 937 3450 Phrygas
969 3382 1204 3436 Matrem.
1269 3385 1380 3437 Non
1419 3400 1553 3451 opus
1602 3393 1683 3436 cst
1727 3395 1802 3442 ul,
1835 3401 1954 3436 cum
2003 3386 2219 3452 Sigism.

627 3452 1187 3526 Gelenio,_Laurentio
1219 3456 1490 3518 Bari-ensi,
1552 3455 1702 3508 Fulv.
1764 3455 1980 3519 Ursino,
2025 3472 2225 3526 eosque

632 3533 817 3595 seequ
854 3524 980 3579 Chr.
1013 3526 1271 3591 (Zellzirio,
1319 3542 1639 3594 reponamus
1690 3525 1927 3595 Phrygas
1987 3524 2225 3595 magnam

633 3594 892 3663 Matrem;
939 3598 1182 3650 renititur
1220 3599 1359 3650 enim
1402 3600 1592 3650 unicus
1621 3594 2084 3666 ms.,t;yln~lequu
2117 3599 2224 3651 κατ’

629 3673 796 3736 ἐξαχ-ὶυ
825 3668 1088 3722 interdum
1121 3680 1280 3722 mater
1301 3670 1512 3722 dicitur.
1540 3669 1788 3738 Virgilius
1814 3668 1999 3738 Georg.
2029 3683 2105 3730 tv,
2133 3668 2221 3724 Gl:

752 3761 1078 3820 'l‘innitusque
1100 3763 1176 3810 cie
1198 3798 1211 3821 ,
1242 3768 1296 3811 et
1320 3761 1487 3812 Matris
1509 3764 1660 3823 quate
1683 3759 1901 3821 cymbala
1918 3759 2119 3808 circum.

633 3847 710 3901 Ac
740 3844 954 3898 Afueid.
986 3845 1072 3906 Ill,
1101 3846 1133 3896 5
1164 3863 1175 3897 :

756 3916 879 3964 Hinc
906 3916 1065 3964 Mater
1089 3915 1269 3963 cultrix
1294 3914 1458 3978 Cybeli
1477 3913 1862 3978 Corybantiaque
1883 3926 1998 3962 mra.

630 3978 718 4033 Sic
748 3981 889 4032 enim
915 3994 1036 4032 cum
1067 3979 1254 4032 Servio
1278 3974 1838 4046 legendumarbitror,
1883 3993 1986 4028 non
2020 3974 2223 4045 Cybele,

632 4061 688 4103 ut
729 4050 924 4104 habent
953 4049 1104 4104 editt.
1137 4051 1483 4104 recentiores.
1517 4048 1589 4102 Ita
1634 4057 1688 4102 ct
1731 4047 2003 4102 Arnobius
2034 4047 2124 4102 lib.
2174 4063 2221 4114 v,

629 4137 682 4191 p.
715 4121 827 4174 tli7.
867 4121 1046 4176 Davus.

708 4192 953 4252 (inmersa
981 4192 1259 4248 Iimnoaos.
1313 4192 1431 4246 Mox
1479 4193 1639 4256 dicet,
1704 4191 2066 4246 Uuiuersarum
2107 4206 2229 4258 gett—

632 4266 756 4317 tium
785 4281 928 4317 sacra
955 4267 1251 4330 suscepisse.
1307 4265 1363 4317 lit
1413 4265 1570 4332 paulo
1603 4275 1720 4331 post
1755 4282 1766 4315 :
1819 4263 2058 4316 [uitiasse
2099 4262 2230 4314 ritus

630 4338 853 4388 omniunt
883 4337 1204 4403 religionum.
1236 4337 1459 4389 litGAL't'.

711 4401 1394 4474 I’ropagavit.Scribendnm
1415 4405 1634 4458 omnino
1653 4413 2020 4472 propagarunt.
2049 4401 2225 4456 Ιιευιιι.

635 4477 776 4530 Nihil
826 4486 1076 4543 iipus‘t-st.
1109 4492 1226 4526 cum
1259 4476 1545 4540 singularis
1573 4475 1766 4542 rcSpici
1789 4487 1823 4527 ιι
1851 4474 1916 4528 ad
1939 4489 2111 4526 eorum
2139 4489 2226 4543 po,

633 4559 785 4600 lcsttts
812 4556 854 4596 et
885 4547 1179 4597 auctoritas.
1213 4546 1467 4600 LlNltNl-ZR.

705 4616 838 4668 Dum
867 4627 1114 4670 exercent.
1152 4634 1228 4670 se.
1263 4617 1500 4678 Romani;
1528 4615 1755 4670 debebat
1783 4632 1900 4669 esse
1931 4626 2144 4681 exercet,
2171 4626 2228 4669 ut

636 4687 944 4758 pra-cedens
979 4691 1298 4757 propagavit.
1341 4690 1444 4740 Sed
1482 4690 1546 4740 ita
1580 4689 1766 4753 oplitni
1807 4698 2055 4742 auctores
2087 4687 2226 4756 loqui

631 4770 1044 4814 Cottsueverttul.
1076 4760 1273 4811 Caesar.
1307 4762 1367 4812 tle
1397 4760 1535 4813 Bello
1555 4759 1690 4813 Uall.
1710 4776 1778 4820 Vl,
1811 4761 1879 4813 '34
1909 4775 1921 4808 :
1958 4760 2084 4825 Qua:
2108 4775 2230 4824 gens

631 4831 699 4882 ad
733 4832 824 4883 hoc
854 4844 1047 4898 tempus
1076 4832 1134 4881 iis
1164 4832 1362 4884 sedibus
1385 4850 1436 4884 se
1459 4844 1697 4896 continet,
1718 4847 2066 4891 smnmamgue
2085 4830 2228 4881 habet

627 4905 845 4973 justitiw
873 4915 919 4954 et
976 4903 1170 4956 bellica:
1223 4904 1390 4956 laudis
1443 4905 1753 4973 opinionem,
1786 4917 2016 4971 uuncque
2046 4902 2098 4953 in
2145 4918 2231 4953 ett-

633 4971 745 5026 ἄρηι
773 4975 966 5040 inopia.
1001 4983 1236 5038 egestate,
1273 4971 1537 5042 patientia,
1583 4991 1680 5041 qua
1713 4971 1976 5039 Germani,
2030 4988 2224 5040 perina-

631 5055 768 5099 nent.
798 5047 1055 5098 Iunones.

707 5116 841 5169 Dant
871 5118 1064 5168 urbem.
1099 5115 1169 5168 ita
1203 5133 1301 5169 ms.
1334 5133 1447 5185 reg.
1483 5116 1578 5170 Alii
1611 5117 1799 5168 orbem.
1830 5115 2092 5169 LINDNER.

711 5187 848 5252 Quos
869 5189 996 5242 alius
1017 5189 1128 5255 jam
1151 5191 1417 5253 sprevisset
1449 5190 1624 5240 iratos.
1644 5187 1732 5240 Sic
1759 5202 1884 5252 ms.,
1917 5198 1973 5238 ιιι
2000 5187 2228 5250 videtur;

635 5267 689 5311 et
714 5274 778 5310 cx
810 5273 876 5309 eo
903 5258 1122 5311 Saba-us
1151 5259 1430 5319 Gelenius,
1483 5259 1766 5322 Het'aldus,
1803 5259 2060 5326 Rigaltius
2113 5258 2226 5311 alii.

633 5345 755 5397 quc.
789 5327 858 5382 At
891 5327 1233 5384 Wonwerius
1259 5342 1306 5383 et
1341 5329 1792 5391 lilinenhorstius,
1817 5347 1940 5396 quos
1961 5331 2096 5382 alius
2117 5329 2232 5395 jam

635 5401 899 5465 sprevisset
928 5402 1124 5454 iratus:
1168 5401 1311 5467 quod
1345 5400 1471 5454 mihi
1501 5412 1554 5453 ct
1582 5399 1853 5453 GrOnovio
1889 5404 2234 5453 vehementer

637 5472 808 5536 placet
840 5489 850 5521 :
889 5488 1008 5523 nam
1052 5488 1194 5540 sa-pe
1222 5474 1416 5525 factum
1467 5484 1548 5524 est
1601 5472 1741 5539 quod
1769 5473 1843 5526 ait
1875 5472 2053 5525 Livius
2077 5473 2148 5524 lib
2195 5487 2231 5536 ι,

635 5558 754 5602 cap.
789 5543 877 5604 51,
914 5554 964 5594 ιιι
997 5543 1244 5596 homines
1273 5547 1493 5612 fortuna:
1519 5543 1722 5608 obirati,
1752 5545 1954 5597 cultum
1992 5545 2231 5610 reliquu-

637 5614 743 5666 rint
771 5616 949 5666 deum.
993 5615 1168 5668 Davus.
1216 5644 1286 5653 —
1317 5614 1454 5667 Male
1485 5630 1514 5668 a
1548 5615 1868 5682 iptibnsdam
1897 5615 2099 5668 editum
2153 5623 2236 5666 est

635 5686 811 5738 iratas.
859 5686 1022 5739 llecte
1069 5689 1210 5738 enim
1249 5687 1420 5755 prima
1455 5687 1539 5738 illa
1577 5687 1741 5738 editio
1769 5688 1928 5740 iratos
1960 5687 2137 5739 habet.
2168 5690 2233 5738 At

637 5757 795 5808 etiam
831 5759 861 5808 ii
898 5769 1182 5824 pecearunt
1212 5759 1322 5826 qui.
1355 5757 1513 5809 iratos
1567 5758 1816 5823 edentes,
1851 5773 1954 5812 non
1989 5757 2234 5824 pra-lisc-

637 5840 760 5880 t'nnt
796 5828 916 5881 huic
942 5829 1107 5882 verbo
1150 5844 1381 5883 comma.
1445 5826 1611 5882 Irasci
1659 5829 1860 5882 scilicet
1917 5829 2236 5885 dicebantur

644 5897 745 5960 dii,
795 5914 915 5950 cuin
959 5899 1083 5952 urbs
1124 5901 1298 5967 aliqua
1337 5901 1568 5956 hostium
1601 5901 1848 5957 veniebat
1891 5901 1942 5955 in
1999 5909 2234 5971 potesta-

2329 3221 2485 3292 etiani
2513 3223 2648 3274 inter
2676 3222 3000 3274 ferocitatem
3019 3220 3272 3286 victoriw,
3294 3219 3524 3276 uldalias
3552 3222 3722 3292 pietas
3744 3224 3926 3278 omnis

2329 3291 2536 3344 exsulat
2567 3335 2578 3355 ,
2613 3304 2785 3345 tamen
2832 3294 3045 3345 numina
3096 3294 3227 3345 victa
3272 3294 3508 3346 venerati
3550 3291 3690 3346 Sunt.
3733 3296 3924 3349 tunc.

2402 3363 2534 3416 Dum
2563 3381 2679 3416 aras
2710 3375 2991 3429 exstruunt,
3009 3363 3130 3415 dum
3160 3365 3330 3418 etiam.
3359 3363 3665 3434 Legeudum
3697 3364 3927 3421 fortasse

2328 3438 2584 3488 interdum
2608 3437 2756 3488 etiam
2786 3437 2970 3507 ignotis
2998 3453 3136 3488 num.
3162 3435 3444 3498 Catterum,
3477 3453 3728 3502 quorSnm
3760 3436 3928 3490 addat

2331 3517 2377 3559 et
2405 3509 2666 3572 manibus,
2705 3507 2872 3560 lateor
2903 3522 2986 3561 me
3031 3525 3132 3560 non
3164 3509 3291 3561 satis
3325 3509 3644 3576 intelligere.
3694 3509 3766 3562 De
3819 3509 3929 3563 diis

2329 3579 2523 3650 ignotis
2556 3581 2856 3645 proculcata
2892 3595 2979 3631 res
3009 3588 3109 3631 est.
3144 3579 3320 3632 Manes
3351 3581 3508 3634 etiam
3542 3580 3674 3635 deos
3703 3581 3927 3634 habitos

2333 3652 2511 3716 pueris
2555 3661 2736 3703 notum
2786 3670 2798 3704 :
2851 3651 2941 3703 sed
2987 3666 3238 3718 quorsum
3293 3651 3376 3704 hic
3427 3667 3611 3707 eorum
3673 3654 3929 3708 tuentio‘.’

2329 3722 2504 3788 Quare
2539 3721 2836 3774 nescii-baut
2873 3740 2937 3773 an
2992 3722 3269 3789 legendum
3301 3733 3443 3775 esset
3478 3741 3490 3775 τ
3528 3725 3712 3793 ignotis
3752 3725 3930 3778 muni-

2330 3794 2473 3844 ttibtts
2497 3793 3466 3847 elinuttibtts.lll'1n.\l.D.—-Let'liottcttt
3498 3795 3731 3848 t‘lelctttlit
3753 3797 3930 3850 Croti.

2329 3875 2382 3918 et
2417 3869 2523 3936 vult
2557 3866 2674 3916 dum
2707 3881 2823 3916 esse
2872 3867 3143 3916 etiamdum
3174 3908 3184 3926 ,
3239 3869 3319 3918 vel
3379 3869 3536 3919 ctiam
3594 3866 3886 3936 legendum
3918 3885 3931 3920 :

2331 3933 2519 3988 dudum
2548 3940 2694 3988 etiam
2735 3938 2934 4006 ignotis.
2983 3936 3235 3991 LINDNIZII.

2407 4006 2713 4060 Numinibus
2741 4020 2783 4058 rt
2810 4008 3057 4060 munibus.
3089 4009 3227 4062 Bene
3251 4007 3774 4078 Circi/iuscomponit
3805 4011 3940 4062 deos

2333 4078 2652 4132 Manes-cum
2684 4081 2866 4150 ignotis
2898 4081 3200 4132 numinibus.
3240 4082 3408 4142 llwtte,
3444 4083 3671 4148 inquam,
3702 4096 3764 4133 ex
3799 4082 3908 4147 Epi
3932 4113 3944 4122 -

2331 4151 2443 4204 euri
2479 4167 2659 4216 sensu,
2685 4154 2770 4221 qui
2807 4152 3022 4210 negabat
3059 4167 3177 4204 esse
3200 4154 3407 4220 aliquos
3433 4153 3604 4206 Manes
3627 4163 3679 4204 et
3705 4153 3942 4206 subter—

2332 4236 2493 4275 ranea
2531 4239 2712 4292 regna.
2744 4222 2949 4276 Pierian
2983 4224 3158 4275 Manes
3192 4239 3377 4275 eorum
3427 4223 3674 4276 dicuntur
3703 4224 3792 4290 qui
3818 4223 3941 4288 jam

2333 4310 2452 4346 esse
2498 4295 2806 4358 desierunt,
2854 4311 2914 4345 ac
2968 4297 3187 4362 proinde
3231 4295 3356 4348 nulli
3407 4307 3550 4348 sunt.
3584 4295 3648 4349 Et
3678 4295 3947 4347 Cmcilius

2333 4367 2530 4432 ignotos
2579 4366 2707 4419 Deos
2740 4367 2960 4434 spernit,
2987 4367 3104 4433 quia
3131 4377 3252 4419 sunt
3279 4367 3442 4434 ignoti
3475 4385 3488 4421 :
3521 4374 3575 4419 et
3608 4365 3786 4419 Manes
3818 4367 3947 4420 sive

2333 4437 2635 4498 defunctos,
2663 4441 2783 4506 quia
2809 4438 3045 4489 deuincti
3075 4449 3126 4490 et
3154 4442 3259 4502 lani
3287 4438 3439 4491 nulli.
3478 4439 3698 4492 limam".

2413 4505 2722 4562 lllrruerant.
2767 4509 2855 4561 Sc.
2899 4509 3171 4576 διατήρει-θ.
3213 4510 3364 4574 Quod
3399 4526 3618 4577 zeugma
3651 4522 3749 4562 nec
3777 4505 3948 4561 Cice-

2252 4566 2304 4625 D
2331 4583 2446 4633 roni
2475 4583 2730 4648 ignotum.
2755 4581 2844 4654 lib.
2867 4596 2918 4633 XI
2941 4622 2955 4643 ,
2991 4566 3086 4650 lip.
3117 4581 3181 4634 18
3201 4566 3338 4654 :‘Sin
3367 4566 3564 4654 aliquid
3593 4582 3775 4633 virium.
3809 4582 3952 4654 forte

2333 4655 2632 4722 collegerit,
2666 4652 2875 4716 sentiet,
2922 4669 3009 4706 nec
3059 4653 3258 4705 senatui
3298 4650 3570 4705 consilium
3616 4668 3707 4703 uec
3743 4650 3951 4721 papula

2333 4722 2486 4778 Rom.
2519 4726 2750 4778 virtutem
2795 4724 2984 4785 tteessa,
3035 4740 3123 4775 uer
3151 4726 3275 4791 reip.
3322 4735 3365 4776 te
3415 4727 3525 4778 vivo
3551 4725 3948 4790 imperatorem,

2333 4811 2408 4848 se.
2436 4799 2622 4848 deesse.
2662 4796 2748 4849 Vel
2777 4799 2950 4863 potius
2983 4796 3252 4865 syllepis,
3287 4804 3342 4847 ut
3374 4796 3515 4849 idem
3546 4795 3637 4848 lib.
3673 4809 3815 4865 sur.
3845 4793 3948 4859 Ep.

2335 4870 2403 4921 10
2437 4867 2607 4922 :Cnra
2657 4869 2813 4935 igitur
2840 4909 2851 4929 ,
2893 4869 2935 4920 si
2980 4863 3056 4918 me
3101 4868 3227 4918 uniti
3273 4867 3421 4935 facis,
3459 4866 3632 4934 quanti
3685 4878 3729 4916 et
3776 4863 3956 4935 Vario

2333 4941 2584 4994 existimat
2608 4983 2619 4996 .
2657 4933 2732 4994 sc.
2770 4949 2820 4992 te
2856 4953 2940 4992 me
2971 4937 3165 4991 facere.
3214 4933 3280 4991 ll.
3307 4940 3398 4990 lib.
3436 4933 3488 4992 ix
3512 4981 3525 4998 ,
3563 4937 3641 5002 Ep
3671 4938 3704 4987 8
3732 4954 3745 4988 :
3779 4933 3956 4987 Nunc

2335 5024 2503 5065 autem
2541 5012 2662 5075 quid
2689 5021 2780 5076 est,
2817 5011 2925 5062 sine
2952 5011 3028 5062 his
3061 5027 3147 5061 rur
3184 5011 3345 5062 vivere
3372 5009 3624 5062 velimus?
3654 5007 3793 5058 Mihi
3831 5023 3957 5057 vero

2336 5101 2448 5136 cum
2493 5085 2634 5155 ipsis,
2672 5084 2755 5135 ria:
2794 5081 2871 5133 Itis
2939 5093 3104 5134 autem
3136 5081 3409 5155 detractis,
3453 5097 3516 5155 ne
3562 5084 3657 5155 Avia:
3708 5079 3958 5155 quidem,

2335 5170 2412 5210 sc.
2448 5150 2626 5208 vivere
2647 5157 2790 5206 libet.
2812 5155 3179 5206 Sicsaneesse
3199 5154 3248 5205 in
3271 5169 3368 5205 nis.
3398 5152 3746 5212 colligitnrcx
3769 5150 3961 5200 silen-

2339 5230 2412 5280 tio
2447 5225 2659 5280 Ileraldi
2685 5236 2731 5277 el
2760 5225 2956 5289 Rigalt.
2989 5225 3246 5276 Meursius
3270 5239 3396 5276 vero
3431 5223 3628 5275 iudicat
3658 5230 3711 5272 ct
3747 5221 3964 5272 merito

2337 5299 2436 5363 lt-gi
2469 5308 2700 5360 merant,
2736 5297 2877 5348 unde
2909 5298 3127 5364 corrigit.
3157 5296 3374 5347 inierunt
3397 5335 3410 5358 ,
3449 5295 3529 5346 vel
3562 5294 3723 5344 etiam
3748 5309 3964 5360 regna-

2337 5382 2537 5424 verunt.
2579 5369 2814 5424 Gronov.
2850 5368 3073 5428 ircrunt,
3117 5383 3311 5436 nempe
3353 5367 3402 5419 in
3452 5367 3663 5418 illorutn
3718 5378 3964 5414 manum

2338 5443 2480 5494 velut
2527 5439 2835 5494 coniilantia
2894 5437 3044 5492 deus.
3076 5438 3266 5492 licunt.
3306 5437 3416 5490 vult
3447 5438 3515 5489 eis
3545 5436 3693 5488 etiam
3724 5448 3971 5504 regnare

2338 5524 2646 5567 meruerunt.
2683 5512 2856 5564 Davis.
2908 5521 3118 5564 merent.
3157 5510 3462 5563 Lectionem
3513 5524 3538 5558 ιι
3588 5505 3742 5559 nobis
3792 5521 3968 5558 rece-

2339 5581 2479 5654 ptam
2512 5593 2607 5653 (sc.
2647 5582 2957 5652 meruerunt)
3001 5581 3088 5636 cd.
3127 5582 3422 5636 Romanam
3483 5579 3741 5632 exhibere
3790 5577 3973 5630 docet

2341 5657 2528 5712 licunt.
2586 5657 2845 5709 LINDNER.

2415 5751 2678 5804 Manserit.
2712 5749 2946 5804 Lindncr
2993 5748 3120 5814 legit
3145 5746 3350 5807 mansit.
3403 5758 3526 5799 cum
3548 5740 3815 5797 omnibus
3847 5740 3976 5796 fere

2339 5825 2499 5891 impr.
2535 5823 2630 5874 ιςιι.
2671 5822 2824 5874 Itoni.
2857 5829 3077 5873 maneat.

2413 5885 2818 5962 Antiquitas”...
2861 5890 3170 5946 adstruxerit
3238 5889 3516 5944 vetustatis.
3595 5885 3982 5942 lnvcnustius
