4156 6282
605 371 714 433 235

608 591 832 646 deorum
894 589 1234 658 prmsentiam
1288 597 1594 658 contempta
1640 589 1876 660 auspicia
1903 599 2203 644 contestata

607 690 751 738 SllIlI.
797 681 888 736 Sic
945 678 1088 737 Allia
1137 698 1334 738 nomen
1384 681 1705 746 infaustum,
1764 683 1842 738 sic
1891 681 2094 736 Claudii
2151 691 2207 737 et

605 777 788 844 Junii,
824 791 930 831 non
965 777 1208 847 praelium
1259 778 1309 831 in
1357 777 1587 841 Poenos,
1635 775 1726 831 sed
1775 776 1941 831 ferale
1990 775 2204 830 naufra-

606 872 750 943 gium
784 880 885 925 est.
917 870 1015 936 Et,
1066 880 1123 925 ut
1150 870 1500 926 Trasimenus
1530 871 1898 927 Romanorum
1945 873 2206 942 sanguine

607 975 662 1020 et
712 965 882 1033 major
911 974 1056 1019 esset
1096 973 1149 1019 et
1181 963 1421 1030 decolor,
1477 965 1681 1034 sprevit
1734 963 1954 1035 auguria
2003 965 2204 1019 Flami-

607 1058 765 1113 nius:
797 1065 881 1122 et,
941 1069 999 1111 ut
1047 1057 1278 1112 Parthos
1327 1059 1475 1128 signa
1521 1073 1902 1129 reposcamus,
1957 1060 2204 1113 Dirarnm

608 1151 1026 1222 imprecationes
1066 1149 1293 1207 Crassus
1331 1162 1385 1206 et
1432 1154 1629 1206 meruit
1674 1161 1728 1206 et
1773 1152 1959 1206 irrisit.
2007 1150 2209 1207 Omitto

607 1256 823 1313 vetera,
875 1261 996 1316 quae
1027 1246 1192 1300 multa
1225 1257 1382 1312 sunt,
1431 1256 1484 1301 et
1529 1246 1596 1300 de
1647 1247 1870 1301 deorum
1905 1247 2205 1314 natalibus,

607 1339 762 1394 donis
789 1381 804 1403 ,
838 1339 1149 1394 muneribus
1169 1382 1184 1407 ,
1218 1340 1432 1410 neglige
1464 1339 1701 1395 carmina
1733 1347 2042 1410 poetarum;
2075 1355 2210 1409 prte-

607 1434 748 1489 dicta
781 1434 943 1488 etiam
975 1434 1043 1490 de
1064 1435 1297 1490 oraculis
1320 1435 1423 1488 fata
1445 1436 1794 1498 transilio,ne
1811 1432 2208 1501 vobisantiqui-

608 1534 688 1581 tas
716 1526 939 1580 nimium
972 1526 1213 1581 fabulosa
1245 1527 1509 1582 videatur.
1546 1527 1768 1582 Intende
1796 1527 2008 1596 templis
2038 1540 2098 1579 ac
2114 1524 2210 1580 de-

607 1617 774 1673 lubris
801 1617 1023 1673 deormn
1049 1620 1240 1690 quibus
1259 1619 1499 1674 Romana
1518 1620 1704 1674 civitas
1721 1617 2142 1688 etprotegitnr10
2158 1627 2210 1672 et

606 1721 872 1766 armatur:
893 1713 1060 1782 magis
1077 1723 1200 1768 sunt
1214 1723 1432 1783 angusta
1449 1713 1754 1767 numimbus
1772 1712 1958 1767 incolis
1977 1727 2211 1782 przcsen—

611 1803 769 1868 libus,
793 1804 1084 1874 inquilinis,
1121 1821 1280 1874 quam
1305 1807 1480 1860 cultus
1506 1807 1802 1876 insignibus
1824 1815 1877 1861 et
1901 1808 2211 1862 muneribus

1787 373 1996 430 MAIlCl
2040 373 2300 432 MINUCII
2341 373 2605 430 FELICIS

608 498 924 568 coaequavit.
975 493 1336 565 Frequentius
1387 493 1548 551 etiam
1614 511 1773 568 quam
1845 498 2195 562 volebamus,
2229 494 2729 559 Acalamilatibus,
2787 491 3060 549 laboribus
3123 492 3490 548 levamentum
3542 507 3556 546 :

3808 375 3912 439 9.56

3607 492 3768 549 etiam
3817 510 3912 565 per

2308 590 2543 661 quietem
2573 589 2702 643 deos
2733 588 3012 654 videmus,
3041 585 3292 642 audimus
3315 626 3331 653 ,
3361 586 3706 658 agnoscimus
3727 629 3744 656 ,
3779 604 3914 660 quas

2309 685 2472 755 impie
2503 699 2599 754 per
2626 682 2767 739 diem
2800 696 3092 754 negamus,
3123 681 3407 749 nolumus,
3441 682 3768 754 pejeramus.

2898 777 3132 836 CAPUT
3169 776 3298 832 VIII.

2309 871 2702 927 Ancunenruu.
2731 901 2803 911 —-
2829 869 3042 925 Mimine
3075 870 3290 943 ferenda
3329 869 3621 938 Theodori,
3672 871 3916 947 Diagora!

2381 983 2440 1019 ac
2466 965 2769 1036 Protagora:
2793 966 2952 1037 impia
2983 967 3257 1026 temeritas.
3277 966 3364 1036 qui
3381 965 3593 1019 deorum
3619 967 3914 1039 religionem

2383 1061 2462 1116 υιτι
2498 1065 2698 1132 penitus
2725 1061 2902 1116 tollere
2924 1103 2938 1126 ,
2983 1062 3060 1115 vel
3083 1061 3264 1116 saltem
3289 1061 3555 1129 inﬁrmare
3584 1063 3786 1118 voluere
3810 1081 3829 1128 ;
3856 1073 3912 1118 at

2383 1154 2542 1208 multo
2607 1153 2772 1208 minus
2837 1153 2960 1224 ferri
3015 1153 3158 1208 debet
3215 1152 3466 1207 latebrosa
3520 1162 3570 1207 et
3647 1155 3916 1226 lucifugaa:

2383 1247 2790 1301 Christianorum
2831 1247 2992 1308 natio,
3043 1246 3130 1316 qui
3177 1245 3299 1300 deos
3347 1249 3638 1316 despuunt,
3688 1256 3735 1299 et
3781 1253 3912 1301 (tum

2382 1339 2512 1393 mori
2536 1348 2648 1410 post
2672 1347 2882 1393 mortem
2913 1339 3089 1392 timent
3112 1379 3128 1403 ,
3159 1337 3366 1392 interim
3393 1339 3523 1392 mori
3550 1355 3652 1392 non
3676 1339 3871 1394 timent.

2385 1429 2586 1502 Itaque,
2611 1445 2731 1485 cum
2755 1430 2995 1485 omnium
3018 1430 3254 1499 gentium
3280 1429 3349 1485 de
3366 1429 3468 1485 diis
3497 1429 3911 1499 immortalibus,

2313 1525 2555 1596 quamvis
2587 1524 2786 1579 incerta
2819 1524 2888 1577 sit
2910 1523 2994 1578 vel
3025 1512 3162 1577 ratio
3180 1522 3264 1576 vel
3290 1522 3464 1592 origo,
3495 1532 3709 1579 maneat
3734 1534 3913 1580 tamen

2315 1619 2469 1672 lirma
2503 1617 2821 1682 consensio;
2856 1616 3126 1671 neminem
3157 1616 3270 1671 fero
3315 1625 3459 1670 tanta
3491 1615 3748 1685 audacia,
3777 1628 3917 1673 tam-

2314 1711 2735 1782 qneirreligiosa
2775 1711 2958 1765 nescio
3005 1725 3109 1780 qua
3152 1708 3430 1778 prudentia
3495 1721 3912 1779 tumescentem,

2314 1807 2404 1878 qui
2433 1805 2570 1860 hanc
2596 1805 2909 1876 religionem
2932 1812 3038 1858 tam
3077 1812 3361 1867 vetustam,
3406 1811 3515 1858 tam
3544 1803 3727 1859 utilem
3758 1845 3773 1870 ,
3805 1813 3914 1859 tam

607 1896 882 1967 opulenta.
945 1895 1071 1951 lude
1115 1899 1249 1953 adeo
1283 1899 1420 1967 pleni
1449 1909 1501 1954 et
1531 1901 1676 1953 mixti
1714 1903 1822 1955 Deo
1850 1911 2000 1955 vates
2030 1900 2201 1955 futura
2234 1903 2281 1962 B
2308 1899 2576 1954 salubrem
2623 1898 2921 1953 diSsolvere
2965 1907 3055 1952 aut
3085 1897 3359 1952 inﬁrmare
3390 1897 3610 1951 nitatur.
3665 1895 3747 1950 Sit
3789 1895 3918 1951 licet

613 1997 991 2058 praecerpunt,
1025 1990 1156 2044 dant
1202 1991 1464 2046 cautelam
1515 1992 1798 2062 periculis,
1846 1993 2049 2048 morbis
2094 2008 2208 2048 me-

608 2078 820 2148 delam,
875 2096 1027 2151 spem
1109 2082 1360 2151 afﬂictis,
1433 2099 1588 2154 opem
1637 2086 1879 2152 miseris,
1955 2085 2202 2141 solatium

2315 1995 2404 2050 ille
2433 1993 2750 2050 Theodorus
2818 1993 3140 2065 Cyrenzens,
3200 1992 3318 2058 vel,
3389 1991 3481 2062 qui
3553 1992 3724 2063 prior,
3785 1991 3917 2045 llia-

2308 2104 2466 2160 goras
2549 2088 2776 2153 Melius,
2850 2086 2935 2142 cui
3001 2084 3211 2141 Atheon
3281 2099 3579 2158 cognomen
3662 2083 3918 2155 apposuit

1943 2206 2303 2264 VARIORUM
2340 2207 2570 2264 NOTAE.

608 2293 781 2351 lorum
816 2298 1175 2367 accingamur.
1209 2295 1408 2366 eqtitis
1433 2298 1514 2351 sui
1542 2306 1623 2352 est
1653 2298 1917 2369 appositio
1936 2313 2032 2368 pro
2061 2299 2200 2352 mole

606 2385 700 2423 sua
740 2370 824 2440 qui
851 2385 1012 2440 eques
1058 2379 1183 2422 erat.
1234 2369 1397 2423 Moles
1444 2370 1640 2425 dicitur
1666 2371 1732 2424 de
1765 2384 1992 2439 pompa,
2037 2370 2201 2439 maje-

612 2439 779 2503 state,
812 2439 860 2493 vi
888 2456 949 2494 ac
979 2441 1234 2509 potentia.
1256 2440 1375 2494 για.
1407 2439 1645 2495 Gronov.
1701 2443 1752 2494 in
1787 2440 1995 2495 Observ.
2030 2457 2067 2506 ι,
2103 2441 2193 2495 ‘20.

606 2509 688 2564 En
715 2529 857 2564 ctrina
879 2554 892 2577 ,
925 2512 976 2565 in
1007 2511 1198 2582 quibus
1230 2513 1307 2565 vis
1332 2511 1507 2566 omnis
1533 2512 1878 2567 consistebat.
1914 2512 2094 2566 Honor
2117 2521 2198 2566 est

606 2584 884 2654 prmtiiium
918 2584 1157 2647 virtutis,
1185 2583 1388 2648 judicio
1427 2584 1710 2654 studioque
1735 2585 1926 2638 civium
1959 2585 2193 2638 delatum

605 2653 670 2707 ad
700 2653 963 2724 aliquem,
999 2655 1107 2708 Cic.
1129 2697 1142 2718 ,
1176 2655 1242 2708 de
1275 2654 1412 2707 (Ilur.
1442 2655 1588 2710 Orat.
1617 2655 1742 2717 280,
1771 2671 1820 2709 c.
1845 2655 1935 2711 81.
1967 2657 2042 2710 En
2083 2655 2198 2708 Vir-

607 2733 760 2779 tutem
786 2767 800 2789 ,
853 2742 972 2794 quae
1002 2725 1109 2779 duo
1132 2727 1560 2795 requirebantnr,
1589 2743 1652 2781 ex
1677 2730 1915 2792 oraculo,
1947 2729 1989 2780 si
2025 2742 2193 2797 remp.

605 2798 805 2851 Salvam
837 2813 957 2852 esse
985 2798 1202 2852 vellent.
1240 2797 1396 2850 Errat
1423 2813 1553 2866 ergo
1601 2798 1800 2854 Cellar.
1835 2803 1923 2866 qui
1955 2798 2194 2852 Curtium

608 2867 858 2938 intelligit
883 2870 950 2921 de
983 2871 1098 2922 lacu
1122 2912 1136 2931 ,
1180 2878 1234 2924 et
1263 2871 1496 2938 equitem
1529 2869 1597 2924 de
1621 2885 1778 2938 equo.
1800 2869 1990 2924 Heum.
2018 2885 2197 2924 veram

605 2939 925 3008 scripturam
958 2943 1093 2994 hanc
1120 2941 1280 2994 fuisse
1307 2951 1452 3010 putat
1478 2960 1489 2994 :
1515 2941 1743 2999 Curtius.
1794 2942 1879 3010 qui
1925 2957 2072 3010 eques
2119 2947 2198 2994 sui

607 3011 727 3064 olim
746 3011 1232 3075 (levotimtehiatum,
1256 3021 1364 3065 ριν.
1389 3021 1442 3066 et
1461 3013 1638 3080 equitis
1656 3023 1912 3066 orlumex
1936 3029 2083 3080 eques
2098 3013 2198 3076 sui;

607 3097 704 3151 pro
734 3083 996 3135 devotione
1024 3082 1302 3152 scripsisse
1325 3083 1607 3150 elevelone,
1640 3084 1778 3137 unde
1811 3091 1992 3136 natum
2019 3084 2098 3136 ole
2119 3083 2198 3136 vel

607 3153 835 3216 honore,-
864 3157 983 3206 oliui
1017 3156 1246 3222 denique
1293 3171 1353 3208 es
1402 3155 1554 3209 velut
1609 3164 1812 3209 natum.
1864 3153 2059 3208 Credat
2105 3157 2194 3222 qui

607 3224 770 3277 volet.
797 3223 1053 3279 Ltnnsen.
1094 3255 1166 3265 —-
1203 3223 1291 3278 Vel
1322 3226 1529 3280 honore.
1554 3226 1907 3286 ,Rescribebat
1940 3226 2200 3281 Ileraldns

607 3296 684 3350 vel
709 3313 879 3351 onere.
917 3297 1089 3350 Minus
1129 3307 1275 3351 recte
1299 3339 1314 3360 ,
1350 3307 1405 3350 ut
1433 3299 1660 3352 videtur.
1706 3299 1834 3362 Quis
1864 3296 2005 3351 enim
2054 3299 2197 3350 exis-

611 3367 762 3420 timet
791 3369 1070 3435 scripsisse
1099 3368 1386 3421 Minucium
1416 3369 1490 3421 vel
1512 3368 1674 3433 utole,
1729 3368 1806 3421 rel
1849 3369 2046 3422 onere?
2076 3369 2202 3423 Vul-

606 3447 782 3506 gatam
813 3439 1092 3493 lectionem
1122 3441 1404 3492 conlirmat
1441 3439 1700 3509 Rigaltius
1730 3457 1791 3492 ex
1826 3439 2039 3493 Valerio
2061 3440 2196 3493 Max.

609 3509 697 3562 lib.
728 3525 776 3574 ν,
806 3525 924 3578 cap.
953 3513 1002 3575 (5,
1029 3512 1096 3563 ita
1125 3511 1174 3563 in
1197 3513 1332 3564 banc
1357 3513 1674 3565 sententiam
1702 3512 1967 3565 scribente
1993 3528 2006 3563 :
2033 3511 2202 3580 Super

607 3597 754 3649 quem
786 3583 1005 3635 universi
1022 3583 1152 3634 cives
1177 3582 1382 3634 honoris
1410 3585 1591 3652 gratia:
1613 3584 1838 3636 certatim
1868 3583 2038 3653 fruges
2066 3584 2200 3653 inje-

608 3662 801 3706 cerunt.
826 3653 959 3707 Vide
983 3670 1194 3723 quoque
1219 3654 1420 3707 Livium
1451 3653 1543 3708 lib.
1567 3671 1657 3715 vn,
1698 3669 1816 3722 cap.
1841 3655 1890 3707 6.
1926 3652 2199 3708 Caucaso.

685 3723 866 3776 Ferale
913 3728 1239 3794 naufragium
1289 3736 1382 3779 est.
1431 3725 1601 3794 Leges
1627 3727 1988 3794 grammaticm
2014 3737 2199 3794 postit-

612 3794 725 3848 lant
775 3807 829 3847 ut
878 3796 1120 3848 deleatur
1150 3812 1250 3850 vox
1279 3796 1484 3850 ultima.
1530 3796 1792 3850 Minucius
1832 3799 2104 3849 enimnon
2137 3797 2202 3852 de

610 3876 852 3936 tempore
884 3874 1009 3920 tunc.
1036 3877 1306 3938 przcsente
1329 3909 1341 3932 ,
1383 3867 1476 3922 sed
1506 3867 1598 3922 diu
1644 3870 1914 3935 prmterito
1946 3868 2199 3936 loquitur.

1879 3941 2057 3994 ΙίΑγιε.

687 4008 754 4062 Ut
813 4009 1034 4065 Parthos
1086 4012 1231 4081 signa
1273 4021 1580 4082 repetamus.
1631 4009 1980 4081 Reposramus
2006 4010 2204 4082 rescri-

610 4079 739 4153 bere
769 4083 946 4135 nullus
994 4079 1288 4146 (Ιῑῐὶήίνινίι,
1322 4079 1390 4136 ob
1417 4084 1603 4139 oculos
1649 4079 1791 4137 enim
1819 4082 2004 4136 habuit
2032 4081 2204 4153 Virgi-

611 4151 736 4205 liuut
761 4169 937 4219 suum,
972 4153 1185 4207 /Eneirl.
1217 4170 1310 4216 vti,
1343 4156 1445 4209 (506
1474 4173 1487 4211 :

1098 4225 1403 4286 Parthosque
1429 4239 1694 4287 reposcere
1711 4227 1869 4288 signa.

609 4286 777 4353 Quem
813 4287 988 4341 locum
1013 4288 1055 4339 si
1089 4290 1138 4339 in
1170 4298 1414 4356 promptu
1442 4286 1734 4352 habuisset,
1765 4286 1846 4340 vel
1887 4289 2076 4343 lletnn.
2097 4288 2201 4354 vel,

609 4374 768 4426 quem
796 4357 1131 4412 inventorem
1159 4360 1548 4411 emendationis
1573 4360 1767 4428 laudat,
1791 4359 2072 4426 Hensing,
2099 4377 2204 4414 non

611 4429 791 4496 utique
822 4429 1222 4497 rescripsissem
1250 4446 1280 4480 ιι
1310 4429 1534 4484 Parthis.
1841 4431 2096 4486 Lmoann.

686 4522 870 4604 Ιςιηιιε
904 4522 1111 4610 deorum
1145 4523 1397 4605 natalibus
1427 4533 1530 4578 etc.
1555 4524 1732 4610 Poetis
1760 4541 1788 4580 a
1815 4527 2006 4610 vitiosa
2033 4527 2199 4580 inter-
2229 4553 2279 4610 D

614 4594 904 4665 punctione
949 4594 1184 4647 laborat:
1219 4597 1294 4648 sic
1330 4605 1505 4649 autem
1536 4597 1940 4665 distinguendus
1970 4609 2050 4652 est
2081 4615 2092 4652 :
2119 4608 2162 4650 et
2183 4640 2196 4664 ,

613 4664 685 4738 de
704 4664 910 4716 deorum
941 4666 1196 4718 natalibus
1217 4709 1232 4729 ,
1265 4667 1412 4720 (lanis
1439 4711 1451 4731 ,
1487 4664 1776 4722 muneribus
1796 4711 1808 4730 ,
1860 4670 2058 4738 neglige
2087 4687 2201 4722 car—

617 4736 756 4809 mina
787 4748 1080 4809 poetarmn;
1111 4755 1265 4790 uenio
1316 4741 1455 4792 enim
1501 4744 1671 4793 nescit.
1709 4756 1865 4809 quam
1897 4736 2203 4809 frequentes

612 4807 718 4878 sint
748 4809 796 4860 in
829 4808 910 4861 his
949 4808 1204 4863 canendis
1238 4821 1428 4878 poetas.
1476 4807 2062 4866 I).\Vts.—-Vlleumanns
2091 4813 2158 4865 ita
2187 4830 2200 4867 :

617 4876 808 4932 Omitto
852 4889 1016 4932 vetera
1037 4922 1048 4937 ,
1075 4897 1187 4949 qutc
1222 4876 1378 4934 multa
1399 4892 1512 4934 sunt
1535 4924 1549 4945 ,
1585 4882 1646 4933 tle
1674 4883 1881 4934 deorum
1913 4883 2166 4936 natalibus
2187 4924 2200 4948 ,

613 4950 792 5013 donis,
827 4954 1135 5012 uulneribus,
1167 4953 1396 5004 carmina
1421 4962 1700 5017 poetarum.
1737 4957 1804 5007 At
1832 4970 1936 5008 non
1969 4955 2200 5008 dicitur:

611 5023 828 5075 nmltum
859 5040 963 5075 esse
988 5023 1052 5076 de
1080 5040 1132 5075 re
1152 5066 1165 5087 ,
1200 5026 1316 5086 sed,
1350 5024 1400 5075 in
1428 5041 1498 5077 re.
1547 5025 1801 5079 laneam.

687 5094 970 5159 Antiquitas
1016 5097 1227 5146 nimium
1270 5095 1524 5164 fabulosa.
1565 5096 1694 5150 Nam
1745 5107 1891 5152 certe
1935 5097 2207 5154 sciverunt

613 5179 731 5238 eam
778 5180 992 5219 omnem
1047 5167 1342 5221 fabulosam
1397 5183 1549 5233 esse,
1594 5179 1646 5222 et
1700 5167 1877 5222 forsan
1935 5171 2035 5222 hoc
2088 5171 2206 5238 ipso

613 5235 826 5290 Minucii
862 5248 1105 5304 tempore
1148 5254 1263 5290 eam
1316 5238 1472 5293 talem
1499 5241 1713 5302 scripsit
1742 5241 1985 5296 Justinus
2017 5257 2091 5305 XI,
2112 5235 2155 5295 ’6
2187 5257 2200 5293 :

618 5306 684 5360 Ut
716 5308 877 5360 muttis
902 5309 1173 5377 antiquitas
1204 5310 1436 5376 fabulosa
1462 5322 1555 5366 est.
1586 5310 1826 5366 Gnosov.

691 5379 1079 5451 Quattt_ettlttts
1137 5381 1436 5451 insignibus.
1487 5383 1590 5436 Sic-
1620 5384 1746 5436 olim
1803 5383 1984 5436 habuit
2037 5381 2205 5438 codex

616 5464 732 5519 reg.
782 5449 951 5524 Hodie
1001 5449 1261 5524 praefert}
1306 5454 1446 5505 cultu
1494 5454 1791 5524 insignibus.
1845 5453 1996 5509 Unde
2035 5455 2206 5508 critici

616 5523 957 5575 occasionem
989 5523 1262 5596 arripucre
1293 5523 1640 5596 corrigendi:
1677 5524 1818 5577 cultu
1851 5525 2205 5596 insignia.Sed

615 5605 874 5666 apparent
927 5595 1144 5666 vestigia
1201 5593 1404 5647 derasa:
1448 5595 1636 5649 littera:
1677 5612 1702 5649 s
1758 5612 1916 5666 quam
1951 5593 2060 5651 'nos
2112 5597 2208 5652 hac

614 5665 851 5719 editione
905 5665 1210 5719 reducimus
1266 5667 1317 5718 in
1375 5666 1579 5732 lucem,
1647 5677 1698 5720 ut
1768 5665 1949 5722 ideat
1996 5670 2209 5723 Minucii

615 5750 807 5790 sensus
850 5737 948 5790 iste
993 5738 1304 5808 genuinus:
1343 5738 1535 5803 templa
1586 5753 1647 5791 ac
1698 5738 1918 5793 delubra
1969 5739 2206 5795 Romulia

615 5808 784 5878 magis
811 5822 930 5878 esse
955 5807 1150 5861 divinae
1185 5808 1551 5863 beneficentia:
1580 5809 1749 5862 titulis
1779 5820 2022 5878 augusta,
2047 5827 2208 5878 quam

615 5827 784 5874 "ulng
811 5827 930 5860 esse
955 5827 1150 5861 UIVIIKD
1185 5827 1551 5863 nenencentun
1580 5827 1749 5862 lllllllS
1779 5827 1843 5863 au
1886 5827 2022 5871 llSl’l,
2047 5827 2208 5878 quam

615 5876 793 5930 cultus
816 5877 1110 5944 insignibus
1137 5890 1190 5932 et
1218 5880 1526 5936 muneribus
1556 5880 1829 5951 epulenta.
1847 5827 2210 5950 gieue/ieentiw

2307 2300 2444 2354 tituli
2471 2308 2596 2354 sunt
2633 2308 2872 2371 augustae
2920 2299 3027 2354 illa:
3057 2296 3473 2366 inscriptiones:

2751 2390 3146 2448 NVMINIBVS.
3189 2388 3258 2445 IN
3264 2387 3476 2443 COLIS.

2622 2483 3006 2540 NVMINIBVS.
3051 2477 3589 2538 PRAESENTIBVS.

2696 2579 3089 2636 NVMINIBVS.
3129 2575 3513 2646 INQVILINIS.

2302 2671 2370 2726 At
2392 2672 2633 2740 opulenta
2647 2671 2814 2725 cultus
2842 2672 3064 2741 insignia
3083 2679 3207 2724 sunt
3241 2685 3411 2722 aurea:
3433 2674 3618 2741 stature
3635 2708 3650 2730 ,
3681 2666 3912 2741 thenste,

2301 2737 2510 2806 acer-ree,
2533 2744 2858 2807 lectisternia,
2874 2737 3180 2805 solisternia,
3200 2750 3459 2804 currus,et
3481 2739 3582 2790 alia
3605 2737 3914 2806 huiusmodi

2305 2815 2558 2882 pretiosa.
2604 2813 2725 2870 Βία.
2761 2846 2826 2854 ——
2861 2815 2932 2868 Ita
2977 2812 3411 2883 distinguendum
3469 2808 3738 2883 existimat
3781 2808 3911 2861 ller.

2303 2879 2451 2956 quam
2477 2888 2637 2951 cultu,
2657 2887 2958 2956 insignibus,
2985 2897 3028 2939 et
3047 2879 3336 2956 muneribus
3358 2881 3622 2956 opulenta.
3650 2879 3912 2933 thnxan.

2379 2957 2512 3011 Inde
2535 2962 2682 3011 adeo.
2717 2954 2825 3022 Ne,
2858 2971 3061 3027 quaeso,
3097 2955 3279 3027 dubita
3313 2954 3753 3027 mecum__legere
3801 2967 3912 3004 Leo

2227 3039 2270 3100 ρ
2308 3029 2477 3096 pleni,
2529 3030 2697 3098 inquit
2730 3021 2920 3082 "eum.
2942 3069 2956 3096 ,
2982 3028 3074 3083 sed
3100 3026 3284 3081 nescio
3305 3041 3371 3079 an
3401 3021 3652 3078 omnibus
3683 3024 3755 3076 sit
3782 3037 3912 3092 per-

2306 3115 2585 3154 suasnrns.
2611 3101 2866 3154 LINDNEB.

2381 3171 2646 3240 Negamus
2669 3212 2681 3232 ,
2713 3173 2971 3237 nolumus,
3016 3167 3465 3240 pejeramusﬂmc
3506 3175 3590 3222 est
3617 3165 3777 3240 lectio
3805 3179 3908 3220 ms.

2307 3258 2418 3312 reg.
2467 3236 2648 3297 Editio
2678 3244 2918 3297 Romana
2944 3284 2957 3304 ,
2989 3236 3256 3304 uolumus;
3283 3239 3584 3312 Gelenius,
3615 3236 3909 3312 uiolamus,

2307 3309 2493 3383 (conf.
2520 3329 2640 3383 cap.
2668 3315 2835 3383 xm)
2868 3331 2880 3368 :
2910 3329 3030 3382 qua:
3070 3313 3229 3366 lectio
3269 3325 3372 3364 non
3427 3309 3737 3383 disgljceret
3759 3309 3822 3383 _s_i
3851 3311 3916 3362 li-

2306 3379 2524 3438 brorum
2558 3379 2825 3440 niteretur
2845 3379 3183 3439 auctoritate.
3211 3383 3430 3436 Harum)
3457 3380 3656 3435 -—-Mihi
3681 3379 3910 3433 dubium

2308 3472 2412 3509 non
2447 3457 2657 3528 videtur
2708 3459 2836 3528 quin
2869 3457 2949 3510 vir
2985 3470 3227 3509 summus
3255 3453 3302 3508 J.
3327 3452 3386 3506 F.
3416 3451 3749 3528 Gronovius,
3808 3449 3914 3502 Ob-

2305 3543 2434 3580 seru.
2468 3527 2610 3581 Eccl.
2653 3524 2773 3598 cap.
2802 3543 2872 3582 vn
2901 3569 2916 3592 ,
2968 3537 3114 3582 recte
3171 3524 3472 3581 correxerit
3521 3539 3764 3598 negamus
3813 3537 3912 3598 nos

2306 3597 2523 3663 videre,
2572 3593 2806 3653 nolumus
2838 3599 3053 3663 audire,
3084 3600 3373 3668 ejeramus,
3406 3595 3548 3665 quod
3590 3593 3737 3668 idem
3767 3593 3912 3668 valet

2305 3684 2479 3723 acnon
2494 3665 3440 3741 agnoscimus.Davis—Retinendum
3460 3666 3682 3741 omnino
3696 3665 3838 3734 quod
3858 3669 3909 3718 in

2307 3756 2406 3794 ms.
2454 3738 2686 3811 iteinque
2727 3743 2776 3795 in
2821 3742 3059 3796 editione
3101 3741 3520 3811 Romana__cst,
3575 3738 3912 3811 pejeramus:

2305 3813 2507 3867 scilicet
2536 3808 2763 3880 peierare
2791 3813 2912 3868 deos
2942 3813 3132 3869 eodeni
3178 3811 3299 3880 jure
3329 3809 3526 3864 Minue.
3555 3808 3744 3880 dixit,
3801 3825 3911 3876 quo

2307 3882 2411 3957 dici
2446 3877 2800 3957 solet-jureve
2826 3887 2967 3940 deos.
2997 3877 3346 3957 Notissimutn
3389 3889 3472 3936 est
3512 3877 3638 3934 illud
3666 3898 3678 3933 :
3725 3879 3911 3932 larem

2307 3954 2529 4026 lapidem
2568 3954 2776 4025 jurare,
2828 3957 2878 4010 id
2919 3969 3000 4011 est
3047 3971 3142 4024 per
3184 3954 3418 4009 Jovem:

2402 4049 2549 4111 Cujus
2565 4052 2734 4112 jurare
2761 4051 2940 4099 timent
2964 4048 3429 4112 etfallcrenumen.
3457 4041 3736 4108 (Virgilwt,
3761 4043 3909 4106 52".)

2403 4108 2553 4161 Mairia
2570 4108 2745 4175 aspera
2764 4113 2893 4174 jnro.
2920 4109 3078 4175 (Ibid.
3103 4108 3311 4175 c.5391.)

2401 4175 2596 4240 Stygias
2613 4165 2886 4240 iuravimus
2896 4165 3081 4240 inulas.
3111 4165 3543 4240 (Quitt.,;ll_letam.,
3560 4181 3613 4228 ιι,
3633 4165 3769 4231 101.)

2620 4233 2942 4299 Diisjuraudo
2967 4233 3134 4298 palus:
3157 4235 3241 4296 (Υ.
3261 4233 3365 4296 46.)

2311 4321 2516 4376 Dicitur
2545 4338 2672 4376 vero
2696 4332 2749 4378 et
2779 4324 3070 4390 periurare,
3111 4321 3225 4390 sive
3280 4320 3544 4390 peierare,
3583 4313 3750 4390 deos,
3807 4316 3914 4370 hoc

2311 4403 2393 4446 est
2427 4394 2754 4448 mendaciter
2779 4386 2974 4462 'jurare
3017 4407 3111 4462 per
3164 4386 3316 4445 deos.
3371 4389 3449 4443 En
3500 4387 3675 4444 Ovidii
3728 4386 3912 4442 locum

2312 4465 2554 4520 Amorum
2583 4482 2654 4528 Ill,
2696 4465 2778 4527 l0,
2808 4465 2880 4518 ‘22
2915 4481 2926 4517 :

2495 4536 2554 4584 lit
2581 4537 2853 4597 periuratos
2877 4537 2922 4583 in
2947 4547 3059 4582 mea
3081 4534 3304 4583 dammna
3327 4531 3717 4597 deosullwmu.

2378 4598 2502 4653 Car.
2515 4598 2553 4652 γ
2566 4594 2623 4651 ill
2636 4594 2852 4651 .i—Tam
2875 4607 3137 4658 retnstmn,
3155 4608 3256 4650 tam
3270 4594 3522 4649 utilem.lu
3538 4597 3716 4662 aliquo
3732 4607 3913 4648 exem-

2313 4673 2442 4740 plari
2476 4672 2731 4738 scriptum
2767 4674 2933 4724 luerat
2956 4667 3258 4738 antiquaria
3283 4681 3432 4720 more
3453 4708 3467 4730 ,
3489 4674 3602 4740 tam
3632 4676 3771 4740 vetus
3805 4676 3912 4740 t_a.-n

2307 4736 2499 4806 utilem,
2529 4736 2668 4810 quod
2693 4751 2804 4807 e~t,
2833 4751 2936 4793 tam
2967 4736 3248 4804 vctuStam,
3287 4747 3391 4790 tam
3427 4736 3914 4810 utilem._Syl|:ihas

2310 4807 2561 4882 proxime
2597 4814 2849 4881 repetitas
2893 4812 3062 4864 semel
3106 4810 3443 4882 scribebant,
3489 4807 3822 4882 UerItICIIAIUS
3858 4809 3914 4862 in

2307 4879 2539 4938 editione
2563 4879 2941 4937 Pandectarum
2959 4882 3096 4949 juris
3118 4881 3182 4934 ad
3210 4879 3487 4947 exemplar
3509 4879 3907 4933 Florentinutn.

2308 4954 2377 5010 Et
2405 4954 2518 5010 lure
2549 4959 2812 5022 scriptura
2843 4952 3169 5023 compluries
3199 4952 3249 5005 in
3273 4950 3574 5005 Minuciano
3606 4951 3912 5019 exetnplari

2307 5029 2590 5095 reperitur.
2637 5026 2865 5081 Rteavr.

2383 5096 2472 5152 Sic
2515 5100 2652 5153 licet.
2700 5099 2910 5163 Sci-ibo,
2940 5096 3021 5152 Sit
3052 5097 3187 5150 licet.
3218 5093 3424 5149 Menas.
3449 5093 3601 5148 —Et
3631 5093 3710 5147 sic
3741 5104 3824 5147 est
3858 5095 3914 5147 in

2309 5183 2412 5223 ms.
2447 5185 2556 5238 reg.
3325 5235 3377 5238 LV
3429 5165 3758 5238 Ltani-za._~

2382 5234 2635 5308 Diagoras
2676 5241 2884 5295 Melius.
2941 5240 2998 5294 In
3027 5253 3127 5293 ms.
3182 5245 3267 5292 est
3313 5235 3570 5308 Diagoraj
3627 5234 3918 5308 Milesius;

2309 5327 2371 5365 ac
2401 5314 2468 5365 ita
2486 5306 2639 5366 "sane
2686 5328 2807 5365 eum
2855 5319 3119 5365 vocarunt
3165 5325 3270 5363 non
3321 5310 3481 5361 modo
3529 5306 3799 5360 Eusebius
3859 5317 3918 5361 et

2310 5383 2720 5447 Tlteodoretus,
2767 5391 2824 5436 ut
2864 5383 3067 5436 notavit
3111 5381 3190 5434 vir
3241 5378 3587 5447 doctissimus
3619 5378 3733 5431 llic.
3767 5377 3918 5433 Ben-

2313 5455 2472 5509 tlelus
2503 5455 2566 5507 ad
2599 5453 2815 5524 Fragm.
2841 5453 3142 5524 Callimachi
3167 5451 3255 5524 86,
3289 5450 3386 5505 sed
3412 5462 3461 5503 cl
3487 5446 3919 5524 CbrySnstmntts

2312 5525 2467 5580 llutn.
2505 5541 2575 5591 Iv,
2611 5528 2660 5579 in
2693 5520 2906 5592 l'leist.
2957 5526 3023 5577 ad
3051 5523 3308 5587 Corinth,
3363 5537 3480 5591 cap.
3537 5537 3571 5582 ι,
3615 5529 3687 5592 _ut
3726 5520 3917 5592 animi

2311 5596 2412 5650 sim
2473 5590 2698 5658 dubius,
2747 5590 3022 5649 auctorine
3058 5612 3124 5649 an
3167 5591 3379 5647 sibariis
3428 5590 3568 5646 hanc
3615 5590 3916 5645 lcetioncm

2311 5667 2620 5723 debeamus.
2649 5668 2948 5737 Utcumque
2985 5667 3090 5730 sit,
3133 5664 3326 5737 atheus
3355 5664 3529 5737 istc__iu
3568 5661 3916 5737 Melo‘irsnla

2313 5740 2410 5794 l'nit
2467 5750 2642 5793 natus.
2697 5739 2826 5793 Vide
2865 5733 3187 5802 'Eliattttnt,
3245 5734 3366 5789 Var.
3431 5733 3569 5789 llist.
3621 5749 3675 5799 ll,
3709 5733 3809 5798 25,
3860 5744 3919 5789 ct

2313 5811 2550 5867 Suidam.
2599 5811 2778 5864 DAVIS.

2385 5882 2583 5936 Atheon
2613 5896 2912 5952 cognomen.
2956 5879 3147 5935 Heum.
3196 5877 3262 5933 ad
3335 5877 3478 5933 hunc
3530 5876 3708 5933 locum
3743 5884 3798 5930 ct
3855 5876 3914 5930 in
