4218 6268
271 299 380 354 ’ΞΜ
1747 299 1921 358 ΟΩΤᾹ

2028 303 2107 360 19-
3491 313 3598 370 eoa

270 425 451 470 scunt.
481 413 728 470 Eruenda
760 428 978 486 prorsus
1004 412 1139 478 haec,
1159 423 1212 470 et
1231 416 1553 470 exsecrand.
1576 421 1877 473 consensio.
1908 424 1956 479 Α
1985 420 2225 487 apposita
2256 421 2488 488 suspicio
2521 439 2532 475 :
2567 432 2621 476 et
2650 425 2736 491 qui
2770 423 3058 490 hominem,
3089 441 3300 481 summo
3323 431 3590 498 supplicio

267 507 512 565 Occultis
533 524 592 564 se
615 510 755 563 notis
786 518 838 562 et
867 508 1163 578 insignibus
1186 519 1413 563 noscunt
1433 550 1446 571 ,
1469 519 1523 564 et
1547 519 1730 565 amant
1759 528 1876 565 mu-
1985 527 2082 581 pro
2115 512 2346 568 laeiuore
2379 517 2640 583 punitum,
2687 527 2734 570 et
2776 520 2948 572 crucis
2980 520 3115 589 ligna
3143 521 3320 573 feralia
3350 565 3364 583 ,
3397 538 3586 577 eorum

277 613 376 656 tuo
401 618 535 672 pene
564 611 850 670 antequam
883 603 1132 655 noverint
1163 619 1175 655 :
1214 602 1408 670 passim
1433 602 1591 655 etiam
1625 604 1760 657 inter
1787 618 1880 658 eos
1985 606 2319 659 can'unouias
2337 606 3025 680 fabulantur,congruentia
3045 612 3264 680 perditis
3278 614 3592 670 sceleratis-

271 695 424 748 velut
451 693 695 764 quaedam
723 693 1002 747 libidinum
1045 692 1228 764 religio
1255 693 1541 759 miscetur;
1577 710 1638 748 ac
1664 712 1722 750 se
1755 711 1879 764 pro-
1985 711 2090 766 que
2114 698 2294 751 tribuit
2318 701 2525 761 altaria,
2546 710 2601 754 ut
2630 702 2678 755 id
2703 703 3035 773 colantquod
3055 706 3450 779 merentur.(w)
3472 707 3592 763 Jam

276 789 450 844 misce
476 788 739 858 appellant
767 787 958 841 fratres
985 796 1039 841 et
1067 803 1298 853 sorores,
1331 796 1386 842 ut
1415 790 1572 842 etiam
1598 806 1700 844 non
1732 791 1880 845 inso-
1987 790 2054 844 de
2087 792 2357 846 initiandis
2405 795 2686 849 tirunculis
2721 795 2895 849 fabula
2929 807 3032 850 tam
3078 797 3392 854 detestanda
3433 817 3593 871 quam

274 879 399 934 lens
420 889 688 948 stuprum,
732 878 1122 933 intercessione
1159 879 1296 934 sacri
1327 881 1578 946 nominis,
1616 881 1704 935 fiat
1735 884 1882 937 ince-
1989 894 2112 938 nota
2141 893 2223 938 est
2253 903 2264 938 :
2298 885 2474 940 infans
2496 884 2635 942 farre
2658 899 2957 954 contectus,
2983 899 3040 943 ut
3063 890 3291 960 decipiat
3314 893 3556 947 incautos
3578 935 3593 960 ,

275 985 424 1028 Stum
457 990 472 1025 :
512 974 581 1026 ita
609 988 793 1028 eorum
822 988 956 1026 vana
992 983 1044 1027 et
1072 973 1294 1028 demens
1326 976 1633 1042 superstitio
1662 977 1879 1030 seeleri-
1917 966 1924 972 ’
1986 979 2270 1048 apponitur
2295 980 2343 1032 ei
2383 982 2472 1050 qui
2513 983 2682 1036 sacris
2726 984 3014 1038 imbuatur.
3049 985 3096 1038 ls
3139 986 3314 1041 infans
3353 1003 3380 1040 a
3426 991 3596 1042 tirun-

277 1067 382 1121 bus
408 1068 686 1138 gloriatur.
732 1065 842 1121 Nec
878 1067 945 1122 de
977 1067 1138 1138 ipsis,
1176 1067 1275 1122 uisi
1306 1068 1621 1123 subsisteret
1648 1071 1843 1124 veritas
1865 1111 1880 1136 ,
1987 1073 2132 1136 culo,
2163 1075 2316 1127 larris
2344 1076 2632 1144 superﬁcie
2663 1117 2677 1141 ,
2710 1079 2860 1146 quasi
2909 1078 2973 1131 ad
3019 1079 3265 1133 innoxios
3311 1081 3446 1134 ictus
3479 1097 3602 1151 pro-

280 1163 518 1217 maxima
547 1170 602 1215 et
630 1161 776 1215 varia
808 1162 1036 1214 maxime
1059 1161 1257 1215 nefaria
1275 1172 1327 1215 et
1357 1161 1559 1216 honore
1592 1162 1882 1231 prtefanda,

281 1271 448 1326 sagax
473 1254 608 1308 fama
636 1255 963 1321 loqueretur.
989 1253 1161 1306 Audio
1200 1269 1294 1308 eos
1317 1256 1638 1322 turpiSsimae
1667 1255 1885 1323 pecudis

280 1357 445 1416 caput
470 1347 606 1400 asini
634 1355 1004 1400 consecratum
1028 1387 1040 1408 ,
1075 1345 1252 1414 inepta
1303 1348 1484 1401 nescio
1533 1363 1635 1417 qua
1664 1363 1884 1417 persua-

284 1439 461 1504 sione,
489 1439 734 1493 venerari
760 1456 774 1492 :
797 1437 952 1506 digna
982 1447 1033 1492 et
1061 1447 1179 1491 nata
1209 1439 1392 1507 religio
1411 1439 1602 1493 talibus
1627 1441 1884 1496 moribus.

286 1533 388 1588 Alii
433 1549 530 1590 eos
562 1534 740 1587 ferunt
782 1533 947 1603 ipsius
983 1532 1235 1586 antistitis
1281 1548 1344 1585 ac
1388 1533 1682 1588 sacerdotis
1709 1537 1889 1591 colere

284 1626 562 1695 genitalia,
614 1637 667 1680 et
717 1627 866 1697 quasi
917 1627 1150 1694 parentis
1202 1625 1283 1678 Siti
1339 1624 1563 1682 adorare
1620 1638 1885 1682 naturam.

1991 1175 2200 1232 vocato,
2229 1171 2392 1222 caecis
2418 1170 2748 1240 occultisque
2771 1173 3079 1226 vulneribus
3098 1173 3358 1228 occiditur
3385 1193 3397 1228 :
3421 1175 3596 1245 hujus,

1992 1261 2124 1331 proh
2150 1262 2299 1317 nefas
2331 1264 2344 1316 l
2375 1263 2621 1318 sitienter
2649 1267 2964 1336 sanguinem
2995 1268 3270 1331 lambunt,
3304 1268 3461 1338 hujus
3487 1286 3604 1324 cer-

1992 1355 2141 1408 tatim
2191 1357 2428 1409 membra
2467 1357 2795 1425 dispertiunt
2831 1375 2844 1410 :
2893 1361 2991 1413 hac
3029 1357 3364 1416 fmderantur
3395 1362 3601 1430 hostia;

1993 1445 2093 1500 hac
2120 1448 2444 1501 coascientia
2477 1450 2696 1503 sceleris
2723 1450 2787 1502 ad
2817 1450 3087 1504 silentimn
3122 1461 3365 1504 mutuum
3411 1455 3602 1522 pigne-

1995 1552 2216 1594 rantur:
2244 1541 2355 1594 h:rc
2373 1556 2522 1596 sacra
2547 1543 2840 1612 sacrilegiis
2863 1544 3110 1596 omnibus
3132 1545 3370 1597 tetriora.
3401 1545 3520 1616 (vn)
3543 1547 3609 1600 Et

2000 1633 2067 1687 de
2094 1634 2340 1687 convivio
2370 1643 2551 1688 notum
2582 1646 2695 1698 est,
2735 1636 2932 1703 passim
2967 1650 3156 1689 omnes
3199 1636 3510 1706 loquuntur,
3553 1637 3604 1691 id

287 1717 484 1773 Nescio
513 1733 580 1772 an
627 1719 837 1784 falsa”,
861 1727 1008 1774 certe
1047 1716 1272 1772 occultis
1304 1732 1368 1772 ac
1396 1720 1671 1774 nocturnis
1720 1723 1889 1776 sacris
1919 1699 1966 1757 Β
1995 1727 2153 1780 etiam
2183 1726 2442 1781 Cirtensis
2483 1728 2652 1780 nostri
2685 1731 2910 1782 testatur
2939 1730 3112 1783 oratio
3143 1743 3157 1783 :
3192 1728 3258 1783 ad
3300 1730 3484 1798 epulas
3512 1744 3604 1784 so-

1633 1896 1989 1957 VARIORUM
2030 1901 2261 1959 NOTjE.

294 2038 502 2095 Christi
532 2034 816 2090 Errlesiam
844 2075 855 2094 ,
887 2034 1048 2086 etiam
1081 2042 1202 2086 ante
1231 2032 1523 2101 principum
1557 2033 1893 2092 Christiano-

299 2127 421 2166 rum
446 2120 702 2175 tempora,
738 2123 828 2173 per
856 2106 1040 2157 orbem
1073 2104 1509 2175 disseminatum!
1636 2107 1890 2162 Limnen.

373 2174 617 2234 Eruenda
640 2194 861 2245 prorsus.
898 2175 1086 2228 lli'um.
1123 2176 1378 2241 scriptum
1407 2174 1566 2230 fuisse
1598 2182 1897 2245 suspicatur

299 2252 568 2324 ejiciendo,
603 2259 652 2302 rt
701 2247 980 2324 alium-ium
1031 2246 1100 2296 ob
1131 2245 1314 2324 oculos
1368 2249 1613 2302 lltllmixsc
1635 2247 1805 2303 (ῖιρυις,
1837 2252 1900 2304 de

304 2320 450 2393 Οῃῑε.
484 2338 522 2380 ι.
555 2323 612 2374 41
658 2338 670 2373 :
704 2320 1007 2390 Cynicorum
1043 2331 1158 2393 vero
1198 2320 1334 2370 natio
1371 2328 1482 2393 tota
1516 2330 1597 2393 est
1629 2322 1896 2391 ejiciendo.

299 2388 407 2450 Séd
432 2393 614 2462 quidni
647 2388 822 2444 eruere
861 2388 1248 2462 consensimieni
1268 2392 1379 2457 pari
1404 2389 1523 2457 jure
1550 2388 1658 2445 dici
1690 2405 1862 2460 potest
1883 2435 1897 2456 ,

302 2483 368 2520 ac
399 2460 625 2519 dicimus
652 2477 668 2513 :
702 2477 892 2515 eruere
924 2460 1150 2522 herbas,
1177 2460 1445 2525 arborem,
1477 2463 1681 2524 oculos,
1715 2466 1908 2517 civita-

305 2538 455 2592 tem?
484 2537 742 2590 LINDNER.

381 2607 606 2662 Occultis
628 2625 680 2660 se
707 2607 838 2658 notis
855 2615 900 2656 et
921 2602 1202 2673 insignibus
1220 2613 1448 2658 noscunt.
1481 2602 1536 2657 In
1567 2603 1708 2659 hunc
1736 2605 1909 2659 locum

307 2680 622 2735 Dodwellus
656 2677 864 2747 Disserl.
898 2675 1230 2747 Cyprian._lt,
1271 2674 1296 2746 §
1331 2692 1385 2737 It,
1422 2676 1656 2747 pag.19.

382 2754 455 2804 Ac
473 2768 526 2804 se
548 2751 815 2818 promisce.
848 2746 918 2799 Ita
942 2745 1084 2800 edidi
1110 2790 1122 2807 ,
1147 2745 1370 2814 jubente
1402 2763 1502 2800 ms.
1543 2746 1597 2800 lu
1637 2749 1909 2816 impressis

307 2824 559 2878 omnibus
589 2831 669 2875 est
701 2820 1002 2888 promiscue,
1027 2821 1174 2885 quasi
1201 2818 1362 2872 altera
1397 2833 1495 2888 vox
1526 2833 1628 2872 non
1661 2829 1801 2872 esset
1827 2820 1905 2872 la-

311 2897 444 2949 tina.
475 2886 774 2956 Gellius,'in
807 2889 954 2956 pra'f.
997 2888 1148 2942 Nort.
1211 2893 1365 2942 Attic.
1401 2886 1741 2943 :lndistincte
1766 2901 1915 2960 atque

311 2967 565 3036 promisce
613 2962 917 3036 annotabam
943 2979 952 3011 :
981 2960 1104 3014 hinc
1128 2964 1430 3036 promiscam
1454 2962 1808 3036 cogitationem
1835 2963 1916 3015 di-

318 3031 403 3091 itit
433 3036 571 3088 idem
601 3040 826 3104 scriptor
859 3033 944 3085 lib.
981 3048 1056 3095 XI,
1090 3047 1207 3099 cap.
1246 3031 1415 3104 16,__et
1457 3035 1736 3102 promiscas
1777 3049 1916 3100 qua?-

311 3111 525 3168 stiones,
553 3107 640 3158 lib.
684 3101 795 3166 vim,
840 3121 888 3156 c.
919 3105 972 3156 9.
1011 3104 1192 3156 DAV‘IS.
1236 3133 1306 3142 -—-
1338 3101 1616 3167 Promisce,
1651 3121 1749 3157 ms.
1779 3104 1920 3172 quod

311 3178 636 3234 auct0ritale
669 3176 827 3230 Gellii
861 3176 1050 3242 prohat
1082 3175 1339 3227 Davisius.
1375 3174 1572 3228 Verum
1605 3177 1759 3228 aliter
1798 3173 1922 3229 Gel-

314 3253 444 3304 lium
504 3250 645 3318 loipti
696 3257 876 3300 mouet
919 3246 1134 3308 lleum.,
1180 3247 1337 3299 aliter
1393 3246 1735 3318 Minui-ium;_
1782 3247 1922 3301 illius

315 3332 500 3376 notam
528 3316 647 3374 esse
670 3317 986 3372 cacozeliam
1012 3319 1390 3384 antiquariatn,
1414 3318 1554 3371 hunc
1578 3335 1699 3371 vero
1715 3316 1921 3388 fugien-

317 3405 426 3449 tem
457 3394 631 3446 omnis
672 3390 987 3444 alYectionis.
1021 3388 1277 3441 laneum.

395 3463 621 3519 Maxime
645 3464 858 3532 nefaria.
900 3463 986 3515 Sic
1013 3473 1160 3514 recte
1189 3460 1460 3527 rescripsit
1490 3457 1638 3532 Fulv.
1672 3459 1921 3524 Ursinus,

316 3553 441 3591 cum
467 3540 516 3590 in
544 3552 644 3588 ms.
681 3531 750 3587 sit
779 3534 998 3586 innxium
1017 3543 1059 3583 et
1083 3532 1246 3591 varia,
1278 3533 1376 3584 hoc
1407 3542 1486 3584 est
1516 3531 1678 3584 multa
1712 3542 1762 3586 et
1791 3532 1921 3584 mul-

317 3621 496 3663 torum
523 3621 803 3677 generum.
836 3604 1091 3658 LINDNER.
1111 3633 1182 3677 ——_
1210 3605 1307 3670 Qui
1332 3603 1685 3657 errorscrilne
1708 3619 1826 3657 cum
1857 3605 1926 3658 sit

318 3675 646 3735 luculentus,
681 3679 845 3729 miror
892 3680 1024 3729 hanc
1077 3675 1393 3742 scripturam
1440 3684 1700 3728 retentam
1733 3691 1853 3728 esse
1894 3689 1923 3727 a

321 3751 564 3805 Davisio.
592 3747 878 3801 Burmanni
910 3762 1036 3800 vero
1065 3749 1475 3810 correctionem,
1511 3749 1733 3798 tltttIltllll
1761 3757 1806 3800 et
1835 3763 1923 3798 va-

321 3823 460 3882 lida,
495 3823 550 3872 h.
581 3835 629 3874 e.
658 3831 802 3874 certo
828 3833 949 3871 vera
975 3860 986 3877 ,
1023 3817 1179 3869 scribi
1206 3818 1441 3882 jubentis
1475 3821 1522 3870 in
1559 3828 1666 3868 nol.
1698 3818 1766 3869 ad
1794 3818 1928 3870 Sue-

322 3907 466 3959 ton.,
500 3893 690 3945 merito
717 3890 877 3958 reiicit
917 3885 1138 3955 Wopk,
1173 3887 1326 3940 simul
1377 3887 1709 3942 Ursiniauam
1738 3904 1924 3941 emen-

321 3965 605 4020 dationem
636 3962 1003 4029 Comprohatts.
1041 3960 1216 4014 Ηιειιιι.

401 4035 574 4101 Caput
613 4028 769 4086 asini.
802 4031 1052 4086 Ordinem
1103 4031 1383 4084 verborum
1440 4031 1662 4084 suadere
1710 4028 1930 4101 putabat

322 4108 671 4163 doctissimus
713 4105 975 4165 Davisius,
1031 4115 1114 4166 ut,
1163 4117 1281 4155 eum
1313 4103 1556 4168 Cupero,
1582 4102 1820 4156 deleatur
1842 4100 1927 4171 (ad

323 4181 555 4233 (aesaris
581 4179 670 4230 lib.
699 4191 778 4239 ιιι,
809 4176 866 4228 Β.
900 4175 964 4229 G.
996 4189 1044 4246 e.
1078 4173 1148 4246 l),
1182 4183 1447 4242 tamquam
1477 4172 1672 4240 glossa,
1706 4189 1805 4226 vox
1835 4173 1931 4246 usi:

326 4253 401 4304 ni.
435 4250 581 4304 Delet
627 4250 786 4301 etiam
845 4246 912 4300 cl.
971 4243 1186 4299 lleuuiai
1215 4261 1332 4306 nus,
1380 4251 1647 4307 tamquam
1707 4243 1930 4314 margini

329 4322 525 4389 aliquis
555 4324 655 4373 hoc
679 4318 899 4372 verbum
929 4317 1269 4389 adscripscrit
1296 4333 1322 4367 e
1356 4331 1472 4384 eap,
1498 4315 1608 4389 28_,
1640 4315 1700 4389 8.Δ
1735 4315 1930 4368 Imme-

330 4385 456 4458 rito,
493 4403 546 4445 ut
578 4393 810 4444 vidimus
868 4389 1082 4443 lcetion.
1142 4387 1372 4458 'l‘ullian.
1402 4403 1454 4442 II.
1487 4386 1539 4446 6.
1562 4385 1772 4458 Prodig.
1806 4402 1923 4454 cap.

2003 2039 2206 2094 hOnm'e
2234 2048 2286 2094 et
2307 2039 2497 2093 ofﬁciis
2528 2042 2889 2109 prosequitur,
2921 2056 2948 2094 a
2988 2057 3094 2112 quo
3124 2044 3334 2112 vapulat
3377 2053 3427 2099 et
3470 2061 3604 2101 con-

2005 2114 2226 2180 temptui
2286 2114 2542 2174 habetur;
2599 2114 2740 2164 unde.
2790 2115 3129 2174 proverbium
3187 2115 3602 2171 Rahhiuorum:

2487 2189 2678 2264 ΝἺᾨΞΠ
2699 2189 2828 2264 ἺρἾ.
2883 2185 3012 2264 Vide
3071 2187 3334 2264 Buxmrlii
3389 2189 3614 2264 _Le;_rii'0n

2007 2255 2194 2307 Chald.
2225 2255 2463 2307 Taliuud.
2492 2272 2544 2325 p.
2573 2257 2694 2310 78$.
2721 2255 2911 2309 No'tatu
2933 2257 3172 2324 dignum,
3197 2260 3418 2324 quodah
3442 2260 3607 2316 Hebr.

2004 2331 2122 2388 ‘lNJ,
2152 2327 2346 2389 asinus,
2370 2327 2659 2380 descendat
2682 2333 2802 2381 Ὃκ)
2829 2337 2996 2396 turpe.
3032 2328 3292 2384 LINDNEB.

2089 2396 2367 2472 Naturam.
2394 2397 2777 2472 _l|ieronymus
2830 2401 2987 2465 epist.
3039 2415 3123 2452 LXI
3165 2418 3190 2472 :_
3217 2400 3347 2455 Pars
3389 2405 3621 2472 corporis

2016 2469 2172 2520 nostri
2227 2469 2463 2520 secretior
2489 2485 2521 2521 (ι
2546 2469 2686 2521 nobis
2728 2481 2933 2531 natura,
2962 2477 3112 2540 φύσις,
3157 2470 3364 2525 dicitur.
3394 2469 3619 2530 wowe-

2020 2552 2158 2592 RIUS.

2091 2609 2191 2673 Qui
2221 2609 2493 2662 hominem.
2539 2608 2614 2660 lin
2651 2617 2894 2662 naturam
2927 2610 3206 2664 calumnize
3235 2622 3288 2666 et
3317 2615 3576 2669 mendacii
3603 2619 3616 2671 !

2017 2684 2259 2748 qua:d:un
2291 2680 2586 2734 necessaria
2618 2681 2902 2735 omittunt:
2925 2681 3024 2734 alia
3048 2697 3113 2736 ex
3143 2683 3356 2749 ingenio
3380 2685 3616 2739 addunt:

2019 2752 2271 2805 lioiniucut
2313 2751 2804 2824 dicunt,omittunt
2835 2750 3025 2817 Deum,
3059 2755 3172 2807 sive
3200 2749 3508 2824 θάντρωπον.
3549 2757 3625 2810 De

2018 2840 2216 2875 summo
2246 2822 2498 2889 supplicio
2528 2823 2836 2891 loquuntur,
2871 2833 3138 2892 tamquam
3187 2822 3366 2878 infami
3408 2837 3462 2879 et
3501 2841 3620 2880 ser-

2020 2895 2128 2950 vili.
2182 2911 2286 2948 non
2320 2903 2428 2946 ttta
2479 2895 2686 2947 vatibus
2725 2893 2980 2962 praedicto
3030 2904 3082 2947 et
3129 2898 3452 2950 nece~sario.
3515 2897 3623 2952 Pro

2022 2968 2246 3035 facinore
2272 2968 2419 3018 aiunt
2451 2966 2703 3032 punitum,
2734 2965 2986 3018 omittunt
3015 2967 3164 3035 οιιῇιις
3186 3009 3199 3030 ,
3233 2979 3286 3020 ut
3319 2970 3624 3037 intelligan-

1948 3072 1993 3133 Ο
2027 3037 2372 3133 ῑιιΓΡίῖιΟίιΙηΓλι
2400 3039 2634 3118 propria,
2659 3049 2778 3133 cum
2809 3037 3318 3133 debebanéalienal.
3361 3039 3622 3121 LINDNEI}.

2101 3107 2296 3162 Eorum
2339 3108 2655 3162 acrimonias
2696 3106 3010 3178 fabulantur.
3054 3109 3140 3162 Sic
3175 3110 3389 3178 quidem
3438 3121 3518 3164 est
3573 3114 3628 3165 in

2030 3196 2126 3232 ms.
2166 3181 2342 3247 regio;
2390 3180 2481 3231 sed
2535 3181 2814 3247 legendum
2872 3181 3193 3232 acrimonias
3249 3181 3527 3246 fabulatur,
3569 3193 3627 3236 ut

2028 3250 2248 3304 edidere
2275 3252 2385 3318 Sig.
2429 3251 2703 3313 Gelenius,
2760 3252 2880 3303 lles.
2929 3252 3188 3304 lleraldus
3233 3254 3468 3322 aliique;
3502 3268 3626 3306 nam

2028 3323 2144 3375 sine
2171 3338 2393 3375 munero
2425 3322 2682 3388 singulari
2729 3337 2832 3373 non
2873 3332 3083 3375 constat
3126 3328 3362 3388 σύνταξις.
3407 3323 3630 3379 Frustra

2027 3402 2204 3467 autem
2235 3403 2317 3467 est
2343 3392 2392 3467 ,1.
2425 3391 2701 3467 Meursius,
2756 3393 2842 3460 qui
2877 3395 3087 3467 remittit
3116 3411 3128 3446 :
3174 3398 3465 3448 cwrimouia
3493 3397 3630 3467 fabu-

2029 3464 2220 3517 lantur.
2255 3463 2588 3517 CaerimOuia:
2615 3466 2754 3516 enim
2787 3463 2923 3529 apud
2962 3463 3179 3517 Latinos
3207 3468 3454 3520 dicuntur
3481 3463 3631 3520 sacra

2030 3536 2220 3599 omnia,
2256 3545 2313 3588 ut
2357 3535 2431 3586 ait
2481 3534 2713 3587 Isidorus
2762 3534 2961 3601 Uriqin.
2989 3552 3062 3599 Vl,
3096 3536 3194 3598 19,
3246 3547 3300 3590 et
3343 3549 3465 3590 ante
3508 3553 3633 3591 eum

2027 3608 2246 3660 Servius
2275 3607 2339 3659 ad
2378 3605 2557 3672 Virgil.
2587 3605 2715 3657 .I'jn.
2751 3621 2819 3670 tv,
2862 3606 2987 3661 502.
3019 3606 3338 3661 Christianis
3371 3609 3528 3675 igitur
3555 3610 3638 3662 vi-

2032 3677 2105 3729 tio
2131 3679 2287 3730 vertit
2309 3677 2556 3729 (Lucilius
2577 3676 2717 3744 quod
2741 3686 2794 3730 et
2821 3677 3088 3731 Christum
3117 3690 3165 3729 et
3193 3694 3407 3733 crucem
3424 3681 3629 3737 colant.

2035 3748 2213 3802 DAVIS.
2245 3778 2309 3787 ——-
2342 3748 2482 3802 Sane
2510 3748 2742 3816 aliquem
2771 3751 3081 3803 nominatim
3120 3748 3384 3817 designari
3418 3751 3630 3805 videtur

2031 3821 2332 3887 signiﬁcare
2361 3818 2611 3872 Octaiius
2638 3819 2749 3886 ipse
2783 3819 2918 3872 infra
2945 3836 3097 3886 capp.
3137 3820 3226 3880 ‘28,
3257 3822 3342 3873 50.
3383 3821 3630 3876 lienam.

2105 3890 2389 3942 lmbuatur.
2416 3890 2503 3941 Sic
2533 3906 2596 3944 ex
2627 3906 2724 3942 ins.
2756 3905 2864 3956 reg.
2896 3891 3110 3944 llerald.
3139 3889 3390 3944 [inbuitur
3420 3895 3530 3954 alii,
3559 3897 3642 3946 in-

2033 3969 2116 4015 ter
2143 3976 2272 4026 quos
2314 3960 2654 4023 Linduerius,
2691 3960 2902 4013 lleraldi
2942 3962 3170 4015 lectione
3212 3963 3453 4027 allegata,
3485 3982 3502 4012 ι
3532 3964 3640 4019 Ne-

2032 4033 2166 4095 scio,
2199 4033 2390 4100 inquit,
2425 4040 2600 4082 utrtun
2626 4046 2690 4082 ex
2723 4045 2822 4083 ms.
2863 4047 2930 4083 an
2962 4045 3144 4084 errore
3174 4032 3631 4099 typothetarum.»

2034 4103 2201 4157 Porro
2229 4103 2496 4171 geminam
2519 4101 2720 4154 codicis
2749 4101 3030 4153 lectionem
3055 4100 3392 4155 exhibemus.
3425 4105 3561 4156 Enn.

2106 4175 2162 4228 Is
2190 4175 2378 4242 infans.
2418 4172 2492 4226 De
2515 4171 2615 4225 hac
2642 4173 2951 4241 epanalepsi
2982 4172 3126 4225 cont.
3172 4187 3292 4240 cap.
3327 4188 3435 4226 vui.
3479 4175 3642 4228 Lle-

2034 4261 2158 4300 NER.

2111 4315 2302 4370 Notum
2327 4325 2397 4367 est
2417 4358 2430 4380 ,
2465 4313 2654 4380 passim
2681 4329 2851 4368 onmes
2890 4315 3181 4384 loquuntur,
3217 4314 3270 4366 id
3283 4315 3501 4370 etimit...
3527 4334 3645 4370 ora-

2037 4391 2126 4442 tio.
2148 4387 2263 4442 Non
2282 4387 2579 4441 audiendus
2596 4395 2678 4439 est
2695 4387 2764 4438 cl.
2794 4386 2980 4440 lleum.
3007 4388 3093 4454 qui
3119 4387 3397 4455 legendum
3417 4389 3646 4442 arbitra-

335 4457 461 4525 128,
496 4473 612 4516 ante
654 4459 924 4528 Pontificis
971 4458 1049 4513 Μ.
1097 4459 1300 4512 domum
1355 4457 1559 4526 Lepidi.
1611 4457 1697 4512 Sic
1731 4457 1935 4528 pollice
1963 4463 2014 4521 D
2046 4472 2129 4514 tur
2161 4477 2172 4511 :
2200 4475 2386 4523 nonne,
2414 4458 2548 4526 quod
2574 4457 2763 4524 passim
2792 4474 2966 4511 omnes
2995 4458 3269 4526 loquuntur
3290 4500 3302 4520 ,
3338 4459 3392 4510 id
3421 4461 3644 4514 etiam...

333 4547 561 4606 utquue
591 4536 852 4587 laodamia
885 4533 1091 4606 videtur
1119 4529 1765 4606 ista_tnss:_lectituyaler.
1790 4545 1936 4606 max.

332 4624 415 4672 ιιι,
443 4599 501 4670 2,
532 4609 582 4670 5,
610 4609 838 4676 fusisque
864 4602 1120 4676 hostibus,
1154 4602 1323 4676 opima
1358 4600 1462 4676 Qeo
1486 4602 1651 4676 spolia
1681 4601 1796 4676 Jot'i
1840 4599 1942 4676 Εε-

332 4669 496 4730 retrio
535 4669 702 4728 retulit
729 4669 759 4737 ;’
787 4675 874 4728 tibi
917 4675 1093 4743 volgo,
1134 4669 1195 4726 de
1234 4688 1311 4724 eo.
1361 4669 1468 4726 Nec
1509 4673 1794 4737 rejicienda
1842 4671 1941 4724 ista

335 4747 490 4802 Flori
524 4763 594 4812 Iv,
628 4763 642 4798 ι
676 4745 836 4799 :Tuni
860 4749 1057 4810 consul,
1085 4744 1253 4796 habito
1277 4753 1470 4806 senatu,
1499 4745 1547 4796 in
1573 4752 1939 4813 prwsenteni...

343 4819 526 4873 Cicero
553 4820 797 4887 peroravit
832 4835 843 4869 τ
880 4817 976 4871 [ibi
1006 4826 1062 4870 τὸ
1104 4815 1276 4887 Cicero
1317 4814 1527 4868 Graevio
1559 4815 1835 4868 videbatur
1874 4830 1942 4887 ex

335 4891 519 4962 glossa
553 4884 849 4958 irrepsisse,
888 4899 977 4941 aut
1007 4889 1194 4962 saltem
1227 4886 1399 4962 alieno
1427 4887 1544 4940 beo
1575 4887 1726 4962 poni.
1750 4884 1944 4962 Confe-

336 4955 496 5016 ratur
525 4962 613 5014 lib.
653 4955 709 5022 ιί,
742 4962 794 5014 2.
830 4961 978 5013 Alter
1001 4959 1277 5011 Consulum
1307 4958 1616 5025 interceptas
1639 4957 1796 5009 Asina
1821 4955 1946 5009 Cor-

338 5035 527 5087 nelius.
560 5031 752 5087 Worx.
779 5061 850 5070 —
876 5031 963 5084 Sic
993 5029 1187 5084 Noster
1216 5044 1331 5094 cap.
1365 5027 1436 5082 ‘26
1461 5071 1474 5094 ,
1509 5027 1732 5082 Tiresias
1759 5043 1946 5090 caurus;

336 5105 431 5166 19,
464 5104 516 5167 Ξ,
554 5121 738 5173 parens
780 5105 1004 5155 omnium
1038 5100 1204 5173 Deus;
1235 5100 1324 5158 28,
1352 5104 1404 5166 9,
1442 5101 1819 5173 Apimborem;

337 5178 394 5236 9,
432 5170 597 5229 Unius
630 5175 720 5242 Dei
743 5175 998 5242 parentis;
1027 5172 1116 5237 54,
1145 5173 1199 5237 5,
1235 5173 1337 5242 ipsi
1357 5171 1561 5238 artiﬁci,
1592 5171 1694 5224 Deo
1712 5170 1939 5237 soli;55,

338 5250 394 5314 '5,
424 5250 563 5314 ignes
594 5241 775 5300 (Etuta
797 5255 840 5298 et
875 5243 1068 5296 Vesuvii
1088 5246 1288 5314 montis.
1322 5241 1582 5296 LINDNEB.

470 5323 587 5389 ignu
615 5329 664 5370 et
684 5328 806 5370 nata
846 5317 1024 5384 religio
1070 5313 1253 5389 talibus
1283 5316 1523 5389 moribus.
1555 5313 1740 5389 l‘lcutn.
1773 5312 1946 5389 Minu-

339 5384 799 5459 ciumfscripsisse
833 5397 981 5454 putat
1013 5404 1024 5437 :
1060 5386 1225 5455 Digna
1251 5402 1371 5438 sane
1407 5387 1522 5438 talis
1553 5386 1730 5459 religio
1766 5384 1950 5459 talibus

339 5453 670 5516 animalibus.
705 5461 807 5514 Sed
837 5453 965 5511 eave
997 5453 1276 5526 qmcquam
1308 5466 1478 5509 niules
1507 5459 1554 5509 in
1587 5453 1705 5509 loro
1734 5453 1950 5507 sanissi-

345 5550 457 5587 mo.
482 5535 816 5587 Cliristianos
841 5542 1106 5599 tamquam
1133 5529 1443 5581 llllltllllOSllS
1459 5536 1779 5581 scortatores
1797 5539 1856 5599 et
1873 5527 1951 5577 in-

346 5613 528 5659 cestos
548 5597 1169 5674 Stlgillavcrat(ancillas.
1195 5599 1282 5674 llis
1303 5600 1479 5674 itaque
1499 5599 1734 5674 moribus
1754 5597 1953 5674 optitiie

347 5677 425 5727 ait
469 5669 756 5728 cntivenirc
828 5673 1027 5726 (‘Itllllttl
1096 5671 1262 5731 asiiii,
1318 5669 1560 5722 animalis
1614 5669 1946 5721 salacissitui.

350 5746 631 5806 Pha‘drus.
664 5748 755 5800 Iih.
795 5762 830 5808 ι,
879 5742 1008 5796 Fab.
1044 5741 1132 5794 ἓξ).
1172 5742 1369 5796 Deinde
1417 5741 1604 5793 alludit
1651 5741 1714 5792 ad
1751 5741 1952 5809 patien-

351 5821 480 5878 tiam
522 5816 944 5873 Christianorum
997 5814 1282 5870 asiniuam.
1341 5816 1547 5886 Quippe
1598 5814 1781 5867 asinus
1831 5827 1953 5867 cum

2045 4532 2247 4584 oratio?
2279 4533 2574 4598 interrupta
2603 4529 2744 4580 enitn
2788 4545 2881 4583 ora
2911 4531 3031 4582 ioue
3075 4530 3300 4584 all‘ectus
3327 4531 3649 4598 indignatio-

2047 4603 2130 4656 nis
2178 4603 2422 4672 apprime
2470 4602 2808 4667 exprimitur.
2853 4601 3086 4672 Sicicap.
3120 4617 3170 4655 xl
3205 4617 3216 4653 :
3247 4601 3420 4656 Multa
3451 4605 3516 4656 ad
3539 4605 3648 4658 lucc

2045 4671 2344 4740 suppeiunt,
2376 4688 2437 4724 ne
2486 4672 2684 4744 festinet
2713 4673 2896 4726 oratio.
2940 4671 3170 4740 lnjustos
3201 4675 3339 4742 ipsos
3365 4675 3527 4744 magis
3558 4691 3651 4729 nec

2048 4744 2242 4807 laboro,
2261 4748 2374 4812 jam
2401 4743 2569 4796 docui.
2607 4742 2867 4798 LINDNER.

2119 4816 2359 4870 Cirtensis
2414 4815 2594 4868 nostri.
2648 4813 2855 4868 Nemini
2905 4813 3123 4868 dubium
3175 4815 3301 4884 quin
3336 4814 3422 4870 hic
3451 4815 3650 4872 Noster

2049 4887 2407 4951 indigitaverit
2433 4887 2502 4939 Μ.
2531 4887 2838 4939 Cornelium
2879 4885 3240 4946 Fronmnem,
3273 4886 3416 4940 Cirte
3461 4891 3508 4940 in
3543 4888 3651 4941 Nu-

2049 4958 2209 5012 midia
2245 4969 2422 5011 natum
2446 4998 2459 5019 ,
2491 4965 2757 5010 oratorem
2789 4957 2927 5010 inter
2956 4956 3174 5009 Latinos
3206 4958 3353 5009 istius
3377 4959 3475 5009 :evi
3509 4958 3652 5010 haud

2049 5031 2456 5098 despicabilem,
2492 5028 2698 5080 hostem
2732 5027 3051 5081 Christianis
3091 5025 3509 5079 iufensissimum
3534 5067 3548 5090 ,
3580 5028 3652 5082 de

2050 5097 2159 5166 quo
2189 5102 2378 5153 iterum
2411 5109 2598 5152 auctor
2624 5114 2743 5166 cap.
2781 5113 2905 5151 xxx:
2937 5097 3213 5155 meminit;
3248 5099 3369 5150 hinc
3399 5109 3453 5151 et
3481 5101 3654 5151 aliun-

2051 5168 2120 5226 de
2149 5181 2358 5224 Coustat
2387 5185 2507 5223 eum
2536 5170 2792 5222 adversus
2830 5168 3249 5221 Christianorum
3284 5177 3482 5221 sectam
3526 5184 3654 5222 ora-

2053 5245 2250 5296 tionem
2276 5241 2578 5308 scripsisse.
2605 5239 2722 5294 Jam
2755 5254 2821 5293 ne
2867 5252 2988 5292 eum
3018 5249 3217 5292 temere
3264 5241 3420 5293 velim
3454 5239 3656 5294 habeas

2052 5328 2172 5366 esse
2200 5319 2425 5365 alterum
2461 5311 2784 5381 Frontonem
2817 5325 2986 5381 quem
3010 5311 3222 5381 laudant
3250 5311 3442 5364 Juven.
3470 5312 3652 5381 Satyr.

2054 5383 2222 5449 1,12;
2277 5382 2414 5436 Plin.
2466 5381 2589 5435 Jtm.
2646 5380 2814 5446 Epist.
2857 5396 2933 5443 x1,
2966 5380 3033 5445 ‘2;
3077 5380 3304 5434 Martial.
3355 5381 3510 5452 Epig.
3536 5380 3660 5452 Ipse

2055 5471 2182 5508 vero
2209 5452 2490 5511 Cirtensis.
2519 5463 2652 5507 teste
2684 5453 2940 5520 Eutropio
2967 5467 3079 5511 vm.
3110 5453 3176 5512 6.
3212 5453 3372 5506 Marci
3401 5451 3658 5508 Antonini

2057 5527 2184 5592 imp.
2210 5536 2264 5578 et
2289 5524 2434 5577 Lucii
2473 5523 2592 5576 Veri
2615 5526 2786 5578 latinis
2811 5525 3002 5577 litteris
3028 5535 3324 5592 princeptor
3344 5525 3433 5578 fuit
3457 5541 3472 5584 ;
3495 5540 3656 5592 quem

2059 5596 2350 5649 Eumenius
2396 5600 2600 5661 magnis
2627 5597 2821 5663 exeipit
2863 5596 3102 5649 laudibus
3141 5612 3200 5646 ac
3232 5597 3370 5648 velut
3410 5595 3660 5648 Romana:

2056 5669 2356 5736 eloquentur
2379 5685 2476 5719 nou
2502 5671 2808 5729 secuudum,
2839 5669 2929 5720 sed
2955 5669 3172 5719 alterum
3198 5669 3349 5718 dorus
3391 5667 3656 5734 prtctlicat.

2057 5738 2111 5792 Si
2145 5755 2246 5808 qua
2277 5738 2470 5810 Joanui
2513 5738 2890 5794 Salisheriens.
2920 5739 3070 5799 lidcs,
3113 5738 3374 5809 l’olycrot.
3419 5753 3533 5797 vui,
3568 5737 3658 5802 19,

2057 5810 2123 5866 ab
2172 5812 2369 5868 eximio
2406 5809 2742 5868 Cheronensi
2768 5811 3056 5868 Plutarcho
3100 5828 3163 5866 ex
3218 5820 3376 5884 gente
3418 5819 3663 5872 materna
