4156 6282
315 368 427 426 977
1805 363 1882 419 0C

1987 364 2163 422 VIUS.
3523 367 3630 424 278

319 485 682 543 mendacium.
728 483 908 553 Itaque
938 499 1045 555 quo
1073 481 1268 554 sa‘pius
1299 481 1787 537 asseverationibus
1809 497 1924 536 cre-
1953 484 2004 544 Α
2034 482 2189 537 tidem
2218 482 2479 540 confessa!
2501 485 2830 555 probationis
2854 486 3089 540 imitetur
3116 501 3129 538 :
3158 485 3442 556 diligenter
3459 501 3631 556 quan-

314 581 476 645 dunt,
518 595 582 634 co
628 577 958 647 frequentius
998 593 1026 628 a
1077 576 1416 646 peritioribus
1447 584 1738 642 arguuntur
1783 591 1794 626 :
1847 574 1924 627 sic
2029 585 2135 629 tum
2169 586 2362 647 potest,
2393 581 2595 648 singula
2644 579 3020 649 ponderemus,
3058 589 3113 632 nt
3143 579 3373 647 argutias
3405 579 3621 649 quidem

312 673 536 728 assidue
582 671 880 724 temeritate
925 668 1157 736 decepti.
1200 666 1422 736 Culpam
1461 667 1656 736 judicis
1697 664 1920 719 transfe-
2023 667 2261 732 laudare,
2296 685 2356 725 ea
2389 687 2515 726 vero
2561 687 2679 742 quae
2725 681 2868 726 recta
2916 681 3058 736 sunt,
3100 672 3316 742 eligere,
3374 671 3622 741 probare,

309 777 445 820 runt
505 763 571 817 ad
627 761 818 817 incerti
877 759 1192 830 querelam,
1237 768 1297 812 ut
1345 759 1610 813 danmatis
1667 757 1917 812 onmihus
2023 763 2296 832 suscipere
2327 781 2610 834 possimus.

306 861 502 914 malint
535 857 783 911 universa
832 853 1186 924 suspendere,
1231 869 1388 923 quam
1421 853 1487 906 de
1521 851 1794 905 fallacibus
1825 851 1912 920 ju-
2619 879 2846 936 CAPUT
2881 879 2992 934 xv_

303 952 512 1007 dicare.
558 948 724 1018 Igitur
757 947 908 1000 nobis
937 944 1324 1016 providendum
1353 954 1451 1011 est,
1483 960 1550 998 ne
1577 943 1700 998 odio
1722 943 1912 997 identi-

305 1043 432 1098 dem
463 1056 770 1097 sermonum
795 1039 1027 1094 omnium
1055 1038 1380 1104 laboremus,
1406 1038 1498 1101 ita,
1531 1045 1587 1091 ιιι
1613 1035 1664 1091 in
1695 1051 1913 1090 execra-

312 1138 512 1192 tionem
536 1146 590 1190 et
616 1134 799 1188 odium
829 1133 1100 1188 hominum
1131 1131 1371 1201 plerique
1400 1129 1752 1200 simpliciores
1780 1129 1910 1184 efl'e~

305 1241 516 1284 rantur.
541 1227 670 1282 Nam
703 1227 913 1280 incaute
952 1223 1158 1280 creduli
1197 1224 1689 1278 circumveniuntur
1717 1221 1908 1287 abhis,

302 1337 444 1392 quos
485 1321 654 1375 bonos
705 1325 1021 1389 putaverunt
1054 1335 1066 1370 :
1097 1331 1242 1380 mox,
1274 1330 1459 1370 errore
1507 1313 1770 1369 consimili
1798 1313 1907 1383 jam

302 1415 572 1485 suspectis
593 1414 863 1478 omnibus,
898 1410 1247 1478 utimprobos
1278 1419 1520 1464 metuunt
1559 1409 1741 1472 etiam,
1773 1423 1906 1478 quos

302 1511 537 1580 optimos
564 1508 768 1564 sentire
795 1515 1097 1577 potuerunt.
1128 1505 1234 1559 Nos
1261 1504 1480 1574 proinde
1501 1503 1736 1563 solliciti,
1765 1501 1905 1572 quod

301 1602 577 1672 utrimque
608 1604 660 1656 in
715 1600 858 1656 omni
915 1599 1128 1670 negotio
1176 1597 1492 1664 disseratur,
1549 1605 1602 1650 et
1644 1611 1707 1650 ex
1737 1595 1903 1649 altera
2011 1597 2354 1666 perinjurium
2379 1605 2478 1660 est,
2509 1597 3612 1679 viresteactionistnee.intergressagra-

300 1707 457 1766 parte
484 1697 799 1768 plerumque
826 1696 1052 1749 obscura
1082 1693 1151 1748 sit
1180 1694 1398 1758 veritas,
1438 1707 1502 1747 ex
1534 1691 1706 1745 altero
1738 1690 1904 1744 latere
2008 1691 2240 1744 vissinue
2260 1690 2650 1757 ᾱὶεμιιιιιείοιιὶε,
2674 1691 2958 1759 infringere
2985 1705 3103 1741 cum
3133 1690 3384 1743 Octavius
3408 1692 3614 1761 integra

302 1791 440 1846 mira
466 1790 752 1856 subtilitas,
787 1805 904 1861 qua:
947 1801 1348 1858 nonnumquam
1382 1785 1625 1840 ubertate
1670 1781 1904 1849 dicendi,
1943 1770 1984 1826 Β
2014 1789 2064 1835 et
2095 1780 2293 1834 illibata
2324 1780 2512 1835 habeat
2539 1781 2764 1850 singula.
2795 1780 2851 1834 Si
2876 1788 3046 1849 potest
3075 1790 3324 1850 reputare
3350 1796 3362 1846 ;
3392 1781 3441 1836 id
3472 1783 3613 1853 quod

1657 1915 2012 1972 VARIURUM
2053 1915 2278 1971 NOTZE.

2017 1014 2410 1071 AnGUMENTUH.
2436 1047 2506 1056 —
2536 1016 2737 1087 [legerit
2757 1015 2984 1069 Minucio
3007 1015 3242 1069 Caecilius
3266 1033 3365 1069 non
3393 1017 3502 1070 sine
3522 1017 3621 1070 ali-

2086 1124 2186 1175 qua
2214 1107 2320 1160 (tesi
2349 1108 2505 1160 animi
2535 1108 2922 1177 significatione,
2971 1108 3138 1173 ipsum
3181 1107 3406 1176 religiosi
3426 1108 3620 1177 judicis

2086 1200 2246 1269 oﬁ‘ieio
2284 1201 2532 1265 recedere,
2564 1200 2683 1252 dum
2715 1216 2821 1253 sua:
2837 1201 3195 1265 disputationis
3223 1201 3348 1253 vires
3366 1203 3613 1268 inﬁrmat.

2088 1293 2370 1363 lntegrum,
2411 1293 2620 1346 Octavio
2671 1310 2775 1347 esse
2812 1310 2869 1346 ea
2912 1294 3103 1357 omnia,
3156 1309 3268 1362 qua:
3300 1294 3349 1344 in
3401 1294 3622 1348 medium

2086 1390 2389 1460 protulerat,
2421 1393 2702 1459 confutare.

2083 1503 2327 1569 Decedis,
2349 1504 2513 1573 inquit
2531 1503 2795 1567 Cmcilius,
2812 1501 3190 1572 olfit-iojudicis
3206 1503 3467 1572 religiosi;
3489 1519 3610 1560 nam

2009 2054 2344 2118 sumpsisset,
2380 2053 2662 2108 refutando
2694 2053 2961 2108 Davisium
2989 2066 3044 2109 et
3084 2056 3438 2123 ostendendo,
3471 2058 3611 2115 haud

2011 2140 2132 2198 raro
2162 2125 2230 2178 ita
2258 2141 2351 2193 per
2378 2125 2775 2198 snbjnnetivum
2815 2135 2872 2178 at
2901 2126 3162 2198 infinitum
3191 2129 3457 2198 obliquari
3486 2146 3611 2186 ora-

2009 2197 2230 2260 tiunem,
2261 2213 2379 2265 quae
2410 2196 2623 2264 proprie
2655 2205 2795 2250 recta
2819 2212 2938 2250 esse
2959 2197 3197 2252 deberet.
3234 2196 3408 2254 lleuu.

2081 2266 2226 2342 Nam
2246 2268 2444 2342 incaute
2482 2267 2916 2342 ei:e_duli._lleum.
2947 2283 3048 2320 non
3073 2269 3301 2342 dubitat,
3343 2272 3410 2323 ita
3442 2271 3613 2342 scrip-

2007 2339 2142 2392 εῖδει»
2164 2337 2448 2391 Minucium
2475 2358 2487 2392 :
2522 2337 2659 2391 Nam
2683 2339 2802 2390 dum
2831 2341 3033 2391 incaute
3053 2351 3156 2394 etc.
3192 2341 3257 2394 Et
3285 2341 3400 2395 haec
3425 2337 3610 2397 emcn-

2006 2410 2150 2463 datio
2179 2410 2455 2482 minusest
2477 2424 2797 2482 necessaria,
2824 2409 2888 2463 ad
2913 2426 3180 2464 summum
3209 2411 3465 2482 particula
3489 2416 3612 2468 dum

2009 2489 2178 2548 potest
2207 2479 2449 2548 intelligi.
2497 2481 2750 2534 Lmnasn.

302 2061 638 2132 pollueretur
663 2069 768 2115 tam
790 2058 926 2113 tristi
947 2066 1108 2132 atque
1125 2057 1404 2126 multiplici
1427 2054 1756 2132 ministerio.
1771 2052 1900 2108 Item

299 2127 593 2187 verisimile
632 2144 708 2185 est
741 2140 915 2184 morte
943 2129 1119 2183 omnia
1153 2133 1385 2181 humana
1419 2127 1580 2181 ﬁniri.
1617 2127 1682 2179 Et
1724 2136 1903 2179 tamen

295 2204 437 2267 hare,
469 2205 568 2257 etsi
590 2203 900 2257 verisimilia
924 2203 1059 2267 sint,
1093 2199 1376 2254 fulSlSsltna
1399 2209 1541 2251 sunt.
1575 2198 1801 2252 RicAL'r.

364 2274 796 2345 Culpnmjudicis
819 2274 1130 2345 transferunt
1159 2270 1228 2323 ad
1254 2271 1431 2345 incerti
1455 2267 1901 2345 _querelam._Sa_na

288 2363 403 2401 non
426 2338 508 2399 est
533 2338 647 2398 huic
675 2345 835 2397 lectio
869 2362 881 2397 :
916 2338 1038 2396 nam
1072 2343 1138 2396 de
1171 2344 1351 2395 multis
1374 2338 1641 2408 judicihus
1665 2341 1774 2408 agit
1803 2338 1898 2391 Mi-

292 2420 490 2471 nucius
540 2414 993 2471 ldeoWowerius
1019 2415 1227 2482 reponit
1257 2411 1458 2482 culpam
1485 2411 1690 2479 judicii.
1728 2409 1902 2462 Meur-

290 2491 410 2543 sius
448 2497 501 2543 et
543 2487 807 2543 Cellarius
852 2485 1161 2547 emendant,
1205 2483 1409 2551 culpam
1437 2483 1645 2552 judicos
1679 2483 1901 2551 transfe-

284 2572 411 2614 runt
452 2561 523 2614 ad
547 2558 727 2611 incerti
757 2559 1031 2626 querelam.
1074 2555 1198 2609 Mihi
1245 2555 1499 2622 languere
1527 2553 1736 2606 videtur
1759 2567 1899 2626 ‘seu-

289 2631 488 2695 tentia,
532 2632 633 2682 nisi
678 2623 854 2682 forsan
897 2628 1080 2680 addito
1125 2627 1443 2696 pronomine
1475 2626 1680 2693 legatur
1713 2639 1726 2675 :
1754 2623 1901 2677 Sunt

280 2703 496 2772 culpam
539 2701 760 2756 Jumcss
801 2701 1132 2772 transferunt_
1150 2699 1218 2772 ad
1253 2697 1432 2749 incerti
1469 2696 1745 2765 querelam.
1786 2696 1900 2748 Att-

275 2768 471 2828 senius
503 2773 554 2827 in
585 2772 772 2841 Lupid.
801 2771 980 2838 crucif.
1015 2786 1066 2823 v.
1103 2768 1170 2824 64
1205 2786 1218 2823 :

441 2889 765 2940 Transferam
788 2897 841 2939 ιιι
861 2885 1086 2952 praprias
1108 2885 1271 2935 aliena
1293 2886 1344 2934 in
1367 2885 1565 2934 crimina
1589 2883 1773 2947 culpas.

275 2975 568 3030 Salluuius
593 2973 720 3043 Iug.
761 2981 881 3042 cap.
914 2974 937 3026 Ι
979 2989 993 3024 :
1021 2972 1170 3026 Stis!
1216 2971 1404 3039 quippe
1430 2969 1632 3043 culpam
1660 2976 1890 3043 auctores

272 3047 357 3100 ad
391 3047 587 3112 negotia
629 3039 975 3114 transferant.
1013 3043 1102 3097 Sic
1147 3053 1335 3095 metum
1378 3058 1408 3092 a
1446 3041 1641 3114 scelere
1675 3053 1773 3092 suo
1821 3039 1888 3090 ad

272 3111 538 3189 ignauiam
567 3111 784 3171 w‘strani
807 3113 1084 3189 transferre
1108 3114 1240 3189 dixit
1265 3114 1478 3189 idemc.
1507 3112 1594 3166 54.
1623 3111 1888 3189 Datus.—

2079 2551 2323 2604 Solliciti.
2377 2550 2488 2604 Hoc
2541 2553 2760 2604 verbum
2802 2566 2923 2605 cum
2959 2551 3059 2606 hoc
3105 2551 3223 2606 loco
3252 2555 3321 2607 sit
3351 2551 3605 2622 alienum,

2007 2622 2186 2675 seriho
2215 2621 2354 2674 soliti
2385 2641 2399 2674 :
2432 2636 2663 2690 cumque
2689 2637 2830 2674 nunc
2867 2625 3202 2676 desideretur
3233 2625 3451 2677 verbum
3487 2621 3608 2680 inli—

2008 2695 2252 2752 nilivum.
2287 2695 2363 2745 sic
2391 2693 2510 2761 lego
2536 2709 2548 2745 :
2577 2690 2688 2746 Nos
2721 2693 2934 2756 proinde
2962 2695 3142 2746 audire
3167 2693 3321 2748 soliti.
3367 2697 3566 2750 Sensus
3589 2715 3603 2750 :

2004 2763 2130 2827 Nos,
2171 2764 2258 2832 qui
2295 2765 2344 2817 in
2377 2763 2491 2817 foro
2518 2777 2708 2818 causas
2737 2765 2964 2832 agimus,
2996 2765 3179 2818 audire
3205 2767 3605 2833 eonsucvimus,

1995 2836 2134 2904 quod
2175 2836 2458 2904 utrimque,
2491 2843 2592 2889 etc.
2629 2833 2803 2888 ιιευιι.
2858 2835 2999 2889 Bene
3030 2850 3086 2889 se
3137 2835 3293 2889 habet
3326 2837 3482 2893 lectio
3511 2853 3604 2892 re-

1994 2917 2143 2973 cepta
2161 2922 2286 2969 ms.;
2301 2905 2545 2958 sollicitus
2557 2904 2697 2959 enim
2715 2915 2797 2960 est
2818 2906 3018 2977 dubius,
3033 2915 3268 2960 attentus.
3299 2907 3488 2963 Cicero
3508 2922 3606 2977 pro

1995 2977 2155 3031 domo
2178 2977 2275 3032 96:
2309 2977 2571 3047 Suspenso
2587 2985 2737 3045 atque
2758 2976 2973 3030 sollicita
2997 2987 3099 3031 tota
3123 2978 3336 3031 civitate.
3367 2976 3516 3033 Idem
3535 2979 3606 3036 de

1993 3051 2166 3102 Amic.
2199 3049 2268 3102 52
2298 3047 2584 3115 :Suspecla
2625 3063 2684 3099 ac
2713 3048 2933 3100 sollicita
2971 3065 3167 3116 semper
3207 3051 3376 3102 omnia
3409 3052 3461 3102 in
3498 3052 3602 3105 vita

1994 3129 2346 3188 tyrannorum.
2410 3119 2609 3192 Livius,
2641 3133 2690 3180 ν,
2726 3120 2796 3192 147
2826 3135 2842 3171 :
2871 3117 3054 3185 Canes,
3081 3117 3351 3173 sollicitum
3382 3120 3600 3192 animal,

270 3179 842 3252 Ilzilleum.cxplicat:
865 3179 992 3238 Cum
1015 3201 1159 3238 suam
1182 3183 1446 3248 iudicandi
1461 3183 1785 3257 temeritatem
1801 3197 1886 3257 ac-
1912 3179 1956 3241 C
1990 3179 2056 3242 (ἧι
2104 3200 2375 3243 nocturno;
2418 3179 2684 3257 strepitus.
2723 3189 2982 3244 Limosa“.

269 3277 456 3314 rmore
495 3251 752 3320 deberent,
786 3273 848 3310 ex
873 3274 950 3320 eo,
983 3257 1116 3325 quod
1147 3257 1398 3324 falluntur
1433 3253 1638 3318 satpius,
1674 3251 1888 3325 conclu-

267 3333 512 3396 cludum,
558 3330 690 3382 nihil
737 3345 842 3381 esse
888 3321 1032 3388 recti,
1078 3321 1168 3381 sed
1207 3341 1314 3379 esse
1370 3335 1608 3392 perpetuo
1647 3321 1886 3396 dubitan-

267 3404 393 3456 dum
439 3393 508 3454 de
557 3399 806 3453 omnibus.
851 3399 956 3455 Sed
999 3399 1049 3450 in
1088 3412 1189 3450 ms.
1222 3406 1303 3450 est
1335 3396 1541 3459 iudicis,
1575 3393 1714 3457 quod
1749 3397 1886 3450 bene

265 3489 323 3527 se
357 3469 546 3534 habet,
581 3469 1196 3538 exponenteGronovio
1230 3467 1296 3520 ad
1341 3467 1393 3520 h.
1446 3467 1484 3519 l.
1529 3463 1691 3533 Culpa
1738 3465 1882 3520 enim

257 3545 458 3612 judicis
502 3552 589 3597 est
629 3537 787 3611 quam
828 3541 993 3612 judex
1045 3539 1276 3612 admittit
1321 3537 1541 3612 remissa
1589 3538 1883 3612 mtculione

266 3607 317 3668 in
372 3615 585 3674 auditu,
629 3607 734 3675 vel,
764 3607 888 3664 dum
937 3611 987 3664 in
1029 3609 1296 3664 audiendo
1339 3609 1518 3661 animo
1544 3617 1624 3659 est
1656 3607 1878 3674 omisso,

263 3695 357 3739 aut
399 3685 650 3738 omlssior
675 3684 742 3736 ab
773 3683 986 3736 actione
1023 3681 1272 3742 dicentis,
1307 3689 1363 3732 ut
1389 3678 1674 3733 Terentius
1708 3680 1880 3746 loqui-

269 3768 357 3810 tur
387 3766 605 3808 notante
647 3766 796 3820 patre
826 3754 913 3806 lib.
950 3769 1001 3806 ιιι
1043 3752 1304 3805 Observat.
1348 3766 1466 3818 cap.
1516 3750 1565 3814 7,
1597 3759 1650 3820 et
1681 3747 1881 3820 idcirco

271 3830 327 3881 in
368 3828 549 3893 judice
596 3824 748 3879 vitari
791 3823 948 3878 debet
990 3825 1196 3886 vitium,
1242 3822 1380 3889 quod
1426 3825 1476 3874 in
1533 3819 1643 3872 sola
1682 3819 1878 3885 judicis

267 3911 510 3967 persona
557 3897 922 3956 committitur,
971 3895 1301 3967 transferunt
1339 3893 1402 3945 ad
1460 3908 1578 3967 rem
1615 3903 1667 3967 et
1708 3901 1878 3967 matc-

263 3961 433 4034 riam,
463 3981 617 4036 quam
643 3979 942 4036 queruntur
980 3967 1188 4033 plenam
1237 3966 1398 4017 fuisse
1428 3961 1668 4036 caliginis
1699 3972 1751 4014 et
1781 3961 1877 4036 ob-

259 4033 512 4094 cnritati’s
553 4049 604 4092 et
652 4033 861 4102 incerti,
907 4053 1064 4106 quam
1107 4050 1270 4104 penes
1315 4039 1483 4103 ipsum
1525 4033 1778 4106 judicent
1807 4034 1876 4086 sit

258 4126 426 4166 causa
455 4111 789 4165 difficultatis
815 4111 892 4164 vel
919 4104 1180 4176 caliginis.
1210 4107 1410 4175 Estque
1440 4119 1656 4172 prorsus
1685 4104 1872 4159 eadem

258 4185 656 4254 pronuntiatio,
692 4197 790 4250 qua
819 4182 979 4254 utitur
999 4180 1280 4254 Sallustius
1315 4185 1416 4231 loc.
1447 4180 1538 4254 cit.
1570 4176 1836 4254 Linum-1n.

331 4255 402 4311 Ut
450 4249 717 4307 damnatis
760 4251 1008 4306 clunibus.
1056 4253 1218 4320 Lego,
1249 4260 1301 4302 ut
1345 4250 1625 4317 ampliatis.
1663 4249 1870 4306 Miluus.

254 4327 360 4380 Sed
393 4321 660 4395 antpliatis
686 4323 821 4376 idcttt
851 4333 953 4384 est,
988 4323 1127 4388 qitod
1164 4323 1444 4391 suspensis,
1473 4335 1636 4390 quum
1659 4321 1874 4395 delmis-

255 4408 334 4450 set
370 4393 759 4461 alia'qtttl‘dam
790 4397 870 4448 vis
901 4410 1019 4448 esse
1048 4397 1100 4447 in
1135 4395 1235 4447 isto
1268 4395 1548 4461 participio
1578 4403 1630 4444 ιιι
1659 4393 1868 4446 diversa

255 4473 321 4523 ab
353 4471 503 4523 verbi
536 4467 850 4535 suspendere
891 4465 1307 4533 significatione;
1361 4467 1523 4517 immo
1567 4479 1662 4515 cur
1703 4465 1872 4518 voluit

255 4550 367 4592 tam
411 4541 559 4592 fatue
602 4539 898 4598 abundare,
950 4547 998 4588 nt
1050 4539 1272 4598 diceret,
1330 4536 1586 4602 ampliatis
1637 4536 1870 4591 omnibus

257 4614 442 4664 malm!
487 4612 724 4662 universa
766 4607 1089 4678 suspendere,
1139 4607 1590 4678 quantampliure
1637 4607 1869 4659 universa

259 4684 470 4742 νιιηιὶιιι,
497 4681 580 4734 τρι
621 4676 929 4747 suspendere
963 4681 1197 4732 universa
1225 4676 1442 4731 ntalint?
1477 4676 1747 4729 Damnatis
1775 4694 1870 4730 au-

264 4763 380 4806 tem
413 4763 492 4803 eSt
520 4753 748 4816 rejectis,
788 4750 1054 4816 alienatis,
1097 4751 1345 4818 sepositis
1393 4759 1606 4815 propter
1649 4748 1870 4802 difficul-

260 4833 432 4875 tatem
465 4824 770 4891 penetrandi
804 4837 907 4873 non
953 4822 1017 4874 ad
1047 4821 1258 4887 aliquod
1291 4831 1520 4888 tempus,
1551 4819 1641 4872 sed
1673 4819 1724 4872 in
1759 4836 1870 4887 per-

256 4905 504 4962 petuum.
559 4893 797 4949 Gnoutw.
824 4923 898 4934 ——
924 4893 976 4946 Si
1015 4893 1139 4960 quid
1183 4902 1358 4945 tamen
1412 4891 1720 4943 nuuandum
1761 4901 1864 4957 est,

252 4970 444 5020 malim
493 4981 596 5034 ego
639 4984 651 5018 :
692 4965 947 5017 damnatis
995 4964 1331 5029 Opinionibus.
1384 4962 1674 5029 Opiniones
1722 4963 1865 5016 enim

250 5049 386 5091 sunt
419 5040 646 5096 incerta.
675 5047 796 5090 sunt
821 5035 1053 5105 fallaces,
1083 5044 1135 5089 et
1161 5045 1307 5089 recte
1335 5044 1674 5102 ttppUIIUllllﬂ‘
1701 5035 1866 5088 certi-

253 5111 453 5162 tudini.
488 5109 751 5162 [most-zu.

327 5181 680 5244 Laboremus;
705 5181 773 5231 ita
807 5188 885 5244 ut,
916 5185 1022 5232 etc.
1065 5177 1204 5242 Lege
1232 5185 1286 5231 et
1332 5175 1638 5246 distinguo:
1671 5177 1868 5230 labore-

250 5269 370 5303 mus
405 5261 574 5314 trarii,
633 5253 685 5303 in
729 5251 1114 5307 execrationem.
1171 5260 1275 5302 etc.
1317 5247 1362 5300 Α
1412 5246 1616 5302 Gellius
1674 5247 1746 5301 N.
1799 5250 1861 5302 A.

259 5323 358 5377 lib.
388 5335 459 5377 tt.
485 5335 608 5391 cap.
635 5321 669 5376 8
698 5339 710 5375 :
737 5322 802 5374 Id
842 5333 1034 5382 autem,
1085 5322 1220 5389 quod
1247 5334 1417 5391 supra
1446 5322 1626 5388 scripsi
1673 5318 1865 5372 Fabri-

248 5397 393 5446 cium
421 5397 478 5446 de
507 5389 663 5446 Corn.
701 5391 912 5460 Ruﬁno,
940 5393 1007 5444 ita
1033 5402 1088 5446 ut
1117 5392 1168 5442 in
1200 5389 1439 5458 pleraque
1462 5391 1673 5444 historia
1704 5392 1867 5457 scrip-

252 5477 364 5517 tum
391 5477 486 5523 est,
509 5465 714 5518 dixisse.
751 5465 817 5517 Et
849 5463 938 5516 lih.
989 5477 1061 5526 ix,
1093 5477 1213 5528 cap.
1254 5462 1322 5514 M
1354 5479 1364 5514 :
1414 5461 1577 5514 Libris
1628 5463 1869 5528 plusculis

249 5538 350 5596 ita,
383 5545 440 5588 ut
467 5533 724 5589 Caesellius
752 5536 846 5598 ait,
883 5535 1125 5603 scriptum
1153 5531 1338 5586 inveni.
1375 5530 1464 5586 Stc
1491 5544 1545 5587 et
1572 5532 1763 5588 Noster
1784 5535 1866 5586 in-

251 5608 341 5660 tra
374 5608 583 5661 lut‘tlttts
607 5618 710 5660 est.
742 5608 919 5660 [lu-ts.

347 5677 651 5742 l-Zﬁ‘eranter.
690 5678 932 5730 Davisius
955 5684 1126 5728 mutat
1153 5675 1203 5727 in
1236 5676 1536 5740 e/I'eruntur.
1571 5675 1721 5729 Male.
1773 5675 1867 5729 Est

259 5747 417 5800 chim
464 5751 674 5802 tret-hum
708 5748 940 5813 efferare,
989 5761 1092 5799 non
1124 5745 1323 5810 θίγω-ε.
1371 5748 1444 5798 Ian
1473 5753 1743 5812 geminum
1781 5749 1865 5799 Li-

257 5821 338 5874 vii
367 5823 535 5871 locum
563 5824 627 5881 γ,
656 5819 724 5872 27
759 5837 772 5871 :
807 5817 1019 5882 E/Iemi
1050 5817 1166 5870 odio
1194 5819 1386 5885 iraque.
1417 5817 1526 5869 lloc
1553 5822 1595 5870 si
1623 5818 1866 5871 animad-

252 5889 742 5960 \crtissct\\"opk.
794 5906 899 5944 non
930 5887 1212 5944 verborum
1258 5897 1460 5944 tantum
1490 5889 1684 5944 frustra
1731 5905 1864 5945 con-

1893 4573 1946 4631 D

2066 3259 2148 3314 Ex
2177 3262 2344 3332 altero
2365 3262 2538 3314 latere.
2564 3259 2637 3312 lla
2671 3276 2771 3332 ms.
2805 3261 2957 3332 liotn.
2991 3259 3052 3314 Ε.
3084 3261 3256 3315 lateat.
3292 3261 3489 3332 Supple
3511 3264 3598 3318 sit.

1991 3331 2076 3385 Ea:
2112 3333 2273 3385 altero
2329 3330 2483 3384 latere
2533 3333 2661 3383 mira
2703 3328 2831 3402 (sin)
2872 3332 3142 3385 subtilitas.
3216 3328 3596 3400 lleunianuus,

1989 3419 2312 3470 quamquam
2338 3403 2674 3467 dubitanter,
2699 3403 2876 3456 scribit
2906 3415 3079 3456 tamen
3105 3401 3288 3457 luceat.
3324 3403 3595 3458 Emenda-

1991 3477 2064 3526 tio
2117 3472 2288 3526 Fulvii
2346 3473 2540 3539 Ursini,
2585 3488 2702 3541 quae
2754 3482 2837 3526 est
2881 3474 2934 3526 in
2958 3474 3056 3527 Ed.
3106 3473 3379 3540 Romana,
3427 3474 3594 3543 mihi,

1988 3543 2180 3607 fateor,
2209 3545 2499 3612 perplacet.
2534 3543 2790 3598 LINDNER.

2057 3614 2347 3683 Suspicere.
2378 3614 2631 3668 Fortasse
2672 3616 2947 3682 suscipere.
2998 3615 3086 3670 Sic
3109 3630 3227 3684 cap.
3262 3614 3316 3681 6,
3349 3615 3379 3669 7
3406 3634 3419 3669 :
3455 3616 3592 3671 Dant

1985 3687 2333 3740 universarum
2362 3688 2584 3757 gentium
2615 3702 2761 3739 sacra
2793 3686 3108 3754 suscipiunt.
3141 3685 3244 3741 Sed
3270 3697 3323 3740 et
3350 3688 3429 3742 sic
3465 3704 3592 3757 gra-

1941 3806 1946 3810 .
1985 3758 2129 3810 datio
2148 3759 2277 3812 satis
2295 3760 2427 3812 bene
2443 3757 2702 3828 procedit.
2728 3757 2977 3828 Estenim
2998 3759 3254 3824 suspicere
3274 3758 3589 3828 plus,qnam

1986 3829 2232 3900 probare.
2277 3829 2382 3883 Sed
2419 3831 2528 3896 jam
2558 3827 2730 3900 video.
2762 3828 2833 3881 ita
2867 3827 3152 3900 lleraldum
3186 3845 3249 3883 es
3279 3827 3385 3884 ms.
3414 3827 3586 3900 Regio

1983 3899 2236 3960 etlidisSe,
2287 3901 2492 3954 utadeo
2539 3899 2796 3965 nesciam,
2855 3899 2994 3954 unde
3047 3898 3311 3954 Cellarius
3362 3898 3586 3956 verbum

1980 3971 2237 4034 suspicere
2267 3971 2521 4033 hauserit,
2553 3985 2770 4035 prorsus
2801 3969 3115 4024 tollendum.
3165 3970 3426 4026 LINDNEB.

2051 4043 2181 4096 CAP.
2211 4041 2328 4095 XV.
2351 4070 2424 4083 ——-
2441 4040 2500 4095 Si
2519 4049 2699 4109 potest,
2725 4050 2829 4093 etc.
2853 4041 2983 4109 lieg.
3010 4057 3111 4103 ms.
3131 4054 3382 4107 reputare.
3411 4043 3584 4099 Locus

1982 4127 2085 4164 non
2120 4113 2333 4166 videtur
2362 4127 2554 4170 sanus;
2581 4121 2633 4161 et
2666 4111 2892 4164 fmtasse
2939 4112 3194 4178 scriptum
3237 4114 3397 4166 fuerit
3423 4132 3435 4167 :
3458 4115 3586 4168 Cum

1981 4181 2222 4236 Octauius
2249 4186 2443 4253 integra
2470 4180 2921 4254 etillibatahabeat
2948 4180 3171 4249 singula.
3196 4183 3238 4234 si
3258 4194 3416 4250 potest
3439 4188 3582 4254 refu-

1979 4264 2105 4308 tare.
2140 4252 2372 4323 ldquod,
2389 4265 2492 4308 etc.
2520 4252 3362 4321 l'lenALn.—lnterpunxerim....
3395 4252 3581 4311 habeat

1976 4326 2200 4396 singula,
2244 4329 2287 4379 si
2335 4334 2516 4396 potest,
2560 4325 2818 4391 refutare,
2855 4325 2904 4378 id
2934 4334 3035 4387 est,
3073 4323 3251 4378 habeat
3279 4327 3574 4394 refutanda.

1976 4395 2087 4450 Nisi
2113 4399 2290 4465 potius
2316 4401 2498 4452 habere
2527 4412 2622 4463 pro
2644 4396 2820 4448 debere
2849 4396 3063 4460 dixerit,
3092 4405 3203 4459 aut,
3232 4396 3374 4464 quod
3395 4398 3581 4454 malim

1976 4468 2151 4521 debeat
2169 4469 2450 4539 legendmn
2471 4466 3104 4539 sit.WoPK.—-Inspectio
3123 4467 3280 4534 hujus
3298 4469 3400 4539 loci
3419 4485 3580 4524 accu-

1978 4538 2243 4594 ratiorme
2277 4541 2520 4609 perduxit
2543 4540 2607 4592 ad
2641 4538 2776 4592 hanc
2807 4539 3237 4594 emendationem
3265 4557 3278 4593 :
3304 4538 3365 4593 Si
3395 4551 3575 4609 potest,

1973 4611 2211 4678 refutabit
2239 4613 2473 4677 crimina,
2507 4627 2619 4676 qum
2639 4611 2689 4682 in
2707 4625 2990 4682 commune,
3013 4612 3111 4664 nisi
3130 4611 3309 4681 fallor,
3334 4627 3578 4682 compen-

1972 4683 2110 4732 dium
2135 4680 2884 4749 protuli.SignilicatCaecilius
2904 4680 2986 4734 illa
3012 4680 3230 4735 crimina
3259 4697 3377 4750 qum
3403 4680 3580 4738 adhuc

1974 4753 2022 4804 in
2071 4753 2407 4807 Christianos
2435 4753 2758 4808 contulerat.
2808 4754 2951 4818 llaec,
2999 4754 3202 4821 inquit,
3232 4753 3282 4804 in
3312 4768 3576 4808 commune

1972 4825 2323 4888 compendium
2339 4827 2545 4891 protuli,
2573 4825 2625 4877 h.
2653 4840 2698 4878 e.
2727 4821 2958 4878 breviter
2971 4823 3417 4889 eteompcndiuse
3439 4825 3578 4878 reci-

1973 4896 2098 4964 tavi,
2134 4907 2343 4963 putans,
2375 4897 2424 4949 id
2456 4897 2546 4949 tibi
2576 4895 2774 4964 pariter
2803 4905 2859 4948 et
2887 4893 3013 4946 mihi
3058 4896 3182 4964 fore
3203 4894 3569 4964 commodum.

1974 4963 2148 5019 llEUIl.
2167 4997 2237 5006 —
2264 4968 2413 5020 Hunc
2457 4963 2627 5020 locum
2647 4965 2891 5032 equidem
2915 4965 2994 5018 sic
3021 4963 3258 5030 intelligo
3293 4980 3304 5014 :
3335 4963 3390 5016 Si
3409 4964 3571 5018 Octa-

1970 5036 2110 5102 vius,
2143 5049 2303 5110 potest
2328 5041 2551 5110 refutare
2571 5038 2645 5110 id,
2677 5038 2815 5110 quod
2838 5045 2914 5096 tu,
2947 5035 3146 5099 Ca-cili,
3175 5033 3498 5110 criminaris,

1971 5121 2021 5162 e.
2054 5103 2264 5162 crimini
2297 5103 2394 5161 das
2436 5107 2773 5170 Christianis,
2800 5107 2850 5156 in
2876 5120 3163 5168 commune,
3199 5104 3366 5157 tribus
3411 5103 3569 5160 nobis

1969 5180 2325 5244 compendium
2356 5179 2540 5247 protuli
2569 5174 2812 5246 (profui.)
2840 5176 3022 5244 Neque
3045 5186 3219 5229 tamen
3253 5175 3412 5229 lectio
3434 5175 3570 5229 adeo

1973 5251 2256 5320 perplexa,
2294 5246 2398 5313 est,
2448 5260 2506 5301 ut
2566 5263 2758 5301 sensus
2827 5261 3042 5310 prorsus
3106 5247 3290 5320 nullus
3324 5246 3567 5320 exsculpi

1970 5316 2146 5388 queat.
2210 5319 2335 5373 Mihi
2393 5331 2540 5374 certe
2607 5320 2674 5371 ita
2739 5320 2929 5384 exponi
2995 5333 3151 5385 posse
3211 5316 3418 5388 videtur
3453 5336 3466 5372 :
3505 5316 3570 5372 Si

1969 5387 2245 5455 Octavius,
2287 5391 2376 5460 qui
2414 5391 2693 5459 justiorem
2727 5388 2990 5460 irascendi
3031 5389 3158 5442 mihi
3190 5387 3409 5442 haberet
3439 5403 3569 5443 cau-

1969 5478 2080 5517 sam
2112 5471 2270 5530 potest
2296 5458 2530 5528 reputare
2549 5475 2634 5522 ea,
2655 5458 2894 5527 qnam\is
2928 5460 3137 5514 diversa
3166 5461 3292 5521 sint,
3325 5475 3443 5524 qua!
3473 5460 3569 5514 tibi

1969 5534 2108 5586 dicta
2138 5543 2263 5586 sunt
2293 5548 2410 5600 cap.
2443 5532 2544 5595 l6;
2574 5532 2734 5586 etiam
2769 5539 2890 5600 post
2928 5530 3222 5598 longiorem
3258 5531 3566 5598 interpella-

1971 5608 2166 5658 tionem
2187 5620 2383 5666 memi,
2421 5620 2522 5673 qua
2556 5604 2951 5668 intercedente,
3004 5603 3091 5654 alii
3131 5603 3356 5654 fortasse
3385 5601 3567 5673 objec-

1972 5678 2163 5736 tiones,
2195 5676 2258 5727 ad
2291 5691 2421 5743 quas
2441 5671 2782 5742 respondere
2813 5674 3063 5735 debebat,
3095 5673 3453 5743 excidissent;
3489 5671 3564 5736 id,

1968 5748 2101 5818 quod
2141 5741 2448 5806 criminaris.
2498 5741 2628 5800 vitio
2659 5745 2787 5799 mihi
2823 5745 3010 5809 Vct‘llS,
3042 5741 3569 5818 affirmando‘perin-

1964 5814 2161 5888 jurium
2192 5834 2312 5873 esse
2336 5822 2473 5875 vires
2493 5820 2719 5871 actionis
2747 5826 2854 5870 ttae
2879 5818 3205 5883 intergressu
3235 5814 3572 5888 gratissima;

1970 5881 2346 5963 disputationis
2367 5891 2656 5961 infringere
2681 5889 2733 5940 in
2759 5881 3040 5944 commune
3065 5881 3428 5952 compendium
3459 5900 3580 5953 pro-
