4156 6282
535 371 642 427 279

539 482 868 545 criminaris,
917 483 1152 552 inquam,
1195 482 1248 536 iu
1293 493 1601 541 commune,
1631 477 1731 532 nisi
1776 475 1952 538 fallor,
1992 485 2138 526 eam—
2166 472 2218 531 Α

545 577 800 649 pendium
845 575 1070 642 protuli,
1140 584 1196 628 ut
1240 573 1487 628 examine
1537 570 1849 638 scrupuloso
1903 578 2138 620 nostram

542 659 863 726 sententiain
907 683 1011 721 non
1054 665 1374 736 eloquentiae
1408 673 1640 728 tumore,
1673 663 1766 717 sed
1796 675 1969 714 rerum
2002 659 2133 726 ipsa-

539 776 658 818 rum
700 758 968 814 soliditate
992 758 1282 813 liberemus
1315 775 1328 809 :
1362 771 1459 810 nec
1499 753 1796 819 aVocanda,
1830 750 1973 821 quod
2002 764 2135 816 que-

537 855 700 921 reris,
749 853 948 907 diutius
993 853 1035 886 ‘9
1064 852 1321 916 intentio,
1372 866 1492 904 cum
1548 858 1659 904 toto
1713 848 1931 901 silentio
1980 843 2136 898 liceat

535 947 944 1016 reSponsiouem
991 944 1227 1000 Januarii
1275 944 1461 1008 nostri,
1521 942 1631 1011 jam
1683 937 1980 1012 gestientis,
2037 951 2133 990 au-

539 1039 674 1097 dire.

1129 1174 1354 1230 CAPUT
1397 1172 1533 1228 XVI.

539 1310 932 1366 Ancuuesruu.
966 1339 1036 1349 --
1067 1308 1230 1365 Suam
1276 1311 1443 1378 itaque
1501 1306 1698 1360 orditur
1759 1303 2137 1372 responsionem

618 1404 854 1459 Octavius
883 1419 900 1458 .'
931 1421 1081 1473 seque
1126 1403 1375 1458 veracium
1415 1400 1676 1455 verborum
1699 1399 1909 1469 [lumine
1932 1396 2138 1449 amaris-

537 1555 543 1563 _
613 1499 792 1552 simam
825 1497 1162 1550 conviciorum
1187 1495 1348 1549 labem
1378 1494 1655 1547 dilaturum
1684 1490 1911 1558 conlidit.
1947 1487 2142 1542 Dehinc

619 1590 686 1644 att
725 1589 1037 1658 inﬁrmanda
1062 1587 1265 1658 singula
1297 1586 1488 1640 chilii
1512 1593 1812 1655 argumenta
1839 1581 2140 1654 digreditur.

1764 357 1974 414 MARCI
2015 348 2270 410 MINUCII
2311 350 2576 406 FELICIS

3732 343 3838 400 9.80

2319 465 2550 520 Primum
2589 466 2758 532 itaque
2783 464 2978 529 statuit,
3021 463 3209 517 nemini
3238 471 3373 534 wg're
3421 461 3682 533 ferendum
3710 468 3838 532 quod

2319 557 2593 615 Christiani
2631 557 2948 628 quantumvis
2999 555 3207 618 indocti,
3261 554 3324 608 de
3372 554 3651 608 ctelestibns
3696 556 3841 610 ribus

2319 657 2571 725 disputent
2601 671 2618 708 :
2652 671 2751 708 non
2782 653 2913 708 enint
2953 649 3261 721 disputantis
3300 650 3599 717 auctoritas,
3629 650 3718 704 sed
3738 650 3839 705 dis-

2317 749 2593 820 putationis
2617 749 2776 819 ipsius
2814 747 2995 802 veritas
3015 755 3088 800 est
3109 743 3408 816 spectanda.

2314 936 2381 990 Et
2403 935 2685 989 Octavius:
2711 934 2892 988 Dicam
2916 931 3185 1004 equidem,
3207 940 3260 984 ut
3279 939 3484 1000 potero,
3505 945 3602 1002 pro
3618 929 3837 996 viribus;

2238 1029 2653 1086 ctaduitendnm
2674 1029 2764 1082 tibi
2785 1042 2993 1083 mecum
3027 1035 3128 1090 est,
3165 1024 3604 1079 utconviciorum
3624 1023 3823 1078 amaris

2240 1123 2429 1178 simam
2447 1123 2616 1177 labem
2642 1122 2926 1176 verborum
2944 1119 3208 1174 veracium
3235 1119 3283 1172 in
3311 1117 3531 1172 ﬂumine
3553 1117 3836 1171 diluamus.

2242 1216 2351 1271 Nec
2395 1215 2744 1270 dissimulabo
2776 1213 3038 1284 principio
3060 1213 3127 1267 ita
3159 1211 3362 1266 Natalis
3389 1211 3490 1265 mei
3522 1225 3792 1265 errantem
3825 1253 3840 1276 ,

2243 1323 2428 1378 vagam
2460 1349 2475 1373 ,
2522 1305 2778 1361 lubricam
2825 1303 3429 1368 nutasse’sententiam,
3478 1310 3536 1356 ut
3576 1303 3646 1357 sit
3692 1303 3843 1356 nobis

2243 1397 2656 1468 ambigendum,
2727 1405 2906 1451 utrum
2961 1405 3048 1449 tua
3104 1395 3335 1448 eruditio
3383 1393 3592 1448 turbata
3648 1394 3737 1458 sit,
3774 1410 3840 1448 an

2246 1489 2572 1544 vacillaverit
2603 1505 2694 1558 per
2732 1503 2992 1543 errorem.
3026 1486 3158 1541 Nam
3185 1486 3398 1542 interim
3427 1485 3558 1539 deos
3579 1485 3799 1539 credere
3826 1528 3838 1549 ,

2251 1581 2467 1637 interim
2514 1595 2572 1636 se
2614 1581 2913 1636 deliberare
2956 1578 3201 1644 variavit,
3234 1587 3312 1643 ut,
3347 1577 3730 1648 propositionis
3760 1577 3843 1630 in-

1899 1719 2262 1778 VAliIORUM
2302 1719 2529 1776 NOTAﬂ.

539 1864 1788 1940 tuli;ro,inqnam,certedeclarat._orat-ioneiu,
1818 1863 2138 1940 quamiucipit
2172 1866 2217 1925 Β
2245 1863 2287 1940 '7_
2327 1862 2628 1940 :0_ratiouis
2680 1861 2892 1940 [lumine
2938 1858 3338 1940 reprehensignis
3385 1858 3507 1912 vitia
3559 1857 3843 1940 diluuntur.

540 1964 571 2002 a
603 1934 650 2000 si
677 1934 858 2014 potest,
906 1934 1025 2014 esse
1053 1939 1122 1993 M.
1170 1936 1383 2014 Minucii
1437 1935 1648 1990 Felicis.
1706 1934 1923 1987 Planior
1964 1945 2139 1988 tamen

541 2010 689 2076 esset
708 2014 900 2076 oratio,
930 2013 974 2066 si
998 2013 1205 2080 inquam
1239 2010 1466 2079 positum
1499 2014 1644 2060 esset
1671 2014 1790 2075 pOst
1814 2014 2066 2129 retlmtare,

1905 2092 2066 2129 usust

1905 2092 2136 2131 ANDNER.

612 2159 744 2212 Toto
760 2156 980 2209 silentio.
1038 2151 1294 2206 Rescriho
1322 2159 1446 2203 tuto.
1478 2148 1568 2203 Sic
1607 2161 1765 2216 supra
1795 2161 1912 2216 cap.
1943 2163 2054 2209 xui,
2085 2149 2139 2212 5,

542 2240 651 2286 tuta
681 2227 949 2281 dubitatio.
995 2223 1169 2277 llEUit.
1205 2222 1302 2276 Est
1351 2236 1478 2274 vero
1507 2229 1614 2273 tttta
1640 2218 1909 2281 dubitatio,
1953 2219 2022 2272 (ιιι
2052 2233 2144 2288 pc-

540 2302 773 2357 riculum
805 2296 1038 2352 ermndi.
1067 2293 1221 2348 Unde
1243 2308 1370 2346 vero
1402 2293 1473 2345 illi
1506 2290 1822 2359 perieulum,
1855 2290 1942 2357 qui
1973 2291 2142 2344 verbo

542 2373 755 2428 silentia
801 2367 1038 2437 rumpit?
1067 2364 1221 2418 Totus
1252 2365 1371 2437 hoc
1397 2363 1515 2437 loco
1537 2368 1625 2437 est
1649 2361 1848 2437 omnis._
1887 2361 1974 2437 Sic
2012 2361 2144 2413 intra

540 2459 661 2512 cap.
694 2456 842 2498 χχιιι.
871 2431 954 2512 ρῖ
993 2435 1174 2512 Plures
1202 2434 1327 2512 totis
1353 2432 1639 2512 hominibus
1677 2433 1797 2484 deos
1829 2431 2148 2512 haberemus;

541 2501 732 2575 xx'vm,
761 2512 794 2565 8
826 2531 836 2565 ;
868 2510 1031 2563 Totos
1067 2507 1236 2559 asinos
1259 2506 1309 2558 in
1340 2505 1571 2575 stabulis,
1617 2512 1921 2575 cum_vestra
1968 2501 2149 2569 lt‘pona

543 2571 865 2640 consecratis.
904 2579 1035 2632 Vell.
1081 2578 1287 2631 Patere.
1338 2592 1394 2640 ιι,
1444 2574 1565 2637 109,
1623 2572 1658 2625 2
1689 2592 1703 2627 :
1733 2571 2033 2642 Totamque,
2088 2589 2150 2626 ex

539 2657 674 2710 male
717 2651 1052 2707 dissimulato,
1095 2647 1272 2714 agebat
1302 2645 1559 2700 aemulum.
1605 2644 1862 2699 Lmnuun.

617 2725 738 2778 Jam
765 2721 1039 2794 gestientis.
1093 2719 1302 2794 Eloqui,
1334 2718 1557 2770 scilicet.
1589 2715 1816 2794 Dicam.
1848 2745 1918 2756 -—
1949 2714 2150 2782 (ΣοιἹιοο

541 2811 640 2852 reo
692 2786 837 2848 mntu
885 2786 1325 2851 demonstrantis,
1375 2803 1434 2842 se
1488 2786 1649 2841 verba
1690 2787 1990 2841 facturum:
2027 2801 2148 2840 nam

542 2868 728 2940 gestire
777 2879 996 2940 proprie
1041 2871 1123 2916 est
1166 2876 1395 2940 sensum“
1417 2858 1851 2940 corporisngestn.
1888 2858 2146 2923 indicare,

543 2927 701 3009 prout
737 2927 915 3009 uiuunt
947 2934 1202 3009 _l_l_onatus
1245 2931 1310 3009 ad
1353 2929 1588 3009 Terentii
1643 2927 1883 3009 Eunuclt.
1909 2937 2034 3009 _act.
2066 2944 2144 2993 ιιι,

543 2997 694 3063 scen.
755 3023 808 3072 v,
837 3007 888 3060 7.
947 3004 1082 3058 lliuc
1108 3003 1342 3056 oratorie
1390 3000 1698 3072 Ciceropro
1726 2997 1973 3072 Marcello
2025 3013 2143 3072 cap.

543 3081 579 3135 3
602 3097 615 3127 :
653 3065 878 3131 Parietes
901 3076 1094 3127 medius
1121 3075 1294 3142 ﬁdius,
1320 3085 1373 3125 ut
1411 3073 1535 3125 mihi
1560 3065 1771 3136 videtur,
1799 3065 1951 3141 Ititjus
1969 3065 2143 3137 curite,

544 3118 633 3204 iibi
661 3151 849 3216 gratius
873 3163 1036 3216 agere,
1059 3118 1297 3216 ge'stiunt'.
1334 3145 1512 3216 Davis.
1626 3213 1648 3216 _
1759 3118 1771 3136 ’
1844 3118 1881 3216 μ’
2129 3118 2143 3137 ’
2173 3118 2218 3179 C

619 3209 748 3275 Car.
779 3209 1255 3284 ΧνΙῘ-Πίιιοιενο
1285 3232 1376 3281 pro
1397 3213 1608 3284 viribus.
1625 3213 1763 3266 Duas
1779 3212 1984 3278 priores
1999 3227 2157 3266 voces

547 3291 884 3362 glossematis
916 3283 1191 3356 suspectas
1218 3285 1376 3362 habet
1401 3285 1524 3362 Jos._
1547 3283 2040 3362 Wetverusetduas
2063 3299 2158 3352 po-

551 3355 810 3416 sterioi'es
838 3355 1199 3420 lleumaunus,
1232 3357 1291 3410 L.
1314 3356 1588 3408 luunt-rito
1607 3355 1843 3424 quidem,
1865 3364 1919 3406 ut
1941 3355 2154 3422 opinor,

553 3447 673 3487 cum
691 3433 983 3498 scriptores
1009 3429 1170 3482 Africi
1195 3428 1411 3496 phrases
1436 3427 1676 3498 ejusdem
1695 3427 2024 3498 signiﬁcatus
2052 3440 2156 3478 non

550 3519 676 3558 raro
713 3496 985 3565 geminent
1023 3500 1472 3568 conjungautque.
1505 3496 1772 3553 Arnobius
1805 3497 1894 3550 lib.
1941 3511 2000 3558 tt,
2036 3512 2155 3568 pag.

552 3575 624 3628 42
658 3593 670 3628 :
710 3572 931 3633 Passim,
995 3572 1103 3622 sine
1128 3567 1286 3623 ullius
1340 3583 1568 3636 persona:
1614 3567 2009 3632 discriminibus,
2069 3567 2157 3620 ubi

554 3643 840 3712 postremis
895 3642 1074 3712 verbis
1119 3642 1348 3712 primum
1405 3639 1722 3712 explicatur,
1741 3653 1828 3712 __ut
1856 3639 2162 3712 observavit

552 3707 680 3769 Des.
714 3713 992 3768 Heraldus.
1050 3711 1137 3766 Sic
1159 3720 1212 3764 et
1238 3710 1328 3764 lib.
1377 3707 1625 3778 vu,’pag.
1661 3709 1770 3762 225
1803 3727 1814 3762 :
1851 3707 2074 3778 Esseque
2108 3709 2160 3760 in

554 3786 731 3839 usibus
786 3785 982 3844 vestris,
1024 3782 1396 3835 alimoniarum
1433 3784 1481 3833 in
1513 3791 1662 3848 parte
1679 3781 1962 3850 jusserunt.
2019 3780 2160 3834 Sane

560 3871 682 3926 qua:
732 3857 975 3909 Romano
1009 3853 1323 3926 charactere
1374 3849 1829 3926 signantur,_pari_
1859 3849 1979 3918 jure
2036 3865 2160 3926 pos-

555 3921 676 3981 sent
701 3927 841 3995 ejici.
871 3926 1047 3978 DAVIS.
1081 3923 1168 3978 Sic
1193 3924 1379 3977 Florus
1409 3923 1546 3995 u,_‘2,
1647 3941 1659 3975 ε
1693 3921 1978 3995 Statimque
2001 3937 2061 3972 ac
2086 3921 2159 3974 si-

561 3993 824 4051 nemora:
857 3996 997 4050 conf.
1031 4007 1084 4053 tt.
1115 3997 1168 4058 5,
1207 3996 1254 4047 1.
1287 3995 1347 4048 lt.
1387 4011 1443 4057 ιι,
1473 3993 1527 4052 8,
1567 3993 1664 4046 13:
1699 3993 1886 4048 Statim
1917 4002 1963 4045 et
1993 4008 2019 4045 e
2047 4009 2160 4044 ves-

564 4070 708 4138 tigio.
737 4068 928 4121 Cicero
969 4067 1058 4120 lib.
1093 4083 1180 4138 vttt
1203 4066 1300 4133 Ep.
1330 4066 1385 4127 4,
1417 4066 1498 4138 Ab:
1531 4063 1682 4138 Quod
1711 4081 1943 4118 enmnon
1964 4064 2158 4118 medio-

561 4135 712 4193 cniter
741 4138 1007 4194 (ἰφθίμη...
1027 4137 1173 4190 valde
1194 4136 1511 4203 contempsit.
1548 4135 1803 4190 Lmuxen.

633 4210 978 4263 Adnitendum
1001 4209 1090 4262 tibi
1117 4225 1313 4261 mecum
1341 4217 1432 4259 est.
1470 4208 1728 4273 Ambigua
1758 4206 1951 4267 oratio,
1988 4205 2159 4259 Mittit-

562 4282 648 4336 cio
683 4283 751 4334 sit
793 4279 1160 4343 adnitendum,
1189 4295 1255 4332 an
1283 4278 1516 4332 Cmcilio.
1571 4277 1676 4330 Sed
1715 4279 1864 4331 vultu
1904 4286 2166 4346 gestuque

561 4352 788 4406 dicentis
840 4351 949 4403 tolli
979 4352 1148 4417 potuit
1178 4350 1352 4401 omnis
1399 4349 1750 4411 ambiguitas;
1780 4353 1822 4402 si
1873 4362 2165 4400 conversus

562 4424 629 4476 ad
656 4421 927 4476 Czecilium
963 4422 1076 4472 haec
1105 4419 1299 4472 dixerit
1327 4417 1595 4473 Octavius.
1645 4418 1797 4485 Quod
1821 4434 1949 4473 sane
1970 4419 2164 4472 [aetum

2248 1933 2624 1988 Conviciorum
2651 1930 2982 1987 antarissima
3011 1932 3180 1997 labes,
3231 1930 3330 1984 hoc
3365 1938 3468 1996 est,
3509 1931 3850 1983 conviciorum

2248 2005 2684 2058 amarissimoruut
2716 2004 2870 2057 labes.
2934 2003 3159 2056 LIDNER.

2322 2074 2405 2128 lla
2460 2074 2666 2128 Natalis
2709 2076 2928 2130 mei.....
2974 2075 3296 2128 sententiam.
3353 2071 3577 2135 Ohliqua
3608 2072 3856 2124 oratione

2247 2146 2449 2200 affatur
2476 2147 2752 2200 Cmcilium
2801 2144 3064 2199 Natalem.
3118 2143 3342 2200 ΒιαΑιτ.
3381 2173 3452 2182 —
3481 2142 3696 2196 Dubitat
3751 2143 3853 2195 Va-

2247 2217 2429 2278 lerius,
2463 2233 2530 2270 an
2564 2217 2650 2271 hic
2679 2215 2929 2270 Caecilius
2957 2215 3156 2269 Natalis
3190 2216 3278 2285 qui
3309 2213 3666 2282 disputatione
3697 2212 3858 2266 Octa-

2249 2289 2317 2342 vii
2376 2289 2440 2340 ad
2499 2287 2700 2342 Christi
2743 2288 2899 2342 ﬁdem
2950 2301 3246 2342 conversus
3288 2294 3388 2342 est.
3437 2285 3571 2338 idem
3613 2285 3680 2338 sit
3729 2299 3852 2336 eum

2254 2359 2448 2423 Natali,
2481 2359 2548 2413 de
2579 2375 2685 2428 quo
2713 2357 2878 2424 Cajus
2903 2357 3178 2412 Romanus
3222 2355 3363 2420 apud
3395 2354 3681 2428 Eusebium
3716 2353 3856 2428 Hist.

2254 2429 2399 2484 Eccl.
2439 2430 2528 2483 lib.
2564 2425 2617 2488 v'.
2652 2445 2772 2497 cap.
2805 2429 2898 2484 ‘28.
2932 2428 3139 2482 Nomen
3171 2436 3317 2482 et-rte
3361 2427 3630 2492 convenit,
3664 2425 3858 2494 inquit,

2253 2513 2307 2556 et
2339 2512 2550 2568 tempus
2582 2511 2743 2570 atque
2777 2499 3064 2568 professio.

2324 2564 2566 2624 Nntnsse.
2607 2564 2994 2626 l’ereommodo
3021 2569 3186 2624 verbo
3217 2583 3344 2623 usus
3365 2578 3447 2622 est
3463 2566 3654 2622 Cicero
3685 2566 3754 2621 Ν.
3791 2564 3855 2618 ι).

2254 2660 2292 2767 ἶ,
2321 2644 2434 2767 ἡξιὺε
2479 2641 2678 2696 Nutare
2693 2643 2899 2767 gidetur
2923 2642 2976 2695 in
3005 2651 3192 2696 natura
3221 2641 3452 2694 deorum.
3483 2639 3645 2694 Marc.
3675 2637 3859 2709 Capel-

2274 2730 2302 2767 a
2364 2730 2377 2766 t
2421 2755 2434 2767 .
2464 2730 2498 2767 t.
2531 2730 2649 2767 una.
2772 2729 2788 2767 :

2255 2715 2302 2768 la
2344 2713 2434 2768 lib.
2464 2730 2498 2775 ι,
2531 2730 2649 2784 pag.
2693 2714 2727 2768 9
2772 2729 2788 2767 :

2351 2827 2511 2876 Anxia
2536 2839 2646 2875 cum
2674 2826 2880 2888 trepidis
2904 2830 3042 2875 nutat
3065 2825 3318 2874 sententia
3357 2824 3532 2874 rebus.

2253 2932 2342 2988 Sic
2391 2943 2446 2988 et
2480 2943 2738 2987 nutantem
2783 2934 2904 2994 ﬁdei
2959 2946 3186 3003 gressum
3233 2929 3372 3003 dixit
3409 2929 3678 3003 Ju_vencus
3723 2926 3860 2982 Hist.

2255 3003 2454 3073 Evang.
2511 3005 2602 3059 lib.
2649 3005 2726 3064 in.
2763 3021 2814 3075 p.
2858 2999 3107 3075 80;'vide
3135 3012 3271 3070 etp.
3462 2999 3652 3075 Frauc.
3686 3007 3865 3052 tamen

2252 3071 2467 3131 Juretus
2512 3077 2576 3128 ad
2609 3075 2701 3128 lib.
2734 3071 2776 3128 tt
2797 3074 3067 3131 Ambrosii
3124 3084 3302 3128 contra
3334 3071 3704 3140 Symmachum
3745 3086 3886 3135 pag.—

2261 3149 2389 3212 550,
2441 3163 2504 3201 ex
2536 3146 2663 3201 edit.
2699 3146 2940 3200 Romana
2985 3146 3193 3215 reponit
3248 3152 3466 3215 mutasse
3512 3141 3566 3194 lt.
3602 3157 3651 3196 e.
3701 3151 3862 3215 mutn-

2259 3228 2364 3270 tam
2393 3235 2498 3272 esse
2550 3219 2868 3278 sententiam,
2924 3231 3024 3271 nec
3053 3213 3250 3284 negari
3290 3213 3518 3284 quidem
3549 3222 3741 3284 potest.
3797 3213 3867 3266 ita

2262 3290 2468 3342 locutos
2498 3305 2617 3342 esse
2647 3301 2876 3346 veteres.
2910 3296 2966 3342 ttt
2993 3282 3224 3342 ostendit
3265 3288 3448 3338 etiam.
3494 3283 3610 3338 Jac.
3656 3282 3866 3336 Palmu-

2263 3361 2394 3422 rius,
2418 3361 2600 3428 Spicit.
2626 3361 2676 3414 in
2698 3360 3158 3429 Sallustium,pag.
3189 3357 3313 3412 500.
3348 3355 3476 3429 sed,
3500 3371 3620 3409 eum
3653 3364 3870 3429 recepta

2263 3431 2423 3486 lectio
2464 3426 2634 3484 inulto
2661 3433 2728 3484 sit
2780 3431 3092 3498 elegantior,
3114 3426 3357 3483 'alteram
3392 3428 3534 3481 illam
3564 3426 3758 3498 mendo
3785 3436 3870 3494 ty-

2264 3502 2588 3572 pographico
2613 3495 2895 3568 irrepsisse
2919 3502 3235 3566 putaverim,
3266 3499 3549 3572 pra'cipue.
3574 3495 3872 3572 qutitl‘htlllc

2267 3567 2578 3626 varietatem
2605 3567 2823 3624 minime
2847 3581 3030 3626 notent
3059 3572 3115 3638 ii,
3145 3573 3233 3642 qui
3260 3571 3471 3624 unicum
3506 3584 3608 3622 ms.
3635 3567 3873 3636 diligeu-

2265 3655 2348 3699 ter
2379 3653 2690 3696 tractarunt.
2739 3645 2922 3697 llAVIs.

2340 3713 2522 3768 Utrum
2553 3724 2639 3766 tua
2676 3714 2914 3767 eruditio.
2967 3712 3040 3766 Ita
3093 3728 3155 3766 ex
3210 3725 3311 3766 ms.
3361 3710 3530 3779 Regio
3585 3707 3874 3763 ediderunt

2266 3785 2483 3840 llerald.
2516 3797 2565 3839 ct
2599 3785 2790 3854 Rigalt.
2849 3785 3048 3854 Estque
3081 3783 3334 3854 Euallage
3365 3795 3734 3854 personarum,
3765 3795 3875 3848 qua

2264 3857 2436 3910 oratio
2466 3872 2528 3910 ex
2561 3852 2774 3924 obliqua
2816 3852 3051 3909 mutatur
3093 3856 3146 3909 in
3191 3853 3499 3924 directam,
3525 3863 3583 3924 ut
3631 3852 3803 3904 Actor.
3823 3869 3877 3924 VI,

2265 3929 2318 3992 4,
2347 3927 2486 3996 quod
2529 3938 2639 3980 tum
2670 3922 2780 3981 fieri
2813 3927 2865 3979 in
2901 3928 3088 3993 primis
3107 3925 3406 3996 consuevit2
3453 3922 3538 3996 ubi
3574 3923 3672 3974 ista
3719 3923 3879 3996 tertia

2265 3991 2518 4067 persona,
2551 3997 2722 4055 adest.
2754 3998 2805 4051 in
2839 3991 3084 4050 Minucio.
3113 3995 3349 4051 Gnoson.
3388 3993 3468 4067 Ita,
3493 3992 3676 4048 Ctesar
3705 3993 3769 4067 de
3799 3991 3874 4047 Β.

2265 4063 2330 4125 G.
2358 4085 2415 4133 ιι,
2450 4069 2538 4122 52.
2588 4067 2810 4122 Dimisso
2859 4069 3073 4121 concilio
3119 4068 3281 4126 curio,
3327 4065 3618 4118 concionem
3664 4063 3881 4116 advocat

2267 4142 2518 4206 militum,
2565 4148 2944 4201 commemorat,
2991 4155 3090 4209 quo
3113 4139 3179 4191 sit
3217 4153 3389 4209 eorum
3420 4137 3590 4209 studio
3631 4151 3774 4209 usus,
3805 4136 3882 4188 ad

2268 4205 2570 4276 Corﬁnium,
2616 4210 2807 4266 Caesar.
2870 4210 2937 4264 Et
2965 4205 3081 4276 post
3124 4208 3414 4262 nonnulla:
3460 4205 3556 4259 Vos
3600 4207 3732 4260 enim
3763 4221 3879 4258 vcs-

2269 4292 2498 4347 trnmque
2533 4285 2742 4346 factum,
2776 4282 2964 4351 inquit,
2995 4282 3164 4351 omnia
3191 4280 3428 4351 deinceps
3455 4277 3732 4351 municipia
3757 4288 3884 4329 sunt

2268 4363 2461 4406 secuta.
2496 4353 2616 4408 Vid.
2654 4347 2912 4422 Ilergerus
2951 4352 3014 4404 de
3051 4349 3293 4404 Naturali
3322 4349 3532 4422 Pulcltr.
3559 4347 3716 4422 Orat.
3753 4361 3881 4416 pag.

2269 4423 2396 4478 208.
2445 4422 2705 4478 Cellarius
2738 4419 2932 4487 aliique
2968 4423 3148 4490 legunt
3174 4438 3288 4482 sua,
3322 4419 3415 4490 sed
3447 4428 3502 4473 et
3528 4420 3606 4473 sic
3635 4427 3718 4471 est
3740 4434 3880 4470 con-

564 4493 798 4566 videtur.
855 4491 1074 4566 limam.
1100 4518 1170 4528 -—
1200 4489 1276 4542 Ex
1313 4499 1501 4566 parte
1529 4492 1816 4566 contraria,
1857 4489 1986 4566 nihil
2039 4488 2166 4541 mihi
2194 4507 2247 4566 ι)
2276 4505 2354 4566 ira
2383 4500 2778 4566 reciprocantur
2803 4495 2995 4558 logein,
3021 4487 3160 4546 cum
3202 4487 3434 4546 debebat
3460 4505 3581 4546 esse
3611 4492 3742 4562 ejus,
3771 4491 3883 4543 sci-

564 4563 767 4616 certius
817 4560 1048 4623 videtur,
1102 4575 1261 4631 quam
1312 4559 1596 4614 Minucium
1651 4561 1907 4631 intelligi;
1943 4569 2168 4631 praeter-

570 4647 732 4701 quam
763 4632 927 4694 enim,
982 4630 1124 4700 quod
1169 4633 1213 4684 is
1253 4631 1469 4684 ultimus
1499 4631 1658 4686 verba
1687 4629 1841 4689 fecit.
1862 4647 1923 4685 ac
1944 4629 2176 4700 proinde

568 4717 750 4756 sermo
779 4718 900 4755 cum
946 4704 1196 4772 respiciat
1225 4717 1444 4758 necesse
1470 4712 1572 4765 est,
1617 4704 1702 4756 cui
1735 4703 1833 4756 nisi
1871 4703 2176 4755 Christiano

569 4776 843 4833 convenit,
868 4775 1226 4834 conviciorum,
1252 4788 1372 4844 quzu
1403 4773 1713 4842 profuderat
1733 4774 2003 4837 Cascilius,
2032 4789 2177 4844 arua;

569 4845 824 4898 rissimum
850 4845 1033 4907 labem,
1084 4841 1347 4898 verborum
1386 4841 1641 4898 veracium
1681 4845 1893 4913 ﬂumine
1943 4841 2179 4896 diluere?

571 4914 794 4980 Omnes,
841 4917 940 4969 nisi
982 4916 1155 4981 fallor,
1198 4931 1408 4971 meeum
1449 4917 1704 4982 sentient,
1748 4925 1803 4969 et
1843 4918 2046 4986 lapsum
2085 4913 2178 4967 Ri-

573 4987 796 5056 galtium
823 4986 1148 5040 fatebuntur.
1199 4987 1384 5041 DAVIS.

661 5056 937 5110 Verborum
963 5059 1216 5110 veracium
1240 5059 1292 5110 in
1330 5058 1530 5110 lumine
1559 5059 1816 5126 scriptum
1839 5057 1889 5110 in
1919 5071 2018 5109 tus.
2041 5056 2175 5126 Reg.

574 5137 630 5183 et
674 5128 907 5184 editione
950 5128 1104 5182 Rom.
1152 5127 1407 5184 Gelenius
1457 5128 1699 5182 ediderat
1731 5129 1938 5182 tantine.
1991 5127 2178 5196 Suspi-

576 5209 768 5252 cantur
797 5199 885 5252 alii
913 5200 1141 5268 ﬂumine.
1171 5199 1488 5254 HERALD.--
1507 5198 1744 5252 thnine
1759 5197 2176 5264 Fulv.Ursinus,

578 5271 743 5340 idque
771 5279 934 5324 recte.
966 5268 1099 5323 Nam
1136 5271 1188 5324 l'
1221 5270 1356 5323 labes
1387 5285 1491 5322 non
1533 5271 1585 5322 in
1616 5270 1820 5334 lumine,
1851 5271 1940 5324 sed
1971 5271 2182 5340 ﬂumine

577 5339 693 5393 sive
719 5354 878 5410 aqua,
898 5341 1010 5394 sive
1032 5356 1138 5410 quo
1163 5341 1266 5394 alio
1287 5340 1448 5394 llttidu
1476 5341 1710 5394 diluitur.
1731 5343 1934 5397 Seneca
1962 5339 2177 5410 llippol.

577 5411 719 5466 890:
751 5409 936 5464 Labem
970 5409 1100 5464 lianc
1143 5412 1353 5482 pudoris
1387 5413 1514 5466 eluet
1553 5423 1722 5466 noster
1749 5430 1918 5467 cruor.
1943 5411 2001 5465 2°
2037 5409 2181 5465 'Fluo

582 5497 698 5554 men
745 5483 990 5554 orationis
1016 5494 1066 5536 et
1103 5486 1366 5537 verborum
1388 5497 1569 5537 nolunt
1615 5494 1699 5537 est
1725 5485 1863 5551 apud
1891 5484 2182 5554 scriptores

580 5553 836 5625 optimos.
889 5553 1087 5625 Contra
1116 5555 1310 5607 lmnina
1346 5555 1592 5608 orationis
1629 5554 1898 5609 diversum
1943 5553 2069 5625 quid
2109 5557 2181 5609 si-

583 5623 879 5694 gniﬁcant.
917 5625 974 5678 5"
1032 5624 1226 5679 Natura
1281 5626 1424 5679 verbi
1475 5627 1732 5678 diluamus
1783 5626 1884 5679 hoc
1929 5623 2178 5693 postulat.

583 5693 714 5748 Nam
743 5693 886 5762 qttod
915 5696 1109 5749 colores
1139 5706 1193 5750 et
1218 5696 1396 5750 odores
1423 5697 1736 5760 diluuntur;
1781 5695 1882 5750 hoc
1921 5697 2077 5764 longe
2125 5699 2183 5753 tit

585 5767 688 5819 alia
720 5766 960 5819 notione.
1006 5766 1063 5820 4⁸
1105 5765 1218 5821 Non
1247 5766 1571 5823 cstdubium
1613 5771 1743 5833 quin
1783 5768 1834 5820 in
1884 5779 2062 5823 mente
2089 5769 2184 5824 ha-

586 5837 765 5891 buerit
791 5834 1069 5893 Ciceronis
1099 5839 1273 5896 locum
1330 5839 1423 5892 lib.
1460 5853 1493 5892 ιι
1521 5837 1584 5892 de
1612 5836 1804 5892 Natur.
1838 5837 1995 5893 Deor.
2055 5854 2174 5909 cap.

2278 4565 2633 4620 licotCa'cilii.
2669 4565 2928 4618 LlNDNER.

2355 4635 2592 4689 Eruditio
2620 4643 2819 4688 tiu-(tata
2841 4634 3182 4703 sit.Vellege,
3204 4634 3379 4702 fucata
3400 4632 3640 4704 sitLCap.
3664 4648 3777 4704 XVI.
3805 4632 3843 4688 9
3867 4652 3879 4686 :

2280 4723 2382 4760 non
2429 4709 2638 4759 fucatur
2674 4723 2861 4774 pontpa
2893 4706 3210 4776 facundiaeret
3241 4705 3439 4772 gratim.
3467 4703 3712 4776 Eruditio
3730 4705 3879 4776 cuitu

2281 4781 2455 4850 fucata
2485 4778 2744 4850 versutia,
2786 4774 3100 4850 subtilitate.
3128 4775 3272 4843 dolo,
3307 4775 3596 4844 Opponitur
3622 4774 3885 4850 vacillanti

2283 4846 2378 4916 per
2407 4864 2670 4903 errorem.
2707 4847 2854 4902 llanc
2883 4848 3246 4916 innocentem,
3273 4862 3378 4899 non
3412 4846 3790 4900 veteratoriam
3817 4846 3883 4899 il-

2283 4915 2413 4982 lam,
2446 4920 2496 4972 in
2525 4919 2708 4974 Natale
2737 4935 2858 4983 suo,
2899 4919 3138 4987 agnoscit
3165 4915 3446 4971 Octavius.
3482 4916 3705 4972 Fraudis
3733 4917 3882 4971 enim

2280 4999 2380 5054 est,
2413 4992 2628 5054 variare,
2669 5000 2723 5044 ut
2760 4990 3122 5061 propositionis
3148 4989 3360 5061 incerto,
3395 4988 3638 5054 incertior
3668 5004 3885 5061 respom

2283 5063 2440 5115 sionis
2462 5063 2672 5116 intentio
2696 5059 2958 5128 laudetur.
2990 5059 3096 5114 Sed
3131 5059 3342 5114 vacillat
3371 5073 3466 5128 per
3491 5074 3756 5120 errorem,
3789 5060 3880 5127 qui

2284 5133 2335 5186 in
2367 5134 2526 5186 triviis
2556 5133 2709 5186 lueret
2729 5133 2934 5197 anxius,
2966 5148 3055 5185 nec
3080 5131 3307 5200 singulas
3361 5128 3512 5183 audet
3538 5130 3741 5200 eligere.
3791 5145 3884 5182 nec

2283 5205 2544 5257 universas
2589 5205 2822 5274 probare.
2879 5201 2975 5256 Vel
3004 5201 3147 5270 quod
3190 5205 3384 5274 magis
3411 5201 3587 5274 placet
3617 5245 3631 5267 ,
3687 5201 3884 5274 supple

2283 5275 2450 5328 studio
2479 5286 2532 5327 et
2555 5271 2791 5336 consitio,
2811 5283 2868 5328 ut
2892 5278 3033 5341 justa
3061 5275 3132 5326 sit
3157 5272 3424 5338 oppositio
3449 5271 3589 5326 inter
3611 5271 3882 5326 eruditio-

2286 5360 2407 5400 netn
2436 5346 2687 5399 turbatam
2709 5346 2875 5399 studio
2895 5388 2910 5412 ,
2950 5353 3033 5412 et,
3071 5343 3391 5398 vacillantem
3415 5358 3771 5468 perLerrorem.

3539 5429 3749 5468 nausea.

3539 5429 3749 5469 INDNEB.

2356 5489 2436 5543 An
2467 5487 2776 5560 vacillaverit
2789 5503 3126 5560 pererrorem.
3154 5484 3440 5560 Etltuienm
3464 5486 3690 5560 scilicet.
3708 5485 3884 5560 Quam

2286 5574 2424 5630 pene
2473 5554 2811 5628 transpositis
2842 5559 3031 5630 litteris
3071 5558 3285 5626 seripsit
3305 5598 3321 5620 ,
3349 5574 3417 5610 an
3447 5557 3786 5630 cavillatu-vit.
3814 5554 3888 5611 Ut

2287 5627 2526 5684 cavillare
2546 5627 2638 5683 seu
2661 5630 2892 5683 cavillari
2917 5629 3168 5684 dicuntur
3193 5637 3397 5689 sontes.
3421 5643 3541 5680 cum
3567 5629 3649 5681 sui
3667 5627 3886 5695 cupiant

2287 5717 2392 5756 nOu
2449 5703 2665 5766 faciunt,
2718 5717 2840 5755 cunt
2881 5699 3205 5754 frustrantur
3243 5711 3296 5752 et
3340 5699 3756 5767 sublerlugiunt.
3826 5697 3887 5753 In

2291 5773 2460 5843 veteri
2485 5773 2746 5843 glossario
2785 5771 3060 5826 Vacillator
3085 5771 3616 5843 dicitureumeavmc.
3648 5769 3880 5843 litum.

2370 5839 2614 5896 Variavit.
2645 5843 2762 5898 Lib.
2788 5859 2953 5910 xxvu,
2979 5858 3096 5913 cap.
3123 5841 3192 5894 27
3225 5859 3236 5894 :
3274 5841 3354 5907 Si,
3382 5839 3497 5911 ana'
3534 5842 3597 5894 de
3648 5839 3865 5894 Marce.
