4230 6242
695 266 802 321 295

2028 267 2118 320 ΜΛ
2131 264 2236 320 RCI
2278 263 2531 323 MINUCII
2575 261 2838 320 FELICIS

3898 265 4002 321 296

698 378 938 448 ιυωιτηί
961 378 1033 435 ρι’
1061 379 1487 450 intelligentiam,
1526 378 1690 434 Deum
1742 377 2021 449 loquitur?
2075 381 2292 436 Straton
2323 384 2374 442 Α
2405 380 2514 434 fere
2548 377 2902 449 Chrysippus,
2931 374 3034 428 vim
3064 372 3299 428 divinam
3323 413 3336 436 ,
3369 372 3687 428 rationalem
3716 385 4001 448 naturam,

696 490 909 545 quoque
960 481 1015 527 et
1071 472 1186 541 ipse
1237 480 1480 526 naturam
1513 489 1524 524 :
1555 471 1716 526 etiam
1762 471 2028 541 Epicurus
2076 473 2164 527 ille
2205 474 2294 542 qui

695 565 827 620 deos
856 573 948 619 aut
972 563 1176 618 otiosos
1205 562 1353 633 lingit
1375 571 1466 617 aut
1498 562 1691 629 nullos,
1715 572 1957 616 naturam
1983 573 2159 618 tamen
2203 579 2296 618 su-

695 658 962 731 perponit.
1045 657 1362 712 Aristoteles
1435 657 1644 723 variat,
1719 665 1773 711 et
1826 657 2071 728 adsignat
2117 666 2294 712 tamen

693 767 850 805 tinam
887 758 1223 820 potestatem.
1246 749 1377 804 Nam
1403 749 1615 805 interim
1637 759 1892 817 mentem,
1918 748 2174 804 mundum
2212 750 2295 804 in-

695 847 853 902 terim
902 845 1066 900 Deum
1120 843 1282 908 dicit,
1337 843 1552 898 interim
1606 843 1806 897 mundo
1837 843 2002 896 Deum
2046 842 2290 913 praelicit.

692 939 1012 996 Aristoteles
1044 937 1301 992 Ponticus
1331 936 1520 1000 variat,
1557 937 1689 990 alias
1723 939 1939 998 mttmlo,
1971 935 2104 989 alias
2129 936 2293 990 menti

691 1032 888 1088 divina!
932 1032 1173 1086 tribuens
1243 1030 1619 1100 principatum.
1680 1027 1989 1083 llet'arlides
2039 1027 2294 1082 Ponticus

697 1139 911 1198 quoque
963 1124 1070 1178 Deo
1121 1122 1357 1178 divinam
1407 1130 1661 1185 mentem,
1693 1121 1938 1191 quamvis
1968 1121 2144 1182 varie,
2199 1118 2294 1172 ad-

692 1217 898 1275 scribit.
930 1215 1338 1285 TlteOphrastus
1358 1258 1373 1282 ,
1405 1224 1459 1270 et
1487 1213 1694 1280 Zenon,
1747 1223 1799 1267 et
1827 1211 2160 1284 Chrysippus
2180 1253 2194 1279 ,
2239 1221 2293 1267 et

691 1310 998 1375 Cleanthes,
1031 1319 1232 1364 suntet
1265 1309 1362 1379 ipsi
1395 1308 1786 1372 multiformes;
1821 1306 1913 1361 sed
1944 1306 2007 1359 ad
2034 1306 2290 1360 unitatem

691 1405 1045 1479 providentiae
1104 1418 1292 1458 onmes
1353 1402 1722 1457 revolvuntur.
1779 1399 2066 1455 Cleanthes
2146 1399 2289 1453 enim

690 1510 948 1564 mentem,
989 1497 1152 1551 modo
1181 1496 1454 1560 animum,
1503 1494 1664 1548 modo
1700 1493 1935 1557 aethera,
1976 1493 2290 1561 plerumque

688 1593 952 1647 rationem
988 1591 1152 1646 Deum
1193 1588 1467 1644 disseruit.
1501 1587 1705 1654 Zenon,
1744 1585 1985 1656 ejusdem
2011 1586 2286 1655 magister,

691 1687 990 1741 naturalem
1023 1684 1194 1755 legem
1223 1693 1381 1754 atque
1401 1682 1658 1740 divinam.
1688 1691 1739 1736 et
1785 1681 1985 1736 aethera
2036 1681 2247 1736 interim
2269 1722 2283 1745 ,

2401 485 2456 529 et
2488 472 2744 527 mundum
2791 468 3042 534 interim,
3093 477 3148 522 et
3175 466 3394 520 fatalem
3428 457 3804 525 necessitatem
3839 473 4004 530 Deum

2401 568 2608 634 credit,
2640 567 3020 633 Zenonemque
3071 562 3519 632 interpretatione
3572 563 3921 638 physiologia:
3949 570 4004 626 in

2401 665 2651 728 Hesiodi,
2718 663 2933 717 llomeri
2987 659 3296 730 Orpheique
3343 659 3674 714 Carminibus
3739 661 3998 718 imitatur.

2399 756 2539 829 (xui)
2561 755 2849 827 Babylonio
2867 755 3028 810 etiam
3055 753 3275 823 Diogeni
3295 751 3576 822 disciplina
3599 760 3680 807 est
3697 757 4003 824 exponendi

2399 861 2452 904 et
2474 847 2773 903 disserendi
2799 845 2946 901 .lovis
2977 853 3188 914 partum
3216 852 3271 898 et
3290 853 3468 897 ortum
3498 841 3784 909 Minerva},
3817 860 3871 901 et
3900 848 4006 903 hoc

2397 957 2565 1011 genus
2599 951 2917 996 cacterarum
2943 955 3121 994 rerum
3160 937 3416 992 voeabula
3441 953 3582 1004 esse,
3619 953 3724 994 non
3751 939 4000 997 deorum.

2397 1031 2536 1104 (xw)
2557 1031 2683 1086 Nam
2707 1031 3014 1086 Socraticus
3031 1027 3331 1098 Xenotibon
3354 1027 3579 1083 formam
3606 1028 3695 1085 Dei
3719 1031 3829 1086 veri
3845 1040 4005 1103 negat

2397 1124 2563 1178 videri
2596 1123 2640 1152 ³⁷
2683 1137 2859 1193 posse,
2904 1130 2959 1177 et
2981 1121 3101 1176 ideo
3137 1120 3304 1191 quarri
3347 1136 3454 1175 non
3503 1131 3775 1191 oportere.
3820 1125 4002 1180 Aristo

2395 1217 2607 1272 Stoicus
2625 1215 2803 1288 [impr.
2827 1212 3425 1286 Chius],comprehendi
3445 1215 3666 1268 omnino
3688 1230 3794 1269 non
3817 1231 4000 1286 posse.

2397 1309 2634 1378 Uterque
2665 1307 3004 1376 maiestatem
3038 1307 3132 1361 Dei
3159 1347 3175 1372 ,
3207 1305 3540 1376 intelligendi
3570 1307 3995 1377 desperatione,

2394 1412 2703 1458 senserunt.
2733 1401 2943 1456 Platoni
2993 1402 3232 1471 apertior
3274 1399 3343 1455 de
3376 1401 3486 1455 Deo
3515 1409 3570 1456 et
3595 1402 3757 1457 rebus
3784 1403 3914 1471 ipsis
3943 1413 3999 1461 et

2396 1497 2707 1553 nominibus
2749 1497 2923 1550 oratio
2959 1505 3076 1560 est;
3125 1506 3181 1550 et
3221 1511 3342 1564 qua:
3373 1504 3481 1548 tota
3524 1506 3672 1551 esset
3723 1498 3992 1566 caelestis,

2394 1595 2494 1646 nisi
2553 1590 2915 1662 persuasionis
2973 1589 3144 1644 civilis
3202 1605 3604 1658 nonnumquam
3663 1591 3995 1648 admixtione

2393 1686 2750 1741 sorchreret.
2788 1683 2993 1738 Platoni
3042 1683 3220 1751 itaque
3252 1683 3301 1735 in
3335 1682 3538 1736 Timaeo
3567 1683 3706 1737 Deus
3747 1694 3830 1738 est
3877 1685 3992 1755 ipso

693 1777 1070 1847 interdumque
1100 1773 1755 1840 rationem,vultomnimn
1782 1788 1902 1828 esse
1930 1773 2274 1842 principium.
2309 1775 2357 1835 B
2387 1795 2484 1835 suo
2517 1779 2734 1832 nomine
2768 1775 2949 1830 mundi
2981 1790 3195 1845 parcns,
3224 1773 3420 1830 artifex
3446 1775 3658 1840 animm,
3690 1777 3987 1832 ecelestium

685 1868 816 1925 ltem
858 1866 1258 1937 interpretamlo
1307 1865 1572 1920 Junonem
1599 1880 1758 1931 aera,
1803 1863 1995 1919 Jovem
2039 1865 2280 1929 coelum,

683 1961 989 2031 Neptunum
1018 1975 1168 2015 mare
1191 2001 1204 2025 ,
1240 1957 1418 2028 ignem
1451 1971 1571 2012 esse
1601 1955 1925 2023 Vulranum,
1979 1967 2032 2012 et
2061 1965 2285 2012 eseteros

679 2054 927 2109 similiter
957 2051 1098 2122 vulgi
1127 2051 1255 2107 deos
1288 2051 1555 2106 elementa
1609 2065 1730 2105 esse
1782 2049 2152 2114 monstrando,
2190 2067 2283 2120 pu-

677 2146 875 2202 blicum
924 2144 1100 2215 arguit
1150 2143 1384 2214 graviter
1435 2153 1491 2198 et
1511 2141 1738 2197 revincit
1786 2157 2048 2197 errorem.
2083 2141 2279 2196 Eadem

2394 1883 2838 1940 terrenorumque
2886 1868 3210 1927 fabricator:
3252 1883 3410 1935 quem
3454 1877 3509 1922 et
3561 1869 3802 1925 invenire
3849 1871 3988 1926 diffi-

2387 1964 2526 2029 cile,
2563 1978 2669 2030 pra:
2715 1961 2877 2014 nimia
2907 1971 2959 2016 et
3020 1959 3320 2014 incredibili
3369 1969 3671 2030 potestate;
3721 1972 3810 2029 et,
3864 1979 3987 2020 cum

2387 2056 2770 2124 inveneris,_in
2801 2055 3070 2126 publicum
3112 2053 3294 2110 dicere
3335 2054 3668 2124 impossibile
3707 2058 3984 2128 prmfatttr.

2055 2254 2411 2312 VARIORUM
2452 2253 2676 2310 NUTIE.

674 2354 831 2422 cippo
871 2362 962 2408 aut
1010 2348 1336 2407 Democrito.
1356 2348 1716 2422 Cudwortlms
1748 2347 2173 2422 demonstravit.
2210 2361 2266 2405 ut

674 2420 806 2496 puto
835 2426 882 2479 ei
929 2425 1187 2496 majorem
1216 2421 1585 2496 antiquitatem
1615 2420 2030 2496 attribui-minui.
2057 2423 2191 2496 Dicit
2213 2424 2262 2476 in

674 2489 912 2568 System.
934 2495 1110 2568 lntell.
1143 2495 1179 2546 l.
1208 2508 1247 2556 ι,
1283 2489 1408 2568 cat.
1460 2489 2226 2568 Rytltagoram{Empedoclem
2249 2534 2264 2559 ,

674 2561 1439 2635 Anaxagoram.Parmenidem,
1461 2561 1803 2635 [Cap/tantum,
1838 2561 2147 2617 Arcesilaum
2176 2575 2267 2620 aut

675 2626 1004 2700 Archelaum,
1043 2626 1104 2691 ut
1127 2635 1240 2692 Sid.
1287 2626 1609 2702 Apollinaris
1647 2633 1714 2687 de
1757 2650 1822 2688 eo
1863 2644 2107 2695 testatur,
2141 2635 2263 2691 huic

671 2708 909 2778 opinioni
935 2710 1132 2764 lavere.
1155 2717 1210 2760 ut
1244 2713 1310 2778 et,
1335 2705 1620 2778 maximam
1642 2715 1844 2778 partem
1869 2717 2103 2760 veterum
2121 2707 2262 2778 phy-

668 2776 899 2836 sicorum
915 2790 1039 2834 ante
1072 2777 1461 2833 Democritum:
1483 2776 1838 2831 Democritum
1861 2789 2100 2830 autemet
2120 2776 2251 2831 Leu-

666 2854 880 2920 cippum
911 2851 1072 2906 fuisse
1097 2851 1296 2920 primos
1317 2847 1816 2920 atheosatontieosr;
1847 2858 2144 2920 atomorum
2166 2866 2259 2902 au-

670 2916 774 2977 tem
815 2922 1046 2977 fautores
1073 2916 1198 2974 ante
1229 2919 1588 2973 Democritum
1612 2916 2258 2985 fuisseincorp-irealistas

667 3001 721 3049 et
749 2994 988 3049 tltcistas.
1019 2989 1238 3046 Miscell.
1269 2988 1390 3043 Obs.
1417 2987 1568 3056 Crit.,
1600 2991 1705 3042 vol.
1739 3005 1812 3056 tv,
1917 3005 1991 3050 ιιι,
2013 3005 2132 3060 pug,
2164 2990 2252 3044 59,

1898 3077 2106 3114 nausea.

1898 3077 2106 3114 INDNI'IR.

741 3137 868 3203 Qua:
883 3135 1126 3206 imagines
1156 3132 1356 3206 fundat.
1395 3131 1923 3206 Simulacraﬁiauie,
1957 3133 2256 3206 quibusin-

664 3207 966 3262 eidentibus
988 3203 1164 3262 visunt
1185 3205 1362 3273 peragi
1393 3204 1726 3273 Democritus
1752 3203 2094 3256 exis.imavit.
2131 3205 2248 3258 για.

663 3279 954 3349 Diogenem
1005 3272 1406 3349 Laert.’_lib.’tx,
1432 3272 1824 3349 §_/tb;et_ther.
1867 3273 1929 3326 de
1957 3273 2123 3349 {)‘lvitt.
2158 3277 2248 3330 lib.

663 3364 718 3416 ιι,
749 3343 874 3420 pag.
917 3351 1055 3406 L905
1107 3359 1161 3403 et
1202 3347 1294 3420 lib_.
1325 3343 1580 3420 ide'Nat.
1615 3343 1766 3420 Deor.
1800 3360 1916 3420 cap.
1952 3345 2034 3420 1's.
2070 3348 2248 3402 ΗΑνιε.

733 3415 802 3473 Et
824 3415 940 3488 ipse
967 3431 1223 3474 naturam.
1256 3416 1344 3470 Sc.
1375 3417 1538 3471 Deum
1568 3431 1687 3488 esse
1711 3415 1963 3488 loquitur.
1994 3417 2249 3474 Ltsoncn.

735 3486 871 3569 Deos
896 3502 982 3569 aut
1009 3491 1196 3569 otiosos
1225 3489 1371 3569 ﬁngit
1392 3529 1406 3552 ,
1435 3497 1523 3569 aut
1555 3486 1744 3569 nullos.
1774 3487 1875 3569 Sic.
1895 3489 2251 3569 loqputurﬁii-

662 3563 872 3627 nucius,
897 3563 1019 3631 quia
1043 3565 1132 3631 qui
1161 3559 1558 3614 Providentiam
1580 3559 1747 3631 tollit.
1787 3559 1878 3613 Dei
1907 3561 2250 3631 existentiam

660 3649 858 3704 negare
887 3628 1187 3704 censendus
1217 3640 1332 3694 est;
1366 3646 1507 3689 nam.
1556 3628 1933 3704 utAeleganter
1962 3630 2248 3704 rSilvianus

660 3700 980 3760 de'Gubern.
1012 3701 1109 3757 Dei
1162 3703 1254 3755 lib.
1297 3717 1370 3763 tv,
1402 3716 1520 3772 pag.
1549 3700 1648 3755 116
1679 3721 1690 3754 :
1725 3701 1825 3767 Qui
1861 3701 1990 3755 nihil
2035 3705 2196 3772 aspici
2219 3722 2250 3759 a

657 3775 770 3830 Deo
795 3776 1081 3846 afﬁrmant,
1112 3782 1393 3846 prapehest
1441 3785 1492 3824 ttt
1544 3772 1626 3846 cui
1678 3782 1939 3846 aspectum
1979 3774 2245 3842 adimunt,

659 3843 1170 3901 etiam'substantiam
1218 3843 1398 3897 tollant
1430 3859 1448 3896 :
1481 3852 1536 3897 et
1580 3843 1701 3896 hinc
1752 3843 1970 3909 Letum,
2017 3857 2075 3899 ut,
2112 3864 2247 3902 ηοη-

657 3917 819 3972 ιιιιιιις
847 3919 1114 3972 videretur
1146 3914 1445 3984 Epicurum,
1499 3931 1560 3967 ne
1607 3917 1655 3966 in
1703 3912 2032 3979 o/fensionem
2087 3917 2245 3972 Atlte-

655 3989 906 4043 niensium
937 3988 1171 4052 caderet,
1204 3985 1364 4040 verbis
1410 3985 1672 4054 reliquisse
1721 3987 1874 4050 deos,
1907 3989 2242 4056 resustultsse,

656 4068 793 4115 teste
823 4063 1082 4115 Cicerone
1111 4062 1173 4112 de
1215 4057 1288 4111 Ν.
1317 4056 1508 4128 οζιιι».
1544 4073 1580 4122 t,
1611 4071 1663 4128 c.
1697 4056 1765 4128 ξι)
1795 4075 1807 4109 :
1844 4058 2072 4128 ideoque
2095 4061 2244 4114 illum

655 4137 912 4196 ἀθεότητος
935 4129 1333 4185 insitnnlarunt.
1355 4127 1602 4200 Elianus
1631 4127 1689 4179 V.
1714 4125 1782 4180 ll.
1811 4128 1900 4181 lib.
1921 4125 2126 4200 tt.’Cap.
2151 4132 2241 4199 51,

651 4212 705 4258 et
735 4201 1066 4268 TtteOpltilus
1094 4201 1161 4252 (td
1188 4199 1419 4268 Autolyc.
1454 4199 1545 4252 Itb.
1576 4213 1652 4263 Ill,
1682 4213 1799 4267 pag.
1828 4200 1948 4254 19L
1990 4199 2168 4256 DAvlS.

725 4273 1018 4328 Aristoteles
1079 4270 1324 4323 Ponticus
1392 4271 1581 4330 variat,
1637 4271 1769 4324 alias
1839 4271 2061 4336 mundo,
2113 4273 2242 4328 alias

655 4352 808 4398 menti
835 4345 1020 4397 divina:
1065 4343 1288 4394 tribuens
1338 4341 1696 4410 principatum.
1746 4341 1871 4397 Haec
1915 4345 2076 4396 verba
2117 4353 2242 4398 sunt

652 4431 843 4504 put-1.1m
877 4422 1058 4484 putum
1087 4413 1373 4504 glossema.
1404 4411 1609 4504 ΜΞυιιε.
1674 4483 1685 4504 1
1761 4483 1771 4494 .
2197 4486 2211 4504 Ι
2269 4443 2321 4504 D

725 4483 974 4550 Mentem,
1005 4487 1153 4536 modo
1179 4483 1422 4536 animum.
1452 4483 1643 4545 Heum,
1674 4483 1831 4551 legit,
1859 4495 2072 4537 mentem
2095 4486 2242 4539 modo

651 4563 697 4608 et
724 4557 984 4617 animum,
1036 4553 1132 4608 sed
1203 4554 1332 4608 nihil
1406 4568 1560 4623 opus.
1613 4553 1850 4607 Debebat
1879 4570 2029 4620 esse,
2093 4560 2242 4611 modo

651 4637 898 4695 mentem,
931 4625 1080 4680 modo
1109 4626 1356 4680 animum.
1385 4626 1490 4680 Sed
1541 4627 1738 4692 smpius
1783 4634 1965 4679 noster
2007 4631 2239 4682 voeabu-

647 4697 793 4765 lum,
847 4698 988 4768 qnod
1045 4707 1125 4751 ter
1189 4707 1305 4751 erat
1371 4695 1711 4767 ponendum,
1768 4698 1934 4768 semel
2000 4700 2236 4752 omittit:

647 4783 767 4836 cap.
799 4767 875 4833 8,7
902 4781 1005 4823 tam
1061 4779 1346 4834 vetustam,
1377 4768 1591 4830 utilem,
1620 4774 1721 4818 tant
1743 4767 2016 4821 salubrem.
2043 4768 2159 4832 Vel,
2193 4771 2238 4825 si

645 4840 772 4909 quid
806 4840 1119 4896 mutandum
1152 4849 1264 4904 est,
1315 4838 1567 4902 mallem,
1593 4849 1824 4909 Vnientem
1868 4839 2037 4904 modo,
2088 4841 2237 4895 modo

643 4908 890 4980 animum.
945 4913 1052 4966 Nec
1096 4909 1395 4964 audiendus
1428 4908 1668 4980 Davi~itts
1689 4950 1702 4972 ,
1752 4910 1840 4980 qui
1868 4910 1934 4962 ad
1965 4910 2138 4964 Cicer.
2169 4913 2236 4968 de

643 4979 719 5034 Ν.
751 4983 820 5037 0.
855 4999 894 5049 ι,
922 4983 1011 5045 14,
1040 4980 1322 5046 legendum
1348 4979 1603 5035 censebat
1623 5020 1638 5047 ,
1669 4980 1727 5034 (ἱ.
1771 4979 1902 5033 enim
1949 4983 2230 5050 mundum,

640 5059 790 5109 modo
818 5057 1060 5108 animum.
1097 5054 1352 5108 LINDNER.

2370 2351 2586 2416 plinmn.
2620 2347 2765 2402 Idem
2796 2347 2846 2400 itt
2874 2345 3024 2400 Orat.
3055 2345 3114 2399 7|
3155 2360 3168 2397 :
3195 2343 3297 2416 Est
3319 2344 3446 2398 mihi
3475 2345 3755 2416 disciplina
3783 2391 3796 2413 ,
3830 2350 3978 2408 idem

2370 2431 2454 2475 est
2495 2435 2558 2474 ac
2609 2421 2808 2482 doceo,
2861 2419 3136 2486 proliteor.
3193 2415 3266 2470 Ut
3315 2415 3623 2484 disciplina
3653 2421 3865 2475 dicendi
3895 2434 3981 2478 est

2372 2494 2635 2546 retlioriea
2656 2532 2669 2556 ,
2702 2489 2983 2560 itarilicere
3006 2501 3220 2556 possum
3245 2527 3260 2551 ,
3290 2499 3373 2560 est
3399 2489 3526 2560 mihi
3559 2489 3843 2560 disciplina
3886 2494 3977 2547 di-

2369 2563 2560 2628 cendi,
2596 2562 2648 2614 li.
2682 2577 2731 2615 e.
2761 2559 2884 2613 dico
2911 2560 2992 2612 vel
3029 2563 3283 2626 protiteor
3321 2559 3649 2614 rhetoricam
3677 2559 3808 2617 :eSI
3841 2565 3979 2620 mihi

2367 2633 2647 2702 disciplina
2685 2629 3031 2704 capessendae
3058 2629 3284 2704 reip.__li.
3309 2646 3357 2704 e_.
3394 2646 3622 2704 capesso
3666 2649 3837 2704 remp.
3885 2636 3975 2690 vel

2371 2705 2630 2772 proﬁteor
2671 2703 2938 2770 politicatn
2967 2711 3107 2774 ;ﬂest
3143 2701 3270 2754 mihi
3307 2701 3587 2770 disciplina
3616 2701 3970 2774 intelligendi,

2369 2777 2420 2828 lt.
2453 2791 2504 2830 e.
2533 2775 2771 2843 intelligo
2797 2790 2840 2825 s.
2877 2773 3206 2826 intellectum
3247 2774 3528 2842 pra'Ct-ptis
3559 2787 3728 2840 aeuo,
3771 2773 3849 2828 vel
3886 2777 3973 2830 lo-

2363 2849 2534 2917 gieam
2568 2847 2856 2917 proliteor;
2900 2845 2978 2898 sic
3021 2855 3104 2898 est
3150 2844 3278 2896 mihi
3327 2844 3608 2917 disciplina
3665 2849 3973 2914 exponendi

2361 2915 2413 2972 et
2447 2917 2779 2973 disserendi.
2817 2915 2872 2967 lt.
2906 2933 2956 2969 e.
2992 2930 3207 2986 expono
3235 2923 3288 2968 et
3318 2916 3556 2979 dissero,
3591 2919 3672 2970 vel
3709 2922 3972 2986 proliteor

2361 2989 2659 3043 doctrinam
2691 3003 2810 3061 qua:
2841 2986 3061 3061 disserit
3105 2985 3172 3038 de
3220 2989 3425 3042 ratione
3467 2985 3797 3043 deorutnad
3832 2991 3973 3061 phy-

2281 3045 2325 3108 Ο
2361 3061 2637 3129 siologiam
2667 3045 3011 3112 traducenda.
3045 3056 3304 3111 Ltansen.

2433 3150 2738 3204 (thcrarum
2786 3165 2986 3220 rerum,
3047 3164 3148 3202 ms.
3188 3149 3372 3202 :uude
3427 3149 3689 3220 Meursius
3751 3154 3973 3220 reponit

2361 3232 2610 3276 certarum
2640 3237 2828 3274 rerum.
2856 3219 2967 3274 Nec
3015 3221 3192 3272 minus
3229 3230 3413 3274 errant
3442 3219 3597 3275 Fulv.
3636 3219 3860 3278 Ursinus
3913 3235 3973 3281 et

2359 3291 2486 3348 Chr.
2513 3292 2804 3355 Cellarius,
2839 3292 3029 3361 quibus
3060 3295 3257 3359 placuit
3286 3293 3379 3345 hoc
3409 3309 3565 3358 genus
3616 3310 3784 3347 rerum
3835 3312 3969 3363 esse,

2359 3375 2463 3419 etc.
2504 3385 2516 3419 :
2548 3365 2688 3417 nulla
2712 3364 2853 3418 enim
2881 3363 3201 3416 necessitate
3223 3365 3392 3416 coacti
3415 3378 3601 3417 vocem
3625 3367 3973 3422 commodam

2357 3436 2609 3490 omisere.
2644 3436 2819 3487 Davis.
2865 3449 2928 3489 ex
2959 3433 3164 3488 codicis
3209 3445 3391 3488 cwtera
3437 3443 3576 3502 tum,
3607 3436 3730 3491 facit
3780 3447 3974 3492 ca'tera

2357 3515 2574 3560 tantum.
2626 3505 2867 3560 Gnoaov.

2426 3597 2596 3650 Aristo
2621 3597 2799 3651 Chius.
2826 3596 3066 3651 Romana
3090 3597 3140 3650 in
3165 3596 3402 3652 editione
3427 3607 3509 3652 est
3532 3598 3705 3654 Aristo
3728 3600 3966 3658 Stoicus.

2353 3668 2606 3737 Quantam
2663 3669 2795 3723 edit.
2854 3669 3050 3722 habent
3109 3667 3280 3722 Aristo
3347 3668 3502 3722 Chius
3562 3671 3786 3725 Stoicus.
3847 3674 3966 3728 Sed

2354 3739 2807 3811 otnittiAdebuisse
2844 3740 3075 3811 verbum
3094 3752 3422 3807 postrenttnn
3446 3783 3460 3802 ,
3506 3756 3570 3795 ex
3604 3758 3731 3796 vero
3756 3741 3972 3811 judicat

2356 3809 2489 3883 land.
2520 3809 2728 3873 Carrio,
2767 3809 2983 3864 Emend.
3019 3809 3107 3883 lib.
3128 3828 3194 3883 tt,
3225 3826 3345 3876 cap.
3383 3811 3670 3883 18.7"501
3702 3809 3772 3853 -ξ
3803 3816 3964 3883 Quod

2351 3881 2615 3935 Minucius
2646 3883 2825 3936 Aristo
2852 3883 3005 3941 Chio,
3038 3881 3087 3934 id
3116 3879 3307 3936 Cicero
3335 3882 3521 3936 tribuit
3566 3879 3844 3949 Aristoni,
3875 3889 3967 3940 in.

2356 3953 2471 4022 quit
2501 3953 2778 4019 Elmenb.,
2804 3954 2892 4022 qui
2926 3951 3268 4021 incogitantia
3296 3953 3968 4022 lapsusest;Aristoenint

2351 4038 2456 4077 non
2489 4034 2592 4088 est,
2617 4025 2699 4078 vel
2724 4024 2833 4077 dat.
2872 4025 2955 4077 vel
2985 4024 3118 4086 abl.,
3148 4023 3241 4077 sed
3272 4034 3350 4078 est
3386 4025 3760 4082 nominativus.
3794 4027 3965 4082 Conf.

2351 4094 2513 4149 Baelii
2547 4094 2772 4148 Diction.
2815 4095 2915 4148 sub
2940 4109 3072 4149 voce
3094 4094 3313 4150 Antsro.
3356 4093 3610 4151 LINDNER.

2421 4185 2487 4240 Et
2541 4188 2688 4242 rebus
2725 4187 2864 4257 ipsis.
2913 4187 3054 4241 H.e.
3085 4185 3228 4256 quod
3283 4187 3348 4241 ad
3401 4203 3490 4242 res
3537 4189 3678 4258 ipsas
3725 4189 3966 4256 attinet,

2347 4273 2485 4327 quos
2535 4259 2830 4319 ablativus,
2872 4273 2994 4311 cmn
3050 4273 3080 4311 a
3137 4259 3517 4326 pra-positione
3568 4263 3631 4312 de
3677 4259 3969 4318 derivaret

2347 4329 2639 4394 Meursius,
2674 4344 2779 4384 non
2822 4329 3084 4382 dubitavit
3130 4329 3419 4383 emendare
3452 4347 3467 4394 ;
3499 4341 3547 4382 et
3579 4330 3724 4384 rebus
3751 4332 3881 4399 ipsis
3916 4345 3968 4387 et

2348 4400 2630 4454 hominibus
2651 4441 2664 4466 ,
2709 4417 2806 4470 pro
2827 4400 3111 4454 nominibus
3157 4400 3412 4455 LINDNER.
3441 4431 3513 4440 —
3543 4399 3610 4456 Et
3651 4402 3799 4455 rebus
3830 4404 3968 4467 ipsis

2348 4480 2393 4524 et
2423 4471 2728 4525 nominibus.
2766 4471 2886 4524 Vult
2916 4470 3178 4526 Minucius
3209 4471 3488 4526 Platonem
3519 4490 3624 4526 nott
3668 4489 3795 4526 vi-ro
3830 4485 3965 4528 tan-

2349 4550 2460 4596 tum
2486 4545 2721 4607 nomine,
2751 4543 2844 4596 sed
2873 4553 2927 4596 et
2958 4543 3123 4596 rectis
3143 4542 3415 4596 attributis
3443 4559 3715 4598 summutn
3742 4543 3963 4601 Numen

2346 4613 2655 4682 iusigniisse
2677 4657 2690 4671 .
2735 4629 2901 4684 quum
2937 4611 3387 4684 Deumlactorem
3415 4627 3800 4684 parentemque
3835 4631 3962 4670 om-

2345 4685 2491 4738 nium
2525 4685 2798 4753 praedicat.
2847 4683 3059 4738 Videsis
3108 4683 3247 4738 inter
3287 4683 3424 4739 alios
3463 4683 3821 4752 Clementetn,
3851 4687 3960 4742 Re-

2342 4755 2529 4825 coynit.
2564 4755 2656 4809 lib.
2683 4771 2796 4822 vni,
2827 4769 2946 4823 cap.
2989 4755 3075 4808 20.
3116 4755 3302 4809 DAVIS.

2416 4846 2540 4918 Ipso
2565 4865 2656 4902 suo
2688 4847 2906 4902 nomine.
2937 4846 3123 4901 Oratio
3151 4847 3388 4904 caelestis
3411 4859 3484 4904 est
3501 4849 3814 4904 Christiana.
3852 4851 3958 4909 En.

2340 4917 2504 4974 Luco.
2521 4918 3092 4991 —QuiaCiceroDeum
3109 4921 3360 4973 nominari
3377 4923 3582 4991 omnino
3603 4932 3754 4991 negat
3778 4940 3961 4988 posse,

2338 4999 2391 5044 et
2423 4991 2677 5059 Apuleius
2713 4991 2748 5042 l.
2779 5005 2796 5044 ι
2825 4989 2892 5042 de
2922 4990 3164 5058 llogmat.
3217 4991 3351 5044 Plat.
3407 4990 3568 5044 Deum
3629 4989 3805 5045 carere
3858 5011 3963 5048 ηο-

2337 5061 2476 5132 mine
2524 5064 2615 5115 ait.
2671 5060 2873 5115 Exinde
2924 5061 3207 5132 Dubii-rius
3259 5064 3374 5116 luce
3429 5063 3626 5116 clarius
3679 5079 3964 5132 apparere

2335 5130 2508 5185 credit
2558 5133 2836 5199 legendum
2886 5146 3009 5186 esse
3051 5133 3103 5185 in
3133 5131 3328 5186 Nostro
3361 5151 3372 5185 :
3405 5134 3514 5201 ipse
3555 5136 3663 5187 sine
3715 5130 3958 5191 nomine.

639 5201 784 5276 poris
805 5197 1130 5276 alitecedunt
1149 5206 1210 5276 _e_t
1234 5199 1649 5276 subsequuntur.
1690 5195 1870 5276 Davis.
2077 5267 2110 5276 ἡ
2334 5203 2528 5276 Contra
2579 5195 2736 5276 quam
2794 5203 3258 5276 emendatbmem,
3316 5195 3600 5259 lectionem
3665 5215 3964 5276 receptam

724 5269 836 5323 Vim
865 5269 1112 5346 diuinam.
1148 5267 1210 5321 ll.
1240 5284 1292 5322 e.
1332 5268 1452 5333 vim,
1505 5267 1713 5322 scilicet
1755 5268 2015 5334 divinam,
2068 5267 2228 5322 Deum
2333 5267 2627 5346 defendens
2669 5273 2912 5346 Clericus
2955 5275 3006 5326 in
3037 5273 3282 5346 Bibliotlt.
3315 5292 3430 5329 anc.
3478 5285 3524 5330 et
3570 5277 3708 5329 mod.
3741 5267 3908 5332 t.'xvt
3939 5321 3959 5346 ,

634 5340 979 5416 esse-,credit.
1020 5339 1334 5416 Ltnnaen.__
1386 5409 1416 5416 _
1584 5409 1596 5416 Α
1701 5409 1713 5416 _
1943 5409 1955 5416 _
2049 5411 2062 5416 _
2127 5411 2136 5416 _
2185 5411 2195 5416 _
2333 5359 2453 5416 pag.
2483 5343 2610 5406 225,
2641 5348 2710 5397 ait
2738 5345 3024 5400 Minucium
3073 5345 3202 5398 nihil
3243 5360 3488 5402 asserere
3537 5346 3678 5416 quod
3727 5339 3960 5415 placitis

713 5359 771 5403 e-,
801 5359 979 5393 creati.
1020 5359 1279 5394 urinam.
2369 5359 2453 5414 ag.
2483 5359 2610 5406 Ζεῦ,
2641 5359 2710 5397 att
2738 5359 3024 5400 Minucntm
3073 5359 3202 5398 ntlnt
3243 5360 3488 5402 asserere
3537 5359 3678 5416 quod
3727 5359 3960 5415 placitis

709 5412 996 5488 Disciplina
1049 5409 1669 5488 egponendi._l?eregrina
1701 5409 2006 5488 lnecverba
2049 5411 2226 5488 latinis
2333 5359 2491 5488 iiujns
2525 5417 2827 5484 philosophi
2863 5417 3169 5488 principalis
3210 5416 3545 5488 adversetur.
3596 5419 3696 5484 Qui
3749 5417 3962 5488 Deum,

630 5479 1069 5558 attribuscettset
1099 5480 1329 5558 Betim}:
1364 5479 1592 5558 ideoque
1618 5481 1896 5558 rescribit,
1927 5479 2226 5558 lit'etdttbi-
2328 5479 2440 5556 ipso
2489 5479 2581 5558 suo
2627 5479 2830 5540 nomine
2864 5479 3050 5558 ιιιιιιιιιξ
3101 5499 3358 5555 parentem
3408 5479 3710 5558 proﬁtetur.
3767 5479 3959 5546 lleuni

631 5568 813 5612 tanter
843 5574 854 5606 :
888 5551 1173 5628 Babylonio
1200 5551 1614 5628 enimbiogeno,
1649 5552 1902 5628 discipulo
1924 5553 2034 5628 ejus
2058 5555 2223 5628 placet
2329 5551 2522 5612 nomen
2556 5557 2754 5612 habere
2789 5567 2964 5628 negat.
3022 5551 3221 5628 Parens
3270 5551 3421 5612 enim'
3467 5562 3648 5612 mutuli
3700 5573 3808 5612 non
3858 5574 3964 5618 est

704 5625 976 5702 disserenti
997 5666 1009 5688 ,
1039 5623 1606 5702 810.,‘891!lilztlttztltltﬁ
1639 5623 1961 5702 disciplinam
1986 5624 2220 5702 dicendi,
2327 5643 2554 5694 nmnen,
2587 5623 3035 5696 siquidetn'Plato
3061 5631 3126 5702 Ain
3172 5627 3383 5702 Timon
3409 5631 3519 5696 ipse
3552 5631 3715 5702 Deum
3745 5642 3964 5702 τατέρπ

623 5700 814 5772 Cicero
843 5697 1008 5772 Orat._
1031 5711 1130 5772 pro
1164 5694 1358 5772 Archia
1393 5709 1428 5758 I,
1450 5692 1505 5755 '2,
1540 5693 1881 5772 Disciplinam
1901 5696 2222 5772 capessenda:
2325 5705 2461 5754 τοῦδε
2485 5692 2571 5754 τοῦ
2596 5692 2769 5761 πάντδς
2792 5710 2967 5772 vocat,
2999 5700 3140 5752 salva
3170 5692 3537 5772 prepositione
3565 5701 3654 5756 illa
3689 5717 3798 5772 qua
3827 5692 3964 5763 Deo

615 5769 938 5838 reipublicae.
987 5763 1062 5823 Id.
1083 5781 1188 5844 pro
1210 5765 1394 5822 Sextio
1437 5777 1556 5833 cap.
1600 5771 1635 5826 ti
1665 5763 2033 5835 {Intelligendi
2062 5766 2219 5820 αισι-ἱ·
2325 5785 2521 5827 nomen
2551 5787 2671 5828 esse
2699 5780 2879 5846 negat.
2903 5763 3162 5828 Ltﬁpszn,

711 5126 982 5181 Disseruit.
1013 5126 1153 5192 Lege
1181 5125 1421 5188 disserit;
1451 5138 1573 5178 nam
1597 5121 1760 5178 verba
1791 5126 2071 5191 prtesentis
2097 5136 2231 5182 tem-
