  <div class='ocr_page' id='page_1' title='image "/cluster/home/n/w/nwhite01/storage/ocr_20150623/3/hvd.32044054086798/203.png"; bbox 0 0 4230 6242; ppageno 0'>
   <div class='ocr_carea' id='block_1_1' title="bbox 554 305 662 362">
    <p class='ocr_par' dir='ltr' id='par_1_1' title="bbox 554 305 662 362">
     <span class='ocr_line' id='line_1_1' title="bbox 554 305 662 362; baseline -0.037 1"><span class='ocrx_word' id='word_1_1' title='bbox 554 305 662 362; x_wconf 75' lang='lat'><strong>307</strong></span> 
     </span>
    </p>
   </div>
   <div class='ocr_carea' id='block_1_2' title="bbox 1839 299 2651 360">
    <p class='ocr_par' dir='ltr' id='par_1_2' title="bbox 1839 299 2651 360">
     <span class='ocr_line' id='line_1_2' title="bbox 1839 299 2651 360; baseline 0.002 -3"><span class='ocrx_word' id='word_1_2' title='bbox 1839 300 2053 358; x_wconf 75' lang='lat' dir='ltr'><strong>MARCI</strong></span> <span class='ocrx_word' id='word_1_3' title='bbox 2093 299 2351 359; x_wconf 83' lang='lat' dir='ltr'><strong>MINUC&quot;</strong></span> <span class='ocrx_word' id='word_1_4' title='bbox 2387 300 2651 360; x_wconf 86' lang='lat' dir='ltr'><strong>FELICIS</strong></span> 
     </span>
    </p>
   </div>
   <div class='ocr_carea' id='block_1_3' title="bbox 3759 309 3868 368">
    <p class='ocr_par' dir='ltr' id='par_1_3' title="bbox 3759 309 3868 368">
     <span class='ocr_line' id='line_1_3' title="bbox 3759 309 3868 368; baseline -0.037 0"><span class='ocrx_word' id='word_1_5' title='bbox 3759 309 3868 368; x_wconf 76' lang='lat'><strong>308</strong></span> 
     </span>
    </p>
   </div>
   <div class='ocr_carea' id='block_1_4' title="bbox 553 419 3864 495">
    <p class='ocr_par' dir='ltr' id='par_1_4' title="bbox 553 419 3864 495">
     <span class='ocr_line' id='line_1_4' title="bbox 553 419 3864 495; baseline 0.001 -19"><span class='ocrx_word' id='word_1_6' title='bbox 553 422 846 494; x_wconf 86' lang='lat' dir='ltr'><strong>plurimum</strong></span> <span class='ocrx_word' id='word_1_7' title='bbox 872 426 1125 490; x_wconf 89' lang='lat' dir='ltr'><strong>quantum</strong></span> <span class='ocrx_word' id='word_1_8' title='bbox 1149 419 1358 474; x_wconf 73' lang='lat' dir='ltr'><strong>veritati</strong></span> <span class='ocrx_word' id='word_1_9' title='bbox 1387 419 1484 490; x_wconf 88' lang='lat' dir='ltr'><strong>ipsi</strong></span> <span class='ocrx_word' id='word_1_10' title='bbox 1510 434 1604 473; x_wconf 90' lang='lat' dir='ltr'><strong>sua</strong></span> <span class='ocrx_word' id='word_1_11' title='bbox 1625 419 1942 476; x_wconf 91' lang='lat' dir='ltr'><strong>auctoritate</strong></span> <span class='ocrx_word' id='word_1_12' title='bbox 1962 435 2160 475; x_wconf 89' lang='lat' dir='ltr'><strong>nocue-</strong></span> <span class='ocrx_word' id='word_1_13' title='bbox 2185 419 2240 480; x_wconf 84' lang='grc' dir='ltr'><strong>Α</strong></span> <span class='ocrx_word' id='word_1_14' title='bbox 2266 420 2375 475; x_wconf 90' lang='lat' dir='ltr'><strong>veri</strong></span> <span class='ocrx_word' id='word_1_15' title='bbox 2407 419 2646 474; x_wconf 80' lang='lat' dir='ltr'><strong>fulminis</strong></span> <span class='ocrx_word' id='word_1_16' title='bbox 2687 435 2782 475; x_wconf 89' lang='lat' dir='ltr'><strong>nec</strong></span> <span class='ocrx_word' id='word_1_17' title='bbox 2811 420 3043 492; x_wconf 81' lang='lat' dir='ltr'><strong>Cyclops</strong></span> <span class='ocrx_word' id='word_1_18' title='bbox 3080 423 3314 492; x_wconf 88' lang='lat' dir='ltr'><strong>potuerit</strong></span> <span class='ocrx_word' id='word_1_19' title='bbox 3351 423 3570 490; x_wconf 88' lang='lat' dir='ltr'><strong>imitari,</strong></span> <span class='ocrx_word' id='word_1_20' title='bbox 3601 437 3703 480; x_wconf 90' lang='lat' dir='ltr'><strong>nec</strong></span> <span class='ocrx_word' id='word_1_21' title='bbox 3748 425 3864 495; x_wconf 80' lang='lat' dir='ltr'><strong>ipse</strong></span> 
     </span>
    </p>
   </div>
   <div class='ocr_carea' id='block_1_5' title="bbox 553 513 2162 585">
    <p class='ocr_par' dir='ltr' id='par_1_5' title="bbox 553 513 2162 585">
     <span class='ocr_line' id='line_1_5' title="bbox 553 513 2162 585; baseline -0.004 -13"><span class='ocrx_word' id='word_1_22' title='bbox 553 517 689 573; x_wconf 78' lang='lat' dir='ltr'><strong>re.“</strong></span> <span class='ocrx_word' id='word_1_23' title='bbox 714 517 779 572; x_wconf 84' lang='lat' dir='ltr'><strong>Et</strong></span> <span class='ocrx_word' id='word_1_24' title='bbox 803 516 954 570; x_wconf 84' lang='lat' dir='ltr'><strong>Plato</strong></span> <span class='ocrx_word' id='word_1_25' title='bbox 985 515 1104 569; x_wconf 90' lang='lat' dir='ltr'><strong>ideo</strong></span> <span class='ocrx_word' id='word_1_26' title='bbox 1136 514 1390 584; x_wconf 70' lang='lat' dir='ltr'><strong>pratclare</strong></span> <span class='ocrx_word' id='word_1_27' title='bbox 1409 513 1698 569; x_wconf 84' lang='lat' dir='ltr'><strong>Homerum</strong></span> <span class='ocrx_word' id='word_1_28' title='bbox 1716 513 1862 568; x_wconf 92' lang='lat' dir='ltr'><strong>illum</strong></span> <span class='ocrx_word' id='word_1_29' title='bbox 1882 513 2162 585; x_wconf 88' lang='lat' dir='ltr'><strong>inclytum,</strong></span> 
     </span>
    </p>
   </div>
   <div class='ocr_carea' id='block_1_6' title="bbox 556 607 2167 678">
    <p class='ocr_par' dir='ltr' id='par_1_6' title="bbox 556 607 2167 678">
     <span class='ocr_line' id='line_1_6' title="bbox 556 607 2167 678; baseline -0.003 -10"><span class='ocrx_word' id='word_1_30' title='bbox 556 610 836 668; x_wconf 86' lang='lat' dir='ltr'><strong>laudatum</strong></span> <span class='ocrx_word' id='word_1_31' title='bbox 868 618 921 663; x_wconf 89' lang='lat' dir='ltr'><strong>et</strong></span> <span class='ocrx_word' id='word_1_32' title='bbox 945 617 1282 674; x_wconf 90' lang='lat' dir='ltr'><strong>coronatum,</strong></span> <span class='ocrx_word' id='word_1_33' title='bbox 1311 607 1378 663; x_wconf 90' lang='lat' dir='ltr'><strong>de</strong></span> <span class='ocrx_word' id='word_1_34' title='bbox 1405 609 1619 663; x_wconf 86' lang='lat' dir='ltr'><strong>civitate</strong></span> <span class='ocrx_word' id='word_1_35' title='bbox 1647 623 1804 678; x_wconf 88' lang='lat' dir='ltr'><strong>quam</strong></span> <span class='ocrx_word' id='word_1_36' title='bbox 1836 608 1886 662; x_wconf 89' lang='lat' dir='ltr'><strong>in</strong></span> <span class='ocrx_word' id='word_1_37' title='bbox 1915 623 2167 663; x_wconf 89' lang='lat' dir='ltr'><strong>sermone</strong></span> 
     </span>
    </p>
   </div>
   <div class='ocr_carea' id='block_1_7' title="bbox 558 701 2168 772">
    <p class='ocr_par' dir='ltr' id='par_1_7' title="bbox 558 701 2168 772">
     <span class='ocr_line' id='line_1_7' title="bbox 558 701 2168 772; baseline -0.001 -14"><span class='ocrx_word' id='word_1_38' title='bbox 558 703 894 766; x_wconf 82' lang='lat' dir='ltr'><strong>instituebat,</strong></span> <span class='ocrx_word' id='word_1_39' title='bbox 927 703 1104 770; x_wconf 87' lang='lat' dir='ltr'><strong>ejecit.</strong></span> <span class='ocrx_word' id='word_1_40' title='bbox 1150 701 1245 756; x_wconf 89' lang='lat' dir='ltr'><strong>llic</strong></span> <span class='ocrx_word' id='word_1_41' title='bbox 1274 702 1415 757; x_wconf 88' lang='lat' dir='ltr'><strong>enim</strong></span> <span class='ocrx_word' id='word_1_42' title='bbox 1453 703 1750 772; x_wconf 68' lang='lat' dir='ltr'><strong>prmeipuus</strong></span> <span class='ocrx_word' id='word_1_43' title='bbox 1790 701 1930 756; x_wconf 86' lang='lat' dir='ltr'><strong>bello</strong></span> <span class='ocrx_word' id='word_1_44' title='bbox 1974 701 2168 757; x_wconf 88' lang='lat' dir='ltr'><strong>Troico</strong></span> 
     </span>
    </p>
   </div>
   <div class='ocr_carea' id='block_1_8' title="bbox 560 793 2168 860">
    <p class='ocr_par' dir='ltr' id='par_1_8' title="bbox 560 793 2168 860">
     <span class='ocr_line' id='line_1_8' title="bbox 560 793 2168 860; baseline -0.001 -9"><span class='ocrx_word' id='word_1_45' title='bbox 560 796 695 851; x_wconf 89' lang='lat' dir='ltr'><strong>deos</strong></span> <span class='ocrx_word' id='word_1_46' title='bbox 724 806 954 857; x_wconf 88' lang='lat' dir='ltr'><strong>vestros,</strong></span> <span class='ocrx_word' id='word_1_47' title='bbox 981 793 1080 848; x_wconf 87' lang='lat' dir='ltr'><strong>etsi</strong></span> <span class='ocrx_word' id='word_1_48' title='bbox 1110 793 1264 847; x_wconf 92' lang='lat' dir='ltr'><strong>ludos</strong></span> <span class='ocrx_word' id='word_1_49' title='bbox 1293 793 1452 860; x_wconf 88' lang='lat' dir='ltr'><strong>facit,</strong></span> <span class='ocrx_word' id='word_1_50' title='bbox 1478 803 1655 848; x_wconf 89' lang='lat' dir='ltr'><strong>tamen</strong></span> <span class='ocrx_word' id='word_1_51' title='bbox 1685 794 1736 848; x_wconf 90' lang='lat' dir='ltr'><strong>in</strong></span> <span class='ocrx_word' id='word_1_52' title='bbox 1771 793 2044 848; x_wconf 86' lang='lat' dir='ltr'><strong>hominum</strong></span> <span class='ocrx_word' id='word_1_53' title='bbox 2085 809 2168 849; x_wconf 83' lang='lat' dir='ltr'><strong>re-</strong></span> 
     </span>
    </p>
   </div>
   <div class='ocr_carea' id='block_1_9' title="bbox 560 887 2167 957">
    <p class='ocr_par' dir='ltr' id='par_1_9' title="bbox 560 887 2167 957">
     <span class='ocr_line' id='line_1_9' title="bbox 560 887 2167 957; baseline -0.003 -10"><span class='ocrx_word' id='word_1_54' title='bbox 560 892 666 948; x_wconf 87' lang='lat' dir='ltr'><strong>bus</strong></span> <span class='ocrx_word' id='word_1_55' title='bbox 697 900 750 944; x_wconf 90' lang='lat' dir='ltr'><strong>et</strong></span> <span class='ocrx_word' id='word_1_56' title='bbox 781 889 990 944; x_wconf 76' lang='lat' dir='ltr'><strong>actibus</strong></span> <span class='ocrx_word' id='word_1_57' title='bbox 1033 888 1243 942; x_wconf 81' lang='lat' dir='ltr'><strong>miscuit</strong></span> <span class='ocrx_word' id='word_1_58' title='bbox 1277 905 1289 942; x_wconf 92' lang='lat'>:</span> <span class='ocrx_word' id='word_1_59' title='bbox 1338 887 1424 942; x_wconf 90' lang='lat' dir='ltr'><strong>hic</strong></span> <span class='ocrx_word' id='word_1_60' title='bbox 1449 903 1634 942; x_wconf 90' lang='lat' dir='ltr'><strong>eorum</strong></span> <span class='ocrx_word' id='word_1_61' title='bbox 1666 888 1809 957; x_wconf 88' lang='lat' dir='ltr'><strong>paria</strong></span> <span class='ocrx_word' id='word_1_62' title='bbox 1845 889 2167 956; x_wconf 78' lang='lat' dir='ltr'><strong>composuit,</strong></span> 
     </span>
    </p>
   </div>
   <div class='ocr_carea' id='block_1_10' title="bbox 561 979 2166 1052">
    <p class='ocr_par' dir='ltr' id='par_1_10' title="bbox 561 979 2166 1052">
     <span class='ocr_line' id='line_1_10' title="bbox 561 979 2166 1052; baseline -0.002 -13"><span class='ocrx_word' id='word_1_63' title='bbox 561 983 817 1039; x_wconf 78' lang='lat' dir='ltr'><strong>sauciavit</strong></span> <span class='ocrx_word' id='word_1_64' title='bbox 845 980 1130 1047; x_wconf 81' lang='lat' dir='ltr'><strong>Venerem,</strong></span> <span class='ocrx_word' id='word_1_65' title='bbox 1153 979 1370 1034; x_wconf 83' lang='lat' dir='ltr'><strong>Martem</strong></span> <span class='ocrx_word' id='word_1_66' title='bbox 1387 982 1574 1048; x_wconf 79' lang='lat' dir='ltr'><strong>vinxit,</strong></span> <span class='ocrx_word' id='word_1_67' title='bbox 1599 982 1921 1047; x_wconf 80' lang='lat' dir='ltr'><strong>vulneravit,</strong></span> <span class='ocrx_word' id='word_1_68' title='bbox 1947 982 2166 1052; x_wconf 82' lang='lat' dir='ltr'><strong>fugavit.</strong></span> 
     </span>
    </p>
   </div>
   <div class='ocr_carea' id='block_1_11' title="bbox 561 1074 2172 1140">
    <p class='ocr_par' dir='ltr' id='par_1_11' title="bbox 561 1074 2172 1140">
     <span class='ocr_line' id='line_1_11' title="bbox 561 1074 2172 1140; baseline -0.003 -7"><span class='ocrx_word' id='word_1_69' title='bbox 561 1077 748 1133; x_wconf 87' lang='lat' dir='ltr'><strong>Jovem</strong></span> <span class='ocrx_word' id='word_1_70' title='bbox 782 1086 963 1130; x_wconf 88' lang='lat' dir='ltr'><strong>narrat</strong></span> <span class='ocrx_word' id='word_1_71' title='bbox 990 1089 1018 1127; x_wconf 92' lang='lat' dir='ltr'><strong>a</strong></span> <span class='ocrx_word' id='word_1_72' title='bbox 1045 1074 1261 1127; x_wconf 85' lang='lat' dir='ltr'><strong>Briareo</strong></span> <span class='ocrx_word' id='word_1_73' title='bbox 1291 1074 1599 1140; x_wconf 76' lang='lat' dir='ltr'><strong>liberatmn,</strong></span> <span class='ocrx_word' id='word_1_74' title='bbox 1647 1092 1712 1130; x_wconf 87' lang='lat' dir='ltr'><strong>ne</strong></span> <span class='ocrx_word' id='word_1_75' title='bbox 1753 1091 1780 1126; x_wconf 91' lang='lat' dir='ltr'><strong>a</strong></span> <span class='ocrx_word' id='word_1_76' title='bbox 1812 1075 1914 1128; x_wconf 91' lang='lat' dir='ltr'><strong>diis</strong></span> <span class='ocrx_word' id='word_1_77' title='bbox 1961 1075 2172 1129; x_wconf 69' lang='lat' dir='ltr'><strong>cmteris</strong></span> 
     </span>
    </p>
   </div>
   <div class='ocr_carea' id='block_1_12' title="bbox 562 1166 2170 1237">
    <p class='ocr_par' dir='ltr' id='par_1_12' title="bbox 562 1166 2170 1237">
     <span class='ocr_line' id='line_1_12' title="bbox 562 1166 2170 1237; baseline -0.002 -13"><span class='ocrx_word' id='word_1_78' title='bbox 562 1170 849 1235; x_wconf 62' lang='lat' dir='ltr'><strong>ligaretur;</strong></span> <span class='ocrx_word' id='word_1_79' title='bbox 881 1178 933 1221; x_wconf 91' lang='lat' dir='ltr'><strong>et</strong></span> <span class='ocrx_word' id='word_1_80' title='bbox 962 1167 1326 1236; x_wconf 77' lang='lat' dir='ltr'><strong>Sarpedonem</strong></span> <span class='ocrx_word' id='word_1_81' title='bbox 1369 1167 1556 1231; x_wconf 89' lang='lat' dir='ltr'><strong>lilium,</strong></span> <span class='ocrx_word' id='word_1_82' title='bbox 1589 1168 1842 1237; x_wconf 85' lang='lat' dir='ltr'><strong>quoniam</strong></span> <span class='ocrx_word' id='word_1_83' title='bbox 1878 1166 2037 1220; x_wconf 84' lang='lat' dir='ltr'><strong>morti</strong></span> <span class='ocrx_word' id='word_1_84' title='bbox 2066 1183 2170 1220; x_wconf 89' lang='lat' dir='ltr'><strong>non</strong></span> 
     </span>
    </p>
   </div>
   <div class='ocr_carea' id='block_1_13' title="bbox 565 1260 2173 1333">
    <p class='ocr_par' dir='ltr' id='par_1_13' title="bbox 565 1260 2173 1333">
     <span class='ocr_line' id='line_1_13' title="bbox 565 1260 2173 1333; baseline 0.001 -18"><span class='ocrx_word' id='word_1_85' title='bbox 565 1274 774 1333; x_wconf 88' lang='lat' dir='ltr'><strong>poterat</strong></span> <span class='ocrx_word' id='word_1_86' title='bbox 818 1261 1050 1330; x_wconf 84' lang='lat' dir='ltr'><strong>eripere,</strong></span> <span class='ocrx_word' id='word_1_87' title='bbox 1093 1260 1332 1314; x_wconf 70' lang='lat' dir='ltr'><strong>eruentis</strong></span> <span class='ocrx_word' id='word_1_88' title='bbox 1363 1261 1621 1315; x_wconf 80' lang='lat' dir='ltr'><strong>imbribus</strong></span> <span class='ocrx_word' id='word_1_89' title='bbox 1668 1261 1991 1325; x_wconf 84' lang='lat' dir='ltr'><strong>flevisse;ct</strong></span> <span class='ocrx_word' id='word_1_90' title='bbox 2018 1261 2173 1315; x_wconf 88' lang='lat' dir='ltr'><strong>thoro</strong></span> 
     </span>
    </p>
   </div>
   <div class='ocr_carea' id='block_1_14' title="bbox 569 1351 2174 1426">
    <p class='ocr_par' dir='ltr' id='par_1_14' title="bbox 569 1351 2174 1426">
     <span class='ocr_line' id='line_1_14' title="bbox 569 1351 2174 1426; baseline 0.001 -21"><span class='ocrx_word' id='word_1_91' title='bbox 569 1351 896 1426; x_wconf 88' lang='lat' dir='ltr'><strong>[impr.loro]</strong></span> <span class='ocrx_word' id='word_1_92' title='bbox 924 1351 1148 1406; x_wconf 75' lang='lat' dir='ltr'><strong>Veneris</strong></span> <span class='ocrx_word' id='word_1_93' title='bbox 1165 1352 1424 1413; x_wconf 73' lang='lat' dir='ltr'><strong>illectum,</strong></span> <span class='ocrx_word' id='word_1_94' title='bbox 1442 1352 1751 1422; x_wconf 72' lang='lat' dir='ltr'><strong>flagrantius</strong></span> <span class='ocrx_word' id='word_1_95' title='bbox 1773 1368 1930 1423; x_wconf 90' lang='lat' dir='ltr'><strong>quam</strong></span> <span class='ocrx_word' id='word_1_96' title='bbox 1951 1354 2001 1406; x_wconf 92' lang='lat' dir='ltr'><strong>in</strong></span> <span class='ocrx_word' id='word_1_97' title='bbox 2025 1351 2174 1406; x_wconf 89' lang='lat' dir='ltr'><strong>adul-</strong></span> 
     </span>
    </p>
   </div>
   <div class='ocr_carea' id='block_1_15' title="bbox 568 1444 2175 1506">
    <p class='ocr_par' dir='ltr' id='par_1_15' title="bbox 568 1444 2175 1506">
     <span class='ocr_line' id='line_1_15' title="bbox 568 1444 2175 1506; baseline -0.001 -5"><span class='ocrx_word' id='word_1_98' title='bbox 568 1458 716 1501; x_wconf 84' lang='lat' dir='ltr'><strong>teras</strong></span> <span class='ocrx_word' id='word_1_99' title='bbox 733 1446 923 1506; x_wconf 77' lang='lat' dir='ltr'><strong>Soleat,</strong></span> <span class='ocrx_word' id='word_1_100' title='bbox 940 1460 1059 1499; x_wconf 89' lang='lat' dir='ltr'><strong>eum</strong></span> <span class='ocrx_word' id='word_1_101' title='bbox 1076 1444 1286 1500; x_wconf 76' lang='lat' dir='ltr'><strong>lunone</strong></span> <span class='ocrx_word' id='word_1_102' title='bbox 1307 1459 1471 1500; x_wconf 76' lang='lat' dir='ltr'><strong>uxore</strong></span> <span class='ocrx_word' id='word_1_103' title='bbox 1488 1445 1869 1500; x_wconf 83' lang='lat' dir='ltr'><strong>concumbere.</strong></span> <span class='ocrx_word' id='word_1_104' title='bbox 1888 1445 2023 1499; x_wconf 75' lang='lat' dir='ltr'><strong>Alibi</strong></span> <span class='ocrx_word' id='word_1_105' title='bbox 2043 1445 2175 1500; x_wconf 88' lang='lat' dir='ltr'><strong>lier-</strong></span> 
     </span>
    </p>
   </div>
   <div class='ocr_carea' id='block_1_16' title="bbox 565 1538 2171 1608">
    <p class='ocr_par' dir='ltr' id='par_1_16' title="bbox 565 1538 2171 1608">
     <span class='ocr_line' id='line_1_16' title="bbox 565 1538 2171 1608; baseline -0.002 -12"><span class='ocrx_word' id='word_1_106' title='bbox 565 1541 724 1596; x_wconf 90' lang='lat' dir='ltr'><strong>cules</strong></span> <span class='ocrx_word' id='word_1_107' title='bbox 746 1551 982 1593; x_wconf 86' lang='lat' dir='ltr'><strong>stercora</strong></span> <span class='ocrx_word' id='word_1_108' title='bbox 1011 1544 1201 1607; x_wconf 80' lang='lat' dir='ltr'><strong>egerit,</strong></span> <span class='ocrx_word' id='word_1_109' title='bbox 1227 1549 1279 1592; x_wconf 89' lang='lat' dir='ltr'><strong>et</strong></span> <span class='ocrx_word' id='word_1_110' title='bbox 1303 1538 1491 1607; x_wconf 84' lang='lat' dir='ltr'><strong>Apollo</strong></span> <span class='ocrx_word' id='word_1_111' title='bbox 1513 1538 1768 1592; x_wconf 84' lang='lat' dir='ltr'><strong>Admetto</strong></span> <span class='ocrx_word' id='word_1_112' title='bbox 1788 1553 1950 1608; x_wconf 88' lang='lat' dir='ltr'><strong>pecus</strong></span> <span class='ocrx_word' id='word_1_113' title='bbox 1973 1540 2171 1607; x_wconf 87' lang='lat' dir='ltr'><strong>pascit;</strong></span> 
     </span>
    </p>
   </div>
   <div class='ocr_carea' id='block_1_17' title="bbox 568 1629 2173 1699">
    <p class='ocr_par' dir='ltr' id='par_1_17' title="bbox 568 1629 2173 1699">
     <span class='ocr_line' id='line_1_17' title="bbox 568 1629 2173 1699; baseline -0.002 -12"><span class='ocrx_word' id='word_1_114' title='bbox 568 1629 926 1687; x_wconf 77' lang='lat' dir='ltr'><strong>Laomedonti</strong></span> <span class='ocrx_word' id='word_1_115' title='bbox 953 1645 1079 1684; x_wconf 83' lang='lat' dir='ltr'><strong>vero</strong></span> <span class='ocrx_word' id='word_1_116' title='bbox 1111 1645 1294 1684; x_wconf 87' lang='lat' dir='ltr'><strong>muros</strong></span> <span class='ocrx_word' id='word_1_117' title='bbox 1321 1629 1600 1699; x_wconf 86' lang='lat' dir='ltr'><strong>Neptunus</strong></span> <span class='ocrx_word' id='word_1_118' title='bbox 1627 1629 1876 1692; x_wconf 90' lang='lat' dir='ltr'><strong>instituit,</strong></span> <span class='ocrx_word' id='word_1_119' title='bbox 1908 1647 2006 1685; x_wconf 90' lang='lat' dir='ltr'><strong>nec</strong></span> <span class='ocrx_word' id='word_1_120' title='bbox 2029 1646 2173 1684; x_wconf 86' lang='lat' dir='ltr'><strong>tuer-</strong></span> 
     </span>
    </p>
   </div>
   <div class='ocr_carea' id='block_1_18' title="bbox 565 1723 2176 1794">
    <p class='ocr_par' dir='ltr' id='par_1_18' title="bbox 565 1723 2176 1794">
     <span class='ocr_line' id='line_1_18' title="bbox 565 1723 2176 1794; baseline -0.001 -13"><span class='ocrx_word' id='word_1_121' title='bbox 565 1726 755 1781; x_wconf 88' lang='lat' dir='ltr'><strong>cedem</strong></span> <span class='ocrx_word' id='word_1_122' title='bbox 808 1723 986 1794; x_wconf 88' lang='lat' dir='ltr'><strong>operis</strong></span> <span class='ocrx_word' id='word_1_123' title='bbox 1039 1723 1224 1778; x_wconf 78' lang='lat' dir='ltr'><strong>infelix</strong></span> <span class='ocrx_word' id='word_1_124' title='bbox 1278 1733 1510 1778; x_wconf 89' lang='lat' dir='ltr'><strong>structor</strong></span> <span class='ocrx_word' id='word_1_125' title='bbox 1551 1724 1747 1792; x_wconf 85' lang='lat' dir='ltr'><strong>accipit</strong></span> <span class='ocrx_word' id='word_1_126' title='bbox 1801 1740 1813 1774; x_wconf 90' lang='lat'><em>:</em></span> <span class='ocrx_word' id='word_1_127' title='bbox 1869 1723 1978 1779; x_wconf 88' lang='lat' dir='ltr'><strong>illic</strong></span> <span class='ocrx_word' id='word_1_128' title='bbox 2028 1723 2176 1779; x_wconf 84' lang='lat' dir='ltr'><strong>Jovis</strong></span> 
     </span>
    </p>
   </div>
   <div class='ocr_carea' id='block_1_19' title="bbox 2271 513 3872 587">
    <p class='ocr_par' dir='ltr' id='par_1_19' title="bbox 2271 513 3872 587">
     <span class='ocr_line' id='line_1_19' title="bbox 2271 513 3872 587; baseline 0.004 -19"><span class='ocrx_word' id='word_1_129' title='bbox 2271 513 2480 583; x_wconf 88' lang='lat' dir='ltr'><strong>Jupiter</strong></span> <span class='ocrx_word' id='word_1_130' title='bbox 2542 530 2649 568; x_wconf 90' lang='lat' dir='ltr'><strong>non</strong></span> <span class='ocrx_word' id='word_1_131' title='bbox 2687 516 2880 570; x_wconf 89' lang='lat' dir='ltr'><strong>vereri.</strong></span> <span class='ocrx_word' id='word_1_132' title='bbox 2912 516 3049 585; x_wconf 83' lang='lat' dir='ltr'><strong>Quid</strong></span> <span class='ocrx_word' id='word_1_133' title='bbox 3094 518 3280 587; x_wconf 87' lang='lat' dir='ltr'><strong>loquar</strong></span> <span class='ocrx_word' id='word_1_134' title='bbox 3323 517 3506 572; x_wconf 82' lang='lat' dir='ltr'><strong>Martis</strong></span> <span class='ocrx_word' id='word_1_135' title='bbox 3547 530 3600 573; x_wconf 92' lang='lat' dir='ltr'><strong>et</strong></span> <span class='ocrx_word' id='word_1_136' title='bbox 3640 518 3872 575; x_wconf 79' lang='lat' dir='ltr'><strong>Veneris</strong></span> 
     </span>
    </p>
   </div>
   <div class='ocr_carea' id='block_1_20' title="bbox 2270 609 3874 684">
    <p class='ocr_par' dir='ltr' id='par_1_20' title="bbox 2270 609 3874 684">
     <span class='ocr_line' id='line_1_20' title="bbox 2270 609 3874 684; baseline 0.002 -19"><span class='ocrx_word' id='word_1_137' title='bbox 2270 609 2598 665; x_wconf 51' lang='lat' dir='ltr'><strong>adulterium</strong></span> <span class='ocrx_word' id='word_1_138' title='bbox 2639 609 3068 679; x_wconf 88' lang='lat' dir='ltr'><strong>deprehensum?</strong></span> <span class='ocrx_word' id='word_1_139' title='bbox 3112 621 3167 666; x_wconf 91' lang='lat' dir='ltr'><strong>et</strong></span> <span class='ocrx_word' id='word_1_140' title='bbox 3209 613 3259 666; x_wconf 92' lang='lat' dir='ltr'><strong>in</strong></span> <span class='ocrx_word' id='word_1_141' title='bbox 3309 611 3678 684; x_wconf 86' lang='lat' dir='ltr'><strong>Ganymedem</strong></span> <span class='ocrx_word' id='word_1_142' title='bbox 3725 613 3874 668; x_wconf 85' lang='lat' dir='ltr'><strong>Jovis</strong></span> 
     </span>
    </p>
   </div>
   <div class='ocr_carea' id='block_1_21' title="bbox 2272 702 3865 775">
    <p class='ocr_par' dir='ltr' id='par_1_21' title="bbox 2272 702 3865 775">
     <span class='ocr_line' id='line_1_21' title="bbox 2272 702 3865 775; baseline 0.003 -19"><span class='ocrx_word' id='word_1_143' title='bbox 2272 711 2516 771; x_wconf 89' lang='lat' dir='ltr'><strong>stuprum</strong></span> <span class='ocrx_word' id='word_1_144' title='bbox 2545 702 2684 758; x_wconf 72' lang='lat' dir='ltr'><strong>cmlo</strong></span> <span class='ocrx_word' id='word_1_145' title='bbox 2710 704 3122 758; x_wconf 87' lang='lat' dir='ltr'><strong>consecratum?</strong></span> <span class='ocrx_word' id='word_1_146' title='bbox 3151 720 3269 774; x_wconf 75' lang='lat' dir='ltr'><strong>qum</strong></span> <span class='ocrx_word' id='word_1_147' title='bbox 3306 705 3485 758; x_wconf 90' lang='lat' dir='ltr'><strong>omnia</strong></span> <span class='ocrx_word' id='word_1_148' title='bbox 3519 705 3572 758; x_wconf 93' lang='lat' dir='ltr'><strong>in</strong></span> <span class='ocrx_word' id='word_1_149' title='bbox 3608 707 3711 759; x_wconf 93' lang='lat' dir='ltr'><strong>hoc</strong></span> <span class='ocrx_word' id='word_1_150' title='bbox 3738 720 3865 775; x_wconf 87' lang='lat' dir='ltr'><strong>pro-</strong></span> 
     </span>
    </p>
   </div>
   <div class='ocr_carea' id='block_1_22' title="bbox 2273 792 3874 867">
    <p class='ocr_par' dir='ltr' id='par_1_22' title="bbox 2273 792 3874 867">
     <span class='ocr_line' id='line_1_22' title="bbox 2273 792 3874 867; baseline 0.003 -19"><span class='ocrx_word' id='word_1_151' title='bbox 2273 792 2415 857; x_wconf 90' lang='lat' dir='ltr'><strong>dita,</strong></span> <span class='ocrx_word' id='word_1_152' title='bbox 2457 803 2515 847; x_wconf 91' lang='lat' dir='ltr'><strong>nt</strong></span> <span class='ocrx_word' id='word_1_153' title='bbox 2555 794 2697 848; x_wconf 78' lang='lat' dir='ltr'><strong>vitiis</strong></span> <span class='ocrx_word' id='word_1_154' title='bbox 2738 793 3016 850; x_wconf 89' lang='lat' dir='ltr'><strong>hominum</strong></span> <span class='ocrx_word' id='word_1_155' title='bbox 3046 795 3291 864; x_wconf 69' lang='lat' dir='ltr'><strong>quaedam</strong></span> <span class='ocrx_word' id='word_1_156' title='bbox 3323 797 3618 850; x_wconf 88' lang='lat' dir='ltr'><strong>auctoritas</strong></span> <span class='ocrx_word' id='word_1_157' title='bbox 3649 813 3874 867; x_wconf 84' lang='lat' dir='ltr'><strong>parare-</strong></span> 
     </span>
    </p>
   </div>
   <div class='ocr_carea' id='block_1_23' title="bbox 2278 885 3874 955">
    <p class='ocr_par' dir='ltr' id='par_1_23' title="bbox 2278 885 3874 955">
     <span class='ocr_line' id='line_1_23' title="bbox 2278 885 3874 955; baseline 0.002 -15"><span class='ocrx_word' id='word_1_158' title='bbox 2278 896 2382 941; x_wconf 91' lang='lat' dir='ltr'><strong>tur.</strong></span> <span class='ocrx_word' id='word_1_159' title='bbox 2413 885 2506 940; x_wconf 84' lang='lat' dir='ltr'><strong>llis</strong></span> <span class='ocrx_word' id='word_1_160' title='bbox 2535 895 2696 955; x_wconf 83' lang='lat' dir='ltr'><strong>atque</strong></span> <span class='ocrx_word' id='word_1_161' title='bbox 2727 885 3032 954; x_wconf 88' lang='lat' dir='ltr'><strong>hujusmodi</strong></span> <span class='ocrx_word' id='word_1_162' title='bbox 3063 887 3331 954; x_wconf 82' lang='lat' dir='ltr'><strong>figmentis</strong></span> <span class='ocrx_word' id='word_1_163' title='bbox 3357 898 3411 942; x_wconf 87' lang='lat' dir='ltr'><strong>et</strong></span> <span class='ocrx_word' id='word_1_164' title='bbox 3435 889 3729 943; x_wconf 83' lang='lat' dir='ltr'><strong>mendaciis</strong></span> <span class='ocrx_word' id='word_1_165' title='bbox 3751 889 3874 943; x_wconf 87' lang='lat' dir='ltr'><strong>dul-</strong></span> 
     </span>
    </p>
   </div>
   <div class='ocr_carea' id='block_1_24' title="bbox 2275 977 3872 1049">
    <p class='ocr_par' dir='ltr' id='par_1_24' title="bbox 2275 977 3872 1049">
     <span class='ocr_line' id='line_1_24' title="bbox 2275 977 3872 1049; baseline 0.002 -17"><span class='ocrx_word' id='word_1_166' title='bbox 2275 977 2509 1032; x_wconf 85' lang='lat' dir='ltr'><strong>cioribus</strong></span> <span class='ocrx_word' id='word_1_167' title='bbox 2538 988 2956 1048; x_wconf 83' lang='lat' dir='ltr'><strong>eorrumptmtur</strong></span> <span class='ocrx_word' id='word_1_168' title='bbox 2985 979 3196 1048; x_wconf 83' lang='lat' dir='ltr'><strong>ingenia</strong></span> <span class='ocrx_word' id='word_1_169' title='bbox 3221 995 3531 1049; x_wconf 84' lang='lat' dir='ltr'><strong>puerorum,</strong></span> <span class='ocrx_word' id='word_1_170' title='bbox 3564 991 3637 1046; x_wconf 91' lang='lat' dir='ltr'><strong>et,</strong></span> <span class='ocrx_word' id='word_1_171' title='bbox 3667 981 3872 1036; x_wconf 86' lang='lat' dir='ltr'><strong>hisdem</strong></span> 
     </span>
    </p>
   </div>
   <div class='ocr_carea' id='block_1_25' title="bbox 2277 1068 3877 1140">
    <p class='ocr_par' dir='ltr' id='par_1_25' title="bbox 2277 1068 3877 1140">
     <span class='ocr_line' id='line_1_25' title="bbox 2277 1068 3877 1140; baseline 0.004 -18"><span class='ocrx_word' id='word_1_172' title='bbox 2277 1068 2472 1122; x_wconf 85' lang='lat' dir='ltr'><strong>fabulis</strong></span> <span class='ocrx_word' id='word_1_173' title='bbox 2515 1071 2924 1130; x_wconf 80' lang='lat' dir='ltr'><strong>inluerentibus.</strong></span> <span class='ocrx_word' id='word_1_174' title='bbox 2961 1070 3027 1125; x_wconf 85' lang='lat' dir='ltr'><strong>ad</strong></span> <span class='ocrx_word' id='word_1_175' title='bbox 3061 1086 3230 1140; x_wconf 87' lang='lat' dir='ltr'><strong>usque</strong></span> <span class='ocrx_word' id='word_1_176' title='bbox 3258 1087 3483 1126; x_wconf 78' lang='lat' dir='ltr'><strong>suntm-.1:</strong></span> <span class='ocrx_word' id='word_1_177' title='bbox 3509 1073 3684 1127; x_wconf 62' lang='lat' dir='ltr'><strong>aetatis</strong></span> <span class='ocrx_word' id='word_1_178' title='bbox 3713 1075 3877 1128; x_wconf 85' lang='lat' dir='ltr'><strong>robor</strong></span> 
     </span>
    </p>
   </div>
   <div class='ocr_carea' id='block_1_26' title="bbox 2277 1165 3872 1234">
    <p class='ocr_par' dir='ltr' id='par_1_26' title="bbox 2277 1165 3872 1234">
     <span class='ocr_line' id='line_1_26' title="bbox 2277 1165 3872 1234; baseline 0.002 -14"><span class='ocrx_word' id='word_1_179' title='bbox 2277 1165 2627 1228; x_wconf 86' lang='lat' dir='ltr'><strong>adolescunt,</strong></span> <span class='ocrx_word' id='word_1_180' title='bbox 2669 1177 2722 1220; x_wconf 91' lang='lat' dir='ltr'><strong>et</strong></span> <span class='ocrx_word' id='word_1_181' title='bbox 2756 1167 2806 1220; x_wconf 91' lang='lat' dir='ltr'><strong>in</strong></span> <span class='ocrx_word' id='word_1_182' title='bbox 2851 1165 3039 1219; x_wconf 85' lang='lat' dir='ltr'><strong>iisdem</strong></span> <span class='ocrx_word' id='word_1_183' title='bbox 3083 1167 3427 1234; x_wconf 86' lang='lat' dir='ltr'><strong>opinionibus</strong></span> <span class='ocrx_word' id='word_1_184' title='bbox 3457 1166 3636 1221; x_wconf 83' lang='lat' dir='ltr'><strong>miseri</strong></span> <span class='ocrx_word' id='word_1_185' title='bbox 3683 1182 3872 1223; x_wconf 85' lang='lat' dir='ltr'><strong>conse-</strong></span> 
     </span>
    </p>
   </div>
   <div class='ocr_carea' id='block_1_27' title="bbox 2279 1261 3873 1332">
    <p class='ocr_par' dir='ltr' id='par_1_27' title="bbox 2279 1261 3873 1332">
     <span class='ocr_line' id='line_1_27' title="bbox 2279 1261 3873 1332; baseline 0.001 -17"><span class='ocrx_word' id='word_1_186' title='bbox 2279 1271 2526 1326; x_wconf 88' lang='lat' dir='ltr'><strong>nescunt,</strong></span> <span class='ocrx_word' id='word_1_187' title='bbox 2554 1277 2718 1330; x_wconf 91' lang='lat' dir='ltr'><strong>quum</strong></span> <span class='ocrx_word' id='word_1_188' title='bbox 2745 1261 2814 1315; x_wconf 85' lang='lat' dir='ltr'><strong>sit</strong></span> <span class='ocrx_word' id='word_1_189' title='bbox 2853 1261 3052 1315; x_wconf 79' lang='lat' dir='ltr'><strong>veritas</strong></span> <span class='ocrx_word' id='word_1_190' title='bbox 3084 1262 3245 1316; x_wconf 88' lang='lat' dir='ltr'><strong>obvia</strong></span> <span class='ocrx_word' id='word_1_191' title='bbox 3271 1303 3284 1325; x_wconf 86' lang='lat'><strong>,</strong></span> <span class='ocrx_word' id='word_1_192' title='bbox 3317 1261 3410 1315; x_wconf 89' lang='lat' dir='ltr'><strong>sed</strong></span> <span class='ocrx_word' id='word_1_193' title='bbox 3457 1265 3873 1332; x_wconf 83' lang='lat' dir='ltr'><strong>requirentibus.</strong></span> 
     </span>
    </p>
   </div>
   <div class='ocr_carea' id='block_1_28' title="bbox 2279 1354 3879 1425">
    <p class='ocr_par' dir='ltr' id='par_1_28' title="bbox 2279 1354 3879 1425">
     <span class='ocr_line' id='line_1_28' title="bbox 2279 1354 3879 1425; baseline 0.001 -15"><span class='ocrx_word' id='word_1_194' title='bbox 2279 1354 2569 1410; x_wconf 87' lang='lat' dir='ltr'><strong>Saturnum</strong></span> <span class='ocrx_word' id='word_1_195' title='bbox 2584 1355 2726 1410; x_wconf 89' lang='lat' dir='ltr'><strong>enim</strong></span> <span class='ocrx_word' id='word_1_196' title='bbox 2751 1355 2794 1385; x_wconf 73' lang='grc'>³³</span> <span class='ocrx_word' id='word_1_197' title='bbox 2812 1355 3106 1425; x_wconf 88' lang='lat' dir='ltr'><strong>principem</strong></span> <span class='ocrx_word' id='word_1_198' title='bbox 3124 1355 3283 1422; x_wconf 82' lang='lat' dir='ltr'><strong>hujus</strong></span> <span class='ocrx_word' id='word_1_199' title='bbox 3296 1356 3530 1425; x_wconf 79' lang='lat' dir='ltr'><strong>generis,</strong></span> <span class='ocrx_word' id='word_1_200' title='bbox 3548 1365 3600 1411; x_wconf 88' lang='lat' dir='ltr'><strong>et</strong></span> <span class='ocrx_word' id='word_1_201' title='bbox 3615 1357 3879 1412; x_wconf 74' lang='lat' dir='ltr'><strong>examinis</strong></span> 
     </span>
    </p>
   </div>
   <div class='ocr_carea' id='block_1_29' title="bbox 2279 1447 3882 1518">
    <p class='ocr_par' dir='ltr' id='par_1_29' title="bbox 2279 1447 3882 1518">
     <span class='ocr_line' id='line_1_29' title="bbox 2279 1447 3882 1518; baseline -0.001 -14"><span class='ocrx_word' id='word_1_202' title='bbox 2279 1462 2470 1504; x_wconf 87' lang='lat' dir='ltr'><strong>Omnes</strong></span> <span class='ocrx_word' id='word_1_203' title='bbox 2500 1449 2794 1513; x_wconf 89' lang='lat' dir='ltr'><strong>scriptores</strong></span> <span class='ocrx_word' id='word_1_204' title='bbox 2838 1450 3136 1510; x_wconf 74' lang='lat' dir='ltr'><strong>vetustatis,</strong></span> <span class='ocrx_word' id='word_1_205' title='bbox 3169 1447 3341 1503; x_wconf 81' lang='lat' dir='ltr'><strong>Cra-ci</strong></span> <span class='ocrx_word' id='word_1_206' title='bbox 3388 1448 3742 1518; x_wconf 76' lang='lat' dir='ltr'><strong>Romanique,</strong></span> <span class='ocrx_word' id='word_1_207' title='bbox 3785 1450 3882 1503; x_wconf 93' lang='lat' dir='ltr'><strong>ho-</strong></span> 
     </span>
    </p>
   </div>
   <div class='ocr_carea' id='block_1_30' title="bbox 2281 1539 3878 1609">
    <p class='ocr_par' dir='ltr' id='par_1_30' title="bbox 2281 1539 3878 1609">
     <span class='ocr_line' id='line_1_30' title="bbox 2281 1539 3878 1609; baseline 0.001 -16"><span class='ocrx_word' id='word_1_208' title='bbox 2281 1540 2480 1594; x_wconf 86' lang='lat' dir='ltr'><strong>minem</strong></span> <span class='ocrx_word' id='word_1_209' title='bbox 2527 1539 2896 1609; x_wconf 86' lang='lat' dir='ltr'><strong>prodidernnt.</strong></span> <span class='ocrx_word' id='word_1_210' title='bbox 2939 1541 3052 1594; x_wconf 72' lang='lat' dir='ltr'><strong>Scit</strong></span> <span class='ocrx_word' id='word_1_211' title='bbox 3101 1540 3204 1594; x_wconf 89' lang='lat' dir='ltr'><strong>hoc</strong></span> <span class='ocrx_word' id='word_1_212' title='bbox 3245 1539 3422 1607; x_wconf 83' lang='lat' dir='ltr'><strong>Nepos</strong></span> <span class='ocrx_word' id='word_1_213' title='bbox 3465 1548 3520 1594; x_wconf 90' lang='lat' dir='ltr'><strong>et</strong></span> <span class='ocrx_word' id='word_1_214' title='bbox 3566 1539 3784 1595; x_wconf 88' lang='lat' dir='ltr'><strong>Cassius</strong></span> <span class='ocrx_word' id='word_1_215' title='bbox 3827 1544 3878 1595; x_wconf 93' lang='lat' dir='ltr'><strong>in</strong></span> 
     </span>
    </p>
   </div>
   <div class='ocr_carea' id='block_1_31' title="bbox 2282 1631 3882 1702">
    <p class='ocr_par' dir='ltr' id='par_1_31' title="bbox 2282 1631 3882 1702">
     <span class='ocr_line' id='line_1_31' title="bbox 2282 1631 3882 1702; baseline 0.001 -16"><span class='ocrx_word' id='word_1_216' title='bbox 2282 1631 2542 1694; x_wconf 88' lang='lat' dir='ltr'><strong>historia,</strong></span> <span class='ocrx_word' id='word_1_217' title='bbox 2584 1641 2640 1686; x_wconf 91' lang='lat' dir='ltr'><strong>et</strong></span> <span class='ocrx_word' id='word_1_218' title='bbox 2667 1631 2893 1686; x_wconf 88' lang='lat' dir='ltr'><strong>Thallus</strong></span> <span class='ocrx_word' id='word_1_219' title='bbox 2940 1647 3003 1686; x_wconf 88' lang='lat' dir='ltr'><strong>ac</strong></span> <span class='ocrx_word' id='word_1_220' title='bbox 3035 1631 3301 1685; x_wconf 90' lang='lat' dir='ltr'><strong>Diodorus</strong></span> <span class='ocrx_word' id='word_1_221' title='bbox 3332 1631 3432 1685; x_wconf 92' lang='lat' dir='ltr'><strong>hoc</strong></span> <span class='ocrx_word' id='word_1_222' title='bbox 3477 1631 3786 1702; x_wconf 88' lang='lat' dir='ltr'><strong>loquuntur.</strong></span> <span class='ocrx_word' id='word_1_223' title='bbox 3832 1634 3882 1688; x_wconf 88' lang='lat' dir='ltr'><strong>is</strong></span> 
     </span>
    </p>
   </div>
   <div class='ocr_carea' id='block_1_32' title="bbox 2282 1723 3882 1798">
    <p class='ocr_par' dir='ltr' id='par_1_32' title="bbox 2282 1723 3882 1798">
     <span class='ocr_line' id='line_1_32' title="bbox 2282 1723 3882 1798; baseline -0.001 -16"><span class='ocrx_word' id='word_1_224' title='bbox 2282 1727 2464 1798; x_wconf 84' lang='lat' dir='ltr'><strong>itaque</strong></span> <span class='ocrx_word' id='word_1_225' title='bbox 2493 1726 2780 1790; x_wconf 85' lang='lat' dir='ltr'><strong>Saturnus,</strong></span> <span class='ocrx_word' id='word_1_226' title='bbox 2811 1723 2969 1780; x_wconf 85' lang='lat' dir='ltr'><strong>Creta</strong></span> <span class='ocrx_word' id='word_1_227' title='bbox 3013 1723 3288 1793; x_wconf 71' lang='lat' dir='ltr'><strong>profugus,</strong></span> <span class='ocrx_word' id='word_1_228' title='bbox 3322 1724 3553 1789; x_wconf 86' lang='lat' dir='ltr'><strong>Italiam,</strong></span> <span class='ocrx_word' id='word_1_229' title='bbox 3601 1733 3743 1778; x_wconf 91' lang='lat' dir='ltr'><strong>metu</strong></span> <span class='ocrx_word' id='word_1_230' title='bbox 3789 1725 3882 1780; x_wconf 89' lang='lat' dir='ltr'><strong>lilii</strong></span> 
     </span>
    </p>
   </div>
   <div class='ocr_carea' id='block_1_33' title="bbox 567 1817 2187 1895">
    <p class='ocr_par' dir='ltr' id='par_1_33' title="bbox 567 1817 2168 1884">
     <span class='ocr_line' id='line_1_33' title="bbox 567 1817 2168 1884; baseline -0.004 -7"><span class='ocrx_word' id='word_1_231' title='bbox 567 1821 775 1878; x_wconf 81' lang='lat' dir='ltr'><strong>fulmen</strong></span> <span class='ocrx_word' id='word_1_232' title='bbox 843 1835 966 1874; x_wconf 90' lang='lat' dir='ltr'><strong>cum</strong></span> <span class='ocrx_word' id='word_1_233' title='bbox 1022 1817 1213 1873; x_wconf 57' lang='lat' dir='ltr'><strong>{Eneae</strong></span> <span class='ocrx_word' id='word_1_234' title='bbox 1275 1817 1440 1871; x_wconf 86' lang='lat' dir='ltr'><strong>armis</strong></span> <span class='ocrx_word' id='word_1_235' title='bbox 1499 1817 1550 1870; x_wconf 90' lang='lat' dir='ltr'><strong>in</strong></span> <span class='ocrx_word' id='word_1_236' title='bbox 1611 1817 1803 1872; x_wconf 89' lang='lat' dir='ltr'><strong>incude</strong></span> <span class='ocrx_word' id='word_1_237' title='bbox 1857 1817 2168 1884; x_wconf 88' lang='lat' dir='ltr'><strong>fabricatur,</strong></span> 
     </span>
    </p>
   </div>
   <div class='ocr_carea' id='block_1_34' title="bbox 2293 1817 3874 1895">
    <p class='ocr_par' dir='ltr' id='par_1_34' title="bbox 2293 1817 3874 1888">
     <span class='ocr_line' id='line_1_34' title="bbox 2293 1817 3874 1888; baseline -0.004 -12"><span class='ocrx_word' id='word_1_238' title='bbox 2293 1823 2550 1877; x_wconf 74' lang='lat' dir='ltr'><strong>saevientis</strong></span> <span class='ocrx_word' id='word_1_239' title='bbox 2571 1864 2586 1886; x_wconf 93' lang='lat'><strong>,</strong></span> <span class='ocrx_word' id='word_1_240' title='bbox 2619 1828 2954 1882; x_wconf 69' lang='lat' dir='ltr'><strong>acces~erat,</strong></span> <span class='ocrx_word' id='word_1_241' title='bbox 2995 1828 3080 1882; x_wconf 87' lang='lat' dir='ltr'><strong>et,</strong></span> <span class='ocrx_word' id='word_1_242' title='bbox 3126 1817 3247 1872; x_wconf 85' lang='lat' dir='ltr'><strong>.laui</strong></span> <span class='ocrx_word' id='word_1_243' title='bbox 3291 1830 3574 1886; x_wconf 81' lang='lat' dir='ltr'><strong>susceptus</strong></span> <span class='ocrx_word' id='word_1_244' title='bbox 3605 1817 3874 1888; x_wconf 58' lang='grc' dir='ltr'><strong>Ιιοερὶιίο,</strong></span> 
     </span>
    </p>
   </div>
   <div class='ocr_carea' id='block_1_35' title="bbox 571 1909 2180 1988">
    <p class='ocr_par' dir='ltr' id='par_1_35' title="bbox 571 1909 2180 1988">
     <span class='ocr_line' id='line_1_35' title="bbox 571 1909 2180 1988; baseline -0.002 -18"><span class='ocrx_word' id='word_1_245' title='bbox 571 1932 737 1988; x_wconf 89' lang='lat' dir='ltr'><strong>quum</strong></span> <span class='ocrx_word' id='word_1_246' title='bbox 770 1915 965 1970; x_wconf 70' lang='lat' dir='ltr'><strong>cmlum</strong></span> <span class='ocrx_word' id='word_1_247' title='bbox 997 1922 1050 1966; x_wconf 90' lang='lat' dir='ltr'><strong>et</strong></span> <span class='ocrx_word' id='word_1_248' title='bbox 1092 1911 1312 1966; x_wconf 86' lang='lat' dir='ltr'><strong>fulmina</strong></span> <span class='ocrx_word' id='word_1_249' title='bbox 1355 1918 1408 1965; x_wconf 92' lang='lat' dir='ltr'><strong>ct</strong></span> <span class='ocrx_word' id='word_1_250' title='bbox 1445 1909 1658 1980; x_wconf 84' lang='lat' dir='ltr'><strong>fulgura</strong></span> <span class='ocrx_word' id='word_1_251' title='bbox 1703 1910 1859 1981; x_wconf 83' lang='lat' dir='ltr'><strong>longe</strong></span> <span class='ocrx_word' id='word_1_252' title='bbox 1899 1922 2025 1965; x_wconf 86' lang='lat' dir='ltr'><strong>ante</strong></span> <span class='ocrx_word' id='word_1_253' title='bbox 2061 1911 2180 1966; x_wconf 86' lang='lat' dir='ltr'><strong>fue-</strong></span> 
     </span>
    </p>
   </div>
   <div class='ocr_carea' id='block_1_36' title="bbox 573 2004 2178 2081">
    <p class='ocr_par' dir='ltr' id='par_1_36' title="bbox 573 2004 2178 2081">
     <span class='ocr_line' id='line_1_36' title="bbox 573 2004 2178 2081; baseline -0.003 -15"><span class='ocrx_word' id='word_1_254' title='bbox 573 2011 686 2066; x_wconf 86' lang='lat' dir='ltr'><strong>rint</strong></span> <span class='ocrx_word' id='word_1_255' title='bbox 739 2024 899 2081; x_wconf 90' lang='lat' dir='ltr'><strong>quam</strong></span> <span class='ocrx_word' id='word_1_256' title='bbox 939 2007 1147 2079; x_wconf 83' lang='lat' dir='ltr'><strong>Jupiter</strong></span> <span class='ocrx_word' id='word_1_257' title='bbox 1178 2009 1230 2062; x_wconf 91' lang='lat' dir='ltr'><strong>in</strong></span> <span class='ocrx_word' id='word_1_258' title='bbox 1273 2004 1430 2061; x_wconf 88' lang='lat' dir='ltr'><strong>Creta</strong></span> <span class='ocrx_word' id='word_1_259' title='bbox 1469 2017 1815 2072; x_wconf 86' lang='lat' dir='ltr'><strong>nasceretur,</strong></span> <span class='ocrx_word' id='word_1_260' title='bbox 1849 2013 1904 2062; x_wconf 93' lang='lat' dir='ltr'><strong>et</strong></span> <span class='ocrx_word' id='word_1_261' title='bbox 1934 2005 2178 2061; x_wconf 82' lang='lat' dir='ltr'><strong>ﬂammas</strong></span> 
     </span>
    </p>
   </div>
   <div class='ocr_carea' id='block_1_37' title="bbox 2283 1909 3887 1981">
    <p class='ocr_par' dir='ltr' id='par_1_37' title="bbox 2283 1909 3887 1981">
     <span class='ocr_line' id='line_1_37' title="bbox 2283 1909 3887 1981; baseline -0.005 -12"><span class='ocrx_word' id='word_1_262' title='bbox 2283 1913 2446 1969; x_wconf 84' lang='lat' dir='ltr'><strong>rudes</strong></span> <span class='ocrx_word' id='word_1_263' title='bbox 2490 1912 2613 1967; x_wconf 90' lang='lat' dir='ltr'><strong>illos</strong></span> <span class='ocrx_word' id='word_1_264' title='bbox 2654 1910 2900 1967; x_wconf 76' lang='lat' dir='ltr'><strong>hoinines</strong></span> <span class='ocrx_word' id='word_1_265' title='bbox 2944 1920 2997 1964; x_wconf 88' lang='lat' dir='ltr'><strong>et</strong></span> <span class='ocrx_word' id='word_1_266' title='bbox 3040 1922 3282 1981; x_wconf 81' lang='lat' dir='ltr'><strong>agrestes</strong></span> <span class='ocrx_word' id='word_1_267' title='bbox 3328 1909 3495 1964; x_wconf 80' lang='lat' dir='ltr'><strong>inulta</strong></span> <span class='ocrx_word' id='word_1_268' title='bbox 3546 1910 3767 1973; x_wconf 87' lang='lat' dir='ltr'><strong>docuit,</strong></span> <span class='ocrx_word' id='word_1_269' title='bbox 3829 1920 3887 1962; x_wconf 89' lang='lat' dir='ltr'><strong>ut</strong></span> 
     </span>
    </p>
   </div>
   <div class='ocr_carea' id='block_1_38' title="bbox 2286 2005 3886 2077">
    <p class='ocr_par' dir='ltr' id='par_1_38' title="bbox 2286 2005 3886 2077">
     <span class='ocr_line' id='line_1_38' title="bbox 2286 2005 3886 2077; baseline -0.001 -17"><span class='ocrx_word' id='word_1_270' title='bbox 2286 2006 2550 2077; x_wconf 58' lang='lat' dir='ltr'><strong>graculus</strong></span> <span class='ocrx_word' id='word_1_271' title='bbox 2577 2016 2633 2062; x_wconf 90' lang='lat' dir='ltr'><strong>et</strong></span> <span class='ocrx_word' id='word_1_272' title='bbox 2657 2005 2856 2077; x_wconf 88' lang='lat' dir='ltr'><strong>politus</strong></span> <span class='ocrx_word' id='word_1_273' title='bbox 2881 2047 2895 2074; x_wconf 93' lang='lat'><strong>,</strong></span> <span class='ocrx_word' id='word_1_274' title='bbox 2927 2005 3131 2060; x_wconf 87' lang='lat' dir='ltr'><strong>litteras</strong></span> <span class='ocrx_word' id='word_1_275' title='bbox 3159 2005 3469 2074; x_wconf 84' lang='lat' dir='ltr'><strong>imprimere</strong></span> <span class='ocrx_word' id='word_1_276' title='bbox 3489 2045 3502 2069; x_wconf 93' lang='lat'><strong>,</strong></span> <span class='ocrx_word' id='word_1_277' title='bbox 3535 2019 3784 2058; x_wconf 92' lang='lat' dir='ltr'><strong>nummos</strong></span> <span class='ocrx_word' id='word_1_278' title='bbox 3812 2005 3886 2058; x_wconf 84' lang='lat' dir='ltr'><strong>si-</strong></span> 
     </span>
    </p>
   </div>
   <div class='ocr_carea' id='block_1_39' title="bbox 1899 2142 2529 2200">
    <p class='ocr_par' dir='ltr' id='par_1_39' title="bbox 1899 2142 2529 2200">
     <span class='ocr_line' id='line_1_39' title="bbox 1899 2142 2529 2200; baseline -0.003 -1"><span class='ocrx_word' id='word_1_279' title='bbox 1899 2142 2259 2200; x_wconf 80' lang='lat' dir='ltr'><strong>VARIORUM</strong></span> <span class='ocrx_word' id='word_1_280' title='bbox 2297 2142 2529 2200; x_wconf 64' lang='lat' dir='ltr'><strong>NOTAE.</strong></span> 
     </span>
    </p>
   </div>
   <div class='ocr_carea' id='block_1_40' title="bbox 573 2285 2185 2350">
    <p class='ocr_par' dir='ltr' id='par_1_40' title="bbox 573 2285 2185 2350">
     <span class='ocr_line' id='line_1_40' title="bbox 573 2285 2185 2350; baseline -0.005 0"><span class='ocrx_word' id='word_1_281' title='bbox 573 2309 702 2350; x_wconf 77' lang='lat' dir='ltr'><strong>cero</strong></span> <span class='ocrx_word' id='word_1_282' title='bbox 748 2293 799 2348; x_wconf 92' lang='lat' dir='ltr'><strong>in</strong></span> <span class='ocrx_word' id='word_1_283' title='bbox 857 2292 1004 2345; x_wconf 82' lang='lat' dir='ltr'><strong>Orat.</strong></span> <span class='ocrx_word' id='word_1_284' title='bbox 1035 2290 1106 2346; x_wconf 69' lang='grc'><strong>81</strong></span> <span class='ocrx_word' id='word_1_285' title='bbox 1140 2307 1152 2344; x_wconf 90' lang='grc'>;</span> <span class='ocrx_word' id='word_1_286' title='bbox 1187 2287 1465 2342; x_wconf 84' lang='lat' dir='ltr'><strong>Eloborata</strong></span> <span class='ocrx_word' id='word_1_287' title='bbox 1482 2285 1813 2340; x_wconf 79' lang='lat' dir='ltr'><strong>concinnitas.</strong></span> <span class='ocrx_word' id='word_1_288' title='bbox 1837 2285 2185 2342; x_wconf 84' lang='lat' dir='ltr'><strong>lieumannus</strong></span> 
     </span>
    </p>
   </div>
   <div class='ocr_carea' id='block_1_41' title="bbox 575 2361 1447 2437">
    <p class='ocr_par' dir='ltr' id='par_1_41' title="bbox 575 2361 1447 2437">
     <span class='ocr_line' id='line_1_41' title="bbox 575 2361 1447 2437; baseline -0.008 -18"><span class='ocrx_word' id='word_1_289' title='bbox 575 2367 707 2437; x_wconf 79' lang='lat' dir='ltr'><strong>legit</strong></span> <span class='ocrx_word' id='word_1_290' title='bbox 734 2365 1139 2417; x_wconf 82' lang='lat' dir='ltr'><strong>rorroboramus.</strong></span> <span class='ocrx_word' id='word_1_291' title='bbox 1191 2361 1447 2437; x_wconf 55' lang='lat' dir='ltr'><strong>insessa.</strong></span> 
     </span>
    </p>
   </div>
   <div class='ocr_carea' id='block_1_42' title="bbox 651 2427 2186 2502">
    <p class='ocr_par' dir='ltr' id='par_1_42' title="bbox 651 2427 2186 2502">
     <span class='ocr_line' id='line_1_42' title="bbox 651 2427 2186 2502; baseline -0.005 -11"><span class='ocrx_word' id='word_1_292' title='bbox 651 2427 939 2490; x_wconf 67' lang='lat' dir='ltr'><strong>Plurimum</strong></span> <span class='ocrx_word' id='word_1_293' title='bbox 962 2443 1226 2502; x_wconf 87' lang='lat' dir='ltr'><strong>quanttnn.</strong></span> <span class='ocrx_word' id='word_1_294' title='bbox 1245 2433 1510 2502; x_wconf 58' lang='lat' dir='ltr'><strong>Celerius</strong></span> <span class='ocrx_word' id='word_1_295' title='bbox 1531 2438 1584 2483; x_wconf 86' lang='lat' dir='ltr'><strong>et</strong></span> <span class='ocrx_word' id='word_1_296' title='bbox 1600 2430 1776 2502; x_wconf 78' lang='lat' dir='ltr'><strong>plures</strong></span> <span class='ocrx_word' id='word_1_297' title='bbox 1791 2428 1879 2502; x_wconf 84' lang='lat' dir='ltr'><strong>alii</strong></span> <span class='ocrx_word' id='word_1_298' title='bbox 1899 2427 2186 2502; x_wconf 73' lang='lat' dir='ltr'><strong>ediderunt</strong></span> 
     </span>
    </p>
   </div>
   <div class='ocr_carea' id='block_1_43' title="bbox 576 2499 2186 2579">
    <p class='ocr_par' dir='ltr' id='par_1_43' title="bbox 576 2499 2186 2579">
     <span class='ocr_line' id='line_1_43' title="bbox 576 2499 2186 2579; baseline -0.004 -18"><span class='ocrx_word' id='word_1_299' title='bbox 576 2510 854 2579; x_wconf 72' lang='lat' dir='ltr'><strong>permirum</strong></span> <span class='ocrx_word' id='word_1_300' title='bbox 891 2499 1138 2579; x_wconf 80' lang='lat' dir='ltr'><strong>quantum</strong></span> <span class='ocrx_word' id='word_1_301' title='bbox 1169 2521 1186 2557; x_wconf 85' lang='lat'><strong>.°</strong></span> <span class='ocrx_word' id='word_1_302' title='bbox 1216 2501 1356 2579; x_wconf 76' lang='lat' dir='ltr'><strong>quod</strong></span> <span class='ocrx_word' id='word_1_303' title='bbox 1388 2502 1564 2579; x_wconf 79' lang='lat' dir='ltr'><strong>etiam</strong></span> <span class='ocrx_word' id='word_1_304' title='bbox 1596 2514 1675 2553; x_wconf 88' lang='lat' dir='ltr'><strong>cSt</strong></span> <span class='ocrx_word' id='word_1_305' title='bbox 1708 2499 1758 2553; x_wconf 93' lang='lat' dir='ltr'><strong>in</strong></span> <span class='ocrx_word' id='word_1_306' title='bbox 1811 2500 2045 2579; x_wconf 76' lang='lat' dir='ltr'><strong>editione</strong></span> <span class='ocrx_word' id='word_1_307' title='bbox 2077 2499 2186 2554; x_wconf 80' lang='lat' dir='ltr'><strong>Ro-</strong></span> 
     </span>
    </p>
   </div>
   <div class='ocr_carea' id='block_1_44' title="bbox 577 2571 2186 2642">
    <p class='ocr_par' dir='ltr' id='par_1_44' title="bbox 577 2571 2186 2642">
     <span class='ocr_line' id='line_1_44' title="bbox 577 2571 2186 2642; baseline -0.007 -9"><span class='ocrx_word' id='word_1_308' title='bbox 577 2571 733 2634; x_wconf 83' lang='lat' dir='ltr'><strong>inana</strong></span> <span class='ocrx_word' id='word_1_309' title='bbox 789 2571 972 2632; x_wconf 31' lang='lat' dir='ltr'><strong>Sed-in</strong></span> <span class='ocrx_word' id='word_1_310' title='bbox 1007 2593 1107 2629; x_wconf 87' lang='lat' dir='ltr'><strong>ms.</strong></span> <span class='ocrx_word' id='word_1_311' title='bbox 1144 2585 1224 2627; x_wconf 79' lang='lat' dir='ltr'><strong>est</strong></span> <span class='ocrx_word' id='word_1_312' title='bbox 1263 2575 1535 2642; x_wconf 87' lang='lat' dir='ltr'><strong>plurimum</strong></span> <span class='ocrx_word' id='word_1_313' title='bbox 1568 2571 2012 2641; x_wconf 87' lang='lat' dir='ltr'><strong>quantum:quod</strong></span> <span class='ocrx_word' id='word_1_314' title='bbox 2041 2581 2186 2625; x_wconf 81' lang='lat' dir='ltr'><strong>recte</strong></span> 
     </span>
    </p>
   </div>
   <div class='ocr_carea' id='block_1_45' title="bbox 578 2642 2182 2711">
    <p class='ocr_par' dir='ltr' id='par_1_45' title="bbox 578 2642 2182 2711">
     <span class='ocr_line' id='line_1_45' title="bbox 578 2642 2182 2711; baseline -0.007 -5"><span class='ocrx_word' id='word_1_315' title='bbox 578 2649 817 2706; x_wconf 82' lang='lat' dir='ltr'><strong>defendit</strong></span> <span class='ocrx_word' id='word_1_316' title='bbox 840 2648 1090 2701; x_wconf 73' lang='lat' dir='ltr'><strong>Cztrrioin</strong></span> <span class='ocrx_word' id='word_1_317' title='bbox 1113 2645 1272 2697; x_wconf 89' lang='lat' dir='ltr'><strong>modo</strong></span> <span class='ocrx_word' id='word_1_318' title='bbox 1295 2644 1507 2697; x_wconf 82' lang='lat' dir='ltr'><strong>laudato</strong></span> <span class='ocrx_word' id='word_1_319' title='bbox 1528 2643 1717 2711; x_wconf 80' lang='lat' dir='ltr'><strong>capite.</strong></span> <span class='ocrx_word' id='word_1_320' title='bbox 1751 2642 1912 2704; x_wconf 59' lang='lat' dir='ltr'><strong>lnl&#39;t&#39;a,</strong></span> <span class='ocrx_word' id='word_1_321' title='bbox 1945 2659 2064 2709; x_wconf 86' lang='lat' dir='ltr'><strong>cap.</strong></span> <span class='ocrx_word' id='word_1_322' title='bbox 2092 2644 2182 2708; x_wconf 73' lang='grc'><strong>41),</strong></span> 
     </span>
    </p>
   </div>
   <div class='ocr_carea' id='block_1_46' title="bbox 579 2712 2190 2786">
    <p class='ocr_par' dir='ltr' id='par_1_46' title="bbox 579 2712 2190 2786">
     <span class='ocr_line' id='line_1_46' title="bbox 579 2712 2190 2786; baseline -0.004 -12"><span class='ocrx_word' id='word_1_323' title='bbox 579 2723 772 2774; x_wconf 78' lang='lat' dir='ltr'><strong>itt-rtttn</strong></span> <span class='ocrx_word' id='word_1_324' title='bbox 821 2722 1057 2772; x_wconf 88' lang='lat' dir='ltr'><strong>occurrit</strong></span> <span class='ocrx_word' id='word_1_325' title='bbox 1097 2718 1376 2786; x_wconf 89' lang='lat' dir='ltr'><strong>plurimum</strong></span> <span class='ocrx_word' id='word_1_326' title='bbox 1433 2725 1724 2784; x_wconf 86' lang='lat' dir='ltr'><strong>quantum:</strong></span> <span class='ocrx_word' id='word_1_327' title='bbox 1751 2712 1894 2783; x_wconf 87' lang='lat' dir='ltr'><strong>quod</strong></span> <span class='ocrx_word' id='word_1_328' title='bbox 1924 2723 1977 2767; x_wconf 83' lang='lat' dir='ltr'><strong>et</strong></span> <span class='ocrx_word' id='word_1_329' title='bbox 2025 2714 2190 2768; x_wconf 88' lang='lat' dir='ltr'><strong>habet</strong></span> 
     </span>
    </p>
   </div>
   <div class='ocr_carea' id='block_1_47' title="bbox 578 2787 1358 2848">
    <p class='ocr_par' dir='ltr' id='par_1_47' title="bbox 578 2787 1358 2848">
     <span class='ocr_line' id='line_1_47' title="bbox 578 2787 1358 2848; baseline -0.012 0"><span class='ocrx_word' id='word_1_330' title='bbox 578 2793 820 2848; x_wconf 84' lang='lat' dir='ltr'><strong>Romana</strong></span> <span class='ocrx_word' id='word_1_331' title='bbox 854 2793 935 2843; x_wconf 83' lang='lat' dir='ltr'><strong>illa</strong></span> <span class='ocrx_word' id='word_1_332' title='bbox 963 2791 1145 2844; x_wconf 73' lang='lat' dir='ltr'><strong>editio.</strong></span> <span class='ocrx_word' id='word_1_333' title='bbox 1184 2787 1358 2841; x_wconf 73' lang='lat' dir='ltr'><strong>llccu.</strong></span> 
     </span>
    </p>
   </div>
   <div class='ocr_carea' id='block_1_48' title="bbox 654 2852 2185 2930">
    <p class='ocr_par' dir='ltr' id='par_1_48' title="bbox 654 2852 2185 2930">
     <span class='ocr_line' id='line_1_48' title="bbox 654 2852 2185 2930; baseline -0.005 -14"><span class='ocrx_word' id='word_1_334' title='bbox 654 2863 768 2930; x_wconf 85' lang='lat' dir='ltr'><strong>Ipsi</strong></span> <span class='ocrx_word' id='word_1_335' title='bbox 810 2880 902 2916; x_wconf 86' lang='lat' dir='ltr'><strong>sua</strong></span> <span class='ocrx_word' id='word_1_336' title='bbox 951 2862 1271 2914; x_wconf 80' lang='lat' dir='ltr'><strong>auctoritate.</strong></span> <span class='ocrx_word' id='word_1_337' title='bbox 1317 2857 1507 2912; x_wconf 79' lang='lat' dir='ltr'><strong>Cicero</strong></span> <span class='ocrx_word' id='word_1_338' title='bbox 1537 2857 1605 2911; x_wconf 86' lang='lat' dir='ltr'><strong>de</strong></span> <span class='ocrx_word' id='word_1_339' title='bbox 1644 2853 1772 2908; x_wconf 87' lang='lat' dir='ltr'><strong>Nat.</strong></span> <span class='ocrx_word' id='word_1_340' title='bbox 1814 2852 1969 2907; x_wconf 86' lang='lat' dir='ltr'><strong>Deor.</strong></span> <span class='ocrx_word' id='word_1_341' title='bbox 2001 2871 2037 2918; x_wconf 92' lang='lat' dir='ltr'><strong>t,</strong></span> <span class='ocrx_word' id='word_1_342' title='bbox 2070 2855 2185 2930; x_wconf 56' lang='lat'><strong>46}</strong></span> 
     </span>
    </p>
   </div>
   <div class='ocr_carea' id='block_1_49' title="bbox 582 2927 2192 2997">
    <p class='ocr_par' dir='ltr' id='par_1_49' title="bbox 582 2927 2192 2997">
     <span class='ocr_line' id='line_1_49' title="bbox 582 2927 2192 2997; baseline -0.006 -9"><span class='ocrx_word' id='word_1_343' title='bbox 582 2927 698 2989; x_wconf 75' lang='lat' dir='ltr'><strong>Nec</strong></span> <span class='ocrx_word' id='word_1_344' title='bbox 718 2935 846 2986; x_wconf 80' lang='lat' dir='ltr'><strong>enim</strong></span> <span class='ocrx_word' id='word_1_345' title='bbox 887 2936 1044 2986; x_wconf 81' lang='lat' dir='ltr'><strong>nmlto</strong></span> <span class='ocrx_word' id='word_1_346' title='bbox 1076 2931 1379 2984; x_wconf 87' lang='lat' dir='ltr'><strong>absurdiora</strong></span> <span class='ocrx_word' id='word_1_347' title='bbox 1405 2939 1520 2981; x_wconf 87' lang='lat' dir='ltr'><strong>sunt</strong></span> <span class='ocrx_word' id='word_1_348' title='bbox 1541 2946 1599 2981; x_wconf 89' lang='lat' dir='ltr'><strong>ea</strong></span> <span class='ocrx_word' id='word_1_349' title='bbox 1621 2944 1733 2997; x_wconf 78' lang='lat' dir='ltr'><strong>qua:</strong></span> <span class='ocrx_word' id='word_1_350' title='bbox 1757 2938 2020 2995; x_wconf 87' lang='lat' dir='ltr'><strong>poetarum</strong></span> <span class='ocrx_word' id='word_1_351' title='bbox 2057 2927 2192 2979; x_wconf 86' lang='lat' dir='ltr'><strong>voci-</strong></span> 
     </span>
    </p>
   </div>
   <div class='ocr_carea' id='block_1_50' title="bbox 581 2997 2189 3075">
    <p class='ocr_par' dir='ltr' id='par_1_50' title="bbox 581 2997 2189 3075">
     <span class='ocr_line' id='line_1_50' title="bbox 581 2997 2189 3075; baseline -0.005 -17"><span class='ocrx_word' id='word_1_352' title='bbox 581 3010 672 3058; x_wconf 86' lang='lat' dir='ltr'><strong>bus</strong></span> <span class='ocrx_word' id='word_1_353' title='bbox 704 3010 839 3075; x_wconf 75' lang='lat' dir='ltr'><strong>fusa,</strong></span> <span class='ocrx_word' id='word_1_354' title='bbox 874 3006 984 3072; x_wconf 82' lang='lat' dir='ltr'><strong>ipsa</strong></span> <span class='ocrx_word' id='word_1_355' title='bbox 1018 3007 1268 3056; x_wconf 88' lang='lat' dir='ltr'><strong>suavitate</strong></span> <span class='ocrx_word' id='word_1_356' title='bbox 1305 3012 1602 3075; x_wconf 76' lang='lat' dir='ltr'><strong>nocuerunt.</strong></span> <span class='ocrx_word' id='word_1_357' title='bbox 1656 3000 1730 3075; x_wconf 35' lang='lat' dir='ltr'><strong>Et.</strong></span> <span class='ocrx_word' id='word_1_358' title='bbox 1771 2997 1982 3075; x_wconf 58' lang='lat' dir='ltr'><strong>Noster,</strong></span> <span class='ocrx_word' id='word_1_359' title='bbox 2011 2998 2145 3075; x_wconf 71' lang='lat' dir='ltr'><strong>intra</strong></span> <span class='ocrx_word' id='word_1_360' title='bbox 2176 3015 2189 3050; x_wconf 90' lang='lat'><strong>:</strong></span> 
     </span>
    </p>
   </div>
   <div class='ocr_carea' id='block_1_51' title="bbox 585 3068 2194 3145">
    <p class='ocr_par' dir='ltr' id='par_1_51' title="bbox 585 3068 2194 3145">
     <span class='ocr_line' id='line_1_51' title="bbox 585 3068 2194 3145; baseline -0.003 -16"><span class='ocrx_word' id='word_1_361' title='bbox 585 3076 683 3130; x_wconf 74' lang='lat' dir='ltr'><strong>llis</strong></span> <span class='ocrx_word' id='word_1_362' title='bbox 704 3068 873 3145; x_wconf 66' lang='lat' dir='ltr'><strong>atque</strong></span> <span class='ocrx_word' id='word_1_363' title='bbox 894 3068 1198 3143; x_wconf 61' lang='lat' dir='ltr'><strong>littjltSlilUtli</strong></span> <span class='ocrx_word' id='word_1_364' title='bbox 1225 3073 1477 3142; x_wconf 78' lang='lat' dir='ltr'><strong>figmentis</strong></span> <span class='ocrx_word' id='word_1_365' title='bbox 1508 3081 1556 3124; x_wconf 84' lang='lat' dir='ltr'><strong>et</strong></span> <span class='ocrx_word' id='word_1_366' title='bbox 1581 3069 1858 3145; x_wconf 66' lang='lat' dir='ltr'><strong>urendaciis</strong></span> <span class='ocrx_word' id='word_1_367' title='bbox 1884 3068 2194 3145; x_wconf 76' lang='lat' dir='ltr'><strong>dulcioribus</strong></span> 
     </span>
    </p>
   </div>
   <div class='ocr_carea' id='block_1_52' title="bbox 583 3141 2197 3216">
    <p class='ocr_par' dir='ltr' id='par_1_52' title="bbox 583 3141 2197 3216">
     <span class='ocr_line' id='line_1_52' title="bbox 583 3141 2197 3216; baseline -0.004 -17"><span class='ocrx_word' id='word_1_368' title='bbox 583 3141 984 3216; x_wconf 79' lang='lat' dir='ltr'><strong>corrumpuntur</strong></span> <span class='ocrx_word' id='word_1_369' title='bbox 1017 3147 1221 3214; x_wconf 83' lang='lat' dir='ltr'><strong>tngenia</strong></span> <span class='ocrx_word' id='word_1_370' title='bbox 1267 3141 1576 3216; x_wconf 75' lang='lat' dir='ltr'><strong>puerorum.</strong></span> <span class='ocrx_word' id='word_1_371' title='bbox 1622 3141 1752 3196; x_wconf 77' lang='lat' dir='ltr'><strong>Vide</strong></span> <span class='ocrx_word' id='word_1_372' title='bbox 1789 3155 1969 3193; x_wconf 84' lang='lat' dir='ltr'><strong>annon</strong></span> <span class='ocrx_word' id='word_1_373' title='bbox 2017 3141 2197 3210; x_wconf 76' lang='lat' dir='ltr'><strong>legen-</strong></span> 
     </span>
    </p>
   </div>
   <div class='ocr_carea' id='block_1_53' title="bbox 583 3213 1705 3284">
    <p class='ocr_par' dir='ltr' id='par_1_53' title="bbox 583 3213 1705 3284">
     <span class='ocr_line' id='line_1_53' title="bbox 583 3213 1705 3284; baseline -0.007 -12"><span class='ocrx_word' id='word_1_374' title='bbox 583 3220 711 3272; x_wconf 92' lang='lat' dir='ltr'><strong>dum</strong></span> <span class='ocrx_word' id='word_1_375' title='bbox 741 3213 803 3272; x_wconf 76' lang='lat' dir='ltr'><strong>sii</strong></span> <span class='ocrx_word' id='word_1_376' title='bbox 843 3238 854 3272; x_wconf 85' lang='lat'><strong>:</strong></span> <span class='ocrx_word' id='word_1_377' title='bbox 884 3220 994 3284; x_wconf 87' lang='lat' dir='ltr'><strong>ipsa</strong></span> <span class='ocrx_word' id='word_1_378' title='bbox 1024 3213 1118 3270; x_wconf 85' lang='lat' dir='ltr'><strong>sua</strong></span> <span class='ocrx_word' id='word_1_379' title='bbox 1145 3217 1413 3268; x_wconf 83' lang='lat' dir='ltr'><strong>suavitate.</strong></span> <span class='ocrx_word' id='word_1_380' title='bbox 1447 3213 1705 3268; x_wconf 69' lang='lat' dir='ltr'><strong>LINDNER.</strong></span> 
     </span>
    </p>
   </div>
   <div class='ocr_carea' id='block_1_54' title="bbox 658 3282 2196 3350">
    <p class='ocr_par' dir='ltr' id='par_1_54' title="bbox 658 3282 2196 3350">
     <span class='ocr_line' id='line_1_54' title="bbox 658 3282 2196 3350; baseline -0.003 -8"><span class='ocrx_word' id='word_1_381' title='bbox 658 3282 947 3342; x_wconf 81' lang='lat' dir='ltr'><strong>Laudalttitt</strong></span> <span class='ocrx_word' id='word_1_382' title='bbox 979 3300 1022 3341; x_wconf 90' lang='lat' dir='ltr'><strong>et</strong></span> <span class='ocrx_word' id='word_1_383' title='bbox 1047 3297 1363 3340; x_wconf 89' lang='lat' dir='ltr'><strong>coronatum.</strong></span> <span class='ocrx_word' id='word_1_384' title='bbox 1399 3286 1662 3339; x_wconf 80' lang='lat' dir='ltr'><strong>MlllthlUS</strong></span> <span class='ocrx_word' id='word_1_385' title='bbox 1695 3283 1841 3337; x_wconf 81' lang='lat' dir='ltr'><strong>brevi</strong></span> <span class='ocrx_word' id='word_1_386' title='bbox 1873 3282 2196 3350; x_wconf 81' lang='lat' dir='ltr'><strong>compendio</strong></span> 
     </span>
    </p>
   </div>
   <div class='ocr_carea' id='block_1_55' title="bbox 587 3354 2192 3430">
    <p class='ocr_par' dir='ltr' id='par_1_55' title="bbox 587 3354 2192 3430">
     <span class='ocr_line' id='line_1_55' title="bbox 587 3354 2192 3430; baseline -0.004 -16"><span class='ocrx_word' id='word_1_387' title='bbox 587 3363 768 3414; x_wconf 88' lang='lat' dir='ltr'><strong>retulit</strong></span> <span class='ocrx_word' id='word_1_388' title='bbox 796 3377 914 3430; x_wconf 70' lang='lat' dir='ltr'><strong>quae</strong></span> <span class='ocrx_word' id='word_1_389' title='bbox 949 3361 1172 3424; x_wconf 73' lang='lat' dir='ltr'><strong>longiori</strong></span> <span class='ocrx_word' id='word_1_390' title='bbox 1203 3361 1303 3409; x_wconf 91' lang='lat' dir='ltr'><strong>hoc</strong></span> <span class='ocrx_word' id='word_1_391' title='bbox 1332 3371 1582 3411; x_wconf 85' lang='lat' dir='ltr'><strong>sermone</strong></span> <span class='ocrx_word' id='word_1_392' title='bbox 1627 3357 1768 3430; x_wconf 76' lang='lat' dir='ltr'><strong>dixit</strong></span> <span class='ocrx_word' id='word_1_393' title='bbox 1792 3354 1942 3407; x_wconf 84' lang='lat' dir='ltr'><strong>Plato</strong></span> <span class='ocrx_word' id='word_1_394' title='bbox 1983 3355 2071 3408; x_wconf 82' lang='lat' dir='ltr'><strong>lil).</strong></span> <span class='ocrx_word' id='word_1_395' title='bbox 2113 3371 2192 3420; x_wconf 86' lang='grc' dir='ltr'><strong>ιιι,</strong></span> 
     </span>
    </p>
   </div>
   <div class='ocr_carea' id='block_1_56' title="bbox 586 3427 2196 3500">
    <p class='ocr_par' dir='ltr' id='par_1_56' title="bbox 586 3427 2196 3500">
     <span class='ocr_line' id='line_1_56' title="bbox 586 3427 2196 3500; baseline -0.004 -16"><span class='ocrx_word' id='word_1_396' title='bbox 586 3434 654 3486; x_wconf 92' lang='lat' dir='ltr'><strong>de</strong></span> <span class='ocrx_word' id='word_1_397' title='bbox 682 3427 860 3500; x_wconf 38' lang='lat' dir='ltr'><strong>Repi:</strong></span> <span class='ocrx_word' id='word_1_398' title='bbox 889 3431 950 3485; x_wconf 85' lang='lat' dir='ltr'><strong>Si</strong></span> <span class='ocrx_word' id='word_1_399' title='bbox 975 3433 1086 3499; x_wconf 84' lang='lat' dir='ltr'><strong>quis</strong></span> <span class='ocrx_word' id='word_1_400' title='bbox 1128 3432 1180 3482; x_wconf 87' lang='lat' dir='ltr'><strong>in</strong></span> <span class='ocrx_word' id='word_1_401' title='bbox 1209 3431 1328 3482; x_wconf 82' lang='lat' dir='ltr'><strong>urbe</strong></span> <span class='ocrx_word' id='word_1_402' title='bbox 1372 3437 1545 3480; x_wconf 89' lang='lat' dir='ltr'><strong>nostra</strong></span> <span class='ocrx_word' id='word_1_403' title='bbox 1575 3427 1788 3479; x_wconf 87' lang='lat' dir='ltr'><strong>voluerit</strong></span> <span class='ocrx_word' id='word_1_404' title='bbox 1830 3435 2064 3493; x_wconf 83' lang='lat' dir='ltr'><strong>poemata</strong></span> <span class='ocrx_word' id='word_1_405' title='bbox 2103 3443 2196 3500; x_wconf 83' lang='lat' dir='ltr'><strong>sua</strong></span> 
     </span>
    </p>
   </div>
   <div class='ocr_carea' id='block_1_57' title="bbox 587 3499 2198 3568">
    <p class='ocr_par' dir='ltr' id='par_1_57' title="bbox 587 3499 2198 3568">
     <span class='ocr_line' id='line_1_57' title="bbox 587 3499 2198 3568; baseline -0.003 -14"><span class='ocrx_word' id='word_1_406' title='bbox 587 3499 857 3567; x_wconf 68' lang='lat' dir='ltr'><strong>ostentare,</strong></span> <span class='ocrx_word' id='word_1_407' title='bbox 888 3504 1235 3554; x_wconf 81' lang='lat' dir='ltr'><strong>venerabimur</strong></span> <span class='ocrx_word' id='word_1_408' title='bbox 1259 3501 1460 3568; x_wconf 82' lang='lat' dir='ltr'><strong>quidem</strong></span> <span class='ocrx_word' id='word_1_409' title='bbox 1487 3500 1653 3565; x_wconf 86' lang='lat' dir='ltr'><strong>ipsum</strong></span> <span class='ocrx_word' id='word_1_410' title='bbox 1689 3509 1745 3550; x_wconf 87' lang='lat' dir='ltr'><strong>ut</strong></span> <span class='ocrx_word' id='word_1_411' title='bbox 1780 3514 2004 3558; x_wconf 86' lang='lat' dir='ltr'><strong>sacrum,</strong></span> <span class='ocrx_word' id='word_1_412' title='bbox 2030 3499 2198 3549; x_wconf 88' lang='lat' dir='ltr'><strong>admi-</strong></span> 
     </span>
    </p>
   </div>
   <div class='ocr_carea' id='block_1_58' title="bbox 586 3569 2197 3642">
    <p class='ocr_par' dir='ltr' id='par_1_58' title="bbox 586 3569 2197 3642">
     <span class='ocr_line' id='line_1_58' title="bbox 586 3569 2197 3642; baseline -0.004 -15"><span class='ocrx_word' id='word_1_413' title='bbox 586 3577 798 3628; x_wconf 74' lang='lat' dir='ltr'><strong>rabilem</strong></span> <span class='ocrx_word' id='word_1_414' title='bbox 831 3585 874 3626; x_wconf 90' lang='lat' dir='ltr'><strong>et</strong></span> <span class='ocrx_word' id='word_1_415' title='bbox 904 3575 1233 3642; x_wconf 72' lang='lat' dir='ltr'><strong>jucundum;</strong></span> <span class='ocrx_word' id='word_1_416' title='bbox 1270 3573 1494 3624; x_wconf 77' lang='lat' dir='ltr'><strong>dicemus</strong></span> <span class='ocrx_word' id='word_1_417' title='bbox 1524 3580 1694 3622; x_wconf 86' lang='lat' dir='ltr'><strong>autem</strong></span> <span class='ocrx_word' id='word_1_418' title='bbox 1726 3585 1826 3642; x_wconf 88' lang='lat' dir='ltr'><strong>non</strong></span> <span class='ocrx_word' id='word_1_419' title='bbox 1864 3584 1970 3621; x_wconf 87' lang='lat' dir='ltr'><strong>esse</strong></span> <span class='ocrx_word' id='word_1_420' title='bbox 2012 3569 2092 3637; x_wconf 81' lang='lat' dir='ltr'><strong>fas</strong></span> <span class='ocrx_word' id='word_1_421' title='bbox 2143 3578 2197 3621; x_wconf 88' lang='lat' dir='ltr'><strong>ut</strong></span> 
     </span>
    </p>
   </div>
   <div class='ocr_carea' id='block_1_59' title="bbox 587 3641 2198 3715">
    <p class='ocr_par' dir='ltr' id='par_1_59' title="bbox 587 3641 2198 3715">
     <span class='ocr_line' id='line_1_59' title="bbox 587 3641 2198 3715; baseline -0.006 -17"><span class='ocrx_word' id='word_1_422' title='bbox 587 3646 839 3715; x_wconf 79' lang='lat' dir='ltr'><strong>ejusmodi</strong></span> <span class='ocrx_word' id='word_1_423' title='bbox 883 3641 1033 3698; x_wconf 86' lang='lat' dir='ltr'><strong>homo</strong></span> <span class='ocrx_word' id='word_1_424' title='bbox 1061 3645 1122 3696; x_wconf 89' lang='lat' dir='ltr'><strong>sit</strong></span> <span class='ocrx_word' id='word_1_425' title='bbox 1172 3647 1223 3696; x_wconf 85' lang='lat' dir='ltr'><strong>in</strong></span> <span class='ocrx_word' id='word_1_426' title='bbox 1267 3659 1374 3709; x_wconf 88' lang='lat' dir='ltr'><strong>rep.</strong></span> <span class='ocrx_word' id='word_1_427' title='bbox 1425 3652 1631 3715; x_wconf 79' lang='lat' dir='ltr'><strong>nostra;</strong></span> <span class='ocrx_word' id='word_1_428' title='bbox 1671 3641 2047 3715; x_wconf 79' lang='lat' dir='ltr'><strong>entittemnsqne</strong></span> <span class='ocrx_word' id='word_1_429' title='bbox 2084 3656 2198 3715; x_wconf 84' lang='lat' dir='ltr'><strong>eum</strong></span> 
     </span>
    </p>
   </div>
   <div class='ocr_carea' id='block_1_60' title="bbox 586 3710 2197 3780">
    <p class='ocr_par' dir='ltr' id='par_1_60' title="bbox 586 3710 2197 3780">
     <span class='ocr_line' id='line_1_60' title="bbox 586 3710 2197 3780; baseline -0.003 -12"><span class='ocrx_word' id='word_1_430' title='bbox 586 3710 742 3771; x_wconf 53' lang='lat' dir='ltr'><strong>tiliam</strong></span> <span class='ocrx_word' id='word_1_431' title='bbox 764 3719 813 3770; x_wconf 88' lang='lat' dir='ltr'><strong>in</strong></span> <span class='ocrx_word' id='word_1_432' title='bbox 846 3717 1036 3779; x_wconf 84' lang='lat' dir='ltr'><strong>urbem,</strong></span> <span class='ocrx_word' id='word_1_433' title='bbox 1057 3715 1219 3780; x_wconf 78' lang='lat' dir='ltr'><strong>e/fuso</strong></span> <span class='ocrx_word' id='word_1_434' title='bbox 1246 3717 1297 3767; x_wconf 89' lang='lat' dir='ltr'><strong>in</strong></span> <span class='ocrx_word' id='word_1_435' title='bbox 1320 3723 1470 3779; x_wconf 87' lang='lat' dir='ltr'><strong>caput</strong></span> <span class='ocrx_word' id='word_1_436' title='bbox 1499 3713 1657 3780; x_wconf 82' lang='lat' dir='ltr'><strong>ipsius</strong></span> <span class='ocrx_word' id='word_1_437' title='bbox 1689 3720 1963 3779; x_wconf 83' lang='lat' dir='ltr'><strong>unguento,</strong></span> <span class='ocrx_word' id='word_1_438' title='bbox 1985 3710 2197 3779; x_wconf 63' lang='lat' dir='ltr'><strong>imposio</strong></span> 
     </span>
    </p>
   </div>
   <div class='ocr_carea' id='block_1_61' title="bbox 591 3780 2198 3856">
    <p class='ocr_par' dir='ltr' id='par_1_61' title="bbox 591 3780 2198 3856">
     <span class='ocr_line' id='line_1_61' title="bbox 591 3780 2198 3856; baseline -0.004 -14"><span class='ocrx_word' id='word_1_439' title='bbox 591 3799 740 3856; x_wconf 82' lang='lat' dir='ltr'><strong>tuque</strong></span> <span class='ocrx_word' id='word_1_440' title='bbox 767 3805 955 3842; x_wconf 87' lang='lat' dir='ltr'><strong>corona</strong></span> <span class='ocrx_word' id='word_1_441' title='bbox 984 3791 1151 3840; x_wconf 88' lang='lat' dir='ltr'><strong>lanea.</strong></span> <span class='ocrx_word' id='word_1_442' title='bbox 1186 3787 1259 3839; x_wconf 77' lang='lat' dir='ltr'><strong>En</strong></span> <span class='ocrx_word' id='word_1_443' title='bbox 1279 3785 1547 3838; x_wconf 86' lang='lat' dir='ltr'><strong>laudatum</strong></span> <span class='ocrx_word' id='word_1_444' title='bbox 1573 3783 1717 3856; x_wconf 79' lang='lat' dir='ltr'><strong>prius</strong></span> <span class='ocrx_word' id='word_1_445' title='bbox 1751 3791 1985 3848; x_wconf 84' lang='lat' dir='ltr'><strong>poetam,</strong></span> <span class='ocrx_word' id='word_1_446' title='bbox 2003 3780 2198 3836; x_wconf 83' lang='lat' dir='ltr'><strong>deinde</strong></span> 
     </span>
    </p>
   </div>
   <div class='ocr_carea' id='block_1_62' title="bbox 589 3854 1838 3924">
    <p class='ocr_par' dir='ltr' id='par_1_62' title="bbox 589 3854 1838 3924">
     <span class='ocr_line' id='line_1_62' title="bbox 589 3854 1838 3924; baseline -0.005 -12"><span class='ocrx_word' id='word_1_447' title='bbox 589 3854 910 3924; x_wconf 80' lang='lat' dir='ltr'><strong>coronatum,</strong></span> <span class='ocrx_word' id='word_1_448' title='bbox 947 3871 1053 3912; x_wconf 88' lang='lat' dir='ltr'><strong>ttnn</strong></span> <span class='ocrx_word' id='word_1_449' title='bbox 1081 3875 1106 3910; x_wconf 88' lang='lat' dir='ltr'><strong>e</strong></span> <span class='ocrx_word' id='word_1_450' title='bbox 1131 3858 1331 3909; x_wconf 88' lang='lat' dir='ltr'><strong>civitate</strong></span> <span class='ocrx_word' id='word_1_451' title='bbox 1370 3856 1581 3924; x_wconf 81' lang='lat' dir='ltr'><strong>ejectum</strong></span> <span class='ocrx_word' id='word_1_452' title='bbox 1611 3854 1631 3906; x_wconf 89' lang='lat'><strong>.&#39;</strong></span> <span class='ocrx_word' id='word_1_453' title='bbox 1663 3854 1838 3907; x_wconf 71' lang='lat' dir='ltr'><strong>“EUN.</strong></span> 
     </span>
    </p>
   </div>
   <div class='ocr_carea' id='block_1_63' title="bbox 664 3925 2195 3996">
    <p class='ocr_par' dir='ltr' id='par_1_63' title="bbox 664 3925 2195 3996">
     <span class='ocr_line' id='line_1_63' title="bbox 664 3925 2195 3996; baseline -0.005 -11"><span class='ocrx_word' id='word_1_454' title='bbox 664 3931 932 3985; x_wconf 80' lang='lat' dir='ltr'><strong>Sermone.</strong></span> <span class='ocrx_word' id='word_1_455' title='bbox 968 3931 1252 3996; x_wconf 72' lang='lat' dir='ltr'><strong>Eleganter</strong></span> <span class='ocrx_word' id='word_1_456' title='bbox 1277 3944 1559 3981; x_wconf 82' lang='lat' dir='ltr'><strong>sermonem</strong></span> <span class='ocrx_word' id='word_1_457' title='bbox 1590 3942 1685 3987; x_wconf 87' lang='lat' dir='ltr'><strong>pro</strong></span> <span class='ocrx_word' id='word_1_458' title='bbox 1718 3925 1886 3996; x_wconf 79' lang='lat' dir='ltr'><strong>libro,</strong></span> <span class='ocrx_word' id='word_1_459' title='bbox 1931 3932 2158 3996; x_wconf 72' lang='lat' dir='ltr'><strong>tractatu</strong></span> <span class='ocrx_word' id='word_1_460' title='bbox 2181 3966 2195 3989; x_wconf 94' lang='lat'><strong>,</strong></span> 
     </span>
    </p>
   </div>
   <div class='ocr_carea' id='block_1_64' title="bbox 591 3993 2202 4072">
    <p class='ocr_par' dir='ltr' id='par_1_64' title="bbox 591 3993 2202 4072">
     <span class='ocr_line' id='line_1_64' title="bbox 591 3993 2202 4072; baseline -0.004 -16"><span class='ocrx_word' id='word_1_461' title='bbox 591 4002 825 4072; x_wconf 77' lang='lat' dir='ltr'><strong>dialogo,</strong></span> <span class='ocrx_word' id='word_1_462' title='bbox 860 4019 952 4056; x_wconf 89' lang='lat' dir='ltr'><strong>seu</strong></span> <span class='ocrx_word' id='word_1_463' title='bbox 985 3993 1204 4055; x_wconf 81' lang='lat' dir='ltr'><strong>historia</strong></span> <span class='ocrx_word' id='word_1_464' title='bbox 1235 4000 1339 4072; x_wconf 89' lang='lat' dir='ltr'><strong>dici</strong></span> <span class='ocrx_word' id='word_1_465' title='bbox 1373 3998 1559 4072; x_wconf 74' lang='lat' dir='ltr'><strong>probat</strong></span> <span class='ocrx_word' id='word_1_466' title='bbox 1587 3997 1674 4072; x_wconf 42' lang='grc' dir='ltr'><strong>Βᾏ</strong></span> <span class='ocrx_word' id='word_1_467' title='bbox 1686 3993 1956 4072; x_wconf 78' lang='lat' dir='ltr'><strong>Bentleius</strong></span> <span class='ocrx_word' id='word_1_468' title='bbox 1996 3993 2061 4046; x_wconf 88' lang='lat' dir='ltr'><strong>ad</strong></span> <span class='ocrx_word' id='word_1_469' title='bbox 2095 3994 2202 4050; x_wconf 86' lang='lat' dir='ltr'><strong>Ho-</strong></span> 
     </span>
    </p>
   </div>
   <div class='ocr_carea' id='block_1_65' title="bbox 589 4066 2198 4140">
    <p class='ocr_par' dir='ltr' id='par_1_65' title="bbox 589 4066 2198 4140">
     <span class='ocr_line' id='line_1_65' title="bbox 589 4066 2198 4140; baseline -0.005 -13"><span class='ocrx_word' id='word_1_470' title='bbox 589 4083 692 4127; x_wconf 88' lang='lat' dir='ltr'><strong>rat.</strong></span> <span class='ocrx_word' id='word_1_471' title='bbox 722 4066 943 4130; x_wconf 44' lang='lat' dir='ltr'><strong>tt&#39;IJJde</strong></span> <span class='ocrx_word' id='word_1_472' title='bbox 972 4072 1028 4137; x_wconf 89' lang='grc'><strong>8,</strong></span> <span class='ocrx_word' id='word_1_473' title='bbox 1054 4088 1104 4126; x_wconf 94' lang='lat' dir='ltr'><strong>v.</strong></span> <span class='ocrx_word' id='word_1_474' title='bbox 1133 4073 1188 4136; x_wconf 85' lang='lat'><strong>5,</strong></span> <span class='ocrx_word' id='word_1_475' title='bbox 1222 4087 1272 4140; x_wconf 87' lang='lat' dir='ltr'><strong>p.</strong></span> <span class='ocrx_word' id='word_1_476' title='bbox 1307 4070 1430 4124; x_wconf 85' lang='grc'><strong>110.</strong></span> <span class='ocrx_word' id='word_1_477' title='bbox 1479 4069 1608 4122; x_wconf 88' lang='lat' dir='ltr'><strong>item</strong></span> <span class='ocrx_word' id='word_1_478' title='bbox 1637 4067 1830 4122; x_wconf 89' lang='lat' dir='ltr'><strong>Cicero</strong></span> <span class='ocrx_word' id='word_1_479' title='bbox 1873 4066 1963 4140; x_wconf 82' lang='lat' dir='ltr'><strong>lib.</strong></span> <span class='ocrx_word' id='word_1_480' title='bbox 1995 4080 2074 4140; x_wconf 65' lang='grc' dir='ltr'><strong>ιξ.</strong></span> <span class='ocrx_word' id='word_1_481' title='bbox 2115 4083 2198 4136; x_wconf 88' lang='lat' dir='ltr'><strong>ep.</strong></span> 
     </span>
    </p>
   </div>
   <div class='ocr_carea' id='block_1_66' title="bbox 592 4134 2201 4214">
    <p class='ocr_par' dir='ltr' id='par_1_66' title="bbox 592 4134 2201 4214">
     <span class='ocr_line' id='line_1_66' title="bbox 592 4134 2201 4214; baseline -0.005 -15"><span class='ocrx_word' id='word_1_482' title='bbox 592 4145 626 4199; x_wconf 89' lang='lat'>8</span> <span class='ocrx_word' id='word_1_483' title='bbox 662 4165 672 4197; x_wconf 92' lang='lat'>:</span> <span class='ocrx_word' id='word_1_484' title='bbox 710 4143 830 4199; x_wconf 83' lang='lat' dir='ltr'><strong>Feci</strong></span> <span class='ocrx_word' id='word_1_485' title='bbox 853 4134 1350 4214; x_wconf 27' lang='lat' dir='ltr'><strong>igitur—sermonem,</strong></span> <span class='ocrx_word' id='word_1_486' title='bbox 1379 4144 1623 4214; x_wconf 85' lang='lat' dir='ltr'><strong>inter_nos</strong></span> <span class='ocrx_word' id='word_1_487' title='bbox 1655 4140 1883 4191; x_wconf 77' lang='lat' dir='ltr'><strong>habitum</strong></span> <span class='ocrx_word' id='word_1_488' title='bbox 1922 4137 1976 4189; x_wconf 88' lang='lat' dir='ltr'><strong>in</strong></span> <span class='ocrx_word' id='word_1_489' title='bbox 2010 4134 2201 4191; x_wconf 80' lang='lat' dir='ltr'><strong>Cuma-</strong></span> 
     </span>
    </p>
   </div>
   <div class='ocr_carea' id='block_1_67' title="bbox 591 4211 1766 4280">
    <p class='ocr_par' dir='ltr' id='par_1_67' title="bbox 591 4211 1766 4280">
     <span class='ocr_line' id='line_1_67' title="bbox 591 4211 1766 4280; baseline -0.009 -10"><span class='ocrx_word' id='word_1_490' title='bbox 591 4233 680 4280; x_wconf 87' lang='lat' dir='ltr'><strong>no,</strong></span> <span class='ocrx_word' id='word_1_491' title='bbox 715 4234 829 4268; x_wconf 88' lang='lat' dir='ltr'><strong>cum</strong></span> <span class='ocrx_word' id='word_1_492' title='bbox 853 4211 979 4270; x_wconf 66' lang='lat' dir='ltr'><strong>esset</strong></span> <span class='ocrx_word' id='word_1_493' title='bbox 1006 4233 1105 4267; x_wconf 90' lang='lat' dir='ltr'><strong>una</strong></span> <span class='ocrx_word' id='word_1_494' title='bbox 1140 4213 1477 4279; x_wconf 82' lang='lat' dir='ltr'><strong>Pomponius.</strong></span> <span class='ocrx_word' id='word_1_495' title='bbox 1507 4211 1766 4264; x_wconf 74' lang='lat' dir='ltr'><strong>LINDNEB.</strong></span> 
     </span>
    </p>
   </div>
   <div class='ocr_carea' id='block_1_68' title="bbox 664 4279 2192 4340">
    <p class='ocr_par' dir='ltr' id='par_1_68' title="bbox 664 4279 2192 4340">
     <span class='ocr_line' id='line_1_68' title="bbox 664 4279 2192 4340; baseline -0.003 0"><span class='ocrx_word' id='word_1_496' title='bbox 664 4279 800 4340; x_wconf 86' lang='lat' dir='ltr'><strong>Loro</strong></span> <span class='ocrx_word' id='word_1_497' title='bbox 836 4287 1060 4340; x_wconf 80' lang='lat' dir='ltr'><strong>Vener-is.</strong></span> <span class='ocrx_word' id='word_1_498' title='bbox 1092 4285 1182 4340; x_wconf 88' lang='lat' dir='ltr'><strong>Sic</strong></span> <span class='ocrx_word' id='word_1_499' title='bbox 1225 4294 1308 4338; x_wconf 83' lang='lat' dir='ltr'><strong>est</strong></span> <span class='ocrx_word' id='word_1_500' title='bbox 1339 4285 1390 4336; x_wconf 91' lang='lat' dir='ltr'><strong>in</strong></span> <span class='ocrx_word' id='word_1_501' title='bbox 1428 4297 1528 4336; x_wconf 88' lang='lat' dir='ltr'><strong>ms.</strong></span> <span class='ocrx_word' id='word_1_502' title='bbox 1585 4279 1797 4334; x_wconf 81' lang='lat' dir='ltr'><strong>Minucii</strong></span> <span class='ocrx_word' id='word_1_503' title='bbox 1828 4279 2014 4333; x_wconf 87' lang='lat' dir='ltr'><strong>codice</strong></span> <span class='ocrx_word' id='word_1_504' title='bbox 2037 4319 2052 4339; x_wconf 91' lang='lat'><strong>,</strong></span> <span class='ocrx_word' id='word_1_505' title='bbox 2087 4296 2192 4335; x_wconf 90' lang='lat' dir='ltr'><strong>non</strong></span> 
     </span>
    </p>
   </div>
   <div class='ocr_carea' id='block_1_69' title="bbox 593 4350 2204 4423">
    <p class='ocr_par' dir='ltr' id='par_1_69' title="bbox 593 4350 2204 4423">
     <span class='ocr_line' id='line_1_69' title="bbox 593 4350 2204 4423; baseline -0.007 -10"><span class='ocrx_word' id='word_1_506' title='bbox 593 4371 730 4413; x_wconf 88' lang='lat' dir='ltr'><strong>cesto</strong></span> <span class='ocrx_word' id='word_1_507' title='bbox 760 4359 964 4412; x_wconf 85' lang='lat' dir='ltr'><strong>Veneris</strong></span> <span class='ocrx_word' id='word_1_508' title='bbox 999 4376 1011 4411; x_wconf 90' lang='lat'>:</span> <span class='ocrx_word' id='word_1_509' title='bbox 1045 4372 1140 4423; x_wconf 88' lang='lat' dir='ltr'><strong>pro</strong></span> <span class='ocrx_word' id='word_1_510' title='bbox 1187 4372 1296 4420; x_wconf 87' lang='lat' dir='ltr'><strong>quo</strong></span> <span class='ocrx_word' id='word_1_511' title='bbox 1330 4355 1379 4406; x_wconf 88' lang='lat' dir='ltr'><strong>in</strong></span> <span class='ocrx_word' id='word_1_512' title='bbox 1421 4350 1954 4423; x_wconf 67' lang='lat' dir='ltr'><strong>editione_linntana</strong></span> <span class='ocrx_word' id='word_1_513' title='bbox 2013 4352 2204 4423; x_wconf 76' lang='lat' dir='ltr'><strong>vitiose</strong></span> 
     </span>
    </p>
   </div>
   <div class='ocr_carea' id='block_1_70' title="bbox 593 4420 2198 4498">
    <p class='ocr_par' dir='ltr' id='par_1_70' title="bbox 593 4420 2198 4498">
     <span class='ocr_line' id='line_1_70' title="bbox 593 4420 2198 4498; baseline -0.003 -15"><span class='ocrx_word' id='word_1_514' title='bbox 593 4434 852 4498; x_wconf 80' lang='lat' dir='ltr'><strong>sci-iptum</strong></span> <span class='ocrx_word' id='word_1_515' title='bbox 882 4437 963 4482; x_wconf 81' lang='lat' dir='ltr'><strong>est</strong></span> <span class='ocrx_word' id='word_1_516' title='bbox 993 4420 1102 4479; x_wconf 73' lang='lat' dir='ltr'><strong>toro</strong></span> <span class='ocrx_word' id='word_1_517' title='bbox 1131 4425 1312 4498; x_wconf 13' lang='lat' dir='ltr'><strong>:iquod</strong></span> <span class='ocrx_word' id='word_1_518' title='bbox 1334 4434 1398 4498; x_wconf 79' lang='lat' dir='ltr'><strong>et</strong></span> <span class='ocrx_word' id='word_1_519' title='bbox 1451 4423 1618 4477; x_wconf 79' lang='lat' dir='ltr'><strong>edidit</strong></span> <span class='ocrx_word' id='word_1_520' title='bbox 1663 4420 1986 4498; x_wconf 68' lang='lat' dir='ltr'><strong>Gt&#39;OtttWiitS.</strong></span> <span class='ocrx_word' id='word_1_521' title='bbox 2021 4421 2198 4478; x_wconf 78' lang='grc' dir='ltr'><strong>ΗΕ1111.</strong></span> 
     </span>
    </p>
   </div>
   <div class='ocr_carea' id='block_1_71' title="bbox 593 4491 2157 4566">
    <p class='ocr_par' dir='ltr' id='par_1_71' title="bbox 593 4491 2157 4566">
     <span class='ocr_line' id='line_1_71' title="bbox 593 4491 2157 4566; baseline -0.006 -14"><span class='ocrx_word' id='word_1_522' title='bbox 593 4491 724 4552; x_wconf 73' lang='grc'><strong>-111</strong></span> <span class='ocrx_word' id='word_1_523' title='bbox 754 4501 875 4553; x_wconf 90' lang='lat' dir='ltr'><strong>eod.</strong></span> <span class='ocrx_word' id='word_1_524' title='bbox 906 4515 997 4563; x_wconf 69' lang='lat' dir='ltr'><strong>reg</strong></span> <span class='ocrx_word' id='word_1_525' title='bbox 1048 4491 1212 4550; x_wconf 81' lang='lat' dir='ltr'><strong>nitide</strong></span> <span class='ocrx_word' id='word_1_526' title='bbox 1241 4495 1500 4563; x_wconf 84' lang='lat' dir='ltr'><strong>scriptum</strong></span> <span class='ocrx_word' id='word_1_527' title='bbox 1532 4501 1651 4566; x_wconf 75' lang='lat' dir='ltr'><strong>est:</strong></span> <span class='ocrx_word' id='word_1_528' title='bbox 1685 4493 1850 4566; x_wconf 77' lang='lat' dir='ltr'><strong>thoro.</strong></span> <span class='ocrx_word' id='word_1_529' title='bbox 1880 4491 2014 4566; x_wconf 65' lang='lat' dir='ltr'><strong>Eoo.</strong></span> <span class='ocrx_word' id='word_1_530' title='bbox 2146 4555 2157 4566; x_wconf 44' lang='lat'>.</span> 
     </span>
    </p>
   </div>
   <div class='ocr_carea' id='block_1_72' title="bbox 671 4561 2198 4634">
    <p class='ocr_par' dir='ltr' id='par_1_72' title="bbox 671 4561 2198 4634">
     <span class='ocr_line' id='line_1_72' title="bbox 671 4561 2198 4634; baseline -0.009 -11"><span class='ocrx_word' id='word_1_531' title='bbox 671 4570 920 4624; x_wconf 85' lang='lat' dir='ltr'><strong>Instituit.</strong></span> <span class='ocrx_word' id='word_1_532' title='bbox 955 4561 1515 4634; x_wconf 23' lang='lat' dir='ltr'><strong>l‘lensingerus,‘teste</strong></span> <span class='ocrx_word' id='word_1_533' title='bbox 1553 4565 1766 4626; x_wconf 90' lang='lat' dir='ltr'><strong>chm.,</strong></span> <span class='ocrx_word' id='word_1_534' title='bbox 1806 4561 1932 4631; x_wconf 80' lang='lat' dir='ltr'><strong>legit</strong></span> <span class='ocrx_word' id='word_1_535' title='bbox 1974 4561 2198 4634; x_wconf 80' lang='lat' dir='ltr'><strong>instruit.</strong></span> 
     </span>
    </p>
   </div>
   <div class='ocr_carea' id='block_1_73' title="bbox 596 4629 2200 4703">
    <p class='ocr_par' dir='ltr' id='par_1_73' title="bbox 596 4629 2200 4703">
     <span class='ocr_line' id='line_1_73' title="bbox 596 4629 2200 4703; baseline -0.009 -7"><span class='ocrx_word' id='word_1_536' title='bbox 596 4641 736 4696; x_wconf 84' lang='lat' dir='ltr'><strong>Nihil</strong></span> <span class='ocrx_word' id='word_1_537' title='bbox 763 4651 930 4703; x_wconf 90' lang='lat' dir='ltr'><strong>muto,</strong></span> <span class='ocrx_word' id='word_1_538' title='bbox 964 4650 1018 4693; x_wconf 89' lang='lat' dir='ltr'><strong>et</strong></span> <span class='ocrx_word' id='word_1_539' title='bbox 1063 4629 1348 4692; x_wconf 79' lang='lat' dir='ltr'><strong>Burmanni</strong></span> <span class='ocrx_word' id='word_1_540' title='bbox 1392 4635 1520 4690; x_wconf 88' lang='lat' dir='ltr'><strong>illud</strong></span> <span class='ocrx_word' id='word_1_541' title='bbox 1567 4651 1787 4703; x_wconf 88' lang='lat' dir='ltr'><strong>usurpo,</strong></span> <span class='ocrx_word' id='word_1_542' title='bbox 1834 4629 1947 4703; x_wconf 78' lang='lat' dir='ltr'><strong>qui,</strong></span> <span class='ocrx_word' id='word_1_543' title='bbox 1979 4646 2113 4703; x_wconf 63' lang='lat' dir='ltr'><strong>cuni</strong></span> <span class='ocrx_word' id='word_1_544' title='bbox 2148 4629 2200 4682; x_wconf 92' lang='lat' dir='ltr'><strong>in</strong></span> 
     </span>
    </p>
   </div>
   <div class='ocr_carea' id='block_1_74' title="bbox 595 4699 2201 4781">
    <p class='ocr_par' dir='ltr' id='par_1_74' title="bbox 595 4699 2201 4781">
     <span class='ocr_line' id='line_1_74' title="bbox 595 4699 2201 4781; baseline -0.006 -18"><span class='ocrx_word' id='word_1_545' title='bbox 595 4713 817 4781; x_wconf 83' lang='lat' dir='ltr'><strong>Quintil.</strong></span> <span class='ocrx_word' id='word_1_546' title='bbox 853 4699 1025 4765; x_wconf 81' lang='lat' dir='ltr'><strong>Instit.</strong></span> <span class='ocrx_word' id='word_1_547' title='bbox 1062 4711 1096 4764; x_wconf 93' lang='lat' dir='ltr'><strong>I.</strong></span> <span class='ocrx_word' id='word_1_548' title='bbox 1133 4727 1170 4773; x_wconf 88' lang='lat' dir='ltr'><strong>I,</strong></span> <span class='ocrx_word' id='word_1_549' title='bbox 1204 4725 1253 4764; x_wconf 92' lang='lat' dir='ltr'><strong>c.</strong></span> <span class='ocrx_word' id='word_1_550' title='bbox 1285 4712 1336 4772; x_wconf 85' lang='grc'><strong>1,</strong></span> <span class='ocrx_word' id='word_1_551' title='bbox 1369 4724 1422 4777; x_wconf 90' lang='lat' dir='ltr'><strong>p.</strong></span> <span class='ocrx_word' id='word_1_552' title='bbox 1452 4708 1538 4774; x_wconf 85' lang='grc'><strong>17,</strong></span> <span class='ocrx_word' id='word_1_553' title='bbox 1571 4699 1759 4781; x_wconf 75' lang='lat' dir='ltr'><strong>variari</strong></span> <span class='ocrx_word' id='word_1_554' title='bbox 1793 4699 1956 4760; x_wconf 54' lang='lat' dir='ltr'><strong>in&#39;bis</strong></span> <span class='ocrx_word' id='word_1_555' title='bbox 1980 4699 2201 4755; x_wconf 79' lang='lat' dir='ltr'><strong>Vocibus</strong></span> 
     </span>
    </p>
   </div>
   <div class='ocr_carea' id='block_1_75' title="bbox 597 4779 2202 4854">
    <p class='ocr_par' dir='ltr' id='par_1_75' title="bbox 597 4779 2202 4854">
     <span class='ocr_line' id='line_1_75' title="bbox 597 4779 2202 4854; baseline -0.007 -18"><span class='ocrx_word' id='word_1_556' title='bbox 597 4779 824 4845; x_wconf 74' lang='lat' dir='ltr'><strong>videret;</strong></span> <span class='ocrx_word' id='word_1_557' title='bbox 860 4800 1042 4854; x_wconf 85' lang='lat' dir='ltr'><strong>parum</strong></span> <span class='ocrx_word' id='word_1_558' title='bbox 1064 4783 1270 4850; x_wconf 79' lang='lat' dir='ltr'><strong>referre,</strong></span> <span class='ocrx_word' id='word_1_559' title='bbox 1304 4781 1510 4854; x_wconf 81' lang='lat' dir='ltr'><strong>inquit,</strong></span> <span class='ocrx_word' id='word_1_560' title='bbox 1545 4779 1784 4854; x_wconf 63' lang='lat' dir='ltr'><strong>arbitror,</strong></span> <span class='ocrx_word' id='word_1_561' title='bbox 1808 4793 1963 4854; x_wconf 78' lang='lat' dir='ltr'><strong>quam</strong></span> <span class='ocrx_word' id='word_1_562' title='bbox 1991 4785 2202 4836; x_wconf 85' lang='lat' dir='ltr'><strong>utraque</strong></span> 
     </span>
    </p>
   </div>
   <div class='ocr_carea' id='block_1_76' title="bbox 597 4847 2198 4924">
    <p class='ocr_par' dir='ltr' id='par_1_76' title="bbox 597 4847 2198 4924">
     <span class='ocr_line' id='line_1_76' title="bbox 597 4847 2198 4924; baseline -0.007 -16"><span class='ocrx_word' id='word_1_563' title='bbox 597 4856 744 4908; x_wconf 85' lang='lat' dir='ltr'><strong>lectio</strong></span> <span class='ocrx_word' id='word_1_564' title='bbox 770 4847 919 4921; x_wconf 79' lang='lat' dir='ltr'><strong>facile</strong></span> <span class='ocrx_word' id='word_1_565' title='bbox 941 4847 1146 4924; x_wconf 80' lang='lat' dir='ltr'><strong>probari</strong></span> <span class='ocrx_word' id='word_1_566' title='bbox 1177 4853 1350 4922; x_wconf 81' lang='lat' dir='ltr'><strong>possit.</strong></span> <span class='ocrx_word' id='word_1_567' title='bbox 1383 4847 1624 4924; x_wconf 63' lang='lat' dir='ltr'><strong>Alterum</strong></span> <span class='ocrx_word' id='word_1_568' title='bbox 1660 4849 1884 4902; x_wconf 80' lang='lat' dir='ltr'><strong>fortasse</strong></span> <span class='ocrx_word' id='word_1_569' title='bbox 1913 4847 2030 4899; x_wconf 91' lang='lat' dir='ltr'><strong>ideo</strong></span> <span class='ocrx_word' id='word_1_570' title='bbox 2060 4860 2198 4911; x_wconf 79' lang='lat' dir='ltr'><strong>pra:-</strong></span> 
     </span>
    </p>
   </div>
   <div class='ocr_carea' id='block_1_77' title="bbox 595 4923 2202 4995">
    <p class='ocr_par' dir='ltr' id='par_1_77' title="bbox 595 4923 2202 4995">
     <span class='ocr_line' id='line_1_77' title="bbox 595 4923 2202 4995; baseline -0.006 -15"><span class='ocrx_word' id='word_1_571' title='bbox 595 4927 898 4988; x_wconf 85' lang='lat' dir='ltr'><strong>ferendum,</strong></span> <span class='ocrx_word' id='word_1_572' title='bbox 933 4923 1056 4994; x_wconf 82' lang='lat' dir='ltr'><strong>quia</strong></span> <span class='ocrx_word' id='word_1_573' title='bbox 1096 4937 1338 4995; x_wconf 79' lang='lat' dir='ltr'><strong>sequitur</strong></span> <span class='ocrx_word' id='word_1_574' title='bbox 1365 4923 1545 4992; x_wconf 71' lang='lat' dir='ltr'><strong>infelix</strong></span> <span class='ocrx_word' id='word_1_575' title='bbox 1565 4931 1805 4985; x_wconf 88' lang='lat' dir='ltr'><strong>structor,</strong></span> <span class='ocrx_word' id='word_1_576' title='bbox 1839 4934 1944 4972; x_wconf 89' lang='lat' dir='ltr'><strong>non</strong></span> <span class='ocrx_word' id='word_1_577' title='bbox 1981 4925 2202 4987; x_wconf 77' lang='lat' dir='ltr'><strong>putave-</strong></span> 
     </span>
    </p>
   </div>
   <div class='ocr_carea' id='block_1_78' title="bbox 595 4999 1012 5053">
    <p class='ocr_par' dir='ltr' id='par_1_78' title="bbox 595 4999 1012 5053">
     <span class='ocr_line' id='line_1_78' title="bbox 595 4999 1012 5053; baseline -0.007 0"><span class='ocrx_word' id='word_1_578' title='bbox 595 4999 1012 5053; x_wconf 67' lang='lat' dir='ltr'><strong>rhu.lJNnNEn.</strong></span> 
     </span>
    </p>
   </div>
   <div class='ocr_carea' id='block_1_79' title="bbox 670 5080 2201 5161">
    <p class='ocr_par' dir='ltr' id='par_1_79' title="bbox 670 5080 2201 5161">
     <span class='ocr_line' id='line_1_79' title="bbox 670 5080 2201 5161; baseline -0.004 -19"><span class='ocrx_word' id='word_1_579' title='bbox 670 5088 697 5141; x_wconf 83' lang='grc'><strong>1</strong></span> <span class='ocrx_word' id='word_1_580' title='bbox 708 5089 792 5142; x_wconf 89' lang='lat' dir='ltr'><strong>llic</strong></span> <span class='ocrx_word' id='word_1_581' title='bbox 823 5087 1156 5161; x_wconf 77' lang='lat' dir='ltr'><strong>[Vulcanus].</strong></span> <span class='ocrx_word' id='word_1_582' title='bbox 1188 5087 1330 5161; x_wconf 77' lang='lat' dir='ltr'><strong>Dele</strong></span> <span class='ocrx_word' id='word_1_583' title='bbox 1353 5085 1620 5161; x_wconf 72' lang='lat' dir='ltr'><strong>posterius</strong></span> <span class='ocrx_word' id='word_1_584' title='bbox 1644 5081 1890 5161; x_wconf 71' lang='lat' dir='ltr'><strong>veritum,</strong></span> <span class='ocrx_word' id='word_1_585' title='bbox 1919 5080 2118 5161; x_wconf 71' lang='lat' dir='ltr'><strong>qnippe</strong></span> <span class='ocrx_word' id='word_1_586' title='bbox 2147 5080 2201 5136; x_wconf 87' lang='lat' dir='ltr'><strong>in</strong></span> 
     </span>
    </p>
   </div>
   <div class='ocr_carea' id='block_1_80' title="bbox 597 5152 2198 5230">
    <p class='ocr_par' dir='ltr' id='par_1_80' title="bbox 597 5152 2198 5230">
     <span class='ocr_line' id='line_1_80' title="bbox 597 5152 2198 5230; baseline -0.004 -16"><span class='ocrx_word' id='word_1_587' title='bbox 597 5175 700 5214; x_wconf 88' lang='lat' dir='ltr'><strong>ms.</strong></span> <span class='ocrx_word' id='word_1_588' title='bbox 736 5152 840 5214; x_wconf 78' lang='lat' dir='ltr'><strong>noti</strong></span> <span class='ocrx_word' id='word_1_589' title='bbox 873 5152 1164 5230; x_wconf 79' lang='lat' dir='ltr'><strong>repertum,</strong></span> <span class='ocrx_word' id='word_1_590' title='bbox 1198 5159 1289 5212; x_wconf 90' lang='lat' dir='ltr'><strong>sed</strong></span> <span class='ocrx_word' id='word_1_591' title='bbox 1322 5152 1372 5211; x_wconf 86' lang='lat' dir='ltr'><strong>in</strong></span> <span class='ocrx_word' id='word_1_592' title='bbox 1411 5154 1898 5230; x_wconf 74' lang='lat' dir='ltr'><strong>editionedemum</strong></span> <span class='ocrx_word' id='word_1_593' title='bbox 1938 5152 2198 5230; x_wconf 60' lang='lat' dir='ltr'><strong>liotitana.</strong></span> 
     </span>
    </p>
   </div>
   <div class='ocr_carea' id='block_1_81' title="bbox 597 5223 2202 5302">
    <p class='ocr_par' dir='ltr' id='par_1_81' title="bbox 597 5223 2202 5302">
     <span class='ocr_line' id='line_1_81' title="bbox 597 5223 2202 5302; baseline -0.007 -16"><span class='ocrx_word' id='word_1_594' title='bbox 597 5233 908 5286; x_wconf 84' lang='lat' dir='ltr'><strong>Omiserunt</strong></span> <span class='ocrx_word' id='word_1_595' title='bbox 934 5223 1090 5302; x_wconf 81' lang='lat' dir='ltr'><strong>igitur</strong></span> <span class='ocrx_word' id='word_1_596' title='bbox 1118 5233 1236 5298; x_wconf 86' lang='lat' dir='ltr'><strong>jure</strong></span> <span class='ocrx_word' id='word_1_597' title='bbox 1263 5231 1312 5282; x_wconf 94' lang='lat' dir='ltr'><strong>id</strong></span> <span class='ocrx_word' id='word_1_598' title='bbox 1346 5229 1632 5302; x_wconf 76' lang='lat' dir='ltr'><strong>verbisuis</strong></span> <span class='ocrx_word' id='word_1_599' title='bbox 1662 5228 1715 5280; x_wconf 92' lang='lat' dir='ltr'><strong>in</strong></span> <span class='ocrx_word' id='word_1_600' title='bbox 1755 5223 2080 5280; x_wconf 88' lang='lat' dir='ltr'><strong>editionibus</strong></span> <span class='ocrx_word' id='word_1_601' title='bbox 2109 5223 2202 5276; x_wconf 72' lang='lat' dir='ltr'><strong>ili-</strong></span> 
     </span>
    </p>
   </div>
   <div class='ocr_carea' id='block_1_82' title="bbox 595 5299 1668 5374">
    <p class='ocr_par' dir='ltr' id='par_1_82' title="bbox 595 5299 1668 5374">
     <span class='ocr_line' id='line_1_82' title="bbox 595 5299 1668 5374; baseline -0.006 -18"><span class='ocrx_word' id='word_1_602' title='bbox 595 5305 810 5374; x_wconf 83' lang='lat' dir='ltr'><strong>galtius,</strong></span> <span class='ocrx_word' id='word_1_603' title='bbox 848 5299 1107 5365; x_wconf 76' lang='lat' dir='ltr'><strong>Davisius,</strong></span> <span class='ocrx_word' id='word_1_604' title='bbox 1139 5301 1461 5374; x_wconf 65' lang='lat' dir='ltr'><strong>(trimovius.</strong></span> <span class='ocrx_word' id='word_1_605' title='bbox 1490 5299 1668 5354; x_wconf 70' lang='grc'><strong>11111111.</strong></span> 
     </span>
    </p>
   </div>
   <div class='ocr_carea' id='block_1_83' title="bbox 671 5366 2200 5445">
    <p class='ocr_par' dir='ltr' id='par_1_83' title="bbox 671 5366 2200 5445">
     <span class='ocr_line' id='line_1_83' title="bbox 671 5366 2200 5445; baseline -0.006 -18"><span class='ocrx_word' id='word_1_606' title='bbox 671 5374 864 5427; x_wconf 68' lang='lat' dir='ltr'><strong>Caelum</strong></span> <span class='ocrx_word' id='word_1_607' title='bbox 891 5387 935 5428; x_wconf 88' lang='lat' dir='ltr'><strong>et</strong></span> <span class='ocrx_word' id='word_1_608' title='bbox 960 5376 1199 5445; x_wconf 79' lang='lat' dir='ltr'><strong>fulmina.</strong></span> <span class='ocrx_word' id='word_1_609' title='bbox 1234 5372 1546 5439; x_wconf 65' lang='lat' dir='ltr'><strong>Adjecimus</strong></span> <span class='ocrx_word' id='word_1_610' title='bbox 1570 5371 1929 5442; x_wconf 65' lang='lat' dir='ltr'><strong>crapulativam</strong></span> <span class='ocrx_word' id='word_1_611' title='bbox 1963 5366 2200 5437; x_wconf 89' lang='lat' dir='ltr'><strong>particu-</strong></span> 
     </span>
    </p>
   </div>
   <div class='ocr_carea' id='block_1_84' title="bbox 596 5445 1336 5511">
    <p class='ocr_par' dir='ltr' id='par_1_84' title="bbox 596 5445 1336 5511">
     <span class='ocr_line' id='line_1_84' title="bbox 596 5445 1336 5511; baseline -0.003 -13"><span class='ocrx_word' id='word_1_612' title='bbox 596 5445 704 5499; x_wconf 86' lang='lat' dir='ltr'><strong>lam</strong></span> <span class='ocrx_word' id='word_1_613' title='bbox 730 5462 794 5497; x_wconf 75' lang='lat' dir='ltr'><strong>ex</strong></span> <span class='ocrx_word' id='word_1_614' title='bbox 821 5463 920 5499; x_wconf 60' lang='lat' dir='ltr'><strong>ms.</strong></span> <span class='ocrx_word' id='word_1_615' title='bbox 951 5463 1064 5511; x_wconf 73' lang='lat' dir='ltr'><strong>reg.</strong></span> <span class='ocrx_word' id='word_1_616' title='bbox 1099 5447 1336 5499; x_wconf 74' lang='lat' dir='ltr'><strong>IIBRALD.</strong></span> 
     </span>
    </p>
   </div>
   <div class='ocr_carea' id='block_1_85' title="bbox 671 5509 2202 5599">
    <p class='ocr_par' dir='ltr' id='par_1_85' title="bbox 671 5509 2202 5599">
     <span class='ocr_line' id='line_1_85' title="bbox 671 5509 2202 5599; baseline -0.003 -30"><span class='ocrx_word' id='word_1_617' title='bbox 671 5517 737 5599; x_wconf 81' lang='lat' dir='ltr'><strong>In</strong></span> <span class='ocrx_word' id='word_1_618' title='bbox 766 5509 1132 5587; x_wconf 79' lang='lat' dir='ltr'><strong>Ganymedem.</strong></span> <span class='ocrx_word' id='word_1_619' title='bbox 1163 5517 1452 5599; x_wconf 31' lang='lat' dir='ltr'><strong>.Usitati&#39;uls,‘</strong></span> <span class='ocrx_word' id='word_1_620' title='bbox 1475 5516 1526 5567; x_wconf 85' lang='lat' dir='ltr'><strong>in</strong></span> <span class='ocrx_word' id='word_1_621' title='bbox 1557 5512 1875 5599; x_wconf 58' lang='lat' dir='ltr'><strong>Ganymede,</strong></span> <span class='ocrx_word' id='word_1_622' title='bbox 1903 5509 1992 5599; x_wconf 66' lang='grc'><strong>¹11111</strong></span> <span class='ocrx_word' id='word_1_623' title='bbox 2019 5509 2202 5599; x_wconf 69' lang='lat' dir='ltr'><strong>delea-</strong></span> 
     </span>
    </p>
   </div>
   <div class='ocr_carea' id='block_1_86' title="bbox 596 5580 2202 5657">
    <p class='ocr_par' dir='ltr' id='par_1_86' title="bbox 596 5580 2202 5657">
     <span class='ocr_line' id='line_1_86' title="bbox 596 5580 2202 5657; baseline -0.005 -16"><span class='ocrx_word' id='word_1_624' title='bbox 596 5598 682 5642; x_wconf 88' lang='lat' dir='ltr'><strong>tur</strong></span> <span class='ocrx_word' id='word_1_625' title='bbox 709 5591 782 5648; x_wconf 84' lang='lat' dir='ltr'><strong>in,</strong></span> <span class='ocrx_word' id='word_1_626' title='bbox 822 5580 1100 5644; x_wconf 46' lang='lat' dir='ltr'><strong>ttt&#39;sensns</strong></span> <span class='ocrx_word' id='word_1_627' title='bbox 1131 5589 1195 5644; x_wconf 80' lang='lat' dir='ltr'><strong>sit</strong></span> <span class='ocrx_word' id='word_1_628' title='bbox 1236 5603 1254 5640; x_wconf 92' lang='lat'><strong><em>:</em></strong></span> <span class='ocrx_word' id='word_1_629' title='bbox 1282 5589 1404 5657; x_wconf 89' lang='lat' dir='ltr'><strong>quid</strong></span> <span class='ocrx_word' id='word_1_630' title='bbox 1436 5589 1617 5656; x_wconf 87' lang='lat' dir='ltr'><strong>loquar</strong></span> <span class='ocrx_word' id='word_1_631' title='bbox 1649 5580 2015 5655; x_wconf 82' lang='lat' dir='ltr'><strong>Ganymedem,</strong></span> <span class='ocrx_word' id='word_1_632' title='bbox 2053 5580 2202 5635; x_wconf 76' lang='lat' dir='ltr'><strong>lovis</strong></span> 
     </span>
    </p>
   </div>
   <div class='ocr_carea' id='block_1_87' title="bbox 593 5659 1283 5728">
    <p class='ocr_par' dir='ltr' id='par_1_87' title="bbox 593 5659 1283 5728">
     <span class='ocr_line' id='line_1_87' title="bbox 593 5659 1283 5728; baseline -0.003 -15"><span class='ocrx_word' id='word_1_633' title='bbox 593 5671 840 5728; x_wconf 86' lang='lat' dir='ltr'><strong>stuprum,</strong></span> <span class='ocrx_word' id='word_1_634' title='bbox 874 5671 984 5714; x_wconf 86' lang='lat' dir='ltr'><strong>etc.</strong></span> <span class='ocrx_word' id='word_1_635' title='bbox 1020 5659 1283 5719; x_wconf 61' lang='lat' dir='ltr'><strong>Ltnns‘ER.</strong></span> 
     </span>
    </p>
   </div>
   <div class='ocr_carea' id='block_1_88' title="bbox 664 5722 2201 5795">
    <p class='ocr_par' dir='ltr' id='par_1_88' title="bbox 664 5722 2201 5795">
     <span class='ocr_line' id='line_1_88' title="bbox 664 5722 2201 5795; baseline -0.005 -13"><span class='ocrx_word' id='word_1_636' title='bbox 664 5722 733 5782; x_wconf 87' lang='lat' dir='ltr'><strong>Ut</strong></span> <span class='ocrx_word' id='word_1_637' title='bbox 767 5722 903 5788; x_wconf 74' lang='lat' dir='ltr'><strong>vitiis</strong></span> <span class='ocrx_word' id='word_1_638' title='bbox 935 5731 1224 5790; x_wconf 73' lang='lat' dir='ltr'><strong>ltottunum.</strong></span> <span class='ocrx_word' id='word_1_639' title='bbox 1261 5731 1333 5784; x_wconf 82' lang='lat' dir='ltr'><strong>Ita</strong></span> <span class='ocrx_word' id='word_1_640' title='bbox 1361 5729 1526 5786; x_wconf 90' lang='lat' dir='ltr'><strong>edidit</strong></span> <span class='ocrx_word' id='word_1_641' title='bbox 1550 5728 1812 5789; x_wconf 80' lang='lat' dir='ltr'><strong>Heraldus</strong></span> <span class='ocrx_word' id='word_1_642' title='bbox 1836 5767 1851 5787; x_wconf 90' lang='lat'><strong>,</strong></span> <span class='ocrx_word' id='word_1_643' title='bbox 1885 5724 2014 5779; x_wconf 86' lang='lat' dir='ltr'><strong>nihil</strong></span> <span class='ocrx_word' id='word_1_644' title='bbox 2047 5722 2201 5795; x_wconf 88' lang='lat' dir='ltr'><strong>quid-</strong></span> 
     </span>
    </p>
   </div>
   <div class='ocr_carea' id='block_1_89' title="bbox 583 5797 2198 5866">
    <p class='ocr_par' dir='ltr' id='par_1_89' title="bbox 583 5797 2198 5866">
     <span class='ocr_line' id='line_1_89' title="bbox 583 5797 2198 5866; baseline 0.006 -18"><span class='ocrx_word' id='word_1_645' title='bbox 583 5813 734 5864; x_wconf 83' lang='lat' dir='ltr'><strong>quam</strong></span> <span class='ocrx_word' id='word_1_646' title='bbox 771 5815 1009 5861; x_wconf 77' lang='lat' dir='ltr'><strong>mmiens</strong></span> <span class='ocrx_word' id='word_1_647' title='bbox 1041 5809 1105 5866; x_wconf 63' lang='lat' dir='ltr'><strong>de</strong></span> <span class='ocrx_word' id='word_1_648' title='bbox 1141 5802 1361 5862; x_wconf 81' lang='lat' dir='ltr'><strong>diversa</strong></span> <span class='ocrx_word' id='word_1_649' title='bbox 1405 5802 1694 5866; x_wconf 62' lang='lat' dir='ltr'><strong>scriptor...</strong></span> <span class='ocrx_word' id='word_1_650' title='bbox 1738 5797 2000 5866; x_wconf 80' lang='lat' dir='ltr'><strong>Rigaltius</strong></span> <span class='ocrx_word' id='word_1_651' title='bbox 2034 5810 2198 5866; x_wconf 65' lang='lat' dir='ltr'><strong>vero,</strong></span> 
     </span>
    </p>
   </div>
   <div class='ocr_carea' id='block_1_90' title="bbox 574 5865 2203 5950">
    <p class='ocr_par' dir='ltr' id='par_1_90' title="bbox 574 5865 2203 5950">
     <span class='ocr_line' id='line_1_90' title="bbox 574 5865 2203 5950; baseline 0.001 -31"><span class='ocrx_word' id='word_1_652' title='bbox 574 5877 626 5919; x_wconf 85' lang='lat' dir='ltr'><strong>ut</strong></span> <span class='ocrx_word' id='word_1_653' title='bbox 645 5870 865 5938; x_wconf 64' lang='grc' dir='ltr'><strong>Ῑιιόίινίε</strong></span> <span class='ocrx_word' id='word_1_654' title='bbox 914 5865 1253 5946; x_wconf 27' lang='grc' dir='ltr'><strong>εοτὶιηείησωη</strong></span> <span class='ocrx_word' id='word_1_655' title='bbox 1294 5892 1414 5934; x_wconf 89' lang='lat' dir='ltr'><strong>esse</strong></span> <span class='ocrx_word' id='word_1_656' title='bbox 1453 5865 1658 5950; x_wconf 69' lang='lat' dir='ltr'><strong>antiqui</strong></span> <span class='ocrx_word' id='word_1_657' title='bbox 1693 5865 2030 5944; x_wconf 64' lang='lat' dir='ltr'><strong>exemplaris</strong></span> <span class='ocrx_word' id='word_1_658' title='bbox 2068 5865 2203 5924; x_wconf 87' lang='lat' dir='ltr'><strong>satis</strong></span> 
     </span>
    </p>
   </div>
   <div class='ocr_carea' id='block_1_91' title="bbox 2286 2281 3872 2354">
    <p class='ocr_par' dir='ltr' id='par_1_91' title="bbox 2286 2281 3872 2354">
     <span class='ocr_line' id='line_1_91' title="bbox 2286 2281 3872 2354; baseline -0.003 -14"><span class='ocrx_word' id='word_1_659' title='bbox 2286 2296 2525 2354; x_wconf 89' lang='lat' dir='ltr'><strong>apertam</strong></span> <span class='ocrx_word' id='word_1_660' title='bbox 2556 2286 2810 2340; x_wconf 80' lang='lat' dir='ltr'><strong>afﬁrmat.</strong></span> <span class='ocrx_word' id='word_1_661' title='bbox 2856 2283 3068 2339; x_wconf 82' lang='lat' dir='ltr'><strong>Retinui</strong></span> <span class='ocrx_word' id='word_1_662' title='bbox 3103 2283 3385 2338; x_wconf 86' lang='lat' dir='ltr'><strong>lectionem</strong></span> <span class='ocrx_word' id='word_1_663' title='bbox 3427 2281 3669 2347; x_wconf 77' lang='lat' dir='ltr'><strong>lleraldi,</strong></span> <span class='ocrx_word' id='word_1_664' title='bbox 3708 2298 3872 2352; x_wconf 80' lang='lat' dir='ltr'><strong>quam</strong></span> 
     </span>
    </p>
   </div>
   <div class='ocr_carea' id='block_1_92' title="bbox 2290 2357 3174 2422">
    <p class='ocr_par' dir='ltr' id='par_1_92' title="bbox 2290 2357 3174 2422">
     <span class='ocr_line' id='line_1_92' title="bbox 2290 2357 3174 2422; baseline -0.006 -10"><span class='ocrx_word' id='word_1_665' title='bbox 2290 2361 2452 2414; x_wconf 91' lang='lat' dir='ltr'><strong>etiam</strong></span> <span class='ocrx_word' id='word_1_666' title='bbox 2489 2358 2650 2411; x_wconf 88' lang='lat' dir='ltr'><strong>habet</strong></span> <span class='ocrx_word' id='word_1_667' title='bbox 2679 2357 2918 2419; x_wconf 67' lang='grc' dir='ltr'><strong>δειῦίευες</strong></span> <span class='ocrx_word' id='word_1_668' title='bbox 2945 2357 3174 2422; x_wconf 88' lang='lat' dir='ltr'><strong>scilicet,</strong></span> 
     </span>
    </p>
   </div>
   <div class='ocr_carea' id='block_1_93' title="bbox 2477 2469 3610 2532">
    <p class='ocr_par' dir='ltr' id='par_1_93' title="bbox 2477 2469 3610 2532">
     <span class='ocr_line' id='line_1_93' title="bbox 2477 2469 3610 2532; baseline -0.002 -15"><span class='ocrx_word' id='word_1_669' title='bbox 2477 2469 2613 2529; x_wconf 88' lang='lat' dir='ltr'><strong>Quod</strong></span> <span class='ocrx_word' id='word_1_670' title='bbox 2637 2469 2803 2519; x_wconf 81' lang='lat' dir='ltr'><strong>decuit.</strong></span> <span class='ocrx_word' id='word_1_671' title='bbox 2819 2469 2972 2529; x_wconf 84' lang='lat' dir='ltr'><strong>divos,</strong></span> <span class='ocrx_word' id='word_1_672' title='bbox 2998 2482 3084 2517; x_wconf 90' lang='lat' dir='ltr'><strong>cur</strong></span> <span class='ocrx_word' id='word_1_673' title='bbox 3100 2469 3216 2518; x_wconf 85' lang='lat' dir='ltr'><strong>mihi</strong></span> <span class='ocrx_word' id='word_1_674' title='bbox 3242 2476 3386 2531; x_wconf 88' lang='lat' dir='ltr'><strong>turpe</strong></span> <span class='ocrx_word' id='word_1_675' title='bbox 3406 2469 3610 2532; x_wconf 82' lang='lat' dir='ltr'><strong>putem?</strong></span> 
     </span>
    </p>
   </div>
   <div class='ocr_carea' id='block_1_94' title="bbox 2292 2576 3890 2646">
    <p class='ocr_par' dir='ltr' id='par_1_94' title="bbox 2292 2576 3890 2646">
     <span class='ocr_line' id='line_1_94' title="bbox 2292 2576 3890 2646; baseline -0.001 -15"><span class='ocrx_word' id='word_1_676' title='bbox 2292 2579 2458 2645; x_wconf 67' lang='lat' dir='ltr'><strong>inquit</strong></span> <span class='ocrx_word' id='word_1_677' title='bbox 2491 2578 2684 2646; x_wconf 90' lang='lat' dir='ltr'><strong>aliquis</strong></span> <span class='ocrx_word' id='word_1_678' title='bbox 2712 2577 2890 2631; x_wconf 87' lang='lat' dir='ltr'><strong>verbis</strong></span> <span class='ocrx_word' id='word_1_679' title='bbox 2911 2576 3106 2639; x_wconf 88' lang='lat' dir='ltr'><strong>Ovidii,</strong></span> <span class='ocrx_word' id='word_1_680' title='bbox 3126 2577 3300 2629; x_wconf 86' lang='lat' dir='ltr'><strong>Amor.</strong></span> <span class='ocrx_word' id='word_1_681' title='bbox 3318 2592 3374 2643; x_wconf 90' lang='grc'><strong>11,</strong></span> <span class='ocrx_word' id='word_1_682' title='bbox 3400 2576 3663 2630; x_wconf 57' lang='grc'><strong>8.-11111</strong></span> <span class='ocrx_word' id='word_1_683' title='bbox 3689 2591 3735 2628; x_wconf 68' lang='lat' dir='ltr'><strong>at</strong></span> <span class='ocrx_word' id='word_1_684' title='bbox 3762 2576 3890 2642; x_wconf 89' lang='lat' dir='ltr'><strong>liqui</strong></span> 
     </span>
    </p>
   </div>
   <div class='ocr_carea' id='block_1_95' title="bbox 2291 2647 3888 2718">
    <p class='ocr_par' dir='ltr' id='par_1_95' title="bbox 2291 2647 3888 2718">
     <span class='ocr_line' id='line_1_95' title="bbox 2291 2647 3888 2718; baseline -0.001 -15"><span class='ocrx_word' id='word_1_685' title='bbox 2291 2650 2615 2718; x_wconf 80' lang='lat' dir='ltr'><strong>exemplaris</strong></span> <span class='ocrx_word' id='word_1_686' title='bbox 2654 2649 2914 2714; x_wconf 77' lang='lat' dir='ltr'><strong>scriptura</strong></span> <span class='ocrx_word' id='word_1_687' title='bbox 2948 2653 3206 2718; x_wconf 85' lang='lat' dir='ltr'><strong>probatur</strong></span> <span class='ocrx_word' id='word_1_688' title='bbox 3248 2649 3497 2714; x_wconf 69' lang='lat' dir='ltr'><strong>ltigaltin.</strong></span> <span class='ocrx_word' id='word_1_689' title='bbox 3538 2647 3773 2710; x_wconf 76' lang='lat' dir='ltr'><strong>Etenim,</strong></span> <span class='ocrx_word' id='word_1_690' title='bbox 3809 2651 3888 2701; x_wconf 90' lang='lat' dir='ltr'><strong>in-</strong></span> 
     </span>
    </p>
   </div>
   <div class='ocr_carea' id='block_1_96' title="bbox 2291 2719 3889 2790">
    <p class='ocr_par' dir='ltr' id='par_1_96' title="bbox 2291 2719 3889 2790">
     <span class='ocr_line' id='line_1_96' title="bbox 2291 2719 3889 2790; baseline 0.002 -20"><span class='ocrx_word' id='word_1_691' title='bbox 2291 2720 2428 2790; x_wconf 90' lang='lat' dir='ltr'><strong>qttit,</strong></span> <span class='ocrx_word' id='word_1_692' title='bbox 2472 2722 2765 2787; x_wconf 75' lang='lat' dir='ltr'><strong>depravata</strong></span> <span class='ocrx_word' id='word_1_693' title='bbox 2800 2720 3034 2785; x_wconf 85' lang='lat' dir='ltr'><strong>judicio,</strong></span> <span class='ocrx_word' id='word_1_694' title='bbox 3080 2720 3387 2772; x_wconf 83' lang='lat' dir='ltr'><strong>hominibus</strong></span> <span class='ocrx_word' id='word_1_695' title='bbox 3432 2720 3570 2771; x_wconf 81' lang='lat' dir='ltr'><strong>male</strong></span> <span class='ocrx_word' id='word_1_696' title='bbox 3597 2719 3889 2787; x_wconf 87' lang='lat' dir='ltr'><strong>jndicanti-</strong></span> 
     </span>
    </p>
   </div>
   <div class='ocr_carea' id='block_1_97' title="bbox 2293 2790 3896 2861">
    <p class='ocr_par' dir='ltr' id='par_1_97' title="bbox 2293 2790 3896 2861">
     <span class='ocr_line' id='line_1_97' title="bbox 2293 2790 3896 2861; baseline -0.001 -16"><span class='ocrx_word' id='word_1_697' title='bbox 2293 2793 2414 2857; x_wconf 80' lang='lat' dir='ltr'><strong>ltus,</strong></span> <span class='ocrx_word' id='word_1_698' title='bbox 2448 2807 2568 2859; x_wconf 75' lang='lat' dir='ltr'><strong>qua:</strong></span> <span class='ocrx_word' id='word_1_699' title='bbox 2600 2794 2848 2861; x_wconf 78' lang='lat' dir='ltr'><strong>leguntur</strong></span> <span class='ocrx_word' id='word_1_700' title='bbox 2877 2809 2904 2840; x_wconf 84' lang='lat' dir='ltr'><strong>a</strong></span> <span class='ocrx_word' id='word_1_701' title='bbox 2941 2791 3045 2844; x_wconf 85' lang='lat' dir='ltr'><strong>diis</strong></span> <span class='ocrx_word' id='word_1_702' title='bbox 3088 2790 3207 2843; x_wconf 80' lang='lat' dir='ltr'><strong>vitia</strong></span> <span class='ocrx_word' id='word_1_703' title='bbox 3238 2799 3563 2860; x_wconf 76' lang='lat' dir='ltr'><strong>perpetrata,</strong></span> <span class='ocrx_word' id='word_1_704' title='bbox 3601 2806 3696 2856; x_wconf 90' lang='lat' dir='ltr'><strong>pro</strong></span> <span class='ocrx_word' id='word_1_705' title='bbox 3727 2792 3896 2844; x_wconf 78' lang='lat' dir='ltr'><strong>virtu-</strong></span> 
     </span>
    </p>
   </div>
   <div class='ocr_carea' id='block_1_98' title="bbox 2297 2861 3896 2926">
    <p class='ocr_par' dir='ltr' id='par_1_98' title="bbox 2297 2861 3896 2926">
     <span class='ocr_line' id='line_1_98' title="bbox 2297 2861 3896 2926; baseline -0.002 -10"><span class='ocrx_word' id='word_1_706' title='bbox 2297 2863 2437 2916; x_wconf 82' lang='lat' dir='ltr'><strong>libus</strong></span> <span class='ocrx_word' id='word_1_707' title='bbox 2467 2863 2749 2916; x_wconf 76' lang='lat' dir='ltr'><strong>habentur.</strong></span> <span class='ocrx_word' id='word_1_708' title='bbox 2797 2865 2863 2916; x_wconf 79' lang='lat' dir='ltr'><strong>At</strong></span> <span class='ocrx_word' id='word_1_709' title='bbox 2896 2863 3151 2917; x_wconf 80' lang='lat' dir='ltr'><strong>Gelenius</strong></span> <span class='ocrx_word' id='word_1_710' title='bbox 3178 2870 3226 2913; x_wconf 91' lang='lat' dir='ltr'><strong>et</strong></span> <span class='ocrx_word' id='word_1_711' title='bbox 3260 2861 3524 2914; x_wconf 78' lang='lat' dir='ltr'><strong>tletlarius</strong></span> <span class='ocrx_word' id='word_1_712' title='bbox 3551 2861 3771 2914; x_wconf 87' lang='lat' dir='ltr'><strong>edidere</strong></span> <span class='ocrx_word' id='word_1_713' title='bbox 3793 2903 3808 2926; x_wconf 92' lang='lat'><strong>,</strong></span> <span class='ocrx_word' id='word_1_714' title='bbox 3842 2872 3896 2915; x_wconf 86' lang='lat' dir='ltr'><strong>ut</strong></span> 
     </span>
    </p>
   </div>
   <div class='ocr_carea' id='block_1_99' title="bbox 2295 2931 3896 3000">
    <p class='ocr_par' dir='ltr' id='par_1_99' title="bbox 2295 2931 3896 3000">
     <span class='ocr_line' id='line_1_99' title="bbox 2295 2931 3896 3000; baseline -0.001 -13"><span class='ocrx_word' id='word_1_715' title='bbox 2295 2935 2427 2987; x_wconf 82' lang='lat' dir='ltr'><strong>vitiis</strong></span> <span class='ocrx_word' id='word_1_716' title='bbox 2454 2937 2732 2986; x_wconf 87' lang='lat' dir='ltr'><strong>hominum.</strong></span> <span class='ocrx_word' id='word_1_717' title='bbox 2769 2933 2932 2987; x_wconf 80' lang='lat' dir='ltr'><strong>Paulo</strong></span> <span class='ocrx_word' id='word_1_718' title='bbox 2963 2936 3177 3000; x_wconf 85' lang='lat' dir='ltr'><strong>propius</strong></span> <span class='ocrx_word' id='word_1_719' title='bbox 3203 2932 3462 2984; x_wconf 69' lang='lat' dir='ltr'><strong>accedens</strong></span> <span class='ocrx_word' id='word_1_720' title='bbox 3494 2931 3560 2984; x_wconf 89' lang='lat' dir='ltr'><strong>ad</strong></span> <span class='ocrx_word' id='word_1_721' title='bbox 3591 2947 3691 2984; x_wconf 82' lang='lat' dir='ltr'><strong>tus.</strong></span> <span class='ocrx_word' id='word_1_722' title='bbox 3728 2935 3896 2986; x_wconf 67' lang='lat' dir='ltr'><strong>vesti-</strong></span> 
     </span>
    </p>
   </div>
   <div class='ocr_carea' id='block_1_100' title="bbox 2297 3003 3899 3074">
    <p class='ocr_par' dir='ltr' id='par_1_100' title="bbox 2297 3003 3899 3074">
     <span class='ocr_line' id='line_1_100' title="bbox 2297 3003 3899 3074; baseline 0.001 -18"><span class='ocrx_word' id='word_1_723' title='bbox 2297 3005 2380 3074; x_wconf 82' lang='lat' dir='ltr'><strong>gia</strong></span> <span class='ocrx_word' id='word_1_724' title='bbox 2431 3006 2710 3069; x_wconf 81' lang='lat' dir='ltr'><strong>Davisius,</strong></span> <span class='ocrx_word' id='word_1_725' title='bbox 2758 3006 3042 3070; x_wconf 70' lang='lat' dir='ltr'><strong>legendum</strong></span> <span class='ocrx_word' id='word_1_726' title='bbox 3087 3013 3238 3070; x_wconf 84' lang='lat' dir='ltr'><strong>putat</strong></span> <span class='ocrx_word' id='word_1_727' title='bbox 3283 3004 3357 3055; x_wconf 87' lang='lat' dir='ltr'><strong>uti</strong></span> <span class='ocrx_word' id='word_1_728' title='bbox 3400 3004 3718 3074; x_wconf 14' lang='lat' dir='ltr'><strong>vititsihom.</strong></span> <span class='ocrx_word' id='word_1_729' title='bbox 3751 3003 3899 3059; x_wconf 89' lang='lat' dir='ltr'><strong>Satis</strong></span> 
     </span>
    </p>
   </div>
   <div class='ocr_carea' id='block_1_101' title="bbox 2302 3073 3897 3144">
    <p class='ocr_par' dir='ltr' id='par_1_101' title="bbox 2302 3073 3897 3144">
     <span class='ocr_line' id='line_1_101' title="bbox 2302 3073 3897 3144; baseline -0.001 -15"><span class='ocrx_word' id='word_1_730' title='bbox 2302 3073 2455 3132; x_wconf 85' lang='lat' dir='ltr'><strong>bene.</strong></span> <span class='ocrx_word' id='word_1_731' title='bbox 2491 3077 2665 3131; x_wconf 83' lang='lat' dir='ltr'><strong>Minus</strong></span> <span class='ocrx_word' id='word_1_732' title='bbox 2695 3077 2837 3130; x_wconf 90' lang='lat' dir='ltr'><strong>enim</strong></span> <span class='ocrx_word' id='word_1_733' title='bbox 2881 3077 3053 3144; x_wconf 72' lang='lat' dir='ltr'><strong>placet</strong></span> <span class='ocrx_word' id='word_1_734' title='bbox 3093 3077 3260 3128; x_wconf 85' lang='lat' dir='ltr'><strong>altera</strong></span> <span class='ocrx_word' id='word_1_735' title='bbox 3304 3075 3399 3127; x_wconf 90' lang='lat' dir='ltr'><strong>viri</strong></span> <span class='ocrx_word' id='word_1_736' title='bbox 3443 3073 3635 3126; x_wconf 88' lang='lat' dir='ltr'><strong>eruditi</strong></span> <span class='ocrx_word' id='word_1_737' title='bbox 3676 3076 3897 3141; x_wconf 82' lang='lat' dir='ltr'><strong>conjec-</strong></span> 
     </span>
    </p>
   </div>
   <div class='ocr_carea' id='block_1_102' title="bbox 2305 3145 3900 3217">
    <p class='ocr_par' dir='ltr' id='par_1_102' title="bbox 2305 3145 3900 3217">
     <span class='ocr_line' id='line_1_102' title="bbox 2305 3145 3900 3217; baseline -0.002 -16"><span class='ocrx_word' id='word_1_738' title='bbox 2305 3158 2419 3201; x_wconf 89' lang='lat' dir='ltr'><strong>tura</strong></span> <span class='ocrx_word' id='word_1_739' title='bbox 2439 3191 2452 3212; x_wconf 97' lang='lat'><strong>,</strong></span> <span class='ocrx_word' id='word_1_740' title='bbox 2493 3149 2718 3217; x_wconf 79' lang='lat' dir='ltr'><strong>legentis</strong></span> <span class='ocrx_word' id='word_1_741' title='bbox 2747 3149 2799 3202; x_wconf 91' lang='lat' dir='ltr'><strong>in</strong></span> <span class='ocrx_word' id='word_1_742' title='bbox 2827 3147 3060 3202; x_wconf 72' lang='lat' dir='ltr'><strong>st-eunda</strong></span> <span class='ocrx_word' id='word_1_743' title='bbox 3089 3147 3324 3199; x_wconf 85' lang='lat' dir='ltr'><strong>editione</strong></span> <span class='ocrx_word' id='word_1_744' title='bbox 3348 3186 3362 3217; x_wconf 77' lang='lat'><strong>.</strong></span> <span class='ocrx_word' id='word_1_745' title='bbox 3397 3155 3450 3197; x_wconf 89' lang='lat' dir='ltr'><strong>ut</strong></span> <span class='ocrx_word' id='word_1_746' title='bbox 3481 3145 3695 3211; x_wconf 84' lang='lat' dir='ltr'><strong>ﬂaqitiis</strong></span> <span class='ocrx_word' id='word_1_747' title='bbox 3725 3147 3860 3200; x_wconf 89' lang='lat' dir='ltr'><strong>homi</strong></span> <span class='ocrx_word' id='word_1_748' title='bbox 3885 3178 3900 3188; x_wconf 89' lang='lat'><strong>-</strong></span> 
     </span>
    </p>
   </div>
   <div class='ocr_carea' id='block_1_103' title="bbox 2303 3216 3606 3286">
    <p class='ocr_par' dir='ltr' id='par_1_103' title="bbox 2303 3216 3606 3286">
     <span class='ocr_line' id='line_1_103' title="bbox 2303 3216 3606 3286; baseline -0.002 -14"><span class='ocrx_word' id='word_1_749' title='bbox 2303 3237 2420 3272; x_wconf 90' lang='lat' dir='ltr'><strong>num</strong></span> <span class='ocrx_word' id='word_1_750' title='bbox 2449 3216 2681 3286; x_wconf 56' lang='lat' dir='ltr'><strong>quoidam</strong></span> <span class='ocrx_word' id='word_1_751' title='bbox 2709 3220 2982 3272; x_wconf 81' lang='lat' dir='ltr'><strong>auctoritas</strong></span> <span class='ocrx_word' id='word_1_752' title='bbox 3013 3227 3300 3284; x_wconf 85' lang='lat' dir='ltr'><strong>pararetur.</strong></span> <span class='ocrx_word' id='word_1_753' title='bbox 3329 3216 3606 3271; x_wconf 73' lang='lat' dir='ltr'><strong>GALLAND.</strong></span> 
     </span>
    </p>
   </div>
   <div class='ocr_carea' id='block_1_104' title="bbox 2373 3287 3900 3362">
    <p class='ocr_par' dir='ltr' id='par_1_104' title="bbox 2373 3287 3900 3362">
     <span class='ocr_line' id='line_1_104' title="bbox 2373 3287 3900 3362; baseline -0.002 -17"><span class='ocrx_word' id='word_1_754' title='bbox 2373 3289 2800 3357; x_wconf 84' lang='lat' dir='ltr'><strong>Corrumpuntur.</strong></span> <span class='ocrx_word' id='word_1_755' title='bbox 2857 3291 3102 3362; x_wconf 81' lang='lat' dir='ltr'><strong>Systema</strong></span> <span class='ocrx_word' id='word_1_756' title='bbox 3151 3287 3465 3362; x_wconf 59' lang='lat' dir='ltr'><strong>gentilismi</strong></span> <span class='ocrx_word' id='word_1_757' title='bbox 3496 3303 3750 3357; x_wconf 86' lang='lat' dir='ltr'><strong>perquam</strong></span> <span class='ocrx_word' id='word_1_758' title='bbox 3783 3304 3900 3362; x_wconf 85' lang='lat' dir='ltr'><strong>_ac-</strong></span> 
     </span>
    </p>
   </div>
   <div class='ocr_carea' id='block_1_105' title="bbox 2301 3358 3899 3425">
    <p class='ocr_par' dir='ltr' id='par_1_105' title="bbox 2301 3358 3899 3425">
     <span class='ocr_line' id='line_1_105' title="bbox 2301 3358 3899 3425; baseline -0.001 -10"><span class='ocrx_word' id='word_1_759' title='bbox 2301 3363 2698 3416; x_wconf 82' lang='lat' dir='ltr'><strong>commodatum</strong></span> <span class='ocrx_word' id='word_1_760' title='bbox 2725 3377 2843 3416; x_wconf 84' lang='lat' dir='ltr'><strong>esse</strong></span> <span class='ocrx_word' id='word_1_761' title='bbox 2871 3358 3280 3425; x_wconf 73' lang='lat' dir='ltr'><strong>corrumpenths</strong></span> <span class='ocrx_word' id='word_1_762' title='bbox 3312 3358 3570 3416; x_wconf 77' lang='lat' dir='ltr'><strong>moribus.</strong></span> <span class='ocrx_word' id='word_1_763' title='bbox 3599 3363 3754 3412; x_wconf 80' lang='lat' dir='ltr'><strong>docet</strong></span> <span class='ocrx_word' id='word_1_764' title='bbox 3783 3359 3899 3413; x_wconf 77' lang='lat' dir='ltr'><strong>Ba:-</strong></span> 
     </span>
    </p>
   </div>
   <div class='ocr_carea' id='block_1_106' title="bbox 2302 3429 3734 3493">
    <p class='ocr_par' dir='ltr' id='par_1_106' title="bbox 2302 3429 3734 3493">
     <span class='ocr_line' id='line_1_106' title="bbox 2302 3429 3734 3493; baseline -0.002 -7"><span class='ocrx_word' id='word_1_765' title='bbox 2302 3434 2404 3487; x_wconf 90' lang='lat' dir='ltr'><strong>lius</strong></span> <span class='ocrx_word' id='word_1_766' title='bbox 2442 3432 2661 3486; x_wconf 83' lang='lat' dir='ltr'><strong>Diction.</strong></span> <span class='ocrx_word' id='word_1_767' title='bbox 2695 3435 2795 3487; x_wconf 84' lang='lat' dir='ltr'><strong>sub</strong></span> <span class='ocrx_word' id='word_1_768' title='bbox 2827 3449 2958 3485; x_wconf 88' lang='lat' dir='ltr'><strong>voce</strong></span> <span class='ocrx_word' id='word_1_769' title='bbox 2989 3432 3236 3493; x_wconf 75' lang='lat' dir='ltr'><strong>JUPI’I‘EB,</strong></span> <span class='ocrx_word' id='word_1_770' title='bbox 3270 3430 3349 3485; x_wconf 90' lang='lat' dir='ltr'><strong>lit.</strong></span> <span class='ocrx_word' id='word_1_771' title='bbox 3387 3431 3447 3481; x_wconf 83' lang='grc'><strong>1).</strong></span> <span class='ocrx_word' id='word_1_772' title='bbox 3477 3429 3734 3484; x_wconf 71' lang='lat' dir='ltr'><strong>LINDNER.</strong></span> 
     </span>
    </p>
   </div>
   <div class='ocr_carea' id='block_1_107' title="bbox 2377 3501 3903 3562">
    <p class='ocr_par' dir='ltr' id='par_1_107' title="bbox 2377 3501 3903 3562">
     <span class='ocr_line' id='line_1_107' title="bbox 2377 3501 3903 3562; baseline -0.002 -5"><span class='ocrx_word' id='word_1_773' title='bbox 2377 3503 2608 3557; x_wconf 81' lang='lat' dir='ltr'><strong>Hisdem.</strong></span> <span class='ocrx_word' id='word_1_774' title='bbox 2644 3505 2696 3558; x_wconf 90' lang='lat' dir='ltr'><strong>In</strong></span> <span class='ocrx_word' id='word_1_775' title='bbox 2732 3519 2828 3558; x_wconf 87' lang='lat' dir='ltr'><strong>ms.</strong></span> <span class='ocrx_word' id='word_1_776' title='bbox 2863 3517 2943 3558; x_wconf 87' lang='lat' dir='ltr'><strong>cSt</strong></span> <span class='ocrx_word' id='word_1_777' title='bbox 2975 3503 3204 3561; x_wconf 82' lang='lat' dir='ltr'><strong>hisdem;</strong></span> <span class='ocrx_word' id='word_1_778' title='bbox 3234 3501 3362 3554; x_wconf 85' lang='lat' dir='ltr'><strong>illud</strong></span> <span class='ocrx_word' id='word_1_779' title='bbox 3406 3511 3580 3553; x_wconf 74' lang='lat' dir='ltr'><strong>tamen</strong></span> <span class='ocrx_word' id='word_1_780' title='bbox 3617 3503 3778 3562; x_wconf 83' lang='lat' dir='ltr'><strong>valet,</strong></span> <span class='ocrx_word' id='word_1_781' title='bbox 3811 3503 3903 3554; x_wconf 81' lang='lat' dir='ltr'><strong>iis-</strong></span> 
     </span>
    </p>
   </div>
   <div class='ocr_carea' id='block_1_108' title="bbox 2302 3571 3898 3629">
    <p class='ocr_par' dir='ltr' id='par_1_108' title="bbox 2302 3571 3898 3629">
     <span class='ocr_line' id='line_1_108' title="bbox 2302 3571 3898 3629; baseline -0.003 -1"><span class='ocrx_word' id='word_1_782' title='bbox 2302 3575 2444 3629; x_wconf 85' lang='lat' dir='ltr'><strong>dem.</strong></span> <span class='ocrx_word' id='word_1_783' title='bbox 2484 3575 2740 3629; x_wconf 79' lang='lat' dir='ltr'><strong>Videntur</strong></span> <span class='ocrx_word' id='word_1_784' title='bbox 2779 3577 3002 3629; x_wconf 83' lang='lat' dir='ltr'><strong>Bunem.</strong></span> <span class='ocrx_word' id='word_1_785' title='bbox 3036 3575 3100 3627; x_wconf 89' lang='lat' dir='ltr'><strong>ad</strong></span> <span class='ocrx_word' id='word_1_786' title='bbox 3129 3573 3371 3626; x_wconf 81' lang='lat' dir='ltr'><strong>Lactant.</strong></span> <span class='ocrx_word' id='word_1_787' title='bbox 3402 3571 3465 3624; x_wconf 81' lang='lat' dir='ltr'><strong>de</strong></span> <span class='ocrx_word' id='word_1_788' title='bbox 3495 3571 3656 3626; x_wconf 80' lang='lat' dir='ltr'><strong>Mart.</strong></span> <span class='ocrx_word' id='word_1_789' title='bbox 3692 3571 3898 3627; x_wconf 62' lang='grc' dir='ltr'><strong>[ἐκεῖ.</strong></span> 
     </span>
    </p>
   </div>
   <div class='ocr_carea' id='block_1_109' title="bbox 2306 3647 2784 3714">
    <p class='ocr_par' dir='ltr' id='par_1_109' title="bbox 2306 3647 2784 3714">
     <span class='ocr_line' id='line_1_109' title="bbox 2306 3647 2784 3714; baseline 0.002 -15"><span class='ocrx_word' id='word_1_790' title='bbox 2306 3663 2461 3700; x_wconf 76' lang='lat' dir='ltr'><strong>xstn.</strong></span> <span class='ocrx_word' id='word_1_791' title='bbox 2498 3647 2784 3714; x_wconf 62' lang='lat' dir='ltr'><strong>haustam,</strong></span> 
     </span>
    </p>
   </div>
   <div class='ocr_carea' id='block_1_110' title="bbox 2377 3714 3904 3784">
    <p class='ocr_par' dir='ltr' id='par_1_110' title="bbox 2377 3714 3904 3784">
     <span class='ocr_line' id='line_1_110' title="bbox 2377 3714 3904 3784; baseline -0.001 -15"><span class='ocrx_word' id='word_1_792' title='bbox 2377 3717 2772 3772; x_wconf 81' lang='lat' dir='ltr'><strong>Inluerentibus.</strong></span> <span class='ocrx_word' id='word_1_793' title='bbox 2801 3718 2892 3774; x_wconf 85' lang='lat' dir='ltr'><strong>Sc.</strong></span> <span class='ocrx_word' id='word_1_794' title='bbox 2920 3719 2972 3771; x_wconf 88' lang='lat' dir='ltr'><strong>in</strong></span> <span class='ocrx_word' id='word_1_795' title='bbox 2996 3717 3184 3770; x_wconf 88' lang='lat' dir='ltr'><strong>animo.</strong></span> <span class='ocrx_word' id='word_1_796' title='bbox 3215 3714 3401 3782; x_wconf 86' lang='lat' dir='ltr'><strong>Neque</strong></span> <span class='ocrx_word' id='word_1_797' title='bbox 3433 3715 3570 3768; x_wconf 89' lang='lat' dir='ltr'><strong>male</strong></span> <span class='ocrx_word' id='word_1_798' title='bbox 3599 3715 3904 3784; x_wconf 77' lang='lat' dir='ltr'><strong>legeremus</strong></span> 
     </span>
    </p>
   </div>
   <div class='ocr_carea' id='block_1_111' title="bbox 2304 3785 3906 3859">
    <p class='ocr_par' dir='ltr' id='par_1_111' title="bbox 2304 3785 3906 3859">
     <span class='ocr_line' id='line_1_111' title="bbox 2304 3785 3906 3859; baseline 0 -19"><span class='ocrx_word' id='word_1_799' title='bbox 2304 3790 2628 3843; x_wconf 75' lang='lat' dir='ltr'><strong>inliterentes.</strong></span> <span class='ocrx_word' id='word_1_800' title='bbox 2677 3793 2847 3857; x_wconf 77' lang='lat' dir='ltr'><strong>Supra</strong></span> <span class='ocrx_word' id='word_1_801' title='bbox 2881 3805 2998 3859; x_wconf 88' lang='lat' dir='ltr'><strong>cap.</strong></span> <span class='ocrx_word' id='word_1_802' title='bbox 3037 3791 3087 3847; x_wconf 88' lang='grc'><strong>1.</strong></span> <span class='ocrx_word' id='word_1_803' title='bbox 3127 3803 3223 3856; x_wconf 84' lang='lat' dir='ltr'><strong>quo</strong></span> <span class='ocrx_word' id='word_1_804' title='bbox 3251 3785 3511 3859; x_wconf 61' lang='grc' dir='ltr'><strong>(Σίρι-11111111</strong></span> <span class='ocrx_word' id='word_1_805' title='bbox 3540 3789 3906 3852; x_wconf 84' lang='lat' dir='ltr'><strong>superstitiosis</strong></span> 
     </span>
    </p>
   </div>
   <div class='ocr_carea' id='block_1_112' title="bbox 2304 3856 3897 3923">
    <p class='ocr_par' dir='ltr' id='par_1_112' title="bbox 2304 3856 3897 3923">
     <span class='ocr_line' id='line_1_112' title="bbox 2304 3856 3897 3923; baseline -0.003 -10"><span class='ocrx_word' id='word_1_806' title='bbox 2304 3862 2612 3914; x_wconf 85' lang='lat' dir='ltr'><strong>vanitatibus</strong></span> <span class='ocrx_word' id='word_1_807' title='bbox 2641 3856 2788 3915; x_wconf 83' lang='lat' dir='ltr'><strong>etiam</strong></span> <span class='ocrx_word' id='word_1_808' title='bbox 2822 3856 2962 3915; x_wconf 73' lang='lat' dir='ltr'><strong>nunc</strong></span> <span class='ocrx_word' id='word_1_809' title='bbox 2985 3861 3330 3912; x_wconf 62' lang='lat' dir='ltr'><strong>inltaarentem.</strong></span> <span class='ocrx_word' id='word_1_810' title='bbox 3369 3856 3699 3920; x_wconf 62' lang='lat' dir='ltr'><strong>Lactantius,</strong></span> <span class='ocrx_word' id='word_1_811' title='bbox 3737 3875 3786 3923; x_wconf 88' lang='lat' dir='ltr'><strong>I,</strong></span> <span class='ocrx_word' id='word_1_812' title='bbox 3823 3859 3844 3910; x_wconf 88' lang='grc'><strong>1</strong></span> <span class='ocrx_word' id='word_1_813' title='bbox 3886 3877 3897 3909; x_wconf 95' lang='lat'>:</span> 
     </span>
    </p>
   </div>
   <div class='ocr_carea' id='block_1_113' title="bbox 2308 3929 3906 4003">
    <p class='ocr_par' dir='ltr' id='par_1_113' title="bbox 2308 3929 3906 4003">
     <span class='ocr_line' id='line_1_113' title="bbox 2308 3929 3906 4003; baseline -0.001 -21"><span class='ocrx_word' id='word_1_814' title='bbox 2308 3930 2359 3982; x_wconf 87' lang='grc' dir='ltr'><em>Μ</em></span> <span class='ocrx_word' id='word_1_815' title='bbox 2369 3933 2463 4003; x_wconf 86' lang='lat' dir='ltr'><strong>ulti</strong></span> <span class='ocrx_word' id='word_1_816' title='bbox 2503 3934 2634 3986; x_wconf 86' lang='lat' dir='ltr'><strong>enim</strong></span> <span class='ocrx_word' id='word_1_817' title='bbox 2663 3930 3104 4003; x_wconf 77' lang='lat' dir='ltr'><strong>superstitionibus</strong></span> <span class='ocrx_word' id='word_1_818' title='bbox 3131 3931 3272 3984; x_wconf 86' lang='lat' dir='ltr'><strong>vanis</strong></span> <span class='ocrx_word' id='word_1_819' title='bbox 3298 3929 3622 3999; x_wconf 84' lang='lat' dir='ltr'><strong>pertinaciter</strong></span> <span class='ocrx_word' id='word_1_820' title='bbox 3646 3930 3906 3982; x_wconf 75' lang='lat' dir='ltr'><strong>intueren-</strong></span> 
     </span>
    </p>
   </div>
   <div class='ocr_carea' id='block_1_114' title="bbox 2307 4002 2684 4058">
    <p class='ocr_par' dir='ltr' id='par_1_114' title="bbox 2307 4002 2684 4058">
     <span class='ocr_line' id='line_1_114' title="bbox 2307 4002 2684 4058; baseline 0.005 -3"><span class='ocrx_word' id='word_1_821' title='bbox 2307 4012 2399 4056; x_wconf 88' lang='lat' dir='ltr'><strong>tes.</strong></span> <span class='ocrx_word' id='word_1_822' title='bbox 2427 4002 2684 4058; x_wconf 73' lang='lat' dir='ltr'><strong>LlNDNER.</strong></span> 
     </span>
    </p>
   </div>
   <div class='ocr_carea' id='block_1_115' title="bbox 2382 4071 3906 4142">
    <p class='ocr_par' dir='ltr' id='par_1_115' title="bbox 2382 4071 3906 4142">
     <span class='ocr_line' id='line_1_115' title="bbox 2382 4071 3906 4142; baseline -0.001 -14"><span class='ocrx_word' id='word_1_823' title='bbox 2382 4073 2664 4129; x_wconf 70' lang='lat' dir='ltr'><strong>Exanimis.</strong></span> <span class='ocrx_word' id='word_1_824' title='bbox 2709 4074 2957 4139; x_wconf 71' lang='lat' dir='ltr'><strong>Emme»,</strong></span> <span class='ocrx_word' id='word_1_825' title='bbox 2997 4088 3094 4142; x_wconf 90' lang='lat' dir='ltr'><strong>pro</strong></span> <span class='ocrx_word' id='word_1_826' title='bbox 3125 4071 3484 4133; x_wconf 77' lang='lat' dir='ltr'><strong>multitudine,</strong></span> <span class='ocrx_word' id='word_1_827' title='bbox 3525 4085 3704 4140; x_wconf 74' lang='lat' dir='ltr'><strong>grege,</strong></span> <span class='ocrx_word' id='word_1_828' title='bbox 3736 4071 3906 4126; x_wconf 83' lang='lat' dir='ltr'><strong>Paea-</strong></span> 
     </span>
    </p>
   </div>
   <div class='ocr_carea' id='block_1_116' title="bbox 2307 4143 3899 4212">
    <p class='ocr_par' dir='ltr' id='par_1_116' title="bbox 2307 4143 3899 4212">
     <span class='ocr_line' id='line_1_116' title="bbox 2307 4143 3899 4212; baseline -0.004 -10"><span class='ocrx_word' id='word_1_829' title='bbox 2307 4156 2414 4212; x_wconf 92' lang='lat' dir='ltr'><strong>tus,</strong></span> <span class='ocrx_word' id='word_1_830' title='bbox 2455 4147 2658 4201; x_wconf 85' lang='lat' dir='ltr'><strong>Plinius</strong></span> <span class='ocrx_word' id='word_1_831' title='bbox 2690 4148 2889 4212; x_wconf 76' lang='lat' dir='ltr'><strong>aliique</strong></span> <span class='ocrx_word' id='word_1_832' title='bbox 2919 4147 3190 4199; x_wconf 78' lang='lat' dir='ltr'><strong>dixerunt.</strong></span> <span class='ocrx_word' id='word_1_833' title='bbox 3225 4143 3314 4197; x_wconf 80' lang='lat' dir='ltr'><strong>Sic</strong></span> <span class='ocrx_word' id='word_1_834' title='bbox 3342 4145 3501 4197; x_wconf 86' lang='lat' dir='ltr'><strong>etiam</strong></span> <span class='ocrx_word' id='word_1_835' title='bbox 3538 4146 3588 4195; x_wconf 89' lang='lat' dir='ltr'><strong>in</strong></span> <span class='ocrx_word' id='word_1_836' title='bbox 3620 4145 3738 4195; x_wconf 85' lang='lat' dir='ltr'><strong>loco</strong></span> <span class='ocrx_word' id='word_1_837' title='bbox 3771 4143 3899 4196; x_wconf 88' lang='lat' dir='ltr'><strong>huic</strong></span> 
     </span>
    </p>
   </div>
   <div class='ocr_carea' id='block_1_117' title="bbox 2307 4213 3908 4286">
    <p class='ocr_par' dir='ltr' id='par_1_117' title="bbox 2307 4213 3908 4286">
     <span class='ocr_line' id='line_1_117' title="bbox 2307 4213 3908 4286; baseline -0.002 -14"><span class='ocrx_word' id='word_1_838' title='bbox 2307 4234 2548 4284; x_wconf 71' lang='lat' dir='ltr'><strong>congruo</strong></span> <span class='ocrx_word' id='word_1_839' title='bbox 2589 4218 2985 4281; x_wconf 86' lang='lat' dir='ltr'><strong>&#39;l‘ertullianus,</strong></span> <span class='ocrx_word' id='word_1_840' title='bbox 3046 4215 3269 4286; x_wconf 72' lang='lat' dir='ltr'><strong>Apolog.</strong></span> <span class='ocrx_word' id='word_1_841' title='bbox 3301 4231 3419 4280; x_wconf 87' lang='lat' dir='ltr'><strong>cap.</strong></span> <span class='ocrx_word' id='word_1_842' title='bbox 3457 4214 3521 4267; x_wconf 84' lang='grc'><strong>10</strong></span> <span class='ocrx_word' id='word_1_843' title='bbox 3566 4231 3579 4267; x_wconf 92' lang='lat'><strong>:</strong></span> <span class='ocrx_word' id='word_1_844' title='bbox 3614 4213 3758 4286; x_wconf 80' lang='lat' dir='ltr'><strong>Satis</strong></span> <span class='ocrx_word' id='word_1_845' title='bbox 3791 4215 3908 4285; x_wconf 74' lang='lat' dir='ltr'><strong>jam</strong></span> 
     </span>
    </p>
   </div>
   <div class='ocr_carea' id='block_1_118' title="bbox 2308 4285 3905 4355">
    <p class='ocr_par' dir='ltr' id='par_1_118' title="bbox 2308 4285 3905 4355">
     <span class='ocr_line' id='line_1_118' title="bbox 2308 4285 3905 4355; baseline -0.002 -15"><span class='ocrx_word' id='word_1_846' title='bbox 2308 4290 2370 4341; x_wconf 85' lang='lat' dir='ltr'><strong>de</strong></span> <span class='ocrx_word' id='word_1_847' title='bbox 2399 4289 2648 4352; x_wconf 78' lang='lat' dir='ltr'><strong>Saturno,</strong></span> <span class='ocrx_word' id='word_1_848' title='bbox 2679 4291 2792 4343; x_wconf 89' lang='lat' dir='ltr'><strong>licet</strong></span> <span class='ocrx_word' id='word_1_849' title='bbox 2819 4291 3016 4355; x_wconf 79' lang='lat' dir='ltr'><strong>paucis.</strong></span> <span class='ocrx_word' id='word_1_850' title='bbox 3047 4285 3221 4339; x_wconf 76' lang='lat' dir='ltr'><strong>Etiam</strong></span> <span class='ocrx_word' id='word_1_851' title='bbox 3242 4285 3419 4338; x_wconf 83' lang='lat' dir='ltr'><strong>Jovem</strong></span> <span class='ocrx_word' id='word_1_852' title='bbox 3454 4285 3774 4338; x_wconf 82' lang='lat' dir='ltr'><strong>ostendemus</strong></span> <span class='ocrx_word' id='word_1_853' title='bbox 3802 4297 3905 4338; x_wconf 88' lang='lat' dir='ltr'><strong>tam</strong></span> 
     </span>
    </p>
   </div>
   <div class='ocr_carea' id='block_1_119' title="bbox 2309 4357 3907 4430">
    <p class='ocr_par' dir='ltr' id='par_1_119' title="bbox 2309 4357 3907 4430">
     <span class='ocr_line' id='line_1_119' title="bbox 2309 4357 3907 4430; baseline -0.001 -18"><span class='ocrx_word' id='word_1_854' title='bbox 2309 4362 2561 4415; x_wconf 89' lang='lat' dir='ltr'><strong>hontinem</strong></span> <span class='ocrx_word' id='word_1_855' title='bbox 2601 4378 2753 4430; x_wconf 88' lang='lat' dir='ltr'><strong>quam</strong></span> <span class='ocrx_word' id='word_1_856' title='bbox 2790 4377 2852 4414; x_wconf 78' lang='lat' dir='ltr'><strong>ex</strong></span> <span class='ocrx_word' id='word_1_857' title='bbox 2887 4361 3091 4412; x_wconf 86' lang='lat' dir='ltr'><strong>homine</strong></span> <span class='ocrx_word' id='word_1_858' title='bbox 3111 4401 3125 4422; x_wconf 97' lang='lat'><strong>,</strong></span> <span class='ocrx_word' id='word_1_859' title='bbox 3156 4370 3201 4411; x_wconf 92' lang='lat' dir='ltr'><strong>et</strong></span> <span class='ocrx_word' id='word_1_860' title='bbox 3233 4357 3481 4430; x_wconf 79' lang='lat' dir='ltr'><strong>deinceps</strong></span> <span class='ocrx_word' id='word_1_861' title='bbox 3511 4366 3669 4430; x_wconf 84' lang='lat' dir='ltr'><strong>totum</strong></span> <span class='ocrx_word' id='word_1_862' title='bbox 3708 4358 3907 4430; x_wconf 57' lang='lat' dir='ltr'><strong>generis</strong></span> 
     </span>
    </p>
   </div>
   <div class='ocr_carea' id='block_1_120' title="bbox 2310 4427 3909 4498">
    <p class='ocr_par' dir='ltr' id='par_1_120' title="bbox 2310 4427 3909 4498">
     <span class='ocr_line' id='line_1_120' title="bbox 2310 4427 3909 4498; baseline -0.001 -16"><span class='ocrx_word' id='word_1_863' title='bbox 2310 4432 2470 4498; x_wconf 85' lang='lat' dir='ltr'><strong>ipsius</strong></span> <span class='ocrx_word' id='word_1_864' title='bbox 2500 4427 2710 4486; x_wconf 76' lang='lat' dir='ltr'><strong>exatnen</strong></span> <span class='ocrx_word' id='word_1_865' title='bbox 2745 4443 2848 4484; x_wconf 89' lang='lat' dir='ltr'><strong>tam</strong></span> <span class='ocrx_word' id='word_1_866' title='bbox 2882 4431 3096 4484; x_wconf 85' lang='lat' dir='ltr'><strong>mortale</strong></span> <span class='ocrx_word' id='word_1_867' title='bbox 3123 4445 3278 4498; x_wconf 84' lang='lat' dir='ltr'><strong>quant</strong></span> <span class='ocrx_word' id='word_1_868' title='bbox 3306 4428 3508 4481; x_wconf 86' lang='lat' dir='ltr'><strong>seminis</strong></span> <span class='ocrx_word' id='word_1_869' title='bbox 3537 4427 3615 4480; x_wconf 89' lang='lat' dir='ltr'><strong>sui</strong></span> <span class='ocrx_word' id='word_1_870' title='bbox 3642 4440 3805 4498; x_wconf 81' lang='lat' dir='ltr'><strong>pater.</strong></span> <span class='ocrx_word' id='word_1_871' title='bbox 3840 4427 3909 4481; x_wconf 83' lang='lat' dir='ltr'><strong>Et</strong></span> 
     </span>
    </p>
   </div>
   <div class='ocr_carea' id='block_1_121' title="bbox 2225 4499 3896 4592">
    <p class='ocr_par' dir='ltr' id='par_1_121' title="bbox 2225 4499 3896 4592">
     <span class='ocr_line' id='line_1_121' title="bbox 2225 4499 3896 4592; baseline -0.003 -36"><span class='ocrx_word' id='word_1_872' title='bbox 2225 4531 2282 4592; x_wconf 70' lang='grc' dir='ltr'><strong><em>Β</em></strong></span> <span class='ocrx_word' id='word_1_873' title='bbox 2311 4501 2452 4558; x_wconf 92' lang='lat' dir='ltr'><strong>hunc</strong></span> <span class='ocrx_word' id='word_1_874' title='bbox 2495 4503 2671 4558; x_wconf 90' lang='lat' dir='ltr'><strong>locum</strong></span> <span class='ocrx_word' id='word_1_875' title='bbox 2715 4503 2978 4557; x_wconf 83' lang='lat' dir='ltr'><strong>Minucius</strong></span> <span class='ocrx_word' id='word_1_876' title='bbox 3020 4502 3090 4554; x_wconf 87' lang='lat' dir='ltr'><strong>ob</strong></span> <span class='ocrx_word' id='word_1_877' title='bbox 3134 4499 3321 4592; x_wconf 57' lang='lat' dir='ltr'><strong>oculo:-</strong></span> <span class='ocrx_word' id='word_1_878' title='bbox 3369 4499 3618 4552; x_wconf 88' lang='lat' dir='ltr'><strong>habuisse</strong></span> <span class='ocrx_word' id='word_1_879' title='bbox 3666 4499 3896 4552; x_wconf 78' lang='lat' dir='ltr'><strong>videtur.</strong></span> 
     </span>
    </p>
   </div>
   <div class='ocr_carea' id='block_1_122' title="bbox 3285 4570 3540 4624">
    <p class='ocr_par' dir='ltr' id='par_1_122' title="bbox 3285 4570 3540 4624">
     <span class='ocr_line' id='line_1_122' title="bbox 3285 4570 3540 4624; baseline -0.008 0"><span class='ocrx_word' id='word_1_880' title='bbox 3285 4570 3540 4624; x_wconf 73' lang='lat' dir='ltr'><strong>LINDNER.</strong></span> 
     </span>
    </p>
   </div>
   <div class='ocr_carea' id='block_1_123' title="bbox 2378 4641 3904 4711">
    <p class='ocr_par' dir='ltr' id='par_1_123' title="bbox 2378 4641 3904 4711">
     <span class='ocr_line' id='line_1_123' title="bbox 2378 4641 3904 4711; baseline -0.003 -12"><span class='ocrx_word' id='word_1_881' title='bbox 2378 4645 2479 4711; x_wconf 83' lang='lat' dir='ltr'><strong>Et,</strong></span> <span class='ocrx_word' id='word_1_882' title='bbox 2509 4647 2654 4701; x_wconf 86' lang='lat' dir='ltr'><strong>Jani.</strong></span> <span class='ocrx_word' id='word_1_883' title='bbox 2690 4647 2816 4702; x_wconf 70' lang='lat' dir='ltr'><strong>lianc</strong></span> <span class='ocrx_word' id='word_1_884' title='bbox 2841 4653 2923 4700; x_wconf 89' lang='lat' dir='ltr'><strong>est</strong></span> <span class='ocrx_word' id='word_1_885' title='bbox 2949 4643 3229 4698; x_wconf 82' lang='lat' dir='ltr'><strong>verissima</strong></span> <span class='ocrx_word' id='word_1_886' title='bbox 3259 4643 3417 4695; x_wconf 80' lang='lat' dir='ltr'><strong>lectio</strong></span> <span class='ocrx_word' id='word_1_887' title='bbox 3443 4659 3473 4694; x_wconf 90' lang='lat' dir='ltr'><strong>e</strong></span> <span class='ocrx_word' id='word_1_888' title='bbox 3504 4655 3602 4694; x_wconf 90' lang='lat' dir='ltr'><strong>ms.</strong></span> <span class='ocrx_word' id='word_1_889' title='bbox 3642 4656 3756 4710; x_wconf 74' lang='lat' dir='ltr'><strong>reg.</strong></span> <span class='ocrx_word' id='word_1_890' title='bbox 3796 4641 3904 4695; x_wconf 76' lang='lat' dir='ltr'><strong>An-</strong></span> 
     </span>
    </p>
   </div>
   <div class='ocr_carea' id='block_1_124' title="bbox 2307 4713 3424 4785">
    <p class='ocr_par' dir='ltr' id='par_1_124' title="bbox 2307 4713 3424 4785">
     <span class='ocr_line' id='line_1_124' title="bbox 2307 4713 3424 4785; baseline -0.004 -15"><span class='ocrx_word' id='word_1_891' title='bbox 2307 4727 2412 4779; x_wconf 87' lang='lat' dir='ltr'><strong>tea,</strong></span> <span class='ocrx_word' id='word_1_892' title='bbox 2442 4720 2596 4774; x_wconf 86' lang='lat' dir='ltr'><strong>etiam</strong></span> <span class='ocrx_word' id='word_1_893' title='bbox 2620 4733 2881 4785; x_wconf 83' lang='lat' dir='ltr'><strong>susceptus</strong></span> <span class='ocrx_word' id='word_1_894' title='bbox 2913 4714 3154 4785; x_wconf 86' lang='lat' dir='ltr'><strong>hospitio.</strong></span> <span class='ocrx_word' id='word_1_895' title='bbox 3185 4713 3424 4768; x_wconf 63' lang='lat' dir='ltr'><strong>lienam.</strong></span> 
     </span>
    </p>
   </div>
   <div class='ocr_carea' id='block_1_125' title="bbox 2375 4782 3904 4856">
    <p class='ocr_par' dir='ltr' id='par_1_125' title="bbox 2375 4782 3904 4856">
     <span class='ocr_line' id='line_1_125' title="bbox 2375 4782 3904 4856; baseline -0.004 -14"><span class='ocrx_word' id='word_1_896' title='bbox 2375 4789 2596 4844; x_wconf 77' lang='lat' dir='ltr'><strong>Litteras</strong></span> <span class='ocrx_word' id='word_1_897' title='bbox 2624 4782 2936 4856; x_wconf 84' lang='lat' dir='ltr'><strong>imprimere.</strong></span> <span class='ocrx_word' id='word_1_898' title='bbox 2966 4782 3051 4841; x_wconf 81' lang='lat' dir='ltr'><strong>Cf.</strong></span> <span class='ocrx_word' id='word_1_899' title='bbox 3083 4787 3338 4856; x_wconf 69' lang='lat' dir='ltr'><strong>Cypriani.</strong></span> <span class='ocrx_word' id='word_1_900' title='bbox 3370 4786 3432 4836; x_wconf 62' lang='grc' dir='ltr'><strong>(ιε</strong></span> <span class='ocrx_word' id='word_1_901' title='bbox 3471 4783 3608 4856; x_wconf 68' lang='lat' dir='ltr'><strong>Mai.</strong></span> <span class='ocrx_word' id='word_1_902' title='bbox 3643 4782 3904 4848; x_wconf 82' lang='lat' dir='ltr'><strong>Vanitnte,</strong></span> 
     </span>
    </p>
   </div>
   <div class='ocr_carea' id='block_1_126' title="bbox 2304 4854 3906 4930">
    <p class='ocr_par' dir='ltr' id='par_1_126' title="bbox 2304 4854 3906 4930">
     <span class='ocr_line' id='line_1_126' title="bbox 2304 4854 3906 4930; baseline -0.004 -16"><span class='ocrx_word' id='word_1_903' title='bbox 2304 4876 2422 4930; x_wconf 86' lang='lat' dir='ltr'><strong>cap.</strong></span> <span class='ocrx_word' id='word_1_904' title='bbox 2470 4863 2524 4915; x_wconf 72' lang='grc'><strong>2.</strong></span> <span class='ocrx_word' id='word_1_905' title='bbox 2559 4862 2623 4915; x_wconf 82' lang='lat' dir='ltr'><strong>Et</strong></span> <span class='ocrx_word' id='word_1_906' title='bbox 2653 4854 2776 4916; x_wconf 85' lang='lat' dir='ltr'><strong>hinc</strong></span> <span class='ocrx_word' id='word_1_907' title='bbox 2805 4861 3060 4914; x_wconf 82' lang='lat' dir='ltr'><strong>ariolatns</strong></span> <span class='ocrx_word' id='word_1_908' title='bbox 3089 4854 3182 4930; x_wconf 61' lang='lat' dir='ltr'><strong>est</strong></span> <span class='ocrx_word' id='word_1_909' title='bbox 3214 4858 3538 4926; x_wconf 78' lang='lat' dir='ltr'><strong>Pomponius</strong></span> <span class='ocrx_word' id='word_1_910' title='bbox 3563 4854 3694 4909; x_wconf 76' lang='lat' dir='ltr'><strong>Let.</strong></span> <span class='ocrx_word' id='word_1_911' title='bbox 3731 4869 3906 4908; x_wconf 85' lang='lat' dir='ltr'><strong>natam</strong></span> 
     </span>
    </p>
   </div>
   <div class='ocr_carea' id='block_1_127' title="bbox 2305 4927 3905 4999">
    <p class='ocr_par' dir='ltr' id='par_1_127' title="bbox 2305 4927 3905 4999">
     <span class='ocr_line' id='line_1_127' title="bbox 2305 4927 3905 4999; baseline -0.008 -12"><span class='ocrx_word' id='word_1_912' title='bbox 2305 4927 2427 4987; x_wconf 60' lang='lat' dir='ltr'><strong>esse</strong></span> <span class='ocrx_word' id='word_1_913' title='bbox 2459 4936 2508 4986; x_wconf 91' lang='lat' dir='ltr'><strong>in</strong></span> <span class='ocrx_word' id='word_1_914' title='bbox 2540 4933 2686 4987; x_wconf 74' lang='lat' dir='ltr'><strong>Italia</strong></span> <span class='ocrx_word' id='word_1_915' title='bbox 2730 4948 2844 4984; x_wconf 83' lang='lat' dir='ltr'><strong>:uvo</strong></span> <span class='ocrx_word' id='word_1_916' title='bbox 2885 4927 3138 4985; x_wconf 81' lang='lat' dir='ltr'><strong>Saturnio</strong></span> <span class='ocrx_word' id='word_1_917' title='bbox 3163 4970 3177 4993; x_wconf 91' lang='lat'><strong>,</strong></span> <span class='ocrx_word' id='word_1_918' title='bbox 3224 4929 3861 4999; x_wconf 67' lang='lat' dir='ltr'><strong>typograplncamarti-tn</strong></span> <span class='ocrx_word' id='word_1_919' title='bbox 3888 4968 3905 4991; x_wconf 83' lang='lat'><strong>,</strong></span> 
     </span>
    </p>
   </div>
   <div class='ocr_carea' id='block_1_128' title="bbox 2304 4997 3907 5074">
    <p class='ocr_par' dir='ltr' id='par_1_128' title="bbox 2304 4997 3907 5074">
     <span class='ocr_line' id='line_1_128' title="bbox 2304 4997 3907 5074; baseline -0.004 -16"><span class='ocrx_word' id='word_1_920' title='bbox 2304 5005 2390 5058; x_wconf 82' lang='lat' dir='ltr'><strong>eui</strong></span> <span class='ocrx_word' id='word_1_921' title='bbox 2411 5008 2607 5057; x_wconf 86' lang='lat' dir='ltr'><strong>acriter</strong></span> <span class='ocrx_word' id='word_1_922' title='bbox 2627 5006 2953 5074; x_wconf 76' lang='lat' dir='ltr'><strong>oppugnavit</strong></span> <span class='ocrx_word' id='word_1_923' title='bbox 2979 4997 3262 5074; x_wconf 62' lang='lat' dir='ltr'><strong>l’eittinger</strong></span> <span class='ocrx_word' id='word_1_924' title='bbox 3282 5000 3618 5074; x_wconf 55' lang='lat' dir='ltr'><strong>Seruuronv.</strong></span> <span class='ocrx_word' id='word_1_925' title='bbox 3643 4998 3714 5074; x_wconf 80' lang='lat' dir='ltr'><strong>de</strong></span> <span class='ocrx_word' id='word_1_926' title='bbox 3731 4997 3907 5074; x_wconf 62' lang='lat' dir='ltr'><strong>(ierat.</strong></span> 
     </span>
    </p>
   </div>
   <div class='ocr_carea' id='block_1_129' title="bbox 2307 5069 3908 5130">
    <p class='ocr_par' dir='ltr' id='par_1_129' title="bbox 2307 5069 3908 5130">
     <span class='ocr_line' id='line_1_129' title="bbox 2307 5069 3908 5130; baseline -0.003 -4"><span class='ocrx_word' id='word_1_927' title='bbox 2307 5076 2530 5128; x_wconf 86' lang='lat' dir='ltr'><strong>mirand.</strong></span> <span class='ocrx_word' id='word_1_928' title='bbox 2560 5069 3005 5130; x_wconf 34' lang='lat' dir='ltr'><strong>Videstsvinteren</strong></span> <span class='ocrx_word' id='word_1_929' title='bbox 3041 5072 3270 5125; x_wconf 88' lang='lat' dir='ltr'><strong>Tulltnm</strong></span> <span class='ocrx_word' id='word_1_930' title='bbox 3305 5070 3418 5124; x_wconf 74' lang='lat' dir='ltr'><strong>haec</strong></span> <span class='ocrx_word' id='word_1_931' title='bbox 3453 5070 3548 5124; x_wconf 82' lang='grc'><strong>1111.</strong></span> <span class='ocrx_word' id='word_1_932' title='bbox 3578 5086 3612 5124; x_wconf 92' lang='grc'><strong>11</strong></span> <span class='ocrx_word' id='word_1_933' title='bbox 3641 5111 3652 5128; x_wconf 84' lang='grc'><em>,</em></span> <span class='ocrx_word' id='word_1_934' title='bbox 3680 5069 3744 5120; x_wconf 91' lang='lat' dir='ltr'><strong>de</strong></span> <span class='ocrx_word' id='word_1_935' title='bbox 3777 5069 3908 5121; x_wconf 81' lang='lat' dir='ltr'><strong>Nat.</strong></span> 
     </span>
    </p>
   </div>
   <div class='ocr_carea' id='block_1_130' title="bbox 2307 5140 3911 5212">
    <p class='ocr_par' dir='ltr' id='par_1_130' title="bbox 2307 5140 3911 5212">
     <span class='ocr_line' id='line_1_130' title="bbox 2307 5140 3911 5212; baseline -0.004 -14"><span class='ocrx_word' id='word_1_936' title='bbox 2307 5145 2556 5212; x_wconf 84' lang='lat' dir='ltr'><strong>Deorum,</strong></span> <span class='ocrx_word' id='word_1_937' title='bbox 2589 5147 2679 5212; x_wconf 78' lang='grc'><strong>57,</strong></span> <span class='ocrx_word' id='word_1_938' title='bbox 2715 5148 2879 5200; x_wconf 78' lang='lat' dir='ltr'><strong>Balbo</strong></span> <span class='ocrx_word' id='word_1_939' title='bbox 2906 5145 3236 5212; x_wconf 82' lang='lat' dir='ltr'><strong>disputante,</strong></span> <span class='ocrx_word' id='word_1_940' title='bbox 3270 5143 3625 5195; x_wconf 88' lang='lat' dir='ltr'><strong>disserentem</strong></span> <span class='ocrx_word' id='word_1_941' title='bbox 3648 5160 3659 5193; x_wconf 87' lang='lat'><strong>:</strong></span> <span class='ocrx_word' id='word_1_942' title='bbox 3804 5140 3911 5193; x_wconf 76' lang='lat' dir='ltr'><strong>Cur</strong></span> 
     </span>
    </p>
   </div>
   <div class='ocr_carea' id='block_1_131' title="bbox 2306 5214 3914 5285">
    <p class='ocr_par' dir='ltr' id='par_1_131' title="bbox 2306 5214 3914 5285">
     <span class='ocr_line' id='line_1_131' title="bbox 2306 5214 3914 5285; baseline -0.004 -15"><span class='ocrx_word' id='word_1_943' title='bbox 2306 5235 2406 5272; x_wconf 86' lang='lat' dir='ltr'><strong>non</strong></span> <span class='ocrx_word' id='word_1_944' title='bbox 2430 5219 2560 5271; x_wconf 84' lang='lat' dir='ltr'><strong>idem</strong></span> <span class='ocrx_word' id='word_1_945' title='bbox 2593 5230 2748 5285; x_wconf 89' lang='lat' dir='ltr'><strong>putet,</strong></span> <span class='ocrx_word' id='word_1_946' title='bbox 2782 5219 2824 5270; x_wconf 86' lang='lat' dir='ltr'><strong>si</strong></span> <span class='ocrx_word' id='word_1_947' title='bbox 2852 5215 3242 5268; x_wconf 85' lang='lat' dir='ltr'><strong>innumerabiles</strong></span> <span class='ocrx_word' id='word_1_948' title='bbox 3271 5215 3424 5267; x_wconf 87' lang='lat' dir='ltr'><strong>unius</strong></span> <span class='ocrx_word' id='word_1_949' title='bbox 3445 5223 3491 5266; x_wconf 89' lang='lat' dir='ltr'><strong>et</strong></span> <span class='ocrx_word' id='word_1_950' title='bbox 3524 5214 3697 5283; x_wconf 84' lang='lat' dir='ltr'><strong>rigintt</strong></span> <span class='ocrx_word' id='word_1_951' title='bbox 3729 5217 3914 5285; x_wconf 71' lang='lat' dir='ltr'><strong>fornae</strong></span> 
     </span>
    </p>
   </div>
   <div class='ocr_carea' id='block_1_132' title="bbox 2306 5283 3912 5354">
    <p class='ocr_par' dir='ltr' id='par_1_132' title="bbox 2306 5283 3912 5354">
     <span class='ocr_line' id='line_1_132' title="bbox 2306 5283 3912 5354; baseline -0.006 -11"><span class='ocrx_word' id='word_1_952' title='bbox 2306 5283 2600 5343; x_wconf 81' lang='lat' dir='ltr'><strong>litterarum</strong></span> <span class='ocrx_word' id='word_1_953' title='bbox 2628 5291 2704 5342; x_wconf 86' lang='lat' dir='ltr'><strong>vel</strong></span> <span class='ocrx_word' id='word_1_954' title='bbox 2729 5303 2900 5341; x_wconf 77' lang='lat' dir='ltr'><strong>aurea:</strong></span> <span class='ocrx_word' id='word_1_955' title='bbox 2929 5287 3004 5340; x_wconf 85' lang='lat' dir='ltr'><strong>vel</strong></span> <span class='ocrx_word' id='word_1_956' title='bbox 3036 5286 3208 5354; x_wconf 82' lang='lat' dir='ltr'><strong>quales</strong></span> <span class='ocrx_word' id='word_1_957' title='bbox 3238 5287 3377 5348; x_wconf 71' lang='lat' dir='ltr'><strong>libet,</strong></span> <span class='ocrx_word' id='word_1_958' title='bbox 3419 5286 3590 5354; x_wconf 87' lang='lat' dir='ltr'><strong>aliquo</strong></span> <span class='ocrx_word' id='word_1_959' title='bbox 3620 5283 3874 5354; x_wconf 76' lang='lat' dir='ltr'><strong>conjicion</strong></span> <span class='ocrx_word' id='word_1_960' title='bbox 3894 5315 3912 5323; x_wconf 90' lang='lat'><strong>-</strong></span> 
     </span>
    </p>
   </div>
   <div class='ocr_carea' id='block_1_133' title="bbox 2306 5353 3915 5429">
    <p class='ocr_par' dir='ltr' id='par_1_133' title="bbox 2306 5353 3915 5429">
     <span class='ocr_line' id='line_1_133' title="bbox 2306 5353 3915 5429; baseline -0.004 -16"><span class='ocrx_word' id='word_1_961' title='bbox 2306 5373 2408 5426; x_wconf 89' lang='lat' dir='ltr'><strong>tur,</strong></span> <span class='ocrx_word' id='word_1_962' title='bbox 2449 5378 2595 5429; x_wconf 80' lang='lat' dir='ltr'><strong>posse</strong></span> <span class='ocrx_word' id='word_1_963' title='bbox 2626 5377 2689 5414; x_wconf 77' lang='lat' dir='ltr'><strong>ex</strong></span> <span class='ocrx_word' id='word_1_964' title='bbox 2720 5361 2798 5414; x_wconf 86' lang='lat' dir='ltr'><strong>his</strong></span> <span class='ocrx_word' id='word_1_965' title='bbox 2831 5363 2879 5411; x_wconf 84' lang='lat' dir='ltr'><strong>in</strong></span> <span class='ocrx_word' id='word_1_966' title='bbox 2917 5353 3106 5412; x_wconf 83' lang='lat' dir='ltr'><strong>terram</strong></span> <span class='ocrx_word' id='word_1_967' title='bbox 3131 5359 3357 5410; x_wconf 74' lang='lat' dir='ltr'><strong>excussis</strong></span> <span class='ocrx_word' id='word_1_968' title='bbox 3396 5353 3616 5429; x_wconf 76' lang='lat' dir='ltr'><strong>animles</strong></span> <span class='ocrx_word' id='word_1_969' title='bbox 3640 5353 3810 5414; x_wconf 73' lang='lat' dir='ltr'><strong>Ennii,</strong></span> <span class='ocrx_word' id='word_1_970' title='bbox 3854 5365 3915 5406; x_wconf 85' lang='lat' dir='ltr'><strong>ut</strong></span> 
     </span>
    </p>
   </div>
   <div class='ocr_carea' id='block_1_134' title="bbox 2305 5427 3916 5502">
    <p class='ocr_par' dir='ltr' id='par_1_134' title="bbox 2305 5427 3916 5502">
     <span class='ocr_line' id='line_1_134' title="bbox 2305 5427 3916 5502; baseline -0.006 -18"><span class='ocrx_word' id='word_1_971' title='bbox 2305 5427 2539 5499; x_wconf 82' lang='lat' dir='ltr'><strong>deinceps</strong></span> <span class='ocrx_word' id='word_1_972' title='bbox 2564 5434 2658 5502; x_wconf 86' lang='lat' dir='ltr'><strong>legi</strong></span> <span class='ocrx_word' id='word_1_973' title='bbox 2683 5433 2872 5499; x_wconf 79' lang='lat' dir='ltr'><strong>possint</strong></span> <span class='ocrx_word' id='word_1_974' title='bbox 2895 5429 3018 5500; x_wconf 72' lang='lat' dir='ltr'><strong>cﬂici</strong></span> <span class='ocrx_word' id='word_1_975' title='bbox 3043 5443 3062 5482; x_wconf 90' lang='lat'><strong><em>:</em></strong></span> <span class='ocrx_word' id='word_1_976' title='bbox 3080 5430 3214 5502; x_wconf 80' lang='lat' dir='ltr'><strong>quod</strong></span> <span class='ocrx_word' id='word_1_977' title='bbox 3239 5429 3563 5502; x_wconf 85' lang='lat' dir='ltr'><strong>nescio_auue</strong></span> <span class='ocrx_word' id='word_1_978' title='bbox 3601 5427 3651 5478; x_wconf 88' lang='lat' dir='ltr'><strong>in</strong></span> <span class='ocrx_word' id='word_1_979' title='bbox 3676 5442 3776 5478; x_wconf 75' lang='lat' dir='ltr'><strong>uno</strong></span> <span class='ocrx_word' id='word_1_980' title='bbox 3797 5427 3916 5490; x_wconf 81' lang='lat' dir='ltr'><strong>qui-</strong></span> 
     </span>
    </p>
   </div>
   <div class='ocr_carea' id='block_1_135' title="bbox 2306 5498 3912 5570">
    <p class='ocr_par' dir='ltr' id='par_1_135' title="bbox 2306 5498 3912 5570">
     <span class='ocr_line' id='line_1_135' title="bbox 2306 5498 3912 5570; baseline -0.004 -14"><span class='ocrx_word' id='word_1_981' title='bbox 2306 5505 2418 5557; x_wconf 84' lang='lat' dir='ltr'><strong>dem</strong></span> <span class='ocrx_word' id='word_1_982' title='bbox 2437 5498 2580 5557; x_wconf 72' lang='lat' dir='ltr'><strong>versu</strong></span> <span class='ocrx_word' id='word_1_983' title='bbox 2601 5498 2760 5570; x_wconf 72' lang='lat' dir='ltr'><strong>posset</strong></span> <span class='ocrx_word' id='word_1_984' title='bbox 2778 5498 2972 5554; x_wconf 68' lang='lat' dir='ltr'><strong>tratum</strong></span> <span class='ocrx_word' id='word_1_985' title='bbox 2991 5502 3156 5553; x_wconf 81' lang='lat' dir='ltr'><strong>valere</strong></span> <span class='ocrx_word' id='word_1_986' title='bbox 3171 5498 3578 5568; x_wconf 72' lang='lat' dir='ltr'><strong>fortunqutno</strong></span> <span class='ocrx_word' id='word_1_987' title='bbox 3599 5507 3722 5570; x_wconf 83' lang='lat' dir='ltr'><strong>ante</strong></span> <span class='ocrx_word' id='word_1_988' title='bbox 3735 5513 3912 5570; x_wconf 70' lang='lat' dir='ltr'><strong>:thlill</strong></span> 
     </span>
    </p>
   </div>
   <div class='ocr_carea' id='block_1_136' title="bbox 2307 5568 3913 5636">
    <p class='ocr_par' dir='ltr' id='par_1_136' title="bbox 2307 5568 3913 5636">
     <span class='ocr_line' id='line_1_136' title="bbox 2307 5568 3913 5636; baseline -0.007 -4"><span class='ocrx_word' id='word_1_989' title='bbox 2307 5568 2614 5632; x_wconf 79' lang='lat' dir='ltr'><strong>Saturnium</strong></span> <span class='ocrx_word' id='word_1_990' title='bbox 2641 5616 2655 5636; x_wconf 89' lang='lat'><strong>,</strong></span> <span class='ocrx_word' id='word_1_991' title='bbox 2684 5576 2725 5628; x_wconf 79' lang='lat' dir='ltr'><strong>si</strong></span> <span class='ocrx_word' id='word_1_992' title='bbox 2769 5573 2900 5627; x_wconf 80' lang='lat' dir='ltr'><strong>fides</strong></span> <span class='ocrx_word' id='word_1_993' title='bbox 2929 5573 3149 5625; x_wconf 84' lang='lat' dir='ltr'><strong>doctiss.</strong></span> <span class='ocrx_word' id='word_1_994' title='bbox 3187 5573 3300 5624; x_wconf 90' lang='lat' dir='ltr'><strong>viro</strong></span> <span class='ocrx_word' id='word_1_995' title='bbox 3346 5569 3672 5632; x_wconf 80' lang='lat' dir='ltr'><strong>Grotesend,</strong></span> <span class='ocrx_word' id='word_1_996' title='bbox 3704 5568 3813 5633; x_wconf 89' lang='lat' dir='ltr'><strong>jam</strong></span> <span class='ocrx_word' id='word_1_997' title='bbox 3857 5569 3913 5621; x_wconf 88' lang='lat' dir='ltr'><strong>itt</strong></span> 
     </span>
    </p>
   </div>
   <div class='ocr_carea' id='block_1_137' title="bbox 2305 5641 3918 5714">
    <p class='ocr_par' dir='ltr' id='par_1_137' title="bbox 2305 5641 3918 5714">
     <span class='ocr_line' id='line_1_137' title="bbox 2305 5641 3918 5714; baseline -0.006 -14"><span class='ocrx_word' id='word_1_998' title='bbox 2305 5649 2562 5710; x_wconf 69' lang='lat' dir='ltr'><strong>(triente,</strong></span> <span class='ocrx_word' id='word_1_999' title='bbox 2621 5645 2958 5714; x_wconf 72' lang='lat' dir='ltr'><strong>Babylonieis</strong></span> <span class='ocrx_word' id='word_1_1000' title='bbox 3009 5643 3200 5710; x_wconf 81' lang='lat' dir='ltr'><strong>tegulis</strong></span> <span class='ocrx_word' id='word_1_1001' title='bbox 3250 5641 3612 5703; x_wconf 86' lang='lat' dir='ltr'><strong>testantibus,</strong></span> <span class='ocrx_word' id='word_1_1002' title='bbox 3664 5641 3918 5714; x_wconf 53' lang='lat' dir='ltr'><strong>exstabat</strong></span> 
     </span>
    </p>
   </div>
   <div class='ocr_carea' id='block_1_138' title="bbox 2305 5711 3913 5784">
    <p class='ocr_par' dir='ltr' id='par_1_138' title="bbox 2305 5711 3913 5784">
     <span class='ocr_line' id='line_1_138' title="bbox 2305 5711 3913 5784; baseline -0.004 -13"><span class='ocrx_word' id='word_1_1003' title='bbox 2305 5735 2431 5773; x_wconf 89' lang='lat' dir='ltr'><strong>vera</strong></span> <span class='ocrx_word' id='word_1_1004' title='bbox 2473 5734 2561 5772; x_wconf 85' lang='lat' dir='ltr'><strong>ars</strong></span> <span class='ocrx_word' id='word_1_1005' title='bbox 2595 5711 2903 5772; x_wconf 69' lang='lat' dir='ltr'><strong>cat-aeteres</strong></span> <span class='ocrx_word' id='word_1_1006' title='bbox 2933 5731 3000 5768; x_wconf 75' lang='lat' dir='ltr'><strong>ex</strong></span> <span class='ocrx_word' id='word_1_1007' title='bbox 3044 5718 3182 5784; x_wconf 87' lang='lat' dir='ltr'><strong>typis</strong></span> <span class='ocrx_word' id='word_1_1008' title='bbox 3208 5716 3374 5767; x_wconf 82' lang='lat' dir='ltr'><strong>:eneis</strong></span> <span class='ocrx_word' id='word_1_1009' title='bbox 3404 5712 3768 5784; x_wconf 63' lang='lat' dir='ltr'><strong>ttttprintetuli.</strong></span> <span class='ocrx_word' id='word_1_1010' title='bbox 3823 5711 3913 5764; x_wconf 73' lang='lat' dir='ltr'><strong>(2f.</strong></span> 
     </span>
    </p>
   </div>
   <div class='ocr_carea' id='block_1_139' title="bbox 2305 5781 3918 5860">
    <p class='ocr_par' dir='ltr' id='par_1_139' title="bbox 2305 5781 3918 5860">
     <span class='ocr_line' id='line_1_139' title="bbox 2305 5781 3918 5860; baseline -0.005 -16"><span class='ocrx_word' id='word_1_1011' title='bbox 2305 5790 2608 5854; x_wconf 89' lang='lat' dir='ltr'><strong>Lambinet,</strong></span> <span class='ocrx_word' id='word_1_1012' title='bbox 2644 5790 2790 5860; x_wconf 79' lang='lat' dir='ltr'><strong>Orig.</strong></span> <span class='ocrx_word' id='word_1_1013' title='bbox 2825 5788 2888 5860; x_wconf 82' lang='lat' dir='ltr'><strong>de</strong></span> <span class='ocrx_word' id='word_1_1014' title='bbox 2917 5781 3144 5860; x_wconf 46' lang='lat' dir='ltr'><strong>l‘lntp&#39;r“</strong></span> <span class='ocrx_word' id='word_1_1015' title='bbox 3181 5796 3313 5840; x_wconf 89' lang='lat' dir='ltr'><strong>tom.</strong></span> <span class='ocrx_word' id='word_1_1016' title='bbox 3363 5800 3401 5860; x_wconf 83' lang='lat' dir='ltr'><strong>l_,</strong></span> <span class='ocrx_word' id='word_1_1017' title='bbox 3436 5800 3487 5860; x_wconf 77' lang='lat' dir='ltr'><strong>p.</strong></span> <span class='ocrx_word' id='word_1_1018' title='bbox 3512 5783 3642 5860; x_wconf 31' lang='lat'><strong>5‘59.</strong></span> <span class='ocrx_word' id='word_1_1019' title='bbox 3664 5781 3918 5860; x_wconf 60' lang='lat' dir='ltr'><strong>Prosper</strong></span> 
     </span>
    </p>
   </div>
   <div class='ocr_carea' id='block_1_140' title="bbox 2305 5851 3913 5928">
    <p class='ocr_par' dir='ltr' id='par_1_140' title="bbox 2305 5851 3913 5928">
     <span class='ocr_line' id='line_1_140' title="bbox 2305 5851 3913 5928; baseline -0.009 -10"><span class='ocrx_word' id='word_1_1020' title='bbox 2305 5851 2635 5927; x_wconf 82' lang='lat' dir='ltr'><strong>Marchaad,</strong></span> <span class='ocrx_word' id='word_1_1021' title='bbox 2681 5851 2821 5914; x_wconf 78' lang='lat' dir='ltr'><strong>Hist.</strong></span> <span class='ocrx_word' id='word_1_1022' title='bbox 2854 5859 2918 5914; x_wconf 85' lang='lat' dir='ltr'><strong>de</strong></span> <span class='ocrx_word' id='word_1_1023' title='bbox 2948 5851 3180 5925; x_wconf 79' lang='lat' dir='ltr'><strong>l’lmpr.,</strong></span> <span class='ocrx_word' id='word_1_1024' title='bbox 3216 5870 3334 5928; x_wconf 80' lang='lat' dir='ltr'><strong>pag.</strong></span> <span class='ocrx_word' id='word_1_1025' title='bbox 3368 5855 3488 5911; x_wconf 78' lang='lat'><strong>5-5.</strong></span> <span class='ocrx_word' id='word_1_1026' title='bbox 3531 5851 3865 5910; x_wconf 78' lang='lat' dir='ltr'><strong>Porlhtnann</strong></span> <span class='ocrx_word' id='word_1_1027' title='bbox 3896 5897 3913 5921; x_wconf 82' lang='lat'><strong>,</strong></span> 
     </span>
    </p>
   </div>
  </div>
