4248 6264
497 267 597 323 5H

1751 267 1966 327 MARCI
2003 267 2262 326 MINUCII
2301 269 2563 330 FELICIS

3711 282 3814 338 512

499 380 762 451 imagines
783 387 1129 435 consecratas
1158 380 1349 453 vulgus
1371 394 1530 438 orare
1560 390 1614 437 et
1640 382 1851 453 publice
1879 382 2097 439 colere?
2122 385 2175 445 Α
2202 396 2303 439 nec
2328 392 2510 454 postea
2536 383 2604 440 de
2630 391 2801 441 vestra
2824 385 3462 445 veneratione‘culturam
3496 408 3509 445 :
3542 394 3644 447 nisi
3679 394 3816 450 forte

497 474 628 530 dum
657 474 838 545 opinio
876 482 928 528 et
959 488 1111 529 mens
1158 474 1530 545 imperitorum
1573 476 1706 530 artis
1735 476 2099 531 cencinnitate

501 566 789 636 decipitur,
817 565 934 619 auri
972 565 1178 635 fulgure
1226 566 1637 637 priestringitnr,
1678 568 1884 638 argenti
1928 567 2101 621 nitore

505 669 562 714 et
600 659 837 714 Candore
880 658 1064 713 eboris
1111 657 1415 715 hebetatur.
1466 659 1620 728 Quod
1666 665 1711 714 si
1764 661 1814 715 in
1864 659 2102 714 animum

500 752 623 823 quis
670 752 890 806 inducat
934 753 1216 806 tormentis
1260 752 1454 823 quibus
1499 762 1555 808 et
1603 754 1795 821 quibus
1843 753 2105 809 machinis

500 844 849 899 sintulacrum
903 858 1064 897 omne
1118 842 1420 910 formetur,
1474 844 1757 900 erubescet
1809 845 1997 899 timere
2047 859 2106 900 se

505 939 784 993 materiem
840 937 908 991 ab
958 939 1206 1004 artifice,
1266 948 1323 993 ut
1366 938 1524 993 deum
1578 938 1815 1003 faceret,
1870 939 2102 993 illusam.

506 1029 650 1084 Deus
696 1029 839 1084 enim
882 1029 1129 1100 ligneus,
1182 1031 1296 1101 rogi
1348 1031 1575 1086 fortasse
1623 1031 1708 1086 vel
1750 1031 1973 1087 infelicis
2012 1031 2109 1085 sti-

505 1121 633 1192 pilis
679 1120 896 1192 portio,
939 1122 1325 1193 suSpenditur,
1380 1122 1641 1187 ea'ditur,
1684 1123 1934 1190 dolatur,
1981 1139 2109 1178 ruu-

503 1216 752 1278 cinatur;
808 1223 862 1269 et
903 1213 1037 1270 deus
1080 1230 1314 1282 aureus,
1372 1217 1454 1272 vel
1509 1226 1835 1285 argenteus,
1889 1217 1957 1273 de
2007 1218 2104 1272 im-

502 1309 706 1364 mundo
727 1308 941 1363 Vascqu
966 1307 1186 1377 saepius,
1211 1318 1266 1363 ut
1296 1307 1496 1364 factum
1527 1308 1782 1383 ASgyptio
1809 1310 1941 1379 regi,
1970 1326 2104 1364 cott-

510 1403 687 1464 llatur.
721 1401 961 1456 tunditur
993 1401 1203 1457 malleis
1231 1410 1287 1457 et
1314 1402 1598 1458 incudibus
1629 1404 1920 1474 ﬁguratur;
1951 1412 2005 1458 et
2031 1402 2107 1458 la-

509 1492 701 1562 pideus
744 1492 991 1559 ceditur,
1049 1493 1307 1563 scalpitur
1339 1503 1396 1549 et
1426 1493 1495 1548 ab
1522 1493 1790 1566 impurato
1815 1494 1860 1526 ³³⁵
1892 1494 2109 1551 homine

2206 474 2439 529 nondum
2470 474 2605 531 deus
2639 491 2825 531 saxum
2857 487 2971 543 est,
3004 478 3085 533 vel
3132 478 3363 549 lignum.
3393 482 3476 537 vel
3509 496 3812 554 argentum.

2204 566 2429 634 Quando
2458 568 2722 638 igiturhic
2751 568 3023 624 nascitur?
3048 586 3174 626 ecce
3205 571 3461 637 funditur,
3494 572 3811 645 fabriCatur,

2207 661 2500 731 sculpitur;
2546 662 2781 717 nendum
2813 663 2945 718 deus
2976 672 3059 719 est
3101 681 3115 718 :
3161 679 3289 721 ecce
3316 666 3641 736 plumbatur,
3684 684 3819 725 cono

2212 756 2458 818 struitur,
2481 756 2740 824 erigitur;
2771 770 2869 810 nec
2896 755 3072 811 adhuc
3095 756 3229 812 deus
3258 769 3342 813 est
3376 776 3388 812 :
3422 775 3550 814 ecce
3568 774 3815 831 ornatur,

2212 859 2579 913 consecratur,
2623 858 2849 904 oratur:
2883 862 3010 905 tunc
3040 861 3313 918 postremo
3341 851 3475 909 deus
3519 863 3604 909 est
3649 870 3816 925 quum

2210 941 2373 998 homo
2403 942 2553 997 illum
2586 941 2756 997 voluit
2781 951 2835 997 et
2861 942 3148 998 dedicavit.

2793 1056 3020 1114 CAPUT
3059 1056 3251 1112 XXIV.

2211 1174 2602 1229 Aucuusaruu.
2633 1203 2704 1212 —
2735 1170 2885 1227 Brevi
2932 1173 3140 1243 insuper
3184 1173 3480 1229 inductione
3505 1176 3822 1234 demonstrat

2284 1274 2529 1335 quantum
2555 1265 2606 1318 in
2627 1264 2940 1318 celebrandis
2966 1264 3305 1335 quorumdam
3332 1265 3546 1321 deorum
3563 1270 3820 1339 mysteriis

2280 1356 2505 1419 ridiculi,
2538 1356 2753 1411 οὐδεωηὶ
2783 1356 3107 1426 crudelesque
3133 1356 3261 1412 ritus
3285 1357 3693 1415 observarentur.

2283 1490 2489 1559 Quanta
2518 1505 2649 1545 vero
2673 1489 2741 1544 de
2781 1489 2883 1545 diis
2910 1490 3104 1545 vestris
3139 1490 3389 1546 animalia
3420 1501 3565 1547 muta
3608 1501 3826 1549 natura-

510 1585 810 1657 lzevigatur;
835 1601 937 1641 nec
959 1586 1126 1641 sentit
1154 1601 1267 1643 suae
1290 1586 1586 1644 nativitatis
1630 1588 1883 1660 iniuriam
1907 1632 1920 1656 ,
1952 1589 2025 1643 ita
2058 1596 2116 1643 ut
2145 1580 2191 1640 Β
2220 1584 2348 1641 liter
2369 1584 2644 1656 judicent?
2688 1582 2883 1651 Mures,
2910 1582 3248 1653 hirundines,
3281 1585 3465 1653 milvi,
3499 1600 3605 1642 non
3628 1587 3828 1644 sentire

1843 1724 2206 1784 VARIOBUM
2245 1723 2476 1781 NOTAE.

611 1864 880 1917 Nobilitate
903 1872 1081 1929 potens
1106 1877 1270 1916 essem
1301 1863 1566 1916 Telamone
1590 1868 1803 1933 creatus.

519 1974 823 2040 Lucri-tius,
852 1973 947 2029 lib.
980 1990 1017 2042 ι,
1046 1974 1150 2030 754
1185 1992 1197 2028 :

617 2086 683 2139 Ut
704 2089 781 2138 vix
806 2087 1014 2137 humana
1042 2087 1266 2138 videatur
1284 2086 1445 2151 stirpe
1468 2091 1684 2138 creatus.

524 2197 605 2253 Ae
630 2198 847 2262 iterum,
882 2195 975 2251 lib.
1006 2210 1057 2254 v.
1092 2194 1233 2251 1012
1264 2211 1281 2248 :

966 2287 1263 2350 Prolemque
1290 2300 1355 2337 ex
1380 2298 1437 2337 se
1457 2284 1628 2336 videre
1652 2290 1888 2335 creatam.

525 2376 802 2441 Lactant.,
832 2375 1024 2445 Epist,
1071 2389 1191 2439 cap.
1235 2373 1269 2445 5
1311 2372 1665 2445 :ALibido...”
1697 2370 1930 2445 creandis
1962 2368 2130 2445 liberis

530 2450 659 2502 servi
680 2459 734 2501 .t.
766 2440 923 2501 Plura
955 2446 1198 2508 exempla
1229 2442 1388 2498 facile
1416 2454 1637 2512 possunt
1663 2441 1901 2507 congeri.
1932 2440 2025 2495 sed
2056 2441 2132 2494 rei

530 2532 671 2573 notae
712 2534 816 2573 non
868 2517 1220 2571 immmabor.
1271 2511 1452 2569 Davis.
1492 2543 1563 2553 -—
1602 2511 1926 2567 Conferatur
1966 2512 2128 2566 etiam

530 2590 871 2645 Burmanttus
896 2588 962 2641 ad
1006 2587 1213 2640 Plta-dr.
1245 2601 1260 2640 ι
1287 2627 1301 2645 ,
1355 2593 1414 2638 to
1461 2602 1474 2637 :
1508 2583 1568 2639 Si
1608 2584 1791 2637 crearit
1822 2583 2045 2647 liberos;
2079 2592 2135 2637 et

531 2660 858 2719 Torrenius.
888 2673 1011 2712 cum
1037 2658 1160 2712 aliis
1185 2658 1250 2710 ad
1281 2655 1463 2712 Valer.
1492 2655 1632 2709 Max.
1668 2670 1769 2716 vn,
1806 2654 1859 2718 '7,
1886 2655 2134 2719 quianon

531 2731 871 2788 creandorum
905 2730 1179 2785 liberorum
1215 2744 1370 2781 causa
1428 2726 1723 2852 conjugiﬁm
1757 2726 2131 2780 intercesserat.

1684 2813 1895 2852 lNDNER.

1684 2813 1895 2852 INDNER.

612 2874 1014 2945 Prwstringitnr.
1043 2872 1196 2925 Dion.
1228 2870 1537 2945 Lambinus,
1570 2868 1634 2922 ad
1668 2869 1898 2945 Lucretii
1930 2866 2019 2922 lib.
2053 2883 2132 2945 ut,

538 2963 665 3017 pag.
708 2947 806 3001 411
832 2938 1065 3017 ζει-νηῷ
1097 2961 1110 2998 :
1143 2944 1256 3017 auri
1294 2942 1517 3017 fulgore
1534 2940 1949 3017 priestingnitur;
1976 2951 2025 2993 et
2066 2938 2135 3017 ad

543 3010 746 3072 Ho'ratii
778 3018 871 3070 lib.
903 3031 967 3088 tt.
1015 3014 1185 3081 Epist.
1219 3014 1271 3076 1,
1296 3010 1421 3083 pag.
1449 3012 1577 3070 254.
1606 3014 1700 3075 ait,
1734 3010 2107 3088 ubicumquele
2163 3026 2208 3088 ρ

542 3089 680 3159 gitur
707 3087 1103 3159 pra-stringere,
1128 3101 1216 3139 seu
1239 3081 1831 3159 prajsiruigereoculos,
1857 3097 1945 3134 seu
1968 3082 2135 3159 aciem

540 3152 841 3221 oculorum,
872 3152 1143 3227 legendum
1169 3152 1706 3227 praestinguereaSed
1734 3152 1848 3205 hinc
1872 3152 2142 3227 sententia

543 3231 706 3286 nimis
732 3240 813 3282 est
844 3221 1147 3280 dictatoria.
1172 3221 1512 3284 Lactantius,
1544 3224 1619 3278 lib
1674 3240 1733 3283 ll,
1766 3236 1888 3291 cap.
1922 3222 1955 3276 6
1987 3240 2000 3275 :
2039 3221 2144 3275 Ho-

544 3318 659 3355 rum
705 3297 1033 3369 pulrhritudo
1082 3313 1141 3350 ac
1185 3298 1320 3349 nitor
1364 3294 1672 3369 prazstringit
1718 3292 2144 3369 oculos._l‘iunius

545 3364 850 3429 Marcellus.
877 3384 994 3439 pag.
1022 3369 1148 3433 095.
1176 3364 1530 3438 praestringere
1550 3366 1892 3419 obtenebrare.
1924 3364 2145 3420 Plautus

549 3443 719 3497 Milite
744 3440 890 3495 Glor.
928 3457 941 3493 :

644 3533 967 3595 Praestriugat
989 3529 1241 3580 oculorum
1266 3531 1423 3579 aciem
1441 3532 1488 3579 iu
1513 3530 1623 3579 acie
1639 3528 1880 3578 hostibus.

550 3638 726 3694 Locus
756 3646 931 3692 exsnat
961 3644 1063 3690 act.
1097 3651 1135 3701 ι,
1170 3650 1317 3690 scen.
1347 3651 1386 3701 ι,
1415 3635 1450 3689 4
1486 3652 1499 3688 :
1534 3635 1620 3689 ubi
1654 3635 1736 3687 vir
1770 3633 2010 3687 eruditus
2037 3648 2143 3688 non

554 3708 715 3763 modo
754 3708 1001 3763 ettmdem
1038 3722 1276 3761 errorem
1307 3707 1358 3760 in
1389 3708 1528 3759 notis
1558 3707 1787 3774 repetiit.
1827 3705 1918 3758 sed
1944 3714 1998 3759 et
2027 3721 2142 3772 per-

552 3796 738 3851 peram
777 3779 945 3833 edidit
970 3780 1309 3851 prwstinguat
1339 3778 1521 3834 aciem.
1554 3776 1703 3851 quod
1724 3790 1853 3851 sane
1888 3790 2143 3851 petquam

554 3846 639 3908 est
668 3851 1013 3905 temerarium
1039 3892 1053 3913 ,
1090 3846 1210 3903 cum
1251 3849 1567 3904 Ciceronem
1592 3889 1605 3912 ,
1648 3846 1858 3901 Livium
1900 3846 2146 3916 aliosque

554 3938 664 3978 non
690 3922 845 3976 aliter
876 3923 1085 3975 locutos
1114 3935 1232 3974 esse
1256 3928 1488 3985 Constet;
1521 3928 1875 3989 pra-terquam
1907 3919 2047 3987 quod
2083 3919 2147 3973 il-

562 3995 670 4049 lum
700 4008 913 4047 versqu
937 3991 1006 4046 ita
1042 3994 1202 4047 etiam
1235 3990 1410 4045 laudet
1440 3987 1772 4058 Apuleinsde
1798 3987 1907 4042 Deo
1936 3989 2143 4044 Sacrat.

556 4083 612 4136 p.
653 4065 722 4120 77
747 4106 761 4130 ,
802 4064 891 4120 ed.
920 4064 1089 4134 Lugd.
1108 4060 1701 4136 iDttvts.——Conferatur
1729 4062 1889 4116 etiam
1918 4060 2143 4117 Bunem.

555 4135 623 4192 ad
663 4136 904 4190 Lactant.
936 4152 993 4197 ιι,
1023 4136 1076 4189 6.
1106 4135 1361 4190 LINDNER.

634 4207 917 4260 Tormentis
943 4207 1144 4277 quibus.
1178 4207 1318 4277 Lege
1347 4206 1505 4277 tornis
1531 4205 1885 4277 quibus;_nam
1915 4218 2015 4277 vox
2046 4213 2150 4257 tor—

556 4290 785 4333 mentum
815 4274 964 4330 notat
992 4278 1044 4330 1⁰
1073 4276 1373 4330 machinam
1408 4274 1651 4329 bellieam
1679 4314 1694 4338 ,
1738 4274 1796 4327 2°
1823 4274 2145 4341 supplicium

560 4359 616 4405 et
641 4349 938 4401 cruciatum
961 4388 974 4412 ,
1008 4348 1062 4399 5“
1088 4348 1264 4399 funem
1303 4357 1537 4398 tensum.
1572 4345 1728 4399 Prior
1763 4345 1850 4398 ille
1879 4343 2150 4413 signitice-

2224 1856 2490 1928 ethnicis)
2538 1872 2644 1912 esse
2685 1855 2975 1910 avaritiam.
3022 1855 3189 1911 Recte
3226 1855 3366 1912 idem
3414 1866 3599 1911 monet
3642 1858 3830 1928 stepius

2225 1931 2313 1986 hic
2341 1927 2476 1986 eSse'
2497 1927 2900 1998 corrigendum,
2930 1941 3050 1981 cum
3081 1943 3187 1981 non
3212 1928 3408 1996 sumius
3439 1928 3533 1983 sed
3567 1927 3733 1984 semel
3777 1929 3831 1983 id

2225 2002 2415 2059 fecerit
2444 2016 2537 2056 rex
2569 1997 2663 2055 ille
2688 1998 2996 2070 Egyptins.
3020 1997 3203 2068 Itaque
3232 2013 3327 2070 pro
3354 2000 3561 2065 περίεις,
3597 2000 3675 2053 vel
3704 2000 3834 2070 legi—

2225 2090 2367 2141 mus,
2399 2073 2481 2127 vel
2523 2072 2738 2135 scimus,
2769 2069 3050 2141 scripsisse
3082 2079 3235 2141 putat
3266 2069 3571 2124 Minucium.
3615 2069 3836 2124 Mihi’iu

2230 2139 2484 2214 promptu
2510 2139 3153 2214 est‘correcliofacilior,
3187 2139 3413 2214 ideoqur
3440 2141 3784 2214 verisimilior
3818 2158 3831 2194 :

2233 2211 2447 2273 Scilicet
2471 2256 2486 2278 ,
2530 2211 2767 2267 adhibita
2810 2212 3097 2266 verborum
3137 2211 3450 2280 trajectione
3488 2212 3564 2266 sic
3600 2213 3780 2267 scribo
3816 2227 3835 2266 :

2232 2288 2297 2341 de
2328 2285 2589 2340 immundo
2614 2283 2819 2355 vasculo
2845 2299 2899 2355 sit
2919 2284 3033 2353 pius
3055 2323 3069 2348 ,
3101 2293 3155 2335 ut
3186 2283 3376 2355 factum
3417 2280 3671 2355 Egyptio
3700 2282 3831 2355 regi.

2237 2358 2405 2412 Video
2450 2370 2591 2410 nunc
2637 2354 2797 2409 etiaut
2838 2352 2953 2410 Jac.
2999 2354 3269 2409 Gronovio
3315 2354 3386 2408 ita
3433 2352 3838 2409 reSciibendum

2236 2428 2423 2484 videri.
2460 2427 2633 2482 liceat.

2309 2500 2388 2553 De
2442 2496 2702 2552 immundo
2748 2497 2988 2562 vasculo,
3013 2503 3089 2567 fut
3130 2495 3318 2566 saepius
3350 2497 3543 2567 factum
3584 2493 3840 2567 ’Egyptio

2236 2573 2363 2642 regi.
2423 2570 2681 2642 Mtttttcitts
2724 2569 2790 2642 ad
2817 2566 3111 2642 _Amasidis
3153 2566 3368 2642 facinus
3412 2568 3649 2636 respicit,
3681 2566 3839 2642 Aquod

2240 2637 2420 2697 narrat
2451 2640 2754 2695 Herodotus
2776 2639 2867 2693 lib.
2895 2655 2953 2701 ll,
2986 2654 3104 2707 cap.
3145 2637 3269 2702 172,
3316 2647 3371 2692 et
3413 2654 3476 2692 ex
3509 2654 3575 2692 eo
3606 2639 3843 2692 Albi-na-

2236 2729 2394 2783 geras
2442 2712 2616 2783 Legat.
2646 2728 2738 2783 pro
2772 2709 2917 2773 σωκ,
2958 2724 3078 2783 cup.
3132 2707 3222 2762 ‘25.
3261 2710 3435 2783 Aliter
3478 2713 3616 2763 hunc
3666 2710 3839 2783 locum

2237 2780 2527 2848 distinguit
2555 2780 2856 2836 Cotclerius
2906 2781 2970 2835 ad
3008 2781 3273 2833 Clement.
3322 2780 3476 2834 llam.
3512 2796 3564 2843 ς,
3599 2795 3719 2848 cap.
3770 2780 3840 2843 8;

2238 2856 2397 2910 aliter
2424 2856 2552 2923 legit
2575 2852 2873 2907 Gatakerus
2896 2853 3109 2905 Advers.
3136 2851 3345 2905 miscell.
3373 2852 3448 2906 l.b
3497 2867 3556 2915 tt,
3602 2866 3721 2921 cap.
3755 2850 3840 2916 l9,

2242 2942 2361 2997 pag.
2391 2927 2514 2987 571,
2544 2926 2636 2997 sed
2663 2927 2863 2997 absque
2891 2937 3049 2997 causa
3074 2925 3298 2997 sontica.
3339 2925 3517 2997 tufts.

2316 2993 2381 3050 Et
2413 2996 2699 3050 incudibus.
2730 2996 2918 3049 Scriho
2946 3003 2993 3047 et
3023 2995 3075 3046 iu
3105 2993 3391 3047 incudibus.
3419 2993 3623 3049 MEURS.

2318 3067 2605 3137 Impurata.
2642 3068 2805 3121 licete
2826 3081 2927 3137 tus.
2953 3066 3045 3130 ita,
3081 3079 3185 3118 nou
3216 3065 3472 3137 imperito,
3506 3065 3646 3137 nuud
3673 3063 3843 3137 editio

2250 3135 2491 3194 Rotnaua
2518 3138 2699 3203 habet,
2728 3149 2781 3191 et
2822 3136 2945 3190 hinc
2968 3137 3145 3205 plures
3176 3136 3314 3189 aliae.
3352 3135 3489 3189 Loca
3524 3135 3695 3190 Plauti
3728 3135 3847 3205 qui-

2248 3213 2349 3265 bus
2378 3212 2516 3265 itlettt
2550 3212 2768 3264 verhttttt
2797 3208 3029 3262 occm'rit
3052 3248 3067 3273 ,
3108 3206 3323 3261 exhibet
3356 3207 3553 3260 Iv’aretts
3576 3208 3627 3260 in
3663 3206 3846 3261 Lexico

2248 3283 2440 3336 critico.
2491 3280 2791 3335 Minuciano
2822 3292 2948 3333 vero
2981 3278 3098 3331 loco
3129 3278 3251 3331 huic
3282 3277 3613 3330 similluunm
3646 3277 3841 3332 Justiui

2249 3352 2792 3423 martyrisproduxit
2831 3348 2903 3423 ad»
2940 3348 3082 3423 hunc
3128 3349 3305 3402 lorum
3364 3347 3796 3404 Elmenhorstius
3823 3390 3840 3414 ,

2249 3419 2408 3478 alium
2439 3419 2685 3493 Origenis
2715 3421 2992 3475 Heraldns.
3024 3419 3200 3493 Hemi.

2322 3490 2569 3548 Nondum
2601 3495 2726 3546 deus
2755 3507 2937 3545 suasum
2964 3504 3056 3545 est.
3088 3490 3143 3544 lu
3174 3492 3321 3545 liisce
3343 3491 3523 3545 verbis
3551 3507 3655 3546 non
3686 3490 3845 3545 modo

2250 3566 2453 3620 nullum
2490 3580 2611 3619 esse
2636 3563 3001 3625 acumeu,‘sed
3030 3577 3096 3616 ne
3120 3578 3333 3616 sensum
3357 3566 3571 3630 quidem
3598 3605 3612 3627 ,
3638 3564 3707 3616 ait
3747 3563 3845 3617 Da-

2249 3639 2437 3700 visius,
2471 3638 2593 3701 nisi,
2619 3634 2787 3688 divisa
2819 3634 3027 3700 Vocula,
3059 3633 3202 3705 legas
3227 3648 3242 3691 :
3280 3631 3399 3687 Nisi
3423 3638 3555 3705 forte
3585 3651 3705 3705 non,
3726 3636 3847 3686 dum

2251 3709 2374 3762 deus
2397 3750 2410 3772 ,
2441 3722 2620 3761 saxum
2655 3715 2746 3758 est.
2784 3705 2897 3758 Non
2940 3719 3095 3772 0pu~.
3149 3703 3351 3759 Sensus
3393 3703 3476 3759 est
3509 3724 3520 3755 :
3567 3703 3687 3758 Nisi
3720 3708 3849 3775 forte

2250 3795 2455 3840 saxum,
2487 3779 2563 3831 vel
2592 3778 2807 3847 lignum,
2835 3776 2911 3829 vel
2937 3784 3201 3845 argentum
3229 3775 3453 3829 nondum
3483 3777 3606 3829 deus
3632 3774 3727 3841 est,
3750 3774 3845 3829 sci-

2254 3850 2377 3905 licet
2427 3846 2646 3903 materia
2688 3848 2834 3911 saxi,
2870 3847 2993 3915 ligni
3028 3846 3108 3900 vel
3131 3849 3337 3916 argenti
3369 3847 3517 3901 rudis
3541 3860 3702 3916 atque
3734 3849 3847 3900 ine-

2254 3921 2521 3983 laborata,
2576 3918 2810 3973 noudum
2865 3929 2943 3971 ρει
2984 3917 3151 3980 (ιι-υς,
3195 3917 3336 3986 quod
3392 3919 3615 3971 as~umit
3656 3917 3848 3971 Noster

2252 3990 2616 4063 hypethetice.
2657 3989 2788 4045 lude
2848 3989 3015 4063 pergit
3049 4005 3078 4063 _:
3129 3988 3345 4054 Quando
3390 3990 3556 4063 igitur
3598 3989 3677 4040 ltic
3726 4004 3848 4042 nas-

2250 4060 2417 4117 citur?
2462 4064 2563 4117 hoc
2591 4072 2674 4116 est
2698 4103 2712 4125 ,
2760 4060 2963 4131 quando
2991 4060 3143 4130 igitur
3168 4075 3349 4114 saxum
3375 4100 3389 4125 ,
3419 4062 3494 4114 vel
3521 4060 3734 4129 lignum,
3767 4064 3844 4113 rel

2252 4147 2517 4205 argentum
2541 4133 2595 4200 ﬁt
2621 4133 2788 4205 deus?
2813 4131 3071 4205 Ltanuua.

2328 4199 2497 4272 Quum
2525 4199 2675 4257 homo
2724 4204 2871 4258 illum
2914 4204 3091 4272 voluit.
3130 4199 3274 4255 lianc
3316 4200 3595 4255 lectionem
3626 4202 3726 4255 rite
3752 4201 3849 4256 do-

2253 4271 2476 4331 ctissimi
2521 4275 2778 4345 Rigaltius
2806 4285 2861 4329 et
2900 4271 3158 4345 Hieraldus
3183 4288 3250 4327 ex
3288 4288 3389 4345 tus.
3422 4272 3848 4345 vindicawrunt,

2252 4363 2370 4416 qua:
2413 4343 2609 4400 frustra
2632 4344 3251 4416 coniecturisilluditur,
3279 4343 3387 4409 jam
3433 4346 3500 4397 ab
3542 4360 3708 4412 prima
3736 4344 3852 4399 edi-

566 4431 652 4472 tus
686 4419 841 4485 plane
875 4417 978 4471 huc
1010 4432 1113 4468 non
1145 4416 1389 4484 quadrat;
1419 4418 1555 4468 alter
1575 4416 1789 4482 quidem
1820 4426 1998 4484 posset
2020 4430 2153 4484 quo-
2176 4420 2229 4480 1)
2255 4414 2418 4472 tione.
2476 4417 2608 4470 Nam
2655 4417 2811 4469 voluit
2839 4425 2921 4471 est
2962 4414 3171 4469 Minucii
3194 4455 3208 4479 ,
3242 4422 3510 4468 utcontra
3543 4416 3698 4479 dixit,
3727 4432 3851 4483 quos

563 4488 855 4542 dammodo
882 4486 1162 4554 applicari,
1197 4488 1239 4539 si
1273 4501 1338 4538 co
1381 4499 1542 4539 sensu
1571 4486 1804 4554 accipias
1846 4495 1901 4537 ut
1927 4487 2151 4539 simula-

563 4572 655 4613 cra
702 4554 989 4620 Ca-deudo,
1038 4557 1300 4620 dolandn,
1350 4556 1710 4618 runcutando,
1759 4554 1999 4609 dolorem
2045 4559 2151 4624 pati

564 4626 980 4689 existimentur;
1019 4628 1097 4681 sic
1126 4627 1286 4681 etiam
1328 4627 1518 4681 tertius
1549 4628 1659 4692 ille,
1688 4641 1809 4680 cum
1840 4628 2055 4681 funilms
2081 4630 2150 4681 si.

566 4699 862 4753 ntulacrum
902 4699 1275 4764 susiienditur,
1314 4698 1455 4767 quod
1496 4709 1673 4752 tamen
1707 4699 1858 4752 uncis
1898 4700 2152 4754 immissis

566 4768 765 4823 factum
811 4772 985 4838 potius
1028 4768 1211 4824 credo.
1256 4770 1362 4825 Sed
1406 4780 1580 4822 turnus
1617 4780 1699 4823 est
1739 4771 2150 4824 instruntrnttim

562 4840 755 4894 fabrile
789 4842 953 4909 quod,
991 4852 1209 4895 auctum
1234 4841 1423 4896 Plinio.
1463 4856 1557 4906 vn,
1594 4839 1686 4904 56,
1733 4838 2026 4893 Theodorus
2058 4840 2154 4895 δα.

566 4912 699 4965 mins
728 4914 933 4965 invenit.
963 4913 1221 4966 thnucn.
1242 4942 1313 4953 -
1336 4912 1639 4966 Linduerus
1663 4913 1840 4978 legere
1864 4913 1977 4964 vult
2009 4927 2022 4962 :
2047 4921 2147 4965 tor-

568 4985 647 5037 nis
672 4984 888 5054 quibus;
920 4987 1101 5039 seus~ii
1133 4996 1311 5039 autem
1341 4984 1441 5038 loci
1470 4992 1522 5037 ct
1548 4983 1819 5037 contexlui
1847 4993 2152 5037 tormentum

560 5056 690 5109 illttd
718 5057 890 5122 aptius
917 5056 1125 5110 videtur
1152 5065 1207 5110 et
1230 5054 1585 5110 Commodius.
1618 5054 1873 5108 liuswuu.

641 5124 839 5180 Timere
862 5142 915 5180 se
960 5129 1237 5180 materiem.
1263 5127 1335 5181 Ita
1366 5125 1629 5180 edidimus
1648 5166 1662 5191 ,
1693 5142 1792 5178 ms.
1838 5140 1950 5194 reg.
1977 5134 2156 5179 aucto-

564 5197 778 5251 ritatem
837 5203 1029 5252 seettti.
1072 5197 1369 5267 Legebatnr
1430 5209 1620 5257 antea.
1656 5196 1931 5250 Erubescet
1971 5208 2155 5251 temere

560 5285 613 5321 se
648 5269 906 5333 ntuteriei,
941 5279 994 5322 ut
1031 5270 1181 5322 deum
1223 5270 1410 5337 faceret
1434 5310 1449 5331 ,
1492 5268 1741 5332 illusum;
1783 5268 1930 5322 nullo
1968 5283 2151 5323 sensu.

564 5339 695 5404 Quae
725 5349 902 5392 autem
939 5340 1039 5394 hoc
1067 5340 1185 5394 loco
1212 5341 1548 5395 disseruntur
1585 5355 1614 5393 a
1658 5340 1907 5402 Minucio,
1940 5354 2002 5393 ea
2030 5354 2149 5394 om-

561 5411 935 5481 niaexplieata
968 5421 1093 5465 sunt
1117 5411 1181 5463 ad
1212 5410 1525 5481 Tertulliani
1555 5410 1771 5481 Apolog.
1804 5411 2040 5465 lienam.

637 5479 849 5533 Aureus.
878 5482 1014 5537 Edit.
1043 5482 1197 5535 Rom.
1231 5486 1387 5541 male,
1414 5480 1552 5535 Deus
1570 5479 1741 5537 cereus
1766 5482 1842 5535 vel
1865 5492 2149 5551 argenteus.

563 5549 883 5605 HERALD.—
901 5552 1159 5607 Rescrtbtt
1193 5570 1401 5612 aureus,
1432 5554 1525 5607 sed
1559 5554 1891 5613 hmsitatttcr,
1917 5549 2154 5608 Catulle-

560 5637 655 5693 rus
678 5624 729 5675 in
753 5623 903 5676 Cinni
926 5625 1005 5677 sui
1036 5624 1123 5677 lib.
1145 5639 1203 5681 ιι.
1230 5639 1350 5692 cap.
1386 5622 1470 5683 19,
1502 5638 1600 5693 pag
1642 5622 2153 5678 57LConfidentius

564 5692 635 5744 ita
668 5694 1011 5748 emendasset
1036 5696 1080 5749 si
1115 5698 1166 5748 in
1194 5694 1407 5749 Minucii
1436 5736 1449 5755 ,
1490 5692 1606 5763 cap.
1654 5694 1723 5749 24
1749 5736 1764 5760 ,
1806 5696 2059 5764 legisSrt,
2098 5696 2153 5748 in

561 5777 686 5816 auro
717 5774 761 5819 et
790 5776 1001 5837 argento
1031 5767 1094 5836 (e
1120 5782 1227 5838 quo
1254 5765 1327 5822 dit
1358 5772 1485 5821 sunt
1514 5763 1655 5837 ficti)
1681 5763 2024 5825 consecratam
2055 5764 2153 5835 (ab

2258 4504 2351 4554 per
2394 4488 2526 4540 diem
2554 4504 2820 4557 negamus.
2855 4487 3124 4557 nolumus;
3160 4486 3311 4538 sicin
3344 4487 3503 4557 natali
3536 4502 3647 4540 meo
3680 4502 3852 4540 versu-

2258 4560 2381 4611 tiam
2408 4564 2527 4612 nolo
2554 4556 2654 4611 non
2685 4560 2854 4611 credo.
2890 4556 3075 4611 Nonne
3107 4556 3267 4610 habet
3292 4572 3357 4609 ex
3384 4556 3661 4610 Ciceronis
3691 4556 3853 4626 placi«

2257 4630 2464 4683 tissiiuo
2496 4630 2632 4682 libro
2664 4644 2701 4683 ιι
2727 4630 2788 4680 de
2821 4628 2968 4681 Orat.
3001 4643 3120 4695 cap.
3154 4627 3185 4681 6
3208 4668 3221 4691 ,
3256 4627 3304 4680 id
3336 4630 3625 4696 praebentis
3653 4644 3717 4683 ex
3746 4628 3854 4682 Lu-

2253 4700 2415 4762 cilio,
2449 4698 2661 4754 La'lium
2694 4699 2955 4753 Decimum
2996 4700 3129 4761 volo,
3158 4697 3300 4766 quod
3345 4699 3432 4769 ille
3471 4700 3522 4751 iu
3565 4714 3664 4751 suo
3694 4714 3854 4769 urgu~

2254 4780 2437 4826 mento
2463 4782 2516 4826 et
2544 4781 2666 4826 ante
2691 4782 2744 4827 et
2776 4782 2893 4836 post
2921 4771 3166 4838 intelligit
3188 4784 3283 4838 pro
3300 4768 3578 4824 arbitratu.
3607 4768 3849 4825 unum.

2254 4873 2325 4883 —
2350 4846 2522 4897 Antea
2550 4842 2823 4912 legebatur
2852 4842 2938 4895 ille
2958 4841 3134 4904 voluit,
3167 4854 3218 4893 ut
3248 4839 3416 4893 edidit
3446 4840 3639 4894 Ccllar.
3674 4842 3855 4896 tiorri-

2252 4913 2329 4985 git
2355 4930 2507 4985 qutun
2534 4916 2683 4967 homo
2713 4913 2856 4966 illum
2882 4914 3033 4977 vovit,
3070 4912 3300 4985 Meursq
3346 4926 3461 4985 cum
3490 4912 3638 4985 homo
3668 4913 3813 4965 illuni
3835 4955 3852 4980 ,

2252 4981 2402 5054 ouem
2440 4982 2605 5039 Deum
2644 5000 2751 5038 esse
2776 4987 2930 5038 voluit
2969 4994 3012 5036 et
3052 4981 3333 5054 dedicavit,
3366 4982 3556 5037 lleam.
3591 4982 3853 5039 Inuossu.

2254 5053 2327 5097 4—
2356 5054 2480 5109 Cum
2515 5056 2664 5109 homo
2692 5054 2840 5108 illum
2872 5055 3044 5109 voluit.
3080 5053 3281 5122 Nempe
3307 5069 3426 5107 esse
3452 5055 3616 5108 Dento
3640 5096 3655 5117 ,
3681 5058 3859 5121 inquit

2257 5126 2551 5197 Bigaltius,
2594 5142 2777 5180 sanam
2824 5142 2942 5181 esse
3004 5142 3105 5197 ms.
3156 5126 3437 5197 lectionem
3493 5125 3848 5180 contendens.

2254 5194 2518 5254 Cellaritts
2543 5238 2558 5262 ,
2590 5213 2701 5251 cum
2729 5197 2877 5251 homo
2904 5196 2990 5251 ille
3015 5196 3171 5249 voluit
3220 5194 3482 5251 Meursius
3506 5198 3658 5250 vovit.
3694 5196 3854 5251 Davi-

2254 5269 2367 5326 sius
2396 5282 2572 5323 au'em
2615 5272 2768 5322 coluit
2797 5284 2814 5321 :
2841 5285 2959 5339 quae
2987 5265 3204 5339 quidem
3234 5281 3368 5332 vos,
3394 5269 3696 5339 eorjudice,
3731 5266 3857 5322 huic

2257 5341 2378 5397 loco
2415 5341 2554 5395 bene
2578 5340 2829 5395 convenit
2848 5338 2871 5407 ,ί
2903 5340 3016 5391 sive
3046 5338 3389 5407 proletariam
3414 5338 3668 5393 adorandi
3692 5379 3707 5403 ,
3735 5344 3859 5394 sive

2256 5415 2434 5468 minus
2482 5410 2754 5481 vulgarem
2816 5409 3033 5464 ornandi
3093 5408 3539 5536 signiﬁcatiéiuetn
3601 5411 3857 5481 recipias.

3415 5496 3640 5536 ALLAND.

3415 5496 3640 5536 ALLAND.

2328 5552 2459 5609 CAP.
2497 5552 2684 5609 XXIV.
2718 5582 2791 5594 -—
2822 5552 3026 5620 Quanto
3066 5552 3247 5606 verius.
3290 5552 3345 5607 lit
3388 5569 3488 5607 ms.
3536 5564 3618 5608 est
3663 5562 3859 5622 quanta

2256 5641 2372 5696 vero
2393 5670 2407 5687 ,
2445 5641 2667 5696 proauo
2695 5638 2884 5695 quanto
2913 5624 3097 5688 verius,
3130 5625 3335 5695 primus
3378 5624 3649 5695 rescripsi.
3696 5623 3850 5683 Fulv.

2257 5695 2501 5753 Ursinus.
2519 5695 2790 5752 'Lmnsaa.

2330 5767 2667 5831 Naturaltter.
2715 5766 2833 5826 Non
2860 5774 2943 5824 est
2967 5765 3256 5843 glossema,
3302 5766 3394 5827 sed
3424 5767 3725 5844 signiﬁcare
3754 5782 3857 5827 vo-
