4230 6242
596 218 700 273 527

1818 210 1910 267 MA
1922 208 2030 267 RCI
2084 207 2346 269 MINUCII
2397 209 2665 269 FELICIS

3803 211 3904 270 5‘28

589 329 721 388 serti
751 326 1024 386 mentibus
1052 326 1446 398 imperitorum,
1480 325 1661 381 odium
1694 326 1862 381 nostri
1892 336 2078 382 serunt
2106 339 2200 380 oc-
2230 326 2275 386 A
2306 326 2590 395 veStigari,
2640 324 2719 381 vel
2761 324 3014 396 probari,
3060 338 3161 382 nec
3197 332 3348 381 tanto
3391 330 3634 393 tempore
3676 323 3909 397 aliquem

590 424 732 480 culte
785 438 880 485 per
929 420 1284 476 timorem:u
1316 419 1558 474 naturale
1602 429 1682 473 est
1728 420 1871 474 enim
1912 431 1959 473 et
1995 420 2195 485 odisse,

591 533 749 589 quem
771 517 981 579 timeas;
1002 525 1049 570 el
1068 530 1225 585 quem
1242 514 1519 575 metueris,
1536 513 1808 571 intesrare.
1828 514 1871 566 si
1898 515 2089 582 possis.
2113 514 2201 565 Sic

592 622 854 678 occupant
898 609 1109 663 animos
1136 650 1150 673 ,
1181 620 1233 663 et
1265 608 1550 662 obstruunt
1582 616 1792 673 pectora
1815 648 1829 670 ,
1864 619 1913 659 ιιι
1947 616 2072 660 ante
2104 620 2202 660 nos

592 705 850 776 incipiant
893 702 1139 757 homines
1178 701 1359 756 odisse
1385 744 1398 767 ,
1429 715 1590 770 qunn
1632 714 1828 753 nosse:
1856 714 1921 753 ne
1958 698 2203 770 cognitos

592 808 684 855 aut
712 796 907 853 imitari
938 796 1164 867 possint,
1196 804 1289 848 aut
1318 794 1577 847 damnare
1605 810 1709 848 non
1745 792 1971 861 possint.

1129 927 1361 985 CAPUT
1403 927 1643 984 XXVIII.

600 1051 995 1105 Ancuuenwn.
1016 1042 1145 1097 —N
1151 1060 1271 1110 eque
1298 1042 1472 1095 odium
1491 1042 1678 1105 solum,
1703 1040 1791 1094 sed
1814 1040 2039 1109 nefanda
2056 1038 2206 1092 etiam

666 1141 771 1195 illis
801 1140 1028 1208 inferunt
1056 1136 1271 1190 crimina
1297 1150 1410 1201 qua:
1438 1151 1469 1186 a
1499 1134 1696 1186 nemine
1723 1131 1924 1200 probari
1961 1131 2205 1184 hactenus

668 1229 1065 1303 potuerunt.8ic
1110 1238 1182 1282 est
1211 1228 1463 1297 negotium
1497 1225 1807 1279 dtemonum.
1828 1223 2042 1294 Abipsis
2071 1223 2205 1276 enim

667 1343 846 1381 rumor
870 1324 1032 1395 falsus
1059 1332 1102 1377 et
1129 1322 1310 1376 seritur
1340 1329 1385 1374 et
1416 1320 1625 1385 fovetur.
1670 1318 2011 1372 lnvictissime
2035 1328 2204 1371 autem

668 1421 980 1475 demonstrat
1010 1415 1249 1469 Octavius
1278 1412 1596 1469 Christianos
1632 1412 1887 1481 sacrilegii
1907 1452 1921 1471 ,
1949 1412 2168 1465 incestus
2187 1450 2202 1471 .

669 1510 868 1581 stupri,
905 1507 1166 1577 parricidii
1192 1516 1293 1559 tam
1320 1505 1449 1574 false
1475 1503 1795 1564 insimulari,
1830 1519 1980 1571 quam
2013 1515 2206 1555 certum

670 1618 942 1674 verumque
964 1599 1261 1655 erateadem
1282 1615 1488 1667 prorsus
1514 1596 1748 1663 crimina,
1781 1605 1866 1648 aut
1895 1595 1973 1647 his
2000 1595 2206 1648 omnino

670 1698 859 1754 similia
908 1706 1058 1766 atque
1098 1697 1299 1760 maiora
1354 1692 1418 1745 ab
1470 1690 1964 1760 ipsismetethnicis
2026 1704 2204 1759 reapse
2232 1706 2280 1766 Β

695 1788 963 1845 committi.

672 1906 841 1974 Quam
862 1913 1040 1958 autem
1071 1901 1310 1969 iniquum
1338 1900 1427 1963 sit,
1454 1899 1738 1968 incognitis
1760 1908 1814 1953 et
1835 1899 2204 1967 inexploratis,

596 1998 859 2070 judicare,
888 1995 1029 2065 quod
1073 1993 1280 2059 facitis;
1314 1993 1467 2046 nobis
1512 1992 1640 2060 ipsis
1673 1993 2053 2060 paenitentibus
2082 2010 2205 2049 cre-

605 2092 717 2146 dite
746 2109 757 2143 :
787 2098 841 2143 et
882 2104 979 2142 nos
1001 2089 1143 2143 enim
1176 2086 1315 2141 idem
1350 2086 1595 2150 fecimus,
1627 2095 1683 2138 ut
1711 2086 1896 2140 eadem
1930 2088 2206 2143 Vobiscum

605 2183 875 2255 quondam
904 2181 1079 2235 adhuc
1119 2178 1248 2233 caeci
1275 2188 1330 2232 et
1360 2177 1581 2231 hebetes
1618 2177 1982 2231 sentiebamus
2006 2220 2020 2241 ,
2051 2184 2204 2249 quasi

602 2274 892 2334 Christiani
934 2282 1168 2330 monstra
1200 2274 1470 2337 Colerent,
1501 2272 1731 2325 infantes
1756 2283 2038 2339 vorarent,
2071 2290 2205 2331 con-

607 2373 745 2428 vivia
794 2372 993 2425 incesta
1044 2371 1493 2424 miscvrentniec
1540 2366 1970 2436 intelligehamus
2011 2368 2078 2421 ab
2124 2367 2207 2423 his

604 2464 814 2522 fabulas
855 2466 986 2520 istas
1011 2478 1227 2534 semper
1256 2461 1541 2527 ventilari,
1589 2469 1644 2515 et
1687 2476 1976 2532 numquam
2011 2463 2097 2519 vel
2128 2464 2209 2518 in-

2306 419 2565 484 cxistere,
2599 420 2687 487 qui
2719 419 2987 485 proderet.
3017 433 3120 472 non
3154 426 3358 472 tantum
3389 415 3509 471 lacti
3541 417 3784 481 veniam,
3814 434 3907 472 vc-

2307 527 2425 565 rum
2471 511 2630 564 etiam
2684 511 2862 564 IlldtCII
2910 512 3137 581 gratiam
3206 520 3659 573 consecuturum;
3713 512 3908 564 malum

2304 614 2482 659 autem
2514 603 2650 658 adeo
2683 619 2786 657 non
2818 619 2957 671 esse,
2994 615 3050 658 ut
3076 602 3410 658 Christianus
3437 618 3562 659 reus
3592 617 3693 658 nec
3719 603 3918 658 erube-

2306 708 2501 764 sceret,
2539 713 2638 750 nec
2666 698 2903 757 timeret.
2947 706 3003 751 et
3030 712 3189 750 unum
3223 695 3564 751 solunnnodo
3589 736 3603 761 ,
3632 695 3773 765 quod
3807 711 3912 750 non

2308 800 2432 845 ante
2462 789 2641 855 fuerit,
2679 790 2985 859 paeniteret.
3035 788 3144 843 Nos
3195 799 3374 843 tamen
3420 802 3584 857 quum
3622 787 3917 859 sacrilegos

2307 885 2530 954 aliquos,
2552 897 2603 938 et
2635 885 2894 950 incestos,
2930 883 3223 953 parricidas
3253 885 3438 945 etiam.
3463 880 3834 937 defendendos
3860 890 3917 937 ct

2307 976 2536 1031 tuendos
2566 978 3026 1047 SUSClpIBIlaIIIUs;
3061 978 3158 1031 hos
3195 990 3293 1032 nec
3331 975 3629 1031 audiendos
3658 974 3712 1030 in
3743 984 3915 1030 totum

2309 1072 2625 1141 putabamus
2652 1088 2664 1125 :
2691 1087 3087 1142 nonnumquam
3115 1073 3275 1127 ctiam
3295 1112 3311 1135 ,
3343 1070 3660 1125 miserantes
3688 1086 3873 1126 eorum
3896 1114 3910 1135 ,

2309 1164 2473 1219 crude
2496 1164 2511 1217 i
2537 1180 2578 1219 is
2605 1166 2977 1227 sieviebamus,
3009 1175 3064 1218 ut
3097 1175 3470 1234 torqueremus
3492 1163 3811 1217 conlitentes
3846 1162 3914 1217 ad

2310 1258 2648 1328 negandum,
2678 1259 2928 1313 videlicet
2974 1274 3041 1314 ne
3090 1257 3365 1326 perirent,
3400 1267 3718 1311 exc-rcentes
3749 1256 3800 1310 in
3833 1254 3917 1312 his

2312 1364 2618 1419 perversam
2649 1350 3022 1419 quaestionem,
3058 1364 3163 1401 non
3195 1363 3315 1416 qua}
3346 1362 3528 1402 verum
3556 1356 3795 1415 erueret,
3821 1346 3919 1401 sed

2309 1458 2429 1510 qua:
2470 1442 2807 1497 mendacium
2847 1451 3080 1513 cogeret.
3119 1441 3181 1495 Et
3222 1441 3266 1495 si
3310 1440 3430 1511 quis
3457 1439 3741 1508 inlirminr,
3776 1441 3919 1497 malo

2310 1548 2527 1603 pressus
2548 1544 2604 1589 et
2624 1534 2817 1601 victus,
2842 1533 3205 1588 Christianum
3229 1547 3288 1587 se
3310 1541 3577 1604 negasset,
3609 1532 3919 1588 favebamus

2309 1626 2391 1693 ci,
2421 1628 2604 1693 quasi,
2636 1632 2839 1697 eierato
2869 1628 3084 1682 nomine
3108 1668 3122 1691 ,
3149 1627 3259 1697 jam
3310 1628 3489 1681 omnia
3532 1626 3669 1683 facta
3706 1643 3800 1683 sua
3830 1628 3916 1683 illa

2310 1722 2593 1789 negatione
2627 1731 2902 1791 purgaret.
2932 1720 3312 1789 Agnoscitisne
3334 1718 3523 1775 eadem
3557 1736 3654 1774 nos
3685 1720 3919 1776 sensisse

2310 1821 2364 1867 et
2391 1813 2591 1882 egisse,
2609 1811 2652 1844 δ’
2675 1828 2793 1883 quae
2807 1812 3018 1866 Sentius
3038 1820 3087 1865 et
3106 1809 3326 1881 geritis?
3342 1810 3540 1878 Quum,
3566 1811 3611 1866 si
3636 1811 3791 1870 ratio.
3814 1826 3919 1867 non

2313 1906 2585 1975 instigatio
2607 1905 3173 1973 dannonisjudicaret,
3199 1904 3463 1975 urguendi
3492 1908 3696 1976 magis,
3728 1920 3834 1959 non
3864 1914 3924 1960 ut

2308 1998 2668 2053 difﬁterentur
2697 2015 2756 2054 se
2776 1997 3131 2060 Christianos,
3153 1996 3247 2052 sed
3280 2006 3337 2050 ut
3364 1996 3431 2051 de
3449 1996 3670 2052 incestis
3694 1998 3919 2068 smpris,

2310 2091 2377 2146 de
2408 2091 2639 2161 impiatis
2667 2091 2855 2157 sacris,
2882 2090 2951 2145 de
2977 2089 3272 2144 infantibus
3290 2089 3580 2144 immolatis
3602 2089 3921 2146 faterentur.

2311 2186 2404 2241 llis
2443 2184 2585 2239 enim
2626 2193 2681 2239 et
2718 2183 3025 2251 huiusmodi
3076 2182 3271 2237 fabulis
3324 2182 3483 2237 iidem
3531 2182 3806 2237 decuriones
3853 2183 3925 2238 ad

2312 2280 2702 2336 exsecrationis
2737 2283 3017 2333 horrorem
3052 2276 3421 2346 imperitorum
3461 2290 3619 2331 aures
3659 2276 3924 2332 adversus

2317 2388 2416 2428 nos
2448 2372 2795 2427 referserunt.
2826 2369 2936 2425 Nec
2984 2383 3162 2425 tamen
3194 2371 3414 2436 mirum,
3448 2386 3609 2439 qutun
3644 2371 3925 2426 hominum

2311 2463 2471 2530 fama,
2505 2480 2625 2536 qua:
2652 2478 2865 2535 semper
2887 2462 3144 2534 insparsis
3166 2460 3464 2518 mendaciis
3490 2462 3670 2530 alitur,
3702 2474 3925 2519 ostensa

1932 2620 2292 2683 VARIORUM
2331 2624 2561 2681 NOTAE.

603 2757 721 2811 cap.
754 2742 807 2797 7.
832 2738 1066 2795 Ennius:
1087 2735 1246 2811 Quem
1275 2743 1524 2802 metuunt,
1550 2736 1767 2791 oderunt
1792 2754 1804 2789 :
1830 2754 1977 2807 quem
2000 2739 2211 2809 quisque

604 2807 731 2879 odit,
762 2815 949 2883 perisse
971 2807 1380 2883 e_x_petit.AHeuu.

679 2879 807 2940 Car.
840 2880 1326 2946 XX\’lll.—-Quam
1353 2888 1523 2931 autem
1551 2879 1779 2948 iniquum
1799 2880 1883 2935 sit.
1913 2881 1987 2936 Ita
2005 2885 2208 2948 optime

606 2958 661 3013 in
686 2972 785 3011 ms.
823 2960 985 3024 regio.
1012 2962 1181 3005 Antea
1230 2950 1540 3024 legebatur;
1577 2951 2209 3016 Quantumaulemvitium

607 3030 691 3083 sit.
723 3020 916 3096 Tangit
938 3022 1434 3096 eaminiquitatem
1467 3020 1753 3096 Minucius.
1785 3039 1944 3093 quam
1967 3025 2209 3090 pluribus

608 3092 1249 3169 exagitat'TertuIlianus
1270 3096 1321 3145 in
1352 3092 1836 3169 dpolog._lIi-:mt.o.

682 3154 964 3233 Iiicognitis
1003 3178 1047 3219 et
1075 3154 1409 3233 inexploratis
1432 3205 1444 3224 .
1479 3154 1683 3217 scilicet
1715 3171 1884 3218 rebus.
1927 3165 2093 3222 Plene
2128 3154 2282 3224 estC

608 3244 747 3314 apud
777 3232 1089 3314 Ciceroneni
1133 3232 1449 3314 pr_o_Ca:_cin.
1479 3234 1590 3314 22:
1622 3233 1760 3314 Dion
1780 3240 2093 3314 ,‘incognita
2122 3256 2206 3306 re,

601 3303 866 3386 judicare
887 3309 1143 3386 voluisset.
1188 3305 1449 3386 Virgilius
1481 3303 1693 3359 JEneid.
1728 3322 1775 3370 ι,
1808 3309 1912 3363 suo
1940 3303 1970 3361 :'
1989 3312 2094 3386 Sed
2134 3303 2213 3386 res

608 3377 807 3439 animos
850 3380 1108 3450 incognita
1140 3378 1326 3430 turbat.
1353 3377 1626 3450 ﬁdenque
1658 3393 1762 3431 ιιοιι
1792 3392 1905 3433 erat
1949 3396 2045 3435 cur
2076 3382 2210 3435 Lud.

609 3455 796 3511 Carrio
832 3447 1044 3507 Emend.
1078 3465 1134 3505 ιι.
1165 3464 1283 3518 eap.
1312 3447 1378 3522 I8
1406 3449 1727 3503 rescriberet
1752 3451 1814 3504 de
1842 3452 2136 3522 incognitis,
2159 3462 2215 3508 et

609 3528 873 3582 Meursaus
900 3525 951 3576 in
980 3522 1271 3591 incognitis.
1317 3519 1497 3591 Litana.

684 3597 829 3652 Idem
859 3590 1109 3664 lacinias.
1148 3591 1237 3644 Sic
1270 3608 1368 3643 ms.
1416 3590 1636 3664 Fuimus
1687 3591 1937 3661 impress.
1981 3593 2113 3649 Eoo.
2148 3626 2217 3636 —

609 3671 798 3727 SCI‘iIM
819 3709 833 3734 ,
889 3666 1063 3720 iidem.
1097 3664 1299 3717 Manus.
1330 3663 1602 3734 e—Scrihe
1642 3664 1774 3716 idem
1801 3666 2034 3734 fecimus.
2068 3668 2216 3722 ιιηε.

610 3742 751 3799 cedit
782 3733 925 3795 enim
955 3736 1091 3805 quod
1120 3736 1311 3802 facitis.
1347 3733 1519 3788 Worx

692 3810 961 3868 Vemilnri.
988 3807 1334 3861 Ilenmannus
1352 3806 1820 3871 scribitrcnditari,
1839 3816 1893 3861 et
1919 3822 2151 3879 sequens
2172 3820 2218 3866 et

611 3885 774 3941 delet.
809 3882 1068 3937 LINDNER.

683 3954 871 4010 lndicii
916 3962 1171 4025 gratiam.
1208 3947 1566 4025 Ita_edi_derat
1580 3948 1855 4025 Gelenius
1895 3951 2117 4020 optime.
2153 3952 2223 4008 At

611 4029 769 4084 Rom.
802 4020 1589 4095 editiojudicii.Male.GeIcnii
1621 4021 1913 4095 editionem
1936 4028 2224 4078 contirmat

612 4115 714 4155 ms.
749 4113 860 4167 reg.
894 4092 1182 4151 Atratiteni
1230 4092 1279 4146 id
1310 4104 1420 4167 est,
1442 4093 1591 4167 quod
1637 4092 1975 4167 SIgIIiIICJlIal
2003 4095 2220 4150 Trrtnl-

610 4173 787 4227 Iianns
814 4164 1098 4237 ‘Apologet.
1117 4207 1132 4230 ,
1174 4180 1294 4233 cap.
1327 4164 1395 4237 7r:
1419 4164 1553 4237 Quis
1582 4165 1705 4217 talia
1751 4167 1983 4235 facinora
2002 4209 2017 4230 ,
2064 4184 2222 4232 quam

608 4236 896 4306 inrenisset,
924 4236 1102 4292 celavit
1134 4248 1220 4290 ant
1244 4236 1465 4288 vendidit
1485 4237 1840 4305 ipsostrahens
1868 4239 2138 4292 homines?
2166 4247 2224 4292 ut

611 4315 826 4369 vendere
854 4328 921 4366 eo
952 4311 1069 4362 Iut'o
1094 4308 1273 4373 dicat,
1308 4318 1530 4373 accepto
1580 4316 1752 4375 pretio
1783 4307 2040 4363 indicare.
2072 4310 2222 4364 Dixi-

611 4401 730 4442 mus
756 4383 911 4437 nobis
928 4396 1033 4435 non
1056 4380 1287 4448 liquere.
1315 4377 1555 4431 I‘IERALD.

686 4453 885 4509 Malum
916 4462 1102 4503 autem.
1140 4451 1249 4502 lloc
1278 4458 1355 4501 est
1385 4465 1395 4498 :
1424 4465 1521 4501 nec
1564 4448 1990 4517 intelligobamus
2021 4450 2218 4505 malum

610 4527 747 4581 adeo
780 4540 883 4578 non
915 4537 1057 4585 esse,
1088 4531 1141 4573 ut
1172 4518 1347 4587 potius
1378 4518 1715 4572 Christianus
1749 4535 1870 4572 reus
1902 4535 2000 4574 nec
2029 4524 2220 4575 erube-

611 4607 809 4659 sceret,
842 4603 943 4648 etc.
971 4590 1286 4646 Actionibns
1303 4591 1445 4662 enim
1476 4589 1792 4662 malisinvst
1810 4589 1979 4656 pudor
2004 4592 2220 4662 quidam

611 4667 873 4723 naturalis
900 4662 1219 4728 coltjunCIUs
1247 4675 1367 4714 cum
1398 4660 1610 4715 timore.
1644 4660 1830 4715 LINDN.

687 4735 858 4793 Unum
892 4732 1302 4788 solummodo....
1338 4733 1613 4796 poeniteret.
1647 4733 1767 4785 Ihec
1794 4739 2124 4790 constructio
2155 4737 2219 4790 li-

609 4818 696 4867 cet
723 4808 958 4863 insolens
984 4803 1366 4875 possitivideri,
1387 4806 1538 4856 bouis
1557 4814 1733 4857 tamen
1752 4808 2060 4860 auctoribus
2079 4809 2217 4862 haud

610 4883 904 4954 ignoratur.
928 4877 1122 4954 Cicero
1160 4874 1371 4954 Tuscul.
1403 4875 1491 4954 lib.
1520 4891 1572 4936 ν,
1598 4889 1718 4954 cap.
1740 4876 1831 4930 ‘28:
1865 4875 2125 4954 sapientis
2148 4889 2221 4933 est

611 4946 746 5006 enim
789 4951 1075 5022 proprium,
1131 4947 1261 5022 nihil
1305 4946 1439 5014 quod
1484 4948 1724 5022 pteriitere
1770 4949 1967 5022 possit,
2000 4953 2214 5022 facere.

611 5024 755 5079 Idem
791 5016 862 5075 'de
886 5016 1091 5073 lavent.
1129 5020 1221 5072 lib.
1253 5034 1311 5081 II,
1344 5032 1460 5086 pag.
1492 5017 1581 5079 66,
1615 5016 1797 5071 Utrum
1830 5018 1882 5069 id
1908 5016 2105 5085 facinus
2132 5023 2217 5087 sit,

610 5094 749 5166 quod
776 5094 1016 5163 poenitere
1041 5090 1194 5166 fuerit
1216 5105 1435 5166 inacesse.
1463 5087 1671 5143 Videsis
1695 5092 1756 5142 Α.
1798 5088 2027 5145 Gellium
2059 5090 2215 5146 Noct.

608 5161 716 5222 Att.
749 5161 841 5219 lib.
865 5179 979 5225 xui,
1009 5177 1126 5231 Cap.
1152 5161 1187 5214 Ξ
1234 5161 1415 5214 ΒΑγιδ.

682 5237 913 5305 Aliquos.
943 5229 1491 5305 llelendumvtdctnr.
1514 5229 1748 5305 Lactant.
1780 5247 1832 5301 ν,
1868 5232 1918 5305 1,
1948 5231 2002 5286 2.
2038 5232 2217 5290 Ιίευιι.

684 5302 1116 5376 Suscipiebamus.
1140 5304 1212 5357 Ex
1245 5302 1359 5376 lo_ro
1382 5303 1624 5376 verbum.
1642 5303 1880 5376 Suscepti
1899 5307 2040 5358 enim
2062 5306 2222 5360 clien-

609 5388 704 5436 tes.
739 5371 958 5435 Servius
982 5376 1048 5432 ad
1081 5375 1210 5431 illud
1242 5371 1460 5427 (Eadd.
1488 5390 1557 5428 νιν
1582 5374 1723 5430 609:

1062 5486 1125 5539 Et
1158 5486 1295 5537 fraus
1323 5488 1507 5537 innexa
1526 5488 1695 5537 clienti
1716 5503 1729 5548 ;

623 5593 777 5659 Vult,
806 5593 1008 5663 inquit,
1041 5593 1259 5665 intelligi
1304 5594 1717 5663 prwvaricatores
1747 5596 1833 5663 qui
1872 5596 2073 5661 patroni
2102 5604 2220 5650 sunt

611 5666 895 5732 clientium,
929 5682 1053 5733 quos
1080 5682 1213 5719 nunc
1242 5679 1531 5720 soscer'ros
1563 5682 1815 5722 vocamus.
1857 5666 2109 5723 Wowcn.

687 5736 987 5796 Miserantes
1011 5753 1202 5793 eorum.
1229 5734 1589 5793 Misericordia
1620 5739 1669 5792 in
1696 5754 1788 5793 eos
1811 5752 2059 5811 permoti,
2084 5753 2217 5811 quo-

2311 2757 2429 2797 rum
2474 2743 2636 2795 vitam
2674 2755 2893 2797 servare
2933 2739 3302 2796 studebamus.
3350 2739 3697 2798 Heumannus
3735 2742 3927 2797 scribit

2313 2815 2629 2867 miserantes.
2668 2812 2850 2867 [ΔΝΜ.

2388 2883 2455 2940 Ut
2474 2896 2814 2949 torqueremus
2860 2884 2949 2941 Sic
2971 2900 3066 2938 ms.
3101 2886 3166 2937 At
3196 2884 3432 2939 Romana
3460 2883 3570 2953 jam
3602 2885 3655 2938 in
3678 2884 3919 2939 editione

2312 2957 2705 3028 rescriptnmut
2726 2972 3036 3025 urgeremus.
3070 2956 3257 3011 Recte.
3290 2959 3364 3010 Ac
3394 2956 3597 3023 statim,
3628 2959 3728 3012 hoc
3747 2973 3931 3028 urgere

2314 3038 2601 3092 usurpatur
2630 3027 2846 3081 iterum.
2892 3028 3070 3082 HEUM.

2400 3099 2637 3152 Videlicet
2668 3116 2729 3151 ne
2773 3100 3009 3169 perirent.
3044 3098 3219 3153 lnnnit
3252 3098 3635 3162 commodum,
3667 3097 3811 3167 quod
3854 3114 3927 3154 ex

2317 3171 2402 3225 illa
2438 3170 2719 3240 negatione
2760 3170 2824 3223 ad
2857 3185 2950 3224 eos
2988 3170 3289 3225 redundare
3328 3172 3568 3225 deberet.
3606 3169 3775 3224 Etiam
3805 3170 3927 3223 ehi-

2315 3258 2530 3306 rnrgns,
2567 3242 2829 3295 miserens
2856 3241 3016 3310 a'gri,
3048 3244 3283 3295 membra
3315 3251 3574 3312 anipntat,
3605 3252 3770 3308 secat,
3797 3243 3927 3311 urit,

2316 3329 2386 3368 ne
2410 3313 2663 3367 videlicet
2692 3322 2893 3382 pereat.
2928 3313 3113 3367 LINDN.

2391 3383 2533 3437 Malo
2557 3400 2766 3455 pressus
2799 3394 2848 3455 et
2879 3385 3056 3438 victus.
3088 3383 3227 3438 Nihil
3254 3398 3392 3455 Opus
3421 3391 3476 3436 ut
3500 3398 3621 3436 enm
3645 3382 3931 3438 IIeumano

2319 3457 2702 3519 rescribamns,
2734 3454 2913 3511 dolore
2942 3472 3214 3524 Oppressus
3240 3466 3285 3508 et
3315 3456 3490 3508 victus.
3519 3454 3736 3509 ὃνίιὶιοοι
3775 3456 3928 3525 cogi.

2320 3536 2524 3581 laverat
2555 3527 2632 3579 vir
2660 3528 2850 3579 doctus
2890 3529 2957 3581 de
2987 3527 3129 3580 malo
3173 3544 3276 3580 non
3313 3527 3555 3597 physico,
3587 3528 3679 3579 sed
3712 3528 3926 3580 morali.

2322 3596 2522 3650 Malam
2552 3607 2731 3651 autem
2763 3611 2862 3667 pro
2891 3614 3043 3665 paena
3073 3614 3125 3652 et
3152 3598 3339 3652 dolore
3379 3596 3483 3651 diri
3514 3599 3765 3651 Omnibus
3795 3613 3927 3665 pro-

2324 3669 2479 3723 batur
2524 3669 2731 3737 lesicis.
2764 3666 3002 3723 Premere
3026 3683 3152 3723 vero
3181 3684 3276 3736 pro
3304 3672 3589 3737 opprimere
3609 3670 3739 3721 dixit
3764 3669 3926 3723 etiam

2321 3740 2536 3806 Quiucl.
2573 3736 2744 3791 lnstit.
2793 3737 2940 3793 Orat.
2970 3740 3063 3794 Iih.
3096 3755 3174 3802 Ilt,
3210 3755 3326 3808 cap.
3358 3736 3415 3800 ‘2,
3448 3757 3498 3807 p.
3533 3757 3599 3791 in.
3634 3741 3737 3795 407
3773 3759 3785 3793 :
3825 3739 3930 3792 Va-

2322 3826 2493 3873 renus,
2532 3811 2618 3880 qni
2644 3811 2697 3863 in
2721 3812 2953 3865 omnibus
2982 3813 3195 3881 publius
3224 3812 3375 3864 rnalis
3407 3814 3728 3880 premebatur
3757 3828 3775 3864 :
3808 3828 3929 3864 nam

2322 3893 2367 3936 et
2399 3884 2671 3935 damnatus
2718 3893 2810 3935 est.
2859 3884 3047 3938 Cicero
3091 3882 3314 3937 Tuscul.
3354 3882 3411 3941 2.
3456 3882 3522 3937 17
3550 3900 3563 3936 :
3592 3882 3721 3949 Quis
3760 3893 3928 3935 autent

2324 3969 2425 4006 non
2456 3954 2605 4006 miser
2632 3953 2781 4008 modo
2814 3966 2965 4018 tunc,
2995 3971 3146 4024 quam
3190 3964 3443 4018 premetur
3480 3955 3687 4007 summis
3727 3953 3899 4007 dolori
3910 3982 3928 3993 -

2328 4026 2435 4081 bus.
2470 4025 2512 4077 si
2538 4026 2589 4077 in
2616 4024 2695 4078 his
2717 4035 2788 4078 est
2812 4042 3063 4079 smnmum
3092 4025 3303 4078 malum.
3340 4024 3525 4079 LINDN.

2401 4094 2513 4148 Nos
2540 4098 2756 4168 sensisse
2775 4107 2820 4149 et
2841 4099 3021 4160 elisae,
3049 4112 3163 4166 quia
3187 4099 3384 4151 sentitis
3407 4108 3451 4149 et
3472 4096 3663 4168 geritis.
3688 4094 3780 4151 Vel
3800 4110 3927 4150 cum

2325 4182 2596 4238 anonymo
2651 4167 2934 4221 Paridi-nsi
2977 4178 3192 4237 propter
3235 4167 3484 4238 sequens
3517 4168 3689 4239 geritis
3732 4168 3930 4223 rescri-

2327 4239 2563 4293 bendum
2596 4248 2677 4291 est
2706 4240 2949 4307 gessisse;
2977 4242 3096 4304 vel,
3128 4241 3269 4309 quod
3299 4240 3428 4293 mihi
3465 4238 3766 4305 praeplacet,
3802 4255 3928 4306 pro-

2328 4320 2447 4381 pter
2477 4312 2800 4365 antecedens
2829 4310 3007 4379 egisse,
3042 4326 3135 4375 pro
3160 4311 3332 4381 geritis
3374 4310 3713 4366 scribendum
3755 4310 3930 4381 agitis.

2328 4380 2583 4436 llsuu.—
2608 4382 2882 4436 Alte-ruro
2924 4382 3129 4436 scilicet
3157 4380 3293 4448 opus
3319 4393 3495 4447 esset,
3524 4383 3568 4437 si
3613 4398 3717 4435 non
3747 4380 3937 4436 lieerct.

2247 4473 2298 4534 υ
2326 4455 2548 4507 Verbum
2579 4454 2933 4523 wquipollens
2962 4454 3014 4508 in
3047 4452 3224 4506 locum
3254 4453 3477 4508 alterius
3507 4452 3851 4534 substituere.

3633 4523 3813 4577 Lusus.

2402 4596 2571 4661 Quum
2599 4636 2615 4661 ,
2660 4595 2705 4648 si
2736 4595 2866 4649 ratio
2891 4638 2904 4658 ,
2943 4610 3045 4649 non
3089 4595 3347 4663 instigatio
3392 4593 3640 4648 daemonis
3675 4595 3937 4664 judicaret

2324 4668 2540 4735 urgendi
2586 4668 2767 4738 magis.
2816 4666 2913 4720 Ms.
2953 4667 3205 4736 urguendi
3230 4666 3405 4720 :male
3438 4668 3639 4719 editum
3685 4678 3793 4721 erat
3836 4684 3933 4718 aro

2323 4738 2531 4807 gaendi.
2568 4738 2770 4808 Snpple
2795 4754 2948 4808 quum
2975 4738 3189 4806 urgendi
3215 4738 3505 4792 Christiani
3543 4747 3698 4791 erant
3727 4740 3808 4792 vel
3839 4752 3935 4792 es-

2323 4823 2441 4862 sent
2482 4808 3143 4865 CELLAR.—HBII|I|3M|US
3162 4819 3214 4863 τὸ
3236 4809 3396 4879 magis
3422 4808 3598 4879 ejeeit.
3620 4809 3758 4878 quod
3792 4809 3940 4863 valet

2327 4882 2516 4950 potius,
2549 4898 2665 4951 cap.
2701 4882 2757 4944 5,
2786 4892 2840 4935 et
2865 4880 3048 4936 sciibit
3088 4880 3371 4951 urgendum
3398 4889 3545 4934 esset.
3599 4880 3783 4934 [ΛΜΝ.

2399 4951 2508 5006 Nec
2536 4950 2702 5006 tamen
2729 4953 2931 5013 mirum,
2960 4968 3076 5005 cum
3104 4952 3329 5005 omnium
3362 4955 3521 5019 fauni.
3560 4952 3614 5004 Si
3650 4951 3778 5005 nihil
3812 4950 3938 5005 beic

2323 5024 2584 5077 omissum
2629 5035 2709 5078 est
2749 5024 2801 5077 in
2834 5022 3158 5093 exetnplari.
3192 5034 3296 5076 tota
3338 5022 3587 5093 peritius
3620 5023 3689 5075 ita
3723 5024 3937 5075 consti-

2326 5096 2520 5149 tuenda
2553 5106 2698 5149 estut
2718 5095 2913 5161 aliquis
2938 5090 3129 5147 sensus
3153 5095 3399 5148 eliciatur
3430 5111 3444 5145 :
3480 5090 3573 5145 His
3605 5096 3736 5145 enim
3762 5104 3808 5145 ct
3837 5094 3943 5145 Im-

2314 5167 2545 5237 jusmodi
2572 5167 2757 5236 fabulis
2781 5167 2933 5219 iidem
2964 5166 3215 5219 daemones
3254 5166 3320 5216 ad
3355 5164 3715 5219 exsrcrationis
3744 5165 3931 5237 horro-

2325 5233 2428 5291 rem
2467 5233 2813 5308 imperitorum
2846 5254 2991 5290 aures
3036 5238 3276 5290 adversus
3319 5253 3410 5290 nos
3450 5240 3772 5304 referserunt.
3819 5233 3941 5287 Nec

2325 5319 2493 5362 tamen
2525 5309 2728 5362 mirum.
2757 5310 2881 5362 Cum
2912 5309 3171 5361 hominum
3196 5312 3353 5378 favno,
3377 5323 3490 5377 qua:
3510 5324 3706 5375 semper
3730 5308 3943 5375 inspar-

2324 5381 2394 5434 sis
2425 5382 2700 5435 mendaciis
2728 5380 2904 5444 alitur,
2930 5390 3131 5432 ostensa
3162 5380 3365 5432 veritate
3405 5381 3737 5439 Consumitur,
3762 5379 3837 5431 sic
3861 5386 3941 5430 est

2327 5454 2582 5519 negotium
2608 5455 2931 5515 dientonmn;
2953 5452 3014 5503 ub
3037 5451 3162 5521 ipsis
3186 5455 3318 5503 enim
3349 5466 3523 5503 rumor
3551 5451 3712 5519 falsus
3734 5460 3779 5501 et
3809 5448 3942 5501 seri-

2326 5534 2408 5577 tur
2435 5533 2481 5577 et
2504 5526 2699 5594 fovetur
2751 5522 2839 5594 Illa
2877 5532 3055 5576 ιιιιιιιιιι
3089 5523 3284 5584 verba,
3313 5538 3427 5575 cum
3457 5523 3715 5573 hominum
3756 5524 3936 5594 lania,

2323 5589 2539 5648 anuecii
2579 5597 2773 5649 deln-nt
2811 5593 2959 5658 istis,
2996 5593 3069 5647 sic
3097 5605 3167 5647 est
3217 5594 3468 5662 negotium
3515 5596 3826 5646 (Ιίωιιοηιυη.
3868 5589 3942 5645 Ut

2322 5667 2558 5721 clausula
2588 5667 2665 5721 sic
2690 5665 2982 5733 accipiatur
3013 5682 3025 5716 :
3060 5662 3173 5717 Nec
3192 5676 3358 5717 tamen
3388 5665 3591 5717 mirum.
3622 5663 3711 5719 Sic
3739 5673 3812 5716 cst
3841 5678 3940 5714 nc-

2317 5740 2512 5813 gotiam
2538 5738 2828 5793 dwmonum
2850 5753 2966 5791 cum
2991 5736 3250 5791 hominum
3273 5738 3433 5811 fuam,
3459 5751 3589 5806 quia,
3616 5745 3719 5790 ctc.
3750 5733 3943 5794 llomi-
