4248 6264
378 301 484 356 537

1837 311 2194 372 OCTAVIUS.

3575 333 3682 388 558

372 425 584 472 vestros
626 428 931 485 recurrere,
978 416 1030 472 in
1078 416 1214 473 ﬁlios
1249 419 1509 477 inerrare.
1567 422 1657 479 Sic
1690 425 1874 480 incesti
1906 427 1949 482 fa

2050 469 2059 491 ι
2089 433 2139 487 in
2157 435 2273 491 dics
2297 437 2462 492 nostri
2482 453 2734 495 numerus
2752 449 2993 511 augetur,
3022 456 3124 496 non
3143 451 3224 497 est
3240 445 3440 498 crimen
3457 449 3676 509 erroris,

370 507 549 563 bulam
599 509 836 573 nectitis,
865 509 1026 563 etiam
1057 525 1221 578 quum
1249 513 1631 569 conscientiam
1661 532 1766 572 non
1809 516 1974 574 habe-

372 602 460 657 tis.
501 601 583 657 Ad
615 617 714 657 nos
740 601 997 670 pudorem
1029 618 1134 657 non
1159 602 1292 658 facie
1316 606 1409 660 sed
1440 617 1617 662 mente
1641 619 1977 678 prazstamns.

369 693 544 753 Unius
569 696 892 751 matrimonii
931 696 1146 752 vincitlo
1187 697 1416 754 libenter
1455 701 1797 767 inhaeremus,
1823 705 1978 775 cupi-

368 789 540 845 ditate
597 793 913 861 procreandi
969 802 1061 847 aut
1110 810 1268 848 unam
1325 796 1559 866 scimus,
1607 811 1700 855 aut
1753 803 1976 856 nullam.

365 883 624 939 Convivia
655 901 758 939 non
786 895 988 940 tantum
1031 886 1218 956 pudica
1265 889 1512 952 colinius,
1556 893 1650 947 sed
1681 905 1727 948 et
1762 895 1974 950 sobria:

366 993 467 1032 nec
517 978 664 1033 enim
706 978 1047 1048 indulgemus
1087 981 1293 1045 epulis,
1342 995 1429 1037 aut
1477 987 1776 1041 convivium
1825 1004 1974 1045 mero

363 1068 646 1136 ducimus;
698 1069 791 1125 sed
859 1073 1121 1142 gravitate
1192 1073 1512 1130 hilaritatem
1575 1089 1970 1148 temperamus,

363 1170 515 1216 casto
548 1177 822 1227 sermone,
864 1178 1093 1231 corpore
1136 1167 1403 1232 castiore;
1450 1168 1690 1238 pla-rique
1733 1171 1970 1228 inviolati

362 1255 607 1318 corporis
650 1255 954 1325 virginitate
996 1267 1252 1326 perpetua
1304 1258 1552 1314 fruuntur
1593 1262 1768 1327 potius
1808 1279 1968 1334 quam

358 1346 654 1418 gloriantur
682 1364 695 1399 :
728 1357 931 1403 tantum
981 1350 1212 1417 denique
1251 1352 1403 1408 abest
1433 1353 1617 1409 incesti
1659 1357 1874 1427 cttpido,
1906 1369 1965 1414 ut

363 1439 636 1494 nonnullis
663 1438 841 1494 rubori
874 1443 940 1495 sit
971 1443 1130 1496 etiam
1157 1443 1341 1506 pudica
1387 1446 1712 1515 conjunctio.
1761 1448 1869 1503 Nec
1895 1451 1963 1506 de

355 1531 538 1585 ultima
565 1531 749 1586 statim
781 1531 936 1596 plebe
957 1533 1323 1599 consistimus.
1363 1537 1406 1591 si
1433 1537 1668 1593 honores
1682 1550 1889 1595 vestros
1911 1552 1966 1598 et

353 1637 622 1694 purpuras
655 1638 970 1681 recusamus
1007 1644 1019 1680 :
1069 1641 1167 1681 nec
1195 1627 1454 1683 fastidiosi
1488 1629 1683 1702 [impr.
1715 1630 1957 1700 factiosi]

353 1733 577 1784 sumus,
607 1718 649 1750 "7
680 1719 724 1773 si
772 1735 963 1775 omnes
1007 1737 1172 1776 unum
1221 1722 1416 1777 bonum
1456 1725 1724 1793 sapimus,
1767 1727 1957 1783 eadem

351 1811 658 1880 congregati
677 1811 855 1880 quiete
876 1828 975 1879 qua
994 1812 1184 1882 singuli
1213 1831 1224 1867 :
1253 1829 1352 1869 nec
1371 1815 1422 1868 in
1440 1817 1644 1884 angulis
1664 1819 1887 1887 garruli,
1907 1820 1952 1874 si
1985 1808 2030 1868 B

349 1901 536 1957 audire
559 1917 657 1957 nos
674 1902 885 1973 publice
905 1915 998 1959 aut
1016 1906 1353 1974 erubescitis,
1372 1919 1465 1962 aut.
1490 1908 1778 1964 timetis.Et
1805 1912 1946 1978 quod

2084 528 2178 582 sed
2198 530 2554 585 testimonium
2579 533 2766 586 laudis.
2800 533 2928 587 Nam
2949 534 2999 588 in
3021 535 3241 604 pulchro
3259 551 3454 605 genere
3469 539 3676 593 vivendi

2084 630 2136 672 et
2168 631 2384 690 prmstat
2425 634 2478 677 et
2516 635 2820 690 perseverat
2859 642 2988 680 suus
3011 668 3026 690 ,
3077 637 3129 681 et
3157 629 3416 683 accrescit
3441 631 3672 685 alienus.

2082 712 2169 768 Sic
2201 729 2298 768 nos
2329 715 2578 783 denique,
2623 734 2726 771 non
2774 719 3022 772 notaculo
3050 721 3292 784 corporis
3322 763 3336 784 ,
3370 731 3426 774 nt
3454 725 3671 790 putatis,

2083 809 2174 864 sed
2205 809 2520 864 innocentiae
2546 825 2608 865 ac
2631 811 2904 866 modestia-
2931 812 3084 882 signo
3101 811 3635 882 laciledignoscimns
3660 835 3674 870 :

2081 900 2158 954 sic
2194 913 2409 968 mutuo,
2441 903 2579 972 quod
2611 905 2833 968 doletis,
2867 920 3050 960 amore
3079 905 3349 974 diligimus
3371 947 3384 969 ,
3420 908 3672 972 quoniam

2080 993 2256 1048 odisse
2285 1010 2386 1049 non
2417 997 2688 1049 novimus:
2718 997 2792 1050 sic
2819 1012 2915 1051 nos
2937 1039 2951 1061 ,
2982 999 3122 1065 quod
3143 997 3406 1058 invidetis,
3437 1015 3673 1054 rns'rnss

2078 1101 2361 1148 vocamus,
2405 1099 2459 1142 ut
2501 1093 2658 1143 unius
2713 1083 2802 1142 Dei
2844 1092 3078 1158 parentis
3119 1091 3391 1150 homines,
3451 1101 3505 1145 ut
3543 1107 3674 1147 con-

2076 1190 2248 1235 sortes
2278 1179 2420 1245 lidei,
2445 1193 2501 1234 ut
2525 1182 2636 1250 Spei
2658 1182 2986 1236 colta-redes.
3008 1181 3117 1236 Vos
3143 1183 3285 1236 enim
3313 1198 3409 1236 nec
3436 1183 3662 1238 invicem

2074 1273 2390 1341 agnoscitis,
2421 1283 2474 1326 et
2506 1274 2556 1326 in
2583 1282 2764 1326 mutua
2796 1273 2916 1327 odia
2943 1275 3180 1327 szevitis:
3209 1288 3308 1328 nec
3336 1272 3527 1328 fratres
3551 1289 3666 1341 vos,

2067 1365 2165 1420 nisi
2194 1380 2323 1420 sane
2348 1364 2413 1420 ad
2443 1367 2782 1436 parricidium
2810 1368 3212 1437 recognoscitis.

2632 1497 2857 1554 CAPUT
2885 1496 3102 1553 XXXII.

2063 1632 2734 1702 Aeanﬂed—Neque
2759 1633 2859 1686 dici
2881 1643 3041 1703 potest
3063 1633 3381 1689 Christianos
3407 1638 3671 1692 occultare

2133 1728 2270 1796 quod
2295 1726 2493 1787 colunt,
2524 1727 2766 1790 quoniam
2805 1727 2944 1779 nulla
2975 1727 3186 1780 delubra
3205 1770 3219 1791 ,
3255 1728 3523 1793 nullasque
3547 1748 3668 1786 aras

2132 1819 2333 1873 Imbent.
2399 1817 2705 1872 Persuasum
2754 1821 3006 1890 siquidem
3056 1822 3183 1892 ipsis
3237 1833 3309 1876 est
3361 1841 3459 1877 non
3517 1843 3663 1896 posse

2123 1912 2285 1966 Deum
2315 1913 2420 1966 ullo
2442 1912 2631 1982 templo
2652 1912 3016 1976 circumscribi,
3047 1924 3132 1967 aut
3160 1914 3286 1985 [iugi
3319 1915 3460 1970 illius
3490 1918 3666 1971 sintu-

1696 2004 2056 2064 VARIORUM
2099 2007 2328 2064 ΝΟΤᾸΕ.

427 2089 490 2168 In
513 2091 647 2168 filios
663 2091 906 2168 inerrare.
931 2091 1060 2168 Viro
1075 2093 1386 2168 doctissimo
1401 2095 1514 2151 Jac.
1536 2096 1814 2152 l’crizcinio
1831 2099 1942 2168 pla-

345 2163 497 2236 cetin
513 2162 649 2226 [ilius
664 2163 921 2236 inerrare;
951 2166 1034 2218 cui
1066 2167 1308 2234 equidem
1327 2184 1430 2220 non
1454 2170 1670 2234 accedo,
1702 2162 1942 2236 cum'ﬁlii

343 2235 622 2308 utriusque
649 2249 808 2308 sexus
837 2235 1035 2308 liberos
1057 2237 1332 2290 denotent.
1368 2239 1748 2303 Tertullianus,
1781 2257 1938 2308 quem

344 2303 537 2380 Noster
557 2305 832 2380 describit.
859 2305 1057 2377 Apolog
1083 2322 1113 2362 c
1132 2324 1202 2374 ιι).
1227 2324 1276 2362 tx
1308 2327 1319 2362 :
1344 2309 1407 2362 In
1431 2311 1608 2379 primis
1627 2312 1759 2378 ﬁlios
1781 2303 1938 2380 expo—

345 2376 576 2451 nitis....__
612 2376 1272 2451 Alienatigenerisnecesse
1311 2392 1381 2434 est
1422 2376 1724 2451 quandoque
1752 2376 1940 2437 mento-

342 2446 476 2522 rimn
524 2447 782 2522 dissipari.
833 2446 1074 2522 semel
1115 2467 1256 2504 error
1306 2452 1589 2520 impegerit,
1637 2446 1818 2506 exinde
1832 2455 1942 2522 jam

343 2517 540 2594 tradita;
572 2519 802 2594 proﬁciet
845 2521 1312 2594 incesti,‘serpente
1361 2517 1542 2594 genere
1587 2539 1699 2576 cum
1734 2517 1938 2579 scelere.

342 2589 612 2663 Arnobius
653 2589 754 2663 ιιι),
784 2605 850 2657 tv,
887 2607 1006 2663 pag.
1040 2591 1162 2652 157,
1211 2589 1488 2663 postquam
1521 2595 1588 2649 de
1617 2594 1848 2648 Minerva
1876 2611 1941 2650 ex

341 2660 518 2729 capite
547 2658 698 2733 .lnvis
727 2671 849 2714 nata
896 2658 1106 2716 locutus
1132 2658 1232 2727 est,
1266 2658 1409 2719 addit
1449 2683 1461 2718 :
1499 2665 1580 2718 Ea:
1623 2668 1786 2733 capite
1824 2683 1946 2719 con-

341 2730 675 2806 ceptosﬁlios
702 2742 950 2806 procreat.
991 2733 1279 2788 .lavolenus
1314 2733 1465 2806 Digg.
1502 2737 1592 2789 lib.
1627 2730 1787 2795 ι.ἰἰι.
1821 2753 1907 2792 xvr
1929 2779 1945 2802 ,

342 2800 410 2855 84
435 2799 608 2877 :_Filii
654 2801 995 2877 appellatione
1030 2821 1208 2877 omnes
1238 2799 1789 2877 liberos-intelligimus.
1845 2799 1946 2863 Adi

345 2883 398 2926 et
455 2874 620 2946 Legg.
667 2873 797 2946 Δ116,
844 2875 968 2937 Hi,
1019 2875 1144 2930 201.
1194 2877 1358 2931 DAVIS
1406 2878 1569 2930 —ln
1607 2873 1754 2946 'ﬁlios
1808 2881 1946 2932 iner-

344 2959 482 2997 rare.
558 2943 839 2999 Pcrizmtio
872 2955 1109 3002 tentante
1133 2989 1148 3010 ,
1183 2949 1234 3001 in
1267 2950 1402 3010 [ilius
1442 2943 1687 3013 inerrare,
1719 2950 1946 3004 alterum

343 3013 472 3068 inde
553 3015 788 3070 defendit
857 3016 1138 3080 Davisius,
1225 3020 1365 3088 quod
1432 3022 1654 3087 filiorum
1732 3024 1947 3077 nomine

345 3087 510 3140 etiam
579 3088 704 3153 ﬁlim
775 3090 1158 3157 comprehendi
1221 3087 1447 3144 sulcant.

342 3171 460 3210 sum
513 3158 624 3226 jam
674 3158 978 3213 Perizonius
1026 3162 1224 3214 notavit
1249 3163 1312 3213 ad
1357 3164 1537 3217 Sunct.
1585 3158 1940 3227 Min.tv,10.

343 3229 400 3295 5,
430 3239 485 3282 et
512 3230 599 3282 alii
646 3232 817 3283 ntulti.
867 3233 1061 3297 Quare,
1102 3247 1223 3286 cum
1259 3248 1344 3287 res
1369 3233 1504 3287 adeo
1543 3233 1800 3288 tralaticia
1829 3234 1946 3289 lta'c

343 3304 434 3362 sit,
483 3301 692 3354 videtur
745 3300 842 3353 hac
888 3301 1263 3357 emendatione
1319 3320 1444 3360 usus
1474 3305 1552 3358 vir
1577 3305 1839 3367 laudatus,
1888 3315 1945 3360 ut

343 3373 601 3425 orationis
623 3373 937 3426 concinnior
963 3383 1106 3428 esset
1147 3376 1399 3435 varietas.
1427 3378 1551 3429 dum
1580 3392 1840 3429 recurrere
1877 3378 1941 3430 ad

344 3440 600 3508 fetutinas,
633 3444 859 3496 inerrare
897 3442 962 3496 ad
991 3460 1164 3500 mares
1197 3446 1388 3500 referat
1431 3447 1711 3500 Minucius.
1773 3449 1942 3514 Quem

345 3523 522 3585 tamen
555 3514 949 3585 altiltujnsmudi
978 3525 1286 3582 τιντολονίας
1326 3519 1527 3583 specie,
1560 3535 1679 3585 qua:
1721 3517 1942 3572 forsitan

347 3583 515 3657 l'criz.
565 3584 893 3657 aliendi-luat.
937 3587 1244 3656 neutiquam
1280 3583 1625 3643 abhorruisse
1661 3604 1760 3657 t-ap
1811 3591 1862 3654 l,
1890 3599 1944 3644 et

343 3656 468 3707 alibi
501 3655 748 3709 vidimus.
784 3655 968 3710 Worx.
1001 3687 1070 3697 -—
1094 3655 1196 3711 Ant
1227 3659 1430 3713 veIn-nu
1455 3670 1571 3713 nter
1613 3655 1801 3720 fallor,
1851 3670 1943 3714 aut

342 3725 417 3778 ita
445 3726 728 3781 scribserat
761 3739 940 3781 noster
965 3729 1221 3783 Minucius
1255 3747 1267 3782 :
1305 3729 1521 3784 Necesse
1546 3743 1616 3784 est
1644 3748 1730 3784 vos
1756 3741 1942 3784 vestras

346 3796 606 3870 incurrrre
633 3798 686 3849 in
712 3799 862 3863 ﬁlias,
897 3799 948 3852 in
985 3817 1203 3854 sorores.
1231 3799 1345 3854 .lam
1395 3802 1622 3856 l’l‘letts
1657 3805 1940 3870 rescripse-

347 3877 450 3940 rat
475 3869 745 3926 incurrere,
773 3881 1088 3940 secutusque
1116 3887 1238 3924 cum
1268 3873 1534 3937 ()uzclius‘,
1585 3875 1694 3940 qui,
1729 3885 1777 3925 et
1809 3869 1942 3925 alios

343 3939 642 4007 scriptores
669 3941 961 4006 produrens
1003 3939 1070 3994 ita
1101 3942 1325 4000 ιιιοιιιμε.
1360 3939 1791 3996 emendati-nem
1821 3941 1940 3995 Pri-

341 4012 435 4062 ι·ωὲ
463 4011 592 4062 Satis
622 4013 809 4065 lirmat.
835 4011 990 4067 Hann
1032 4011 1232 4066 -—Non
1252 4014 1435 4068 debuit
1461 4014 1692 4066 l'ric:rus
1721 4017 1940 4066 verlmm

340 4084 623 4144 incurrere,
666 4083 730 4134 de
761 4082 941 4136 lin-ore
971 4084 1205 4138 libidinis
1244 4087 1312 4138 ab
1345 4085 1465 4137 aliis
1493 4095 1828 4148 usuri-alunt,
1857 4085 1942 4139 hic

345 4164 448 4225 tam
477 4153 740 4207 violenter
769 4153 986 4218 inferre,
1027 4157 1148 4225 quia
1176 4165 1229 4208 et
1277 4156 1505 4209 Minucio
1545 4155 1750 4221 placent
1773 4156 1940 4208 inter-

339 4221 468 4275 dum
501 4226 660 4296 verba
702 4225 778 4279 sic.
804 4221 1118 4294 composiia,
1178 4238 1230 4279 ιιι
1275 4226 1377 4280 ltoc
1407 4243 1679 4290 recurrere,
1710 4228 1806 4279 clsi
1835 4230 1942 4296 pri-

342 4309 442 4346 ma-
471 4295 690 4364 syllalne
723 4296 1041 4365 signiﬁcatio
1063 4299 1133 4351 sit
1171 4298 1313 4352 nulla
1354 4309 1408 4352 et
1442 4314 1659 4362 prorsus
1690 4295 1939 4360 intereat,

343 4377 395 4418 ut
427 4379 613 4439 supra,
637 4382 1012 4438 recognoscere,
1041 4381 1088 4422 et
1117 4370 1273 4437 paulo
1294 4379 1409 4436 post
1429 4385 1541 4422 vera
1571 4368 1748 4439 religio
1777 4385 1939 4422 reser-

342 4445 502 4510 vetur.
537 4437 674 4510 Alibi
700 4480 714 4498 ,
761 4437 1074 4506 reﬁdamus,
1111 4440 1196 4493 ubi
1228 4441 1391 4494 etiam
1421 4446 1559 4510 angit
1595 4451 1640 4493 et
1671 4437 1940 4493 "remordet

1524 3091 1576 3144 ld
1627 3104 1803 3145 autem
1862 3093 1914 3160 ip
1973 3095 2017 3158 C

2045 2114 2222 2156 autem
2254 2118 2354 2157 ms.
2378 2102 2662 2157 lectionem
2686 2116 2870 2155 sanam
2896 2117 3015 2156 esse
3067 2103 3262 2156 rectius
3285 2105 3512 2158 censuit.
3557 2105 3665 2161 Fe-

2048 2179 2220 2229 minea
2249 2192 2422 2240 unmn,
2455 2173 2669 2231 nullam.
2699 2174 2931 2240 pendent
2961 2175 3026 2227 ab
3057 2190 3189 2230 voce
3215 2174 3663 2245 subiulelligvnda

2044 2247 2246 2374 ἰιὶηὲζὲ,
2292 2249 2373 2301 vel
2418 2245 2612 2310 simili;
2641 2261 2794 2315 teque
2819 2262 2882 2300 ac
2913 2245 2964 2299 itt
3009 2246 3114 2301 illis
3154 2245 3326 2300 Ovidii
3351 2248 3463 2301 Art.
3492 2248 3666 2304 Amat.

2097 2359 2264 2382 ,νυνι

2169 2409 2293 2458 Dum
2313 2409 2404 2459 fuit
2425 2410 2628 2460 Atrides
2651 2422 2746 2459 una
2768 2416 3047 2471 contentus,
3072 2415 3124 2459 et
3143 2408 3227 2458 illa

2179 2471 2322 2522 Casta
2345 2471 2457 2522 fuit.

2217 2480 2322 2521 asta
2345 2480 2457 2522 fuit.

2054 2557 2266 2612 Plenius
2295 2559 2502 2611 locutus
2515 2565 2597 2611 est
2621 2557 2840 2611 Plautus
2871 2556 3027 2611 Merc.
3055 2573 3129 2618 tv,
3152 2558 3206 2621 6,
3231 2557 3297 2613 8:

2113 2650 2231 2698 Nam
2257 2664 2380 2698 uxor
2405 2657 2634 2700 mntenta
2669 2656 2763 2708 est,
2786 2662 2898 2712 quae
2922 2649 3047 2697 bona
3067 2659 3161 2706 est,
3186 2661 3285 2699 uno
3304 2652 3412 2699 viro
3434 2665 3448 2709 ;

2114 2715 2205 2773 Qui
2231 2714 2390 2763 minus
2408 2714 2478 2761 vir
2505 2726 2598 2761 una
2619 2725 2779 2760 uxore
2803 2718 3068 2761 contentus
3089 2713 3188 2761 siet
3221 2712 3244 2760 ’ἒ
3402 2712 3622 2764 Gnosen.

2125 2797 2407 2852 Fastidiosi
2437 2798 2549 2853 fere
2599 2812 2787 2850 omnes
2835 2796 2963 2850 editi
3006 2809 3052 2848 ct
3101 2813 3199 2848 ms.
3248 2812 3360 2860 reg.
3408 2796 3660 2852 Aflirma-

2051 2886 2110 2925 re
2142 2880 2316 2924 tamen
2341 2870 2600 2923 audemus
2631 2867 2915 2936 legendum
2960 2885 3048 2921 nec
3076 2869 3276 2937 factiosi
3300 2885 3492 2922 smnus.
3527 2869 3659 2924 Nam

2050 2943 2438 2996 accusabantur
2457 2940 2744 2999 Christiani
2767 2940 2845 2991 vel
2875 2954 2940 2993 eo
2963 2941 3227 3007 prmi-iptio
3252 2940 3484 2996 nomine.
3515 2940 3660 3009 quod

2050 3014 2309 3069 Coitinnes
2321 3025 2367 3064 et
2385 3012 2846 3067 factionesinirenl
2859 3015 3019 3079 ,quud
3037 3027 3132 3063 nec
3145 3009 3659 3066 omiseratCmcilius

2050 3099 2169 3152 cap.
2189 3085 2244 3139 8.
2265 3086 2420 3138 lliluit
2443 3083 3020 3141 nunccriminationem
3037 3082 3180 3134 illam
3197 3081 3450 3135 Octavius
3465 3081 3658 3136 eodem

2053 3159 2210 3210 modo
2223 3155 2692 3224 qnn'l‘crtullim-tts
2709 3157 2756 3208 in
2775 3155 2990 3221 Apolog.
3009 3153 3152 3207 unde
3171 3154 3266 3206 ista
3282 3163 3491 3223 sumpta
3508 3164 3656 3224 sunt,

2050 3243 2170 3294 cap.
2201 3223 2270 3283 59
2296 3247 2310 3283 :
2345 3227 2455 3281 Hoc
2481 3246 2656 3282 smnus
2685 3227 2989 3296 congregati.
3024 3225 3160 3292 quod
3190 3235 3234 3277 et
3256 3225 3495 3296 dispersi.
3546 3223 3659 3278 Hoc

2049 3301 2288 3371 universi,
2313 3303 2448 3361 quod
2474 3312 2517 3352 et
2545 3299 2754 3371 singuli,
2785 3295 2886 3352 etc.
2916 3296 3126 3350 Videsis~
3153 3312 3272 3365 qua:
3304 3295 3374 3349 ibi
3401 3298 3656 3350 observa-

2050 3369 2258 3428 bantus.
2297 3371 2534 3426 lli-.RALD.

2124 3440 2294 3496 Unum
2318 3443 2502 3496 bonum
2530 3443 2776 3506 sapimus.
2809 3439 2960 3494 Fulv.
2998 3437 3219 3494 Ursinus
3267 3439 3472 3498 bonum,
3516 3449 3657 3492 tam-

2047 3530 2205 3581 quam
2225 3517 2479 3581 glosSaIlt,
2501 3516 2724 3584 respuit.
2744 3511 2978 3566 Causa.
2995 3540 3063 3550 —
3079 3511 3316 3584 repetiit;
3338 3511 3542 3584 scilicet
3559 3511 3655 3564 Mi-

2048 3579 2238 3639 nucius
2264 3603 2344 3640 vei
2365 3586 2424 3638 ba
2459 3579 2606 3641 Pauli
2634 3585 2782 3637 Rom.
2804 3599 2895 3650 xv,
2928 3585 2982 3639 5.
3009 3593 3063 3635 et
3095 3579 3237 3635 Phil.
3260 3598 3294 3636 ιι
3315 3623 3328 3645 ,
3353 3581 3420 3635 2:
3455 3591 3509 3636 τὸ
3535 3587 3654 3636 αὐτὸ

2045 3663 2268 3728 φρθνεῖτε.
2312 3659 2450 3718 quod
2483 3659 2552 3712 ita
2589 3657 2856 3711 redditum
2890 3657 2940 3708 in
2989 3654 3234 3708 versione
3258 3653 3466 3707 veteri:
3502 3651 3652 3708 Idem

2045 3730 2274 3798 sapiatis.
2311 3728 2492 3784 ΙΙειῐιιι.

2125 3798 2299 3854 Nostri
2333 3818 2593 3854 numerus.
2626 3798 2816 3855 Scriba
2852 3806 3023 3850 noster
3059 3811 3322 3848 numerus.
3365 3795 3546 3851 HEUM.
3579 3827 3652 3837 —-

2045 3870 2184 3925 Nihil
2205 3887 2359 3937 opus.
2391 3872 2476 3926 Sic.
2500 3888 2617 3942 cap.
2654 3871 2743 3932 32,
2771 3868 3046 3942 Hostiasuet
3075 3868 3302 3942 rictinms
3320 3865 3542 3942 Domino
3566 3874 3652 3942 of.

2048 3947 2230 4012 feram,
2289 3959 2414 4007 quas
2439 3944 2490 3995 in
2512 3937 2657 3996 usum
2690 3944 2785 3995 mei
2817 3939 3050 4012 protulit
3073 3937 3206 4004 Cap.
3231 3939 3323 4012 54,
3368 3937 3492 3991 Vide
3518 3937 3648 3993 adeo

2045 4010 2195 4080 quam
2237 4013 2288 4065 in
2328 4015 2564 4064 solatium
2594 4015 2752 4065 nostri
2787 4010 3199 4063 resurrectionem
3230 4011 3454 4077 futuram
3486 4013 3651 4065 omnis

2046 4093 2228 4137 natura
2258 4084 2537 4137 meditetur.
2570 4083 2826 4137 Lmoasn.

2130 4154 2338 4208 Viventii
2366 4165 2413 4208 et
2454 4165 2660 4221 prastat
2690 4167 2734 4205 et
2757 4162 3036 4222 perseverat
3071 4165 3213 4222 suus.
3245 4149 3488 4222 Etncndn
3533 4151 3648 4204 sic:

2045 4226 2322 4279 virentibus
2349 4237 2394 4278 et
2419 4220 2606 4295 perstat
2635 4220 2778 4278 suns.
2803 4231 2873 4275 Τὸ
2896 4230 3082 4276 perstat
3108 4220 3299 4295 aliquis
3323 4220 3374 4272 in
3409 4222 3651 4295 margine

2047 4296 2216 4350 fuerat
2264 4291 2644 4366 interpretatus
2667 4312 2760 4363 per
2805 4301 3105 4366 perseverat:
3160 4291 3386 4366 Alienus,
3439 4291 3489 4343 id
3543 4301 3646 4366 est,

2049 4369 2091 4421 is
2127 4370 2214 4438 qui
2247 4361 2480 4422 nondum
2510 4377 2626 4422 erat
2665 4361 3021 4422 Christianus.
3053 4363 3203 4417 Nunc
3235 4373 3286 4417 et
3332 4361 3497 4432 liquet
3529 4363 3650 4432 quis

2046 4441 2254 4494 dicatur
2281 4457 2423 4494 suus.
2458 4456 2622 4494 neua.

342 4508 527 4582 oratio.
557 4505 1070 4582 Czetertnnomnino
1093 4528 1232 4564 nunc
1263 4505 1580 4580 signiﬁcatio
1607 4510 1723 4579 ejus
1757 4512 1937 4577 rcqui-
1965 4524 2017 4582 υ
2123 4511 2242 4566 Νοη
2271 4514 2512 4566 notaculo
2565 4511 2816 4579 corporis.
2853 4509 2942 4562 Sic
2973 4507 3126 4570 libri,
3174 4506 3340 4559 verbo
3373 4505 3650 4582 insolenti.

341 4579 500 4641 ritur,
534 4599 586 4638 ιζ.
617 4581 672 4632 d.
707 4590 759 4634 ιιι
789 4581 913 4636 dum
944 4585 1019 4635 sic.
1050 4583 1184 4636 alios
1220 4579 1377 4636 vestri
1406 4583 1676 4647 sanguinis
1707 4583 1936 4648 alngitis,

342 4651 478 4702 alios
520 4666 558 4703 rt
581 4659 600 4704 t
621 4653 756 4705 netis
777 4695 792 4716 ,
831 4655 901 4720 hi,
935 4653 1100 4707 nescii
1128 4654 1628 4717 consanguinitatis,
1655 4653 1942 4707 concilient

343 4735 559 4773 amores
583 4734 716 4776 inter
745 4739 825 4788 se,
861 4737 910 4776 el
935 4724 1114 4778 Venus
1151 4726 1219 4777 ita
1265 4739 1503 4779 recurrat
1525 4725 1576 4778 in
1618 4733 1822 4779 vestros
1851 4739 1940 4779 re-

346 4791 653 4866 dnndt-tqne
681 4805 734 4846 et
762 4807 993 4866 ri-gyrt-t.
1024 4795 1263 4850 Gnonov.

418 4863 509 4936 Sic
531 4865 703 4918 incesti
734 4863 961 4936 fabulam
989 4869 1204 4920 nectitis.
1241 4866 1490 4931 lntelligit
1517 4865 1746 4921 fabulam
1778 4864 1941 4919 OEdio

343 4932 518 5000 podis,
542 4938 607 4989 de
628 4932 1060 5004 qnu'Lactantius
1081 4954 1152 5003 vt,
1175 4939 1265 4996 ‘20.
1285 4939 1357 4993 25
1413 4938 1541 5002 Qua:
1560 4949 1725 4990 autem
1749 4939 1941 5004 possint

343 5006 418 5058 rel
467 5009 662 5060 soleant
717 5010 944 5064 accidere
986 5011 1037 5062 in
1079 5021 1289 5079 utroque
1323 5025 1446 5064 sexu
1479 5008 1555 5061 vel
1583 5026 1672 5076 per
1696 5025 1939 5079 errorem,

341 5078 465 5152 quis
482 5094 584 5152 non
611 5079 877 5152 intelligit,
911 5083 1023 5152 quis
1048 5078 1287 5149 ignorat?
1331 5081 1479 5148 Quod
1511 5081 1585 5133 vel
1615 5081 1761 5133 unius
1789 5078 1944 5133 Mdi-

343 5148 490 5223 podis
551 5148 787 5223 declarati
825 5148 1142 5218 arentplum,
1189 5152 1382 5223 duplici
1427 5153 1612 5205 scelere
1649 5153 1938 5220 confusum.

344 5219 559 5294 l’ulerat
597 5222 798 5280 dicere.
860 5223 1088 5290 fabulam
1133 5219 1301 5294 agitis,
1350 5224 1443 5277 sed
1503 5223 1688 5294 maluit
1725 5219 1938 5294 nectere,

343 5291 461 5357 quia
512 5308 669 5356 supra
699 5309 816 5362 cap.
851 5295 903 5357 9,
932 5291 1178 5348 Czrcilius
1215 5295 1417 5348 dixerat
1455 5314 1467 5349 ς
1499 5291 1679 5346 Ner-us
1715 5293 1946 5361 infanda:

340 5362 636 5428 cupiditatis
672 5365 950 5418 involvunt.
1006 5366 1233 5418 Nimium
1263 5383 1289 5416 a
1327 5366 1549 5420 veritate
1573 5363 1773 5417 abludat
1813 5378 1941 5416 Cotto

336 5432 541 5499 jactura
569 5437 652 5487 illa
669 5435 930 5499 Wow-mi,
949 5437 1074 5504 [ibul
1093 5455 1157 5488 .m
1181 5438 1392 5502 nectitis,
1413 5453 1569 5505 quam
1594 5446 1648 5488 ιιι
1667 5449 1946 5489 assensum

344 5506 587 5571 prmbere
632 5512 900 5574 possimus
956 5508 1214 5563 LINDNER.
1245 5539 1311 5548 ——
1339 5509 1556 5562 Abludit
1601 5518 1648 5560 et
1701 5505 1945 5573 Lugdun.

342 5576 519 5629 editur
546 5593 666 5629 cum
697 5579 911 5646 eonjicil
949 5598 960 5629 ε
998 5579 1184 5632 Labem
1215 5583 1350 5633 nacti
1377 5583 1516 5632 estis.
1556 5579 1666 5631 I‘IDD

415 5646 706 5718 Cupiditate
754 5653 1073 5711 procreandi.
1130 5651 1201 5702 Ita
1240 5668 1427 5705 omnes
1459 5649 1814 5718 editioneset
1845 5661 1947 5699 ms.

347 5732 463 5791 reg:
497 5717 772 5775 Sententia
805 5730 983 5791 tanien
1031 5723 1260 5791 postulat
1306 5723 1666 5791 cupiditatemg
1707 5717 1948 5791 "Euam.

343 5817 415 5862 7—-
436 5789 600 5846 Recte
628 5790 837 5848 lleraldt
867 5789 1252 5849 correctionem
1281 5789 1466 5862 ri-jecit
1493 5793 1602 5845 .lac.
1629 5789 1950 5846 Gronovius.

345 5860 426 5916 Jo.
466 5863 706 5919 Davisius
727 5867 778 5920 in
796 5875 1054 5920 contextu
1073 5860 1713 5936 estiressit'cttpiditatettt;
1736 5861 1790 5917 in
1815 5863 1954 5916 notis

2044 4582 2270 4638 Clusae
2299 4593 2477 4637 lann-n
2523 4593 2731 4636 veteres
2768 4599 2778 4634 :
2814 4595 3127 4635 NOTACULUI!
3153 4619 3165 4635 .
3211 4588 3366 4636 nota.
3424 4579 3649 4646 signum.

2045 4655 2204 4709 Rom.
2259 4655 2333 4709 lib
2401 4666 2523 4708 nota
2568 4655 2792 4712 occulta,
2828 4662 2885 4706 ιιι
2925 4667 3083 4718 snpra
3115 4649 3397 4712 Ca'cilius,
3433 4665 3533 4716 cap
3590 4651 3645 4715 9,

2044 4727 2252 4780 dixerat
2287 4744 2300 4758 °
2339 4725 2564 4781 Occultis
2587 4743 2640 4781 se
2670 4726 2801 4780 notis
2829 4737 2872 4777 et
2895 4723 3172 4793 insignibus
3197 4720 3650 4775 noscunt.VOWt-:tt

2045 4807 2100 4853 et
2391 4869 2525 4936 quod
2563 4869 2779 4930 doletis,
2822 4883 3010 4918 amore.
3077 4863 3202 4936 Non
3224 4862 3438 4916 videtur
3472 4878 3648 4916 amore

2046 4939 2342 4994 tollendum
2374 4935 2513 4995 esse.
2575 4941 2822 4994 lloraiius
2856 4937 3022 5004 Epod.
3056 4951 3157 5000 xv,
3185 4935 3288 4988 lt):

2297 5042 2425 5091 Fore
2449 5043 2579 5091 hunc
2602 5054 2818 5090 amorem
2845 5044 3086 5088 mutuum.

2048 5151 2330 5204 Terentius
2359 5169 2372 5204 :
2401 5151 2642 5203 Meretrix
2671 5150 3058 5204 adulescentem.
3107 5147 3252 5211 cujus
3282 5152 3456 5196 mutuo
3474 5159 3648 5196 amore

2049 5223 2342 5284 tenebatur,
2371 5223 2603 5274 exclusit.
2661 5221 2914 5274 Limnen.
2970 5219 3100 5285 Qum
3146 5215 3306 5268 modo
3335 5214 3528 5268 excitat
3577 5229 3645 5267 eo

2051 5293 2150 5345 loci
2184 5292 2482 5345 [.indnerus
2513 5291 2671 5344 verba
2696 5291 2956 5350 Terentii,
2989 5288 3244 5344 mendose
3271 5285 3590 5408 colliguntur
3611 5299 3644 5337 c

2051 5363 2280 5408 rtttndam
2303 5362 2468 5408 veleri
2493 5361 2893 5408 loxicoeranlm-
2921 5376 3018 5408 nec.
3048 5360 3146 5408 nisi
3177 5374 3297 5408 cum
3327 5358 3393 5408 tlll
3421 5357 3470 5408 lii
3490 5356 3644 5408 εἱειιο

2051 5363 2280 5426 qnmlam
2303 5362 2468 5416 veteri
2493 5361 2893 5427 lCXlCUL'I‘ﬂllllO,
2921 5376 3018 5414 nec
3048 5360 3146 5413 nisi
3177 5374 3297 5410 cum
3327 5356 3470 5409 dubii
3490 5356 3645 5420 εἰειιο

2051 5433 2245 5486 dantur
2267 5434 2404 5500 apttd
2433 5435 2567 5486 Rob.
2591 5433 2780 5500 Steph.
2799 5433 3047 5486 Tltrsaur.
3071 5430 3218 5482 vcrb.
3242 5428 3483 5500 Mtj'rtzus.
3507 5427 3640 5482 Enn.

2129 5505 2194 5558 Ut
2224 5499 2372 5557 unius
2405 5503 2500 5556 Dei
2531 5499 2752 5573 parcitis
2780 5505 3024 5557 homines.
3083 5501 3262 5569 Rrjice
3299 5499 3469 5573 llei_iu
3504 5513 3648 5551 tuar-

2052 5576 2230 5639 gincm
2254 5618 2266 5638 ,
2300 5591 2330 5629 c
2379 5593 2486 5639 (ιιιι)
2531 5570 2846 5630 translatum
2886 5576 2981 5628 luit
3032 5574 3080 5626 in
3117 5584 3340 5626 texmm.
3373 5570 3550 5624 Halm.
3576 5597 3647 5608 ——

2053 5646 2316 5702 Cellarius
2343 5648 2506 5702 edidit
2536 5665 2732 5714 omnes,
2765 5649 2903 5717 quod
2925 5646 3066 5700 unde
3091 5645 3303 5717 habent,
3333 5642 3535 5695 nesrio.

3283 5714 3535 5767 lnsnxsn.

2132 5792 2208 5844 Ad
2248 5792 2596 5867 parricidium.
2650 5791 2910 5867 Rigaltins
2957 5790 3344 5867 interpretatur
3373 5801 3435 5867 es
3473 5782 3656 5867 l’ctro-

2058 5862 2212 5917 niano
2258 5862 2463 5917 Critone
2513 5865 2579 5919 de
2644 5864 2942 5933 perditione
2998 5860 3260 5922 hominis,
3335 5860 3424 5927 qui
3478 5862 3560 5912 est
3608 5860 3666 5908 in
