4248 6264
335 311 438 367 ’561

660 420 880 476 datione
913 417 1297 471 obiectaretur.

334 518 468 575 CAP.
513 515 575 572 ll.
617 515 822 571 Octavii
856 513 1081 567 Romam
1130 510 1393 564 adventus
1438 507 1731 562 forensium
1781 507 1939 561 feria-

697 621 818 661 rum
851 614 1114 673 tempore,
1142 607 1423 670 pergratus
1445 598 1692 653 Minucio.
1721 598 1943 667 Utrique

701 698 768 752 ad
803 695 1007 750 marina
1040 693 1204 748 Ostia:
1233 691 1422 746 balnea
1446 732 1460 756 ,
1491 689 1700 745 adscito
1730 689 1943 743 Minucii

700 789 898 846 comite
923 786 1160 850 Caecilio,
1205 784 1283 839 ire
1328 782 1549 853 placuit.
1597 781 1730 834 Dum
1786 779 1944 833 simul

698 883 765 937 ad
813 895 962 935 mare
1009 885 1274 949 pergunt,
1344 872 1610 938 Cmcdius,
1657 881 1948 941 conspecto

705 972 981 1044 Serapidis
1015 970 1344 1035 simulacro,
1379 982 1594 1021 manum
1639 965 1720 1020 ori
1764 965 1950 1018 adrue-

705 1086 838 1126 vens
865 1111 878 1131 .
929 1065 1056 1122 illud
1090 1064 1237 1118 colit.
1839 1056 1948 1112 253

349 1173 484 1228 CAP.
523 1167 610 1224 lll.
655 1159 1024 1234 Superstitiosi
1053 1154 1286 1211 hominis
1310 1161 1488 1207 actum
1522 1150 1738 1220 indigne
1771 1149 1952 1204 terens

713 1256 986 1317 Octavius,
1007 1249 1239 1306 Minucio
1255 1247 1450 1302 acriter
1470 1244 1776 1315 exprobrat,
1798 1240 1954 1310 hujus

710 1353 857 1424 impii
883 1348 1136 1405 facinoris
1158 1345 1431 1400 infamiam
1467 1357 1570 1395 non
1605 1339 1868 1394 minorem
1901 1337 1954 1391 in

712 1450 910 1519 ipsum,
941 1453 1126 1515 utpote
1149 1439 1350 1495 Cmcilii
1393 1437 1679 1505 hOSpitem,
1721 1449 1878 1505 quam
1902 1433 1955 1487 in

709 1540 958 1596 eumdem
988 1535 1260 1592 Caecilium
1293 1530 1613 1587 redundare.
1851 1526 1956 1580 257

354 1638 489 1695 ΟΜ).
529 1634 621 1690 ιν.
663 1631 946 1691 Subtristis
981 1627 1228 1684 Caecilius
1249 1624 1317 1679 de
1357 1619 1663 1691 hujusmodi
1712 1617 1961 1688 objurga-

722 1724 866 1778 tione
887 1762 902 1788 ,
931 1735 1035 1790 qua
1062 1717 1144 1773 sui
1184 1730 1344 1770 causa
1390 1711 1643 1767 Octavius
1671 1709 1960 1764 Minucium

716 1814 1064 1888 perstrinxit,
1097 1809 1229 1881 petit
1260 1818 1317 1862 ut
1346 1807 1447 1862 sibi
1494 1822 1616 1861 Cllm
1645 1804 1867 1860 Octavio
1893 1802 1960 1858 de
1989 1812 2038 1872 Β

717 1925 828 1966 sua:
872 1903 1150 1976 religionis
1190 1901 1415 1956 veritate
1459 1899 1733 1968 disputare
1777 1895 1955 1950 lit-eat.

720 2001 923 2058 Annuit
967 2013 1090 2052 cum
1134 1995 1283 2050 socio
1314 2008 1411 2047 suo
1438 1990 1729 2053 Octavius;
1761 2002 1825 2042 ac
1848 2002 1961 2041 me—

719 2095 838 2149 dius
868 2093 1009 2146 inter
1065 2086 1338 2143 Caecilium
1390 2095 1442 2139 et
1478 2081 1756 2137 Octavium
1810 2078 1962 2134 sedet

722 2184 1005 2241 Minucius.
1856 2170 1963 2224 240

361 2283 494 2341 Car.
536 2281 601 2338 V.
645 2277 1072 2348 Disputationem
1123 2286 1276 2327 suam
1332 2265 1642 2338 aggreditur
1689 2261 1960 2318 Caecilius.

721 2371 789 2426 Et
821 2369 1046 2439 primum
1098 2362 1311 2433 quidem
1353 2358 1528 2412 omnia
1571 2357 1622 2411 in
1677 2355 1837 2410 rebus
1865 2352 1965 2405 litt-

725 2462 897 2520 manis
954 2459 1112 2514 dubia
1160 2465 1215 2511 et
1257 2454 1457 2508 incerta
1493 2464 1613 2505 esse
1647 2453 1965 2502 asseverat:

727 2556 970 2626 adeoque
994 2549 1282 2608 dolendum
1309 2545 1448 2617 quod
1473 2541 1775 2607 Christiani,
1806 2538 1969 2595 rudes

724 2652 1040 2721 plerumque
1063 2660 1125 2698 ac
1153 2639 1434 2701 illitterati,
1456 2637 1523 2692 de
1557 2649 1766 2689 summa
1785 2647 1967 2687 rerum

728 2759 794 2800 ac
819 2742 996 2797 divina
1045 2736 1326 2805 majestate
1356 2729 1556 2801 aliquid
1601 2727 1734 2783 certi
1780 2727 1969 2781 decer-

728 2851 859 2892 nere
930 2832 1184 2888 audeant.
1246 2827 1380 2882 llinc
1441 2823 1584 2878 nulla
1644 2818 1971 2890 providentia

691 2927 992 2986 -mundum
1042 2923 1152 2994 regi
1199 2919 1405 2991 arguit,
1462 2915 1834 2983 concluditque
1883 2926 1971 2966 sa-

732 3026 836 3080 tius
899 3035 1021 3078 esse
1081 3016 1288 3072 traditis
1349 3013 1581 3083 antiquis
1627 3009 1975 3080 religionibus

735 3117 1036 3174 adhaerere.
1554 3133 1562 3141 -
1866 3102 1975 3157 242

373 3221 509 3278 CAP.
549 3215 640 3273 Vl.
682 3211 950 3282 Qucelihet
996 3207 1180 3273 natio,
1235 3217 1301 3258 ac
1355 3199 1588 3255 Romani
1636 3194 1976 3267 postmodum
2004 3205 2049 3268 ρ

738 3303 957 3361 numina
989 3315 1085 3355 sua
1118 3298 1191 3352 ita
1220 3296 1437 3351 coluere
1460 3335 1475 3360 ,
1505 3299 1563 3346 ut
1585 3305 1770 3345 eorum
1828 3287 1975 3342 cultu

739 3409 1050 3467 supremum
1091 3391 1252 3446 totius
1303 3386 1452 3444 orbis
1479 3393 1638 3440 terra:
1691 3381 1976 3452 imperium

742 3490 942 3545 fuerint
968 3483 1222 3541 assecuti.
1866 3470 1978 3527 250

379 3593 511 3650 Car.
543 3587 658 3644 VII.
683 3582 935 3654 Auspicia
987 3587 1043 3634 et
1089 3573 1310 3646 auguria
1367 3572 1604 3626 Romana
1655 3567 1980 3640 paenitenter

743 3676 938 3732 omissa
962 3717 976 3740 ,
1010 3673 1293 3728 observata
1329 3666 1575 3722 feliciter.
1867 3660 1981 3716 255

389 3771 923 3836 ΕΑΡ.ἮΙΙ.Μίιιίιηθ
971 3763 1189 3822 ferenda
1244 3759 1552 3826 Theodori,
1622 3757 1864 3828 Diagora:
1921 3767 1985 3807 ac

745 3865 1057 3932 Protagora:
1085 3857 1247 3926 impia
1296 3852 1606 3914 temeritas,
1640 3849 1728 3920 qui
1759 3847 1983 3902 deorum

747 3955 1060 4026 religionem
1083 3950 1168 4005 vel
1196 3948 1407 4019 penitus
1432 3943 1638 4005 tollere,
1667 3940 1751 3994 vel
1796 3938 1985 3993 saltem

749 4046 1022 4103 infirmare
1050 4039 1286 4093 voluere.
1323 4037 1392 4090 At
1429 4032 1598 4088 multo
1630 4031 1808 4085 minus
1858 4028 1986 4085 ferri

759 4139 920 4196 debet
963 4135 1228 4191 latebrosa
1259 4140 1313 4184 et
1341 4127 1605 4197 lucifugax
1656 4123 1989 4178 Christiano—

749 4246 867 4288 rum
904 4229 1084 4293 natio,
1142 4224 1234 4295 qui
1277 4222 1408 4278 deos
1447 4218 1748 4288 despuunt;
1781 4225 1832 4270 et
1863 4215 1988 4270 dum

749 4324 885 4380 mori
915 4329 1036 4393 post
1063 4328 1294 4375 mortem
1335 4314 1564 4378 timent,
1597 4308 1811 4364 interim
1855 4307 1990 4362 mori

753 4430 863 4471 non
893 4414 1102 4467 timent.
1886 4398 1993 4454 256

387 4517 520 4574 Cu.
562 4511 658 4570 IX.
687 4505 1112 4565 Christianorum
1157 4500 1344 4570 religio
1370 4495 1529 4552 stulta
1563 4511 1576 4547 :
1616 4491 1886 4547 hominem
1916 4490 1991 4544 si—

1706 299 1916 354 lNllEX
1955 298 2280 355 CAPITUM.

1690 415 1795 468 col.
1826 413 1936 469 252
1966 416 2014 476 Α
2041 415 2166 470 Car.
2210 413 2302 467 Kl.
2339 411 2593 465 Futurum
2625 423 2836 480 quoque
2870 415 3117 462 asserunt
3146 408 3306 461 totius
3344 407 3525 461 mundi
3557 409 3638 462 in‘

3536 294 3644 351 56?.

2402 503 2687 564 cendium;
2721 515 2784 554 ac
2829 507 2951 569 post
2995 513 3282 567 corporum
3336 506 3644 552 nostrorum

2403 593 2848 649 resurrectionem
2873 632 2886 656 ,
2925 590 3083 660 justis
3115 589 3438 644 beatissima!
3484 590 3606 642 vita:
3632 627 3649 654 ,

2403 687 2612 756 injustis
2624 683 2974 739 maximarum
2991 696 3268 752 pmnarum
3292 681 3646 736 aeternitatem

2409 777 2808 847 repromittunt.
3538 770 3645 826 266

2051 873 2180 930 CAP.
2201 873 2314 928 XII.
2343 873 2478 941 Quid
2519 881 2698 924 autem
2731 869 2975 937 ipsismct
3004 865 3324 922 Christianis
3357 874 3473 937 post
3509 879 3650 918 mor-

2411 973 2516 1018 tem
2564 974 2881 1017 eventurum
2936 962 3035 1024 sit,
3087 961 3210 1015 inde
3251 961 3496 1030 augurari
3527 972 3650 1028 pos-

2407 1070 2628 1120 sumus,
2675 1053 2819 1124 quod
2861 1067 3003 1105 nunc
3042 1051 3187 1105 omni
3239 1067 3341 1122 ope
3372 1051 3649 1117 destituti,

2412 1146 2636 1202 summis
2690 1144 3086 1201 calamitatibus
3137 1154 3190 1199 et
3241 1146 3473 1200 miseriis
3529 1165 3652 1217 prc-

2413 1247 2648 1293 ntuntur.
3545 1241 3647 1297 271

2057 1331 2638 1389 ΟΑΡ.ΧΙΙΙ.Οοηε1ιιιΙίῑ
2688 1329 2902 1385 tandem
2942 1330 3218 1398 Caecilius,
3269 1333 3659 1404 repudiandam

2416 1425 2732 1494 religionem
2765 1440 2987 1489 novam;
3038 1440 3136 1479 nec
3173 1425 3240 1481 de
3284 1427 3442 1483 rebus
3483 1427 3661 1482 dubiis

2415 1525 2615 1570 temere
2654 1515 3126 1584 pronuntiandum.
3549 1519 3658 1571 275

2060 1606 2460 1665 ΕΑιι.ΧΝ.Νοη
2493 1608 2609 1662 sine
2638 1608 2763 1662 elati
2793 1608 2955 1661 animi
3003 1607 3222 1661 fastidio
3258 1619 3518 1677 provocat
3560 1610 3665 1666 0c-

2424 1700 2621 1754 tavium
2652 1697 2900 1754 Cmcilius
2922 1742 2934 1765 ,
2967 1709 3023 1753 ut
3048 1704 3380 1770 argumentis
3410 1702 3521 1757 suis
3551 1719 3667 1759 res-

2426 1793 2676 1862 pondeat.
2697 1791 2791 1846 Cui
2811 1791 3070 1846 Minucius
3103 1793 3347 1849 modeste
3367 1797 3664 1866 reSpondet

2421 1886 2488 1938 de
2519 1901 2613 1938 sua
2648 1884 2788 1938 haud
2818 1885 3072 1940 mediocri
3103 1887 3404 1954 eloquentia
3433 1929 3446 1952 ,
3493 1889 3669 1959 deque

2426 1977 2686 2032 concinna
2755 1977 3014 2030 orationis
3061 1978 3320 2032 varietate
3371 1995 3478 2032 non
3539 1996 3662 2036 esse

2422 2070 2522 2139 ipsi
2567 2069 2941 2124 cxsnltandnm
2979 2070 3116 2124 :sed
3161 2071 3367 2139 singula
3417 2073 3534 2141 ejus
3577 2088 3668 2126 ar-

2427 2173 2677 2233 gumenta
2721 2162 3006 2232 diligenter
3045 2164 3417 2232 expendenda.
3559 2166 3669 2221 275

2068 2252 2195 2308 CAP.
2239 2254 2353 2310 XV.
2388 2253 2604 2325 [legerit
2645 2255 2874 2310 Minucio
2915 2255 3163 2310 Cmcilius
3207 2273 3312 2312 non
3349 2257 3465 2312 sine
3495 2259 3671 2329 aliqua

2428 2347 2537 2400 l:rsi
2575 2348 2738 2400 animi
2767 2348 3188 2417 significatione,
3233 2349 3406 2418 ipsum
3435 2350 3674 2418 religiosi

2427 2437 2622 2508 jndicis
2651 2439 2828 2494 officio
2855 2439 3120 2494 decedere
3143 2481 3156 2504 ,
3197 2441 3324 2494 dum
3362 2457 3472 2497 suae
3501 2443 3678 2512 dispu-

2432 2529 2646 2582 tationis
2673 2529 2816 2583 vites
2860 2530 3114 2584 infirmat.
3158 2529 3426 2602 lntegruin
3453 2532 3674 2589 Octavio

2431 2641 2551 2680 esse
2581 2640 2642 2679 ea
2666 2624 2843 2679 omnia
2869 2639 2989 2692 qua:
3017 2624 3068 2678 in
3101 2625 3332 2678 medium
3362 2628 3677 2694 protulerat,

2429 2719 2726 2772 confutare.
3567 2718 3674 2774 278

2075 2809 2201 2866 CAP.
2216 2809 2354 2865 XVI.
2371 2809 2532 2866 Suam
2561 2809 2738 2880 itaque
2755 2808 2963 2862 orditur
2979 2809 3383 2878 responsionem
3396 2810 3681 2865 Octavius:

2437 2917 2601 2973 seque
2624 2902 2891 2956 veracium
2940 2902 3226 2956 verbornrn
3268 2900 3488 2955 [lumine
3533 2917 3680 2955 ama-

2441 2995 2708 3050 rissimam
2749 2993 3116 3049 conviciorum
3161 2994 3334 3048 labem
3380 2993 3678 3047 diluturum

2435 3089 2675 3146 confidit.
2728 3088 2930 3142 Dehinc
2978 3087 3044 3142 ad
3106 3087 3422 3141 infirmanda
3471 3087 3681 3156 singula

2445 3180 2646 3237 Caecilii
2699 3190 3014 3250 argumenta
3073 3178 3392 3249 digreditur.
3445 3177 3683 3232 Primum

2437 3279 2616 3347 itaque
2670 3276 2892 3342 statuit,
2949 3274 3147 3329 nemini
3205 3289 3347 3344 :rgre
3400 3272 3680 3328 ferendum

2438 3371 2582 3442 quod
2607 3367 2895 3424 Christiani
2918 3409 2932 3434 ,
2963 3366 3324 3438 quamtutnvis
3356 3366 3552 3421 indocti
3575 3407 3589 3432 ,
3613 3365 3684 3419 de

2447 3463 2763 3520 cwlestibus
2812 3462 2971 3516 rebus
3019 3459 3337 3530 disputent:
3371 3473 3476 3513 non
3536 3459 3680 3512 enim

2439 3556 2762 3626 diSputantis
2791 3555 3116 3618 auctoritas,
3166 3552 3260 3607 sed
3307 3550 3684 3622 disputationis

2441 3651 2605 3720 ipsius
2631 3649 2828 3704 veritas
2855 3658 2935 3702 est
2971 3645 3281 3715 spectanda.
3574 3642 3682 3697 279

2085 3743 2389 3803 CAP.XV1|.
2407 3743 2627 3799 Fatetur
2652 3741 2867 3813 quidem
2899 3739 3172 3794 hominem
3198 3736 3395 3792 debere
3423 3752 3481 3791 se
3509 3737 3684 3806 ipsum

2448 3852 2645 3892 nosse:
2675 3835 2769 3890 sed
2803 3835 2960 3904 plane
2985 3842 3141 3902 negat
3167 3832 3303 3886 hanc
3326 3832 3683 3900 Cognitionem

2445 3929 2513 3984 ab
2539 3945 2603 3983 eo
2623 3943 2780 3999 posse
2800 3929 3132 3995 comparari,
3180 3925 3305 3993 quin
3329 3933 3484 3977 antea
3509 3940 3686 3978 rerum

2447 4020 2855 4075 universitatem
2881 4059 2895 4080 ,
2927 4027 2981 4072 et
3006 4017 3176 4070 Deum
3210 4016 3383 4084 ipsum
3409 4024 3687 4085 agnoscat.

2450 4111 2529 4165 Ex
2558 4110 2722 4180 ipsius
2751 4117 2929 4163 autem
2977 4104 3159 4159 mundi
3188 4106 3573 4159 constitutione
3601 4114 3687 4158 at-

2430 4219 2557 4275 que
2583 4211 2814 4267 ornatu,
2862 4201 3092 4286 quisque
3140 4198 3349 4252 ratione
3400 4197 3688 4267 praeditus,

2453 4310 2788 4368 compertum
2820 4295 3010 4358 habet,
3038 4307 3161 4348 eum
3198 4307 3227 4345 a
3265 4291 3373 4345 Deo
3418 4291 3689 4345 conditum

2451 4389 2654 4457 fuisse,
2709 4398 2868 4460 atque
2897 4387 2967 4442 ab
2995 4371 3201 4456 eo°regi
3255 4395 3308 4440 et
3347 4383 3691 4440 administra-

2451 4486 2518 4540 ri.
3583 4479 3692 4534 284

755 4597 972 4671 quidem
1013 4593 1328 4650 crucifixum
1373 4591 1655 4660 ipsumque
1683 4583 1844 4654 hujus
1867 4599 1991 4652 sup-
2021 4596 2074 4661 1)
2099 4575 2549 4638 CAP.XVIII.Non
2579 4575 2752 4631 soluat
2792 4583 2971 4629 autem
3017 4571 3274 4627 universo
3324 4571 3546 4635 mundo,
3597 4571 3691 4626 sed

755 4693 901 4765 plicii
974 4692 1388 4744 instrumentum
1445 4689 1791 4737 venerantur.
1844 4677 1994 4732 Asini

754 4793 916 4856 caput
939 4783 1140 4842 colere.
1173 4781 1451 4849 ipsamque
1494 4773 1731 4844 parentis
1779 4772 1860 4825 sui
1893 4786 1988 4824 na-

765 4889 938 4933 turam
968 4873 1194 4929 adorare
1210 4871 1479 4925 dicuntur.
1503 4867 1578 4920 De
1607 4864 1754 4921 caede
1781 4862 1997 4918 infantis

758 4980 814 5027 et
827 4969 1088 5040 sanguine
1108 4963 1388 5021 initiantur
1415 4979 1427 5014 :
1452 4975 1516 5016 ac
1544 4975 1637 5029 per
1660 4958 1997 5028 impudentes

760 5062 1050 5128 tenebras,
1102 5059 1305 5113 incerta
1355 5063 1501 5110 sorte
1539 5067 1729 5107 omnes
1769 5051 1998 5121 permis-

762 5165 974 5213 centur.
1893 5141 2002 5197 260

401 5258 531 5316 ΕΜ».
574 5255 645 5311 Χ.
685 5248 957 5322 Quidquid
985 5247 1197 5314 colunt,
1237 5257 1562 5315 magnOpere
1607 5241 1876 5296 occultare
1925 5238 2006 5292 ni-

757 5353 974 5398 tuntur:
997 5340 1169 5395 nullas
1198 5352 1320 5392 aras
1344 5335 1571 5401 habent,
1607 5333 1802 5401 templa
1827 5329 1967 5383 nulla
1989 5369 2003 5392 ,

769 5436 917 5493 nulla
945 5444 1067 5489 nota
1101 5431 1404 5488 simulacra.
1434 5429 1572 5482 Deus
1597 5427 1826 5488 illorum,
1853 5420 2009 5475 sicuti

761 5538 816 5586 et
840 5526 1171 5590 Iudaeorum,
1221 5522 1408 5577 unicus
1456 5533 1577 5575 esse
1619 5515 1818 5570 fertur:
1852 5526 2010 5582 quem

769 5637 934 5693 quum
966 5634 1064 5674 nec
1100 5617 1285 5673 videre
1321 5628 1421 5670 nec
1453 5608 1737 5666 ostendere
1778 5612 2009 5676 queant,

774 5715 927 5771 illum
960 5710 1312 5767 nihilominus
1339 5707 1628 5764 molestum
1652 5743 1667 5770 ,
1717 5698 2012 5769 inquietum

774 5815 830 5862 et
863 5815 1190 5876 praepostere
1218 5803 1491 5858 curiosum
1524 5795 1872 5854 arbitrantur.
1905 5789 2016 5847 265

700 5900 982 5966 Pauor.
1029 5894 1140 5963 Ill.

2495 4670 2720 4743 singulis
2787 4671 2904 4740 ejus
2961 4667 3204 4738 partibus
3253 4667 3393 4721 Deus
3438 4666 3695 4721 consulit.

2491 4762 2663 4819 Unius
2692 4771 2870 4816 auten:
2898 4759 2991 4814 Dei
3015 4768 3148 4813 nutu
3175 4758 3355 4811 omnia
3384 4758 3694 4826 gubernari,

2494 4865 2832 4912 terrenarum
2882 4851 3130 4920 exemplo
3180 4849 3528 4919 imperiorum
3575 4863 3700 4918 pro-

2494 4953 2669 5007 batur.
2695 4947 2953 5017 Quamvis
3000 4955 3179 5000 autem
3234 4942 3325 4998 ille
3373 4942 3620 4997 infinitus
3650 4953 3705 4999 et

2493 5046 2824 5104 immensus,
2877 5036 3084 5105 sibique
3127 5032 3259 5096 uni,
3309 5043 3540 5102 quantus
3578 5043 3698 5101 est,

2499 5133 2767 5203 cognitus,
2800 5144 2827 5182 a
2860 5127 3019 5182 nobis
3043 5140 3143 5180 nec
3173 5123 3342 5180 videri
3391 5141 3490 5180 nec
3535 5127 3707 5180 nomi-

2505 5227 2621 5281 nari
2645 5232 2839 5295 queat;
2873 5220 3044 5289 ipsius
3064 5227 3245 5274 tamen
3264 5218 3502 5284 claritas,
3534 5220 3578 5274 si
3608 5236 3708 5276 no-

2500 5318 2706 5372 minum
2756 5313 3013 5368 tollantur
3062 5309 3462 5376 additamenta,
3495 5314 3710 5381 perspi-

2502 5408 2662 5465 citur.
3604 5402 3712 5460 237

2113 5505 2245 5564 CAP.
2270 5501 2414 5561 XIX.
2441 5501 2712 5557 Prwterea
2743 5506 2918 5567 poene
2946 5495 3095 5550 illum
3123 5493 3301 5549 divum
3325 5493 3712 5566 hominumque

2477 5603 2785 5666 parentem,
2834 5591 3073 5644 omnium
3137 5603 3317 5642 rerum
3375 5599 3711 5652 creatorem,

2473 5697 2707 5744 mentem
2757 5694 2812 5740 et
2865 5683 3112 5755 spiritum
3163 5680 3521 5751 appellarunt.
3573 5681 3715 5745 Quin

2473 5790 2528 5838 et
2557 5781 2771 5854 ipsimet
2797 5774 3200 5852 praestantiores
3247 5771 3586 5844 philosophi,
3627 5787 3723 5834 ea.

3095 5864 3173 5933 12
