4230 6242
648 249 757 308 565

1004 364 1127 420 dem
1156 364 1269 422 fere
1306 378 1371 421 ac
1397 363 1719 435 Christiani,
1751 368 1819 425 de
1854 371 1962 427 Deo
1986 386 2092 427 uno
2119 386 2243 427 sen-
2267 370 2318 432 A

1006 472 1145 512 sere.
2136 463 2246 519 292

642 549 920 609 CAEXX.
953 548 1105 618 Quod
1148 551 1190 605 si
1238 548 1581 606 Providentia
1631 552 1863 608 mundus
1914 555 2137 626 regitur,
2191 563 2247 611 et

1004 645 1164 698 unius
1185 644 1276 699 Dei
1297 656 1428 699 nutu
1453 644 1802 715 gubernatur,
1837 662 1941 701 non
1968 663 2064 701 nos
2085 648 2245 703 debet

999 738 1291 808 antiquitas
1322 739 1567 808 imperita
1596 754 1788 810 rapere
1819 739 1884 794 ad
1918 741 2086 795 mutui
2112 756 2245 796 con—

996 845 1188 886 sensus
1231 846 1512 898 erroretn;
1562 846 1683 902 quae
1730 831 1981 886 nimirum
2031 832 2242 888 fabellis

997 926 1109 980 suis
1157 924 1449 990 delectata,
1494 924 1749 979 ridiculas
1798 926 2114 980 traditiones
2166 927 2242 980 in-

994 1017 1157 1072 vexit.
1218 1015 1326 1072 Nec
1384 1017 1560 1071 minus
1609 1015 1887 1072 evidenter
1941 1017 2240 1071 ostenditur

1000 1111 1261 1165 insulsum
1295 1111 1624 1181 impiumque
1666 1125 1880 1178 semper
1908 1109 2071 1164 fuisse
2110 1109 2239 1164 deo-

993 1218 1115 1257 rum
1166 1204 1404 1269 cultum;
1436 1203 1563 1257 dum
1614 1201 1920 1256 mortalium
1972 1201 2236 1273 antiquis-

989 1296 1110 1353 simi
1156 1312 1283 1351 suos
1311 1312 1498 1367 reges,
1548 1295 1715 1352 duces
1755 1296 1985 1367 inelytos
2013 1295 2236 1348 artium-

991 1403 1096 1459 que
1160 1388 1506 1455 inventores,
1571 1388 1642 1443 ob
1708 1386 1965 1457 praaclara
2018 1386 2233 1440 illorum

986 1481 1257 1552 facinora,
1304 1500 1413 1539 non
1476 1499 1635 1539 secus
1686 1497 1750 1538 ac
1803 1482 1935 1537 deos
1990 1482 2232 1537 venerati

979 1591 1123 1635 sunt.
2116 1578 2225 1635 297

625 1676 1088 1745 Cn.XXI.ldque
1144 1676 1425 1731 confirmat
1463 1677 1717 1732 Octavius
1738 1675 2027 1731 Eubemeri
2048 1717 2063 1742 ,
2095 1674 2233 1729 Pro-

973 1770 1115 1838 dici,
1148 1769 1363 1832 Persei,
1414 1777 1470 1824 et
1510 1767 1801 1823 Alexandri
1844 1766 2019 1837 Magni
2075 1767 2226 1821 testi-
2252 1764 2300 1825 B

977 1863 1183 1928 monio,
1224 1876 1255 1915 a
1302 1860 1493 1932 quibus
1546 1860 1773 1915 deorum
1836 1860 2045 1930 patria,
2108 1857 2224 1914 dies

975 1953 1181 2009 natales
1203 1993 1217 2017 ,
1264 1952 1548 2021 sepulchra
1577 1961 1950 2007 recensentur.
1988 1949 2223 2018 Exponit

976 2057 1237 2115 praeterea
1268 2046 1492 2101 deorum
1527 2047 1706 2101 tristes
1753 2046 1963 2112 exitus,
2018 2044 2125 2099 fata
2168 2053 2223 2101 et

968 2137 1178 2193 funera.
1212 2136 1293 2193 Ad
1314 2137 1429 2192 haec
1456 2137 1685 2206 ineptias
1703 2136 2023 2208 pittidasque
2050 2150 2220 2206 nugas

982 2229 1154 2296 ridet,
1195 2244 1328 2299 quas
1369 2228 1438 2283 de
1464 2244 1682 2283 suorum
1710 2228 1936 2283 deorum
1970 2227 2140 2281 forma
2168 2234 2221 2279 et

977 2320 1146 2391 ﬁgura
1186 2321 1385 2375 ethnici
1416 2320 1716 2377 venditant.
2109 2317 2217 2373 299

617 2411 1039 2474 CAP.XXI|.HaS
1072 2428 1228 2481 porro
1262 2410 1468 2467 fabulas
1506 2412 1574 2467 ab
1606 2412 1867 2483 imperitis
1913 2411 2220 2467 hominibus

976 2505 1208 2575 primum
1243 2503 1503 2572 traditas,
1532 2504 1621 2558 alii
1667 2503 1923 2574 deinceps
1973 2504 2217 2559 celebra-

969 2608 1132 2663 runt,
1190 2610 1254 2651 ac
1298 2608 1469 2666 poetae.
1513 2595 1889 2666 potissimum,
1937 2597 2025 2667 qui
2078 2595 2218 2651 haud

975 2705 1163 2761 parum
1195 2689 1410 2743 veritati
1458 2704 1552 2742 sua
1601 2689 1921 2744 auctoritate
1966 2703 2214 2743 nocuere.

974 2783 1150 2854 Atque
1177 2782 1483 2852 hujusmodi
1518 2781 1786 2853 ﬁgmentis
1833 2793 1886 2838 el
1928 2782 2219 2838 mendaciis

975 2874 1309 2930 dulcioribus
1356 2883 1775 2943 eorrumpttntur
1824 2874 2033 2943 ingenia
2090 2890 2219 2944 pue-

975 2981 1159 3019 rorum
1186 3006 1201 3031 ,
1233 2965 1322 3036 qui
1351 2965 1575 3035 proinde
1609 2966 1660 3020 in
1692 2966 1754 3020 iis
1793 2968 1977 3022 miseri
2021 2981 2214 3022 conse-

968 3067 1194 3112 nescunt
1223 3073 1236 3107 :
1269 3073 1389 3112 cum
1419 3056 1657 3129 alioquin
1711 3060 1781 3113 sit
1798 3058 1994 3113 veritas
2035 3059 2210 3124 obvia,

967 3148 1061 3202 sed
1089 3149 1509 3220 requirentibus.

613 3238 1113 3309 CAP.XXIlI.Quam
1123 3243 1204 3293 vis
1219 3241 1416 3296 ethnici
1432 3256 1585 3312 reges
1606 3256 1731 3295 suos
1751 3243 2004 3298 mortales
2016 3258 2211 3314 agnos-

967 3342 1091 3386 cant
1112 3373 1126 3397 ,
1155 3331 1277 3386 illos
1304 3343 1479 3386 tamen
1511 3332 1643 3387 deos
1672 3333 1909 3403 lingunt,
1951 3336 2033 3390 vel
2077 3335 2210 3404 ipsis

978 3427 1193 3491 invitis;
1224 3444 1329 3480 non
1372 3427 1438 3481 ad
1493 3426 1651 3481 ﬁdem
1699 3428 1967 3497 numinis,
2015 3430 2107 3484 sed
2143 3428 2211 3485 ad

971 3519 1231 3574 honorem
1306 3520 1546 3574 emerita:
1619 3521 1970 3591 posteritatis.
2045 3521 2206 3592 Atqui

968 3626 1126 3666 verus
1162 3611 1299 3665 Deus
1348 3627 1522 3681 neque
1561 3622 1737 3667 ortum
1785 3613 1980 3679 habet,
2034 3631 2209 3685 neque

968 3717 1242 3758 occasum.
1278 3702 1509 3758 Deorum
1542 3702 1737 3759 deinde
1765 3704 2025 3776 imagines
2045 3718 2095 3761 et
2128 3707 2206 3760 si-

964 3795 1203 3849 mulacra
1234 3792 1491 3849 Octavius
1513 3797 1773 3866 exagitat.
2098 3798 2205 3855 509

608 3885 1123 3945 ΟΑΡ.ΧΧΙΥ.Βτ‹ινί
1192 3888 1411 3959 iusnpcr
1481 3889 1789 3946 inductione
1837 3890 2203 3957 demonstrat,

968 3989 1223 4050 quantum
1255 3979 1305 4033 in
1338 3980 1675 4035 celebrandis
1698 3984 2049 4053 quorumdam
2077 3984 2207 4040 deo-

963 4087 1083 4127 rum
1115 4072 1387 4143 mysteriis
1438 4072 1687 4140 ridiculi,
1740 4076 1959 4130 obsceni
2007 4076 2203 4131 crude-

802 4236 803 4239 η
964 4164 1152 4235 lesque
1182 4167 1319 4219 ritus
1346 4166 1785 4221 observarentur.
2094 4169 2202 4224 512

604 4253 1129 4312 CAP.XXV.Debinc
1161 4255 1429 4322 ostendit,
1460 4272 1488 4309 a
1514 4258 1730 4311 Cterilio
1757 4274 2038 4330 perperam
2087 4260 2203 4329 jac-

963 4346 1098 4400 litari
1130 4346 1432 4411 Romanus,
1475 4351 1562 4416 qui
1594 4350 1758 4405 totius
1799 4353 1941 4406 orbis
1976 4353 2201 4423 imperio

957 4439 1111 4510 potiti
1140 4439 1365 4507 fuerint,
1403 4440 1706 4509 hujusm-tdi
1731 4446 2201 4513 superstitionibus

954 4530 1056 4584 rite
1081 4529 1402 4585 observa‘is.
1429 4535 1584 4602 Atqui
1613 4534 1838 4589 Romani
1872 4537 1923 4591 in
1952 4549 2070 4593 ortu
2098 4555 2197 4594 suo
2221 4544 2275 4605 D

958 4630 1012 4675 et
1042 4624 1243 4677 scelere
1266 4624 1510 4691 collecti,
1539 4636 1593 4680 et
1622 4627 1970 4685 immanitatis
1990 4639 2198 4689 terrore

945 4726 1231 4769 creverunt
1286 4715 1449 4786 Igitur
1480 4716 1705 4773 Romani
1750 4736 1855 4775 non
1880 4722 1999 4777 ideo
2029 4725 2191 4792 tanti,

952 4806 1094 4876 quod
1126 4807 1391 4878 religiOsi;
1437 4809 1530 4865 sed
1582 4811 1723 4881 quod
1767 4816 1985 4885 impune
2027 4817 2195 4871 sacri-

952 4896 1074 4966 legi.
2088 4906 2194 4961 5l5

591 4982 1002 5045 CAP.XXVI.EX
1035 4990 1210 5044 avium
1240 5006 1402 5061 porro
1447 4994 1701 5063 auspiciis
1750 5004 1910 5066 atque
1953 5000 2189 5068 auguriis

947 5082 1213 5136 vibratum
1249 5084 1434 5139 iCVilel'
1463 5096 1492 5139 a
1522 5085 1737 5142 Caicilio
1762 5080 1933 5145 ‘telum
1954 5134 1969 5159 ,
1999 5100 2186 5148 contra

946 5176 1118 5246 ipsum
1147 5177 1399 5234 Octavius
1449 5179 1671 5250 Reguli,
1717 5182 1978 5253 Mancini,
2032 5187 2185 5243 Pauli

947 5279 1109 5338 atque
1147 5267 1375 5323 Cz'esarls
1428 5275 1670 5343 exempla
1721 5287 2015 5347 retorquet.
2066 5278 2182 5335 Non

942 5360 1115 5428 magis
1151 5361 1276 5415 item
1310 5361 1535 5416 validam
1566 5378 1687 5420 esse
1715 5366 1931 5434 petitam
1960 5383 2026 5423 ex
2053 5385 2178 5425 ora-

943 5451 1077 5506 culis
1126 5444 1681 5525 argumentationem,
1745 5461 1864 5515 aliis
1914 5466 2178 5533 exemplis

935 5543 1286 5598 demonstrat.
2073 5556 2180 5613 520

570 5630 1088 5701 CAP.XXVﬂ.Quod
1142 5648 1198 5693 ut
1229 5638 1398 5695 snlide
1434 5652 1683 5718 prazstet,
1719 5662 1833 5704 rem
1865 5648 2026 5703 altius
2068 5659 2123 5704 et
2146 5665 2177 5703 a

966 5730 1133 5799 prima
1166 5746 1259 5786 ευ]
1302 5736 1505 5804 origine
1529 5749 1752 5811 repetit.
1782 5739 2043 5797 Nimirum
2091 5757 2177 5798 er-

1576 250 1789 309 MARCI
1826 251 2082 310 MINUCII
2119 250 2392 310 FELICIS
2429 250 2641 309 INDEX
2677 244 3005 310 CAPITUM.

2109 3150 2284 3218 506C

3849 242 3956 308 564

2735 371 2875 426 roris
2905 368 3027 424 fons
3053 369 3154 425 iste
3180 386 3193 423 :
3222 367 3499 423 dmmones
3545 365 3646 423 sub
3674 369 3868 424 statuis
3899 378 3955 424 ct

2738 463 3057 534 imaginibus
3119 460 3483 529 delitescunt,
3541 468 3953 517 commorantur

2735 555 2788 609 in
2818 555 2954 610 fanis
2973 597 2988 622 ,
3018 564 3262 609 extorum
3297 553 3459 609 fibras
3487 553 3750 617 animant,
3771 554 3947 609 avium

2735 649 2947 703 volatus
2972 648 3308 718 gubernant,
3347 645 3511 700 fortes
3558 656 3783 716 regunt,
3829 661 3951 700 ora-

2738 742 2857 796 cula
2891 740 3150 808 fundunt,
3196 741 3342 795 falsis
3382 739 3616 794 involuta
3646 740 3945 810 responsis.

2747 829 3125 886 Verumtamen
3160 832 3276 886 hcce
3306 844 3409 885 non
3441 844 3470 883 a
3507 829 3644 895 Deo,
3673 830 3769 885 sed
3812 847 3842 885 a
3887 847 3948 889 se

2736 925 2866 997 ipsis
2894 925 3029 980 facta
3064 924 3229 980 fui~se
3267 924 3424 978 fateri
3479 934 3777 993 coguntur,
3817 941 3944 980 cum

2729 1031 2759 1070 a
2790 1016 3108 1071 Christianis
3144 1032 3241 1087 per
3282 1016 3448 1071 Deum
3481 1030 3662 1071 verum
3688 1015 3940 1085 adjurati,

2731 1110 2800 1164 ab
2844 1111 3083 1165 obsessis
3127 1108 3447 1180 corporibus
3494 1108 3763 1179 fugantur.
3807 1108 3942 1165 Hine

2729 1219 2861 1260 vero
2890 1204 3225 1259 Christianos
3260 1205 3330 1259 de
3373 1204 3623 1275 proximo
3680 1202 3937 1273 fugitant;

2729 1305 3045 1368 tantumque
3096 1297 3378 1369 gentilium
3438 1298 3492 1351 in
3560 1310 3655 1351 eos
3704 1295 3941 1350 excitant

2734 1388 2953 1458 odium,
3007 1394 3068 1444 ut
3095 1391 3214 1444 illos
3243 1394 3368 1443 ante
3415 1388 3670 1458 incipiant
3714 1388 3932 1452 odisse,

2728 1495 2890 1550 quam
2945 1492 3151 1535 nosse:
3185 1495 3252 1535 ne
3295 1480 3542 1551 cognitos
3591 1490 3682 1532 aut
3736 1477 3936 1533 imitari

2729 1572 2959 1641 possint.
2994 1580 3088 1626 aut
3121 1571 3380 1626 damnare
3406 1585 3511 1625 non
3538 1570 3765 1640 possint.
3829 1568 3935 1624 525

2332 1658 2894 1733 CAP.XXVIII.Neque
2921 1662 3102 1718 odium
3126 1663 3324 1730 Solum,
3373 1663 3468 1718 sed
3497 1662 3723 1717 nefanda
3767 1662 3934 1718 etiam

2759 1756 2865 1812 illis
2915 1756 3151 1811 inferunt
3198 1754 3461 1823 crimina,
3503 1768 3622 1825 quae
3651 1771 3681 1808 a
3716 1754 3933 1809 nemine

2760 1848 2973 1919 probari
3027 1848 3288 1903 hactenus
3339 1848 3648 1917 potuerunt.
3713 1846 3803 1902 Sic
3848 1854 3933 1900 est

2750 1940 3021 2010 negotium
3079 1939 3405 1994 dammam.
3461 1938 3546 1993 Ab
3601 1937 3731 2007 ipsis
3785 1938 3930 1992 cnim

2751 2048 2937 2090 rumor
2972 2032 3141 2088 falsus
3165 2042 3220 2088 et
3245 2033 3463 2099 seritur,
3492 2039 3547 2087 et
3576 2030 3807 2087 fovetur.
3839 2029 3930 2084 In-

2755 2126 3047 2181 victissime
3072 2133 3249 2179 autem
3280 2123 3615 2179 demonstrat
3640 2121 3891 2177 Octavius
3907 2162 3925 2188 ,

2761 2216 3099 2273 Christianos
3129 2215 3396 2286 sacrilegii
3421 2256 3436 2282 ,
3487 2215 3720 2269 incestus
3743 2256 3759 2278 ,
3802 2224 3925 2268 stu-

2751 2310 2863 2379 pri,
2918 2309 3189 2379 parricidii
3240 2315 3348 2362 tam
3405 2306 3542 2362 falso
3591 2305 3921 2372 insimutari,

2753 2417 2913 2473 quam
2965 2410 3171 2456 certum
3220 2415 3517 2470 verumque
3564 2408 3683 2454 erat
3732 2399 3920 2454 eadem

2748 2509 2972 2565 prorsus
2999 2495 3221 2549 crimina
3245 2535 3260 2561 ,
3317 2503 3410 2548 aut
3453 2492 3537 2549 his
3573 2492 3796 2547 omnino
3844 2492 3920 2546 si-

2748 2588 2897 2641 milia
2977 2598 3136 2657 atque
3209 2587 3446 2656 majora,
3522 2587 3589 2642 ab
3677 2586 3924 2657 ipsismet

2748 2680 2980 2736 ethnicis
3016 2696 3104 2736 rea
3115 2696 3207 2750 pse
3235 2682 3520 2737 committi.
3810 2681 3921 2735 527

2316 2768 2451 2830 CAP.
2480 2768 2675 2831 XXIX.
2699 2772 2808 2830 Nec
2825 2774 2992 2845 magis
3010 2788 3196 2829 verum
3220 2775 3493 2829 hominem
3530 2775 3677 2829 cruci
3700 2784 3922 2846 propter

2743 2878 2839 2920 sua
2870 2865 3093 2920 crimina
3137 2864 3356 2919 aflixum
3388 2882 3415 2918 a
3446 2864 3767 2919 Christianis
3788 2865 3918 2920 coli.

2744 2956 2877 3011 Nam
2920 2971 3044 3012 eum
3090 2971 3196 3012 non
3224 2957 3387 3011 modo
3416 2956 3788 3023 innocentem,
3818 2955 3921 3012 sed

2750 3050 2915 3105 Deum
2946 3052 3106 3105 etiam
3135 3064 3255 3105 esse
3285 3050 3477 3104 merito
3502 3050 3745 3104 credunt.
3773 3051 3918 3106 Con-

2745 3149 2826 3196 tra
2866 3154 2993 3196 vero
3038 3141 3239 3196 ethnici
3296 3155 3484 3212 regum
3533 3140 3588 3196 in
3636 3141 3766 3196 deos
3795 3156 3826 3196 a
3853 3155 3919 3199 se

2739 3234 3134 3303 adscriptorum
3202 3234 3459 3289 invocant
3524 3236 3783 3300 numina,
3844 3232 3919 3289 ad

2736 3327 2999 3397 imagines
3029 3327 3367 3399 supplicant,
3397 3343 3693 3398 eorumque
3719 3328 3915 3398 genios

2740 3423 3048 3493 implorant.
3801 3423 3910 3480 551

2311 3515 2439 3573 Car.
2465 3512 2639 3573 XXX.
2667 3514 3187 3586 lmpudentiSsimam
3231 3529 3443 3585 quoque
3482 3520 3604 3571 esse
3629 3513 3696 3571 de
3724 3524 3915 3585 potato

2736 3621 2764 3661 a
2806 3606 3128 3662 Christianis
3177 3604 3394 3659 infantis
3425 3620 3451 3658 a
3486 3622 3543 3659 se
3569 3604 3733 3660 occisi
3783 3619 3915 3660 san-

2730 3701 2894 3772 guine
2976 3700 3302 3755 calumniam
3369 3698 3569 3754 evincit
3631 3697 3909 3753 Octavius.

2737 3792 2952 3848 Ethnici
2978 3806 3126 3856 vero,
3172 3790 3350 3861 inquit
3392 3805 3446 3845 et
3474 3805 3670 3859 pueros
3712 3804 3912 3846 recens

2735 3896 2891 3941 natos
2934 3884 3225 3940 crudeliter
3261 3888 3574 3951 exponunt,
3625 3891 3680 3937 et
3721 3883 3911 3954 prius-

2737 3994 2895 4048 quam
2919 3985 3228 4038 nas’can‘tur,
3249 3976 3668 4031 mrdeiinecant
3687 3974 3907 4031 abortu.

2729 4071 3050 4126 Christianis
3080 4069 3429 4124 homicidium
3454 4082 3559 4125 nec
3584 4068 3767 4125 videre
3795 4067 3907 4136 fas,

2725 4178 2829 4219 nec
2852 4162 3057 4217 audire.
3793 4161 3911 4217 555

2303 4263 2433 4319 CAP.
2458 4258 2742 4319 XXXI.Ab
2769 4265 2913 4317 omni
2956 4263 3115 4316 etiam
3146 4261 3608 4317 verisimilitudine
3635 4271 3740 4316 tam
3767 4263 3912 4319 alie-

2730 4370 2855 4408 num
2907 4364 2991 4408 est
3058 4353 3202 4422 quod
3253 4353 3571 4407 Christianis
3624 4352 3905 4422 objicitur,

2729 4446 2991 4516 pollutum
3016 4446 3220 4499 incesto
3244 4445 3565 4499 convivium.
3594 4443 3753 4514 quain
3775 4459 3910 4500 con-

2729 4547 2835 4594 stat
2866 4538 3052 4593 inchIi
3082 4551 3204 4591 reos
3252 4550 3440 4591 revera
3486 4552 3606 4592 esse
3640 4535 3902 4606 gentiles.

2726 4631 3155 4687 Christianorum
3205 4630 3451 4685 convivia
3508 4642 3619 4683 non
3684 4638 3907 4683 tantum

2720 4726 2954 4793 pudica,
3012 4724 3105 4779 sed
3157 4733 3211 4778 et
3257 4723 3464 4778 Sobria.
3512 4722 3743 4776 Tantum
3796 4722 3914 4778 de-

2722 4818 2886 4887 nique
2939 4816 3094 4871 abest
3143 4817 3330 4871 in‘ceSti
3373 4815 3599 4885 cupido,
3651 4824 3709 4870 ut
3759 4832 3918 4872 non-

2722 4910 2885 4965 nullis
2926 4910 3113 4964 ‘ruhori
3163 4910 3237 4965 sit
3284 4908 3453 4964 etiam
3502 4908 3699 4979 pudica
3753 4923 3913 4965 con-

2713 5000 2943 5071 junctio.
3786 5003 3918 5058 355

2288 5095 2421 5151 CAP.
2442 5094 2849 5167 XXXII.Neque
2876 5095 2978 5151 dici
3015 5102 3190 5164 potest
3210 5135 3224 5161 ,
3257 5092 3593 5150 Christianos
3613 5093 3922 5154 occultare

2717 5193 2856 5262 quod
2881 5192 3095 5256 Colunt,
3125 5192 3376 5260 quoniam
3431 5192 3575 5245 nulla
3622 5192 3863 5251 delubra
3893 5237 3919 5263 ,

2704 5286 2985 5356 nullasque
3005 5298 3125 5338 aras
3140 5284 3357 5338 habent.
3385 5282 3704 5338 Persuasum
3721 5286 3926 5355 siqui-

2697 5377 2819 5432 dem
2850 5377 2979 5445 ipsis
3024 5386 3140 5443 est,
3192 5390 3297 5429 non
3354 5388 3511 5443 posse
3566 5375 3731 5429 Deum
3780 5377 3927 5437 ullo

2696 5469 2897 5538 templo
2925 5467 3295 5523 circumscribi
3322 5506 3337 5530 ,
3366 5476 3458 5519 aut
3490 5467 3612 5536 fingi
3644 5465 3790 5522 illius
3817 5471 3931 5526 si—

2691 5560 3010 5615 mulacrum.
3043 5557 3256 5628 Ubique
3285 5566 3463 5612 autem
3494 5570 3742 5627 przeseus
3770 5573 3935 5617 om-

2694 5652 2780 5705 nia
2835 5650 3013 5715 videt,
3083 5648 3245 5705 etiam
3298 5648 3621 5703 secretiores
3686 5652 3932 5711 mentis

2691 5754 2889 5802 nostrae
2918 5743 3302 5817 cogitationes;
3336 5757 3401 5798 ac
3423 5755 3590 5815 prope
3611 5756 3737 5799 cum
3765 5742 3928 5827 illo,
