  <div class='ocr_page' id='page_1' title='image "/cluster/home/n/w/nwhite01/storage/ocr_20150623/3/hvd.32044054086798/232.png"; bbox 0 0 4248 6264; ppageno 0'>
   <div class='ocr_carea' id='block_1_1' title="bbox 318 380 430 438">
    <p class='ocr_par' dir='ltr' id='par_1_1' title="bbox 318 380 430 438">
     <span class='ocr_line' id='line_1_1' title="bbox 318 380 430 438; baseline -0.036 0"><span class='ocrx_word' id='word_1_1' title='bbox 318 380 430 438; x_wconf 79' lang='grc'><strong>565</strong></span> 
     </span>
    </p>
   </div>
   <div class='ocr_carea' id='block_1_2' title="bbox 747 489 1460 560">
    <p class='ocr_par' dir='ltr' id='par_1_2' title="bbox 747 489 1460 560">
     <span class='ocr_line' id='line_1_2' title="bbox 747 489 1460 560; baseline 0.001 -15"><span class='ocrx_word' id='word_1_2' title='bbox 747 499 802 553; x_wconf 86' lang='lat' dir='ltr'><strong>et</strong></span> <span class='ocrx_word' id='word_1_3' title='bbox 831 490 882 544; x_wconf 90' lang='lat' dir='ltr'><strong>in</strong></span> <span class='ocrx_word' id='word_1_4' title='bbox 919 489 1035 560; x_wconf 86' lang='lat' dir='ltr'><strong>ejus</strong></span> <span class='ocrx_word' id='word_1_5' title='bbox 1063 492 1294 546; x_wconf 86' lang='lat' dir='ltr'><strong>vivimus</strong></span> <span class='ocrx_word' id='word_1_6' title='bbox 1321 493 1460 546; x_wconf 83' lang='lat' dir='ltr'><strong>sinu.</strong></span> 
     </span>
    </p>
   </div>
   <div class='ocr_carea' id='block_1_3' title="bbox 747 674 1923 741">
    <p class='ocr_par' dir='ltr' id='par_1_3' title="bbox 747 674 1923 741">
     <span class='ocr_line' id='line_1_3' title="bbox 747 674 1923 741; baseline 0.003 -12"><span class='ocrx_word' id='word_1_7' title='bbox 747 674 914 730; x_wconf 82' lang='lat' dir='ltr'><strong>fuisse</strong></span> <span class='ocrx_word' id='word_1_8' title='bbox 939 675 1169 741; x_wconf 81' lang='lat' dir='ltr'><strong>dicatur,</strong></span> <span class='ocrx_word' id='word_1_9' title='bbox 1207 690 1354 732; x_wconf 88' lang='lat' dir='ltr'><strong>certe</strong></span> <span class='ocrx_word' id='word_1_10' title='bbox 1380 678 1724 734; x_wconf 85' lang='lat' dir='ltr'><strong>Judaicorum</strong></span> <span class='ocrx_word' id='word_1_11' title='bbox 1754 693 1923 733; x_wconf 85' lang='lat' dir='ltr'><strong>anna-</strong></span> 
     </span>
    </p>
   </div>
   <div class='ocr_carea' id='block_1_4' title="bbox 756 767 1925 840">
    <p class='ocr_par' dir='ltr' id='par_1_4' title="bbox 756 767 1925 840">
     <span class='ocr_line' id='line_1_4' title="bbox 756 767 1925 840; baseline 0.005 -20"><span class='ocrx_word' id='word_1_12' title='bbox 756 767 888 821; x_wconf 83' lang='lat' dir='ltr'><strong>lium</strong></span> <span class='ocrx_word' id='word_1_13' title='bbox 953 770 1245 836; x_wconf 86' lang='lat' dir='ltr'><strong>scriptores</strong></span> <span class='ocrx_word' id='word_1_14' title='bbox 1304 779 1466 825; x_wconf 83' lang='lat' dir='ltr'><strong>testes</strong></span> <span class='ocrx_word' id='word_1_15' title='bbox 1518 770 1925 840; x_wconf 64' lang='lat' dir='ltr'><strong>locupletiSsimi</strong></span> 
     </span>
    </p>
   </div>
   <div class='ocr_carea' id='block_1_5' title="bbox 752 862 1918 931">
    <p class='ocr_par' dir='ltr' id='par_1_5' title="bbox 752 862 1918 931">
     <span class='ocr_line' id='line_1_5' title="bbox 752 862 1918 931; baseline 0.005 -17"><span class='ocrx_word' id='word_1_16' title='bbox 752 869 911 926; x_wconf 90' lang='lat' dir='ltr'><strong>sunt,</strong></span> <span class='ocrx_word' id='word_1_17' title='bbox 969 862 1086 915; x_wconf 90' lang='lat' dir='ltr'><strong>illos</strong></span> <span class='ocrx_word' id='word_1_18' title='bbox 1153 862 1301 931; x_wconf 87' lang='lat' dir='ltr'><strong>prius</strong></span> <span class='ocrx_word' id='word_1_19' title='bbox 1359 863 1522 918; x_wconf 87' lang='lat' dir='ltr'><strong>Deum</strong></span> <span class='ocrx_word' id='word_1_20' title='bbox 1585 865 1918 931; x_wconf 83' lang='lat' dir='ltr'><strong>deseruisse,</strong></span> 
     </span>
    </p>
   </div>
   <div class='ocr_carea' id='block_1_6' title="bbox 752 954 1923 1023">
    <p class='ocr_par' dir='ltr' id='par_1_6' title="bbox 752 954 1923 1023">
     <span class='ocr_line' id='line_1_6' title="bbox 752 954 1923 1023; baseline 0.005 -17"><span class='ocrx_word' id='word_1_21' title='bbox 752 969 914 1023; x_wconf 85' lang='lat' dir='ltr'><strong>quam</strong></span> <span class='ocrx_word' id='word_1_22' title='bbox 943 954 1010 1008; x_wconf 90' lang='lat' dir='ltr'><strong>ab</strong></span> <span class='ocrx_word' id='word_1_23' title='bbox 1042 955 1160 1023; x_wconf 90' lang='lat' dir='ltr'><strong>ipso</strong></span> <span class='ocrx_word' id='word_1_24' title='bbox 1191 954 1354 1010; x_wconf 85' lang='lat' dir='ltr'><strong>fuisse</strong></span> <span class='ocrx_word' id='word_1_25' title='bbox 1382 955 1651 1012; x_wconf 88' lang='lat' dir='ltr'><strong>desertos.</strong></span> <span class='ocrx_word' id='word_1_26' title='bbox 1816 957 1923 1012; x_wconf 72' lang='grc'>542</span> 
     </span>
    </p>
   </div>
   <div class='ocr_carea' id='block_1_7' title="bbox 322 1044 1923 1120">
    <p class='ocr_par' dir='ltr' id='par_1_7' title="bbox 322 1044 1923 1120">
     <span class='ocr_line' id='line_1_7' title="bbox 322 1044 1923 1120; baseline 0.002 -18"><span class='ocrx_word' id='word_1_27' title='bbox 322 1044 856 1103; x_wconf 62' lang='lat' dir='ltr'><strong>Car.XXXlV.Nihil</strong></span> <span class='ocrx_word' id='word_1_28' title='bbox 886 1055 1063 1100; x_wconf 88' lang='lat' dir='ltr'><strong>autem</strong></span> <span class='ocrx_word' id='word_1_29' title='bbox 1092 1049 1308 1113; x_wconf 89' lang='lat' dir='ltr'><strong>mirum,</strong></span> <span class='ocrx_word' id='word_1_30' title='bbox 1342 1048 1386 1101; x_wconf 87' lang='lat' dir='ltr'><strong>si</strong></span> <span class='ocrx_word' id='word_1_31' title='bbox 1417 1048 1649 1103; x_wconf 89' lang='lat' dir='ltr'><strong>mundus</strong></span> <span class='ocrx_word' id='word_1_32' title='bbox 1694 1049 1780 1105; x_wconf 89' lang='lat' dir='ltr'><strong>hic</strong></span> <span class='ocrx_word' id='word_1_33' title='bbox 1803 1051 1923 1120; x_wconf 75' lang='lat' dir='ltr'><strong>igne</strong></span> 
     </span>
    </p>
   </div>
   <div class='ocr_carea' id='block_1_8' title="bbox 752 1139 1925 1213">
    <p class='ocr_par' dir='ltr' id='par_1_8' title="bbox 752 1139 1925 1213">
     <span class='ocr_line' id='line_1_8' title="bbox 752 1139 1925 1213; baseline 0.003 -19"><span class='ocrx_word' id='word_1_34' title='bbox 752 1139 970 1194; x_wconf 86' lang='lat' dir='ltr'><strong>tandem</strong></span> <span class='ocrx_word' id='word_1_35' title='bbox 1009 1139 1077 1194; x_wconf 90' lang='lat' dir='ltr'><strong>sit</strong></span> <span class='ocrx_word' id='word_1_36' title='bbox 1110 1141 1475 1196; x_wconf 85' lang='lat' dir='ltr'><strong>absumendus</strong></span> <span class='ocrx_word' id='word_1_37' title='bbox 1499 1157 1514 1198; x_wconf 90' lang='lat'>:</span> <span class='ocrx_word' id='word_1_38' title='bbox 1539 1144 1717 1196; x_wconf 80' lang='lat' dir='ltr'><strong>omnia</strong></span> <span class='ocrx_word' id='word_1_39' title='bbox 1758 1145 1925 1213; x_wconf 85' lang='lat' dir='ltr'><strong>siqui-</strong></span> 
     </span>
    </p>
   </div>
   <div class='ocr_carea' id='block_1_9' title="bbox 753 1233 1922 1303">
    <p class='ocr_par' dir='ltr' id='par_1_9' title="bbox 753 1233 1922 1303">
     <span class='ocr_line' id='line_1_9' title="bbox 753 1233 1922 1303; baseline 0.004 -16"><span class='ocrx_word' id='word_1_40' title='bbox 753 1233 874 1288; x_wconf 88' lang='lat' dir='ltr'><strong>dem</strong></span> <span class='ocrx_word' id='word_1_41' title='bbox 903 1249 1022 1303; x_wconf 68' lang='lat' dir='ltr'><strong>quae</strong></span> <span class='ocrx_word' id='word_1_42' title='bbox 1071 1234 1276 1288; x_wconf 89' lang='lat' dir='ltr'><strong>initium</strong></span> <span class='ocrx_word' id='word_1_43' title='bbox 1297 1275 1311 1299; x_wconf 94' lang='lat'><strong>,</strong></span> <span class='ocrx_word' id='word_1_44' title='bbox 1339 1236 1526 1290; x_wconf 90' lang='lat' dir='ltr'><strong>eadem</strong></span> <span class='ocrx_word' id='word_1_45' title='bbox 1554 1248 1607 1291; x_wconf 89' lang='lat' dir='ltr'><strong>et</strong></span> <span class='ocrx_word' id='word_1_46' title='bbox 1636 1236 1793 1290; x_wconf 86' lang='lat' dir='ltr'><strong>finem</strong></span> <span class='ocrx_word' id='word_1_47' title='bbox 1825 1237 1922 1292; x_wconf 89' lang='lat' dir='ltr'><strong>ha-</strong></span> 
     </span>
    </p>
   </div>
   <div class='ocr_carea' id='block_1_10' title="bbox 757 1323 1922 1394">
    <p class='ocr_par' dir='ltr' id='par_1_10' title="bbox 757 1323 1922 1394">
     <span class='ocr_line' id='line_1_10' title="bbox 757 1323 1922 1394; baseline 0.003 -14"><span class='ocrx_word' id='word_1_48' title='bbox 757 1325 904 1380; x_wconf 86' lang='lat' dir='ltr'><strong>bent.</strong></span> <span class='ocrx_word' id='word_1_49' title='bbox 937 1323 1122 1394; x_wconf 80' lang='lat' dir='ltr'><strong>Neque</strong></span> <span class='ocrx_word' id='word_1_50' title='bbox 1152 1342 1180 1378; x_wconf 86' lang='lat' dir='ltr'><strong>a</strong></span> <span class='ocrx_word' id='word_1_51' title='bbox 1212 1329 1476 1382; x_wconf 86' lang='lat' dir='ltr'><strong>sententia</strong></span> <span class='ocrx_word' id='word_1_52' title='bbox 1517 1327 1582 1382; x_wconf 89' lang='lat' dir='ltr'><strong>de</strong></span> <span class='ocrx_word' id='word_1_53' title='bbox 1630 1329 1811 1382; x_wconf 92' lang='lat' dir='ltr'><strong>mundi</strong></span> <span class='ocrx_word' id='word_1_54' title='bbox 1843 1330 1922 1383; x_wconf 85' lang='lat' dir='ltr'><strong>in-</strong></span> 
     </span>
    </p>
   </div>
   <div class='ocr_carea' id='block_1_11' title="bbox 752 1418 1918 1492">
    <p class='ocr_par' dir='ltr' id='par_1_11' title="bbox 752 1418 1918 1492">
     <span class='ocr_line' id='line_1_11' title="bbox 752 1418 1918 1492; baseline 0.005 -19"><span class='ocrx_word' id='word_1_55' title='bbox 752 1418 948 1473; x_wconf 87' lang='lat' dir='ltr'><strong>cendio</strong></span> <span class='ocrx_word' id='word_1_56' title='bbox 989 1419 1286 1474; x_wconf 76' lang='lat' dir='ltr'><strong>abhorrent</strong></span> <span class='ocrx_word' id='word_1_57' title='bbox 1338 1421 1542 1491; x_wconf 92' lang='lat' dir='ltr'><strong>antiqui</strong></span> <span class='ocrx_word' id='word_1_58' title='bbox 1595 1422 1918 1492; x_wconf 86' lang='lat' dir='ltr'><strong>philosophi.</strong></span> 
     </span>
    </p>
   </div>
   <div class='ocr_carea' id='block_1_12' title="bbox 749 1509 1921 1584">
    <p class='ocr_par' dir='ltr' id='par_1_12' title="bbox 749 1509 1921 1584">
     <span class='ocr_line' id='line_1_12' title="bbox 749 1509 1921 1584; baseline 0.006 -18"><span class='ocrx_word' id='word_1_59' title='bbox 749 1509 975 1566; x_wconf 86' lang='lat' dir='ltr'><strong>Constat</strong></span> <span class='ocrx_word' id='word_1_60' title='bbox 1023 1523 1200 1567; x_wconf 76' lang='lat' dir='ltr'><strong>tamen</strong></span> <span class='ocrx_word' id='word_1_61' title='bbox 1234 1514 1399 1568; x_wconf 91' lang='lat' dir='ltr'><strong>Deum</strong></span> <span class='ocrx_word' id='word_1_62' title='bbox 1451 1531 1610 1584; x_wconf 81' lang='lat' dir='ltr'><strong>posse</strong></span> <span class='ocrx_word' id='word_1_63' title='bbox 1652 1517 1921 1572; x_wconf 85' lang='lat' dir='ltr'><strong>hominem</strong></span> 
     </span>
    </p>
   </div>
   <div class='ocr_carea' id='block_1_13' title="bbox 744 1605 1915 1674">
    <p class='ocr_par' dir='ltr' id='par_1_13' title="bbox 744 1605 1915 1674">
     <span class='ocr_line' id='line_1_13' title="bbox 744 1605 1915 1674; baseline 0.005 -16"><span class='ocrx_word' id='word_1_64' title='bbox 744 1620 904 1674; x_wconf 88' lang='lat' dir='ltr'><strong>quem</strong></span> <span class='ocrx_word' id='word_1_65' title='bbox 946 1621 1010 1659; x_wconf 82' lang='lat' dir='ltr'><strong>ex</strong></span> <span class='ocrx_word' id='word_1_66' title='bbox 1044 1605 1213 1659; x_wconf 81' lang='lat' dir='ltr'><strong>nihilo</strong></span> <span class='ocrx_word' id='word_1_67' title='bbox 1243 1605 1396 1660; x_wconf 74' lang='lat' dir='ltr'><strong>finxit</strong></span> <span class='ocrx_word' id='word_1_68' title='bbox 1419 1648 1433 1670; x_wconf 92' lang='lat'><strong>,</strong></span> <span class='ocrx_word' id='word_1_69' title='bbox 1477 1623 1542 1662; x_wconf 82' lang='lat' dir='ltr'><strong>ex</strong></span> <span class='ocrx_word' id='word_1_70' title='bbox 1574 1619 1744 1663; x_wconf 90' lang='lat' dir='ltr'><strong>morte</strong></span> <span class='ocrx_word' id='word_1_71' title='bbox 1769 1611 1915 1665; x_wconf 89' lang='lat' dir='ltr'><strong>exci-</strong></span> 
     </span>
    </p>
   </div>
   <div class='ocr_carea' id='block_1_14' title="bbox 754 1696 1916 1754">
    <p class='ocr_par' dir='ltr' id='par_1_14' title="bbox 754 1696 1916 1754">
     <span class='ocr_line' id='line_1_14' title="bbox 754 1696 1916 1754; baseline 0.005 -6"><span class='ocrx_word' id='word_1_72' title='bbox 754 1704 868 1750; x_wconf 87' lang='lat' dir='ltr'><strong>tare</strong></span> <span class='ocrx_word' id='word_1_73' title='bbox 910 1696 974 1749; x_wconf 89' lang='lat' dir='ltr'><strong>ad</strong></span> <span class='ocrx_word' id='word_1_74' title='bbox 1005 1698 1188 1750; x_wconf 86' lang='lat' dir='ltr'><strong>vitam.</strong></span> <span class='ocrx_word' id='word_1_75' title='bbox 1221 1697 1692 1753; x_wconf 81' lang='lat' dir='ltr'><strong>Resurrectionem</strong></span> <span class='ocrx_word' id='word_1_76' title='bbox 1735 1710 1916 1754; x_wconf 85' lang='lat' dir='ltr'><strong>autem</strong></span> 
     </span>
    </p>
   </div>
   <div class='ocr_carea' id='block_1_15' title="bbox 748 1785 1916 1846">
    <p class='ocr_par' dir='ltr' id='par_1_15' title="bbox 748 1785 1916 1846">
     <span class='ocr_line' id='line_1_15' title="bbox 748 1785 1916 1846; baseline 0.005 -6"><span class='ocrx_word' id='word_1_77' title='bbox 748 1785 984 1842; x_wconf 85' lang='lat' dir='ltr'><strong>futuram</strong></span> <span class='ocrx_word' id='word_1_78' title='bbox 1020 1788 1198 1843; x_wconf 89' lang='lat' dir='ltr'><strong>omnis</strong></span> <span class='ocrx_word' id='word_1_79' title='bbox 1223 1798 1415 1843; x_wconf 84' lang='lat' dir='ltr'><strong>natura</strong></span> <span class='ocrx_word' id='word_1_80' title='bbox 1448 1789 1757 1844; x_wconf 70' lang='lat' dir='ltr'><strong>meditatur.</strong></span> <span class='ocrx_word' id='word_1_81' title='bbox 1809 1791 1916 1846; x_wconf 70' lang='lat' dir='ltr'><strong>5M</strong></span> 
     </span>
    </p>
   </div>
   <div class='ocr_carea' id='block_1_16' title="bbox 315 1877 1996 1954">
    <p class='ocr_par' dir='ltr' id='par_1_16' title="bbox 315 1877 1996 1954">
     <span class='ocr_line' id='line_1_16' title="bbox 315 1877 1996 1954; baseline 0.003 -19"><span class='ocrx_word' id='word_1_82' title='bbox 315 1877 451 1936; x_wconf 72' lang='lat' dir='ltr'><strong>CAP.</strong></span> <span class='ocrx_word' id='word_1_83' title='bbox 471 1877 684 1935; x_wconf 81' lang='lat' dir='ltr'><strong>XXXV.</strong></span> <span class='ocrx_word' id='word_1_84' title='bbox 702 1878 951 1936; x_wconf 74' lang='lat' dir='ltr'><strong>Ostendit</strong></span> <span class='ocrx_word' id='word_1_85' title='bbox 975 1881 1172 1937; x_wconf 87' lang='lat' dir='ltr'><strong>deinde</strong></span> <span class='ocrx_word' id='word_1_86' title='bbox 1193 1883 1446 1939; x_wconf 75' lang='lat' dir='ltr'><strong>Octavius</strong></span> <span class='ocrx_word' id='word_1_87' title='bbox 1463 1927 1477 1947; x_wconf 86' lang='lat'><strong>,</strong></span> <span class='ocrx_word' id='word_1_88' title='bbox 1498 1885 1672 1954; x_wconf 83' lang='lat' dir='ltr'><strong>justos</strong></span> <span class='ocrx_word' id='word_1_89' title='bbox 1698 1888 1920 1954; x_wconf 88' lang='lat' dir='ltr'><strong>piosque</strong></span> <span class='ocrx_word' id='word_1_90' title='bbox 1949 1885 1996 1947; x_wconf 93' lang='lat' dir='ltr'><strong>B</strong></span> 
     </span>
    </p>
   </div>
   <div class='ocr_carea' id='block_1_17' title="bbox 755 1975 1918 2046">
    <p class='ocr_par' dir='ltr' id='par_1_17' title="bbox 755 1975 1918 2046">
     <span class='ocr_line' id='line_1_17' title="bbox 755 1975 1918 2046; baseline 0.005 -18"><span class='ocrx_word' id='word_1_91' title='bbox 755 1975 1000 2030; x_wconf 77' lang='lat' dir='ltr'><strong>homines</strong></span> <span class='ocrx_word' id='word_1_92' title='bbox 1028 1979 1354 2046; x_wconf 89' lang='lat' dir='ltr'><strong>sempiterna</strong></span> <span class='ocrx_word' id='word_1_93' title='bbox 1404 1977 1657 2033; x_wconf 72' lang='lat' dir='ltr'><strong>felicitate</strong></span> <span class='ocrx_word' id='word_1_94' title='bbox 1704 1979 1918 2034; x_wconf 90' lang='lat' dir='ltr'><strong>donan-</strong></span> 
     </span>
    </p>
   </div>
   <div class='ocr_carea' id='block_1_18' title="bbox 744 2067 1920 2140">
    <p class='ocr_par' dir='ltr' id='par_1_18' title="bbox 744 2067 1920 2140">
     <span class='ocr_line' id='line_1_18' title="bbox 744 2067 1920 2140; baseline 0.004 -17"><span class='ocrx_word' id='word_1_95' title='bbox 744 2067 844 2123; x_wconf 89' lang='lat' dir='ltr'><strong>dos</strong></span> <span class='ocrx_word' id='word_1_96' title='bbox 884 2069 1158 2138; x_wconf 85' lang='lat' dir='ltr'><strong>:injustos</strong></span> <span class='ocrx_word' id='word_1_97' title='bbox 1206 2086 1335 2126; x_wconf 88' lang='lat' dir='ltr'><strong>vero</strong></span> <span class='ocrx_word' id='word_1_98' title='bbox 1386 2073 1558 2140; x_wconf 71' lang='lat' dir='ltr'><strong>pmnis</strong></span> <span class='ocrx_word' id='word_1_99' title='bbox 1605 2070 1920 2128; x_wconf 80' lang='lat' dir='ltr'><strong>afficiendos</strong></span> 
     </span>
    </p>
   </div>
   <div class='ocr_carea' id='block_1_19' title="bbox 755 2164 1922 2220">
    <p class='ocr_par' dir='ltr' id='par_1_19' title="bbox 755 2164 1922 2220">
     <span class='ocr_line' id='line_1_19' title="bbox 755 2164 1922 2220; baseline 0.002 -2"><span class='ocrx_word' id='word_1_100' title='bbox 755 2165 995 2220; x_wconf 65' lang='lat' dir='ltr'><strong>aeternis.</strong></span> <span class='ocrx_word' id='word_1_101' title='bbox 1051 2164 1184 2218; x_wconf 91' lang='lat' dir='ltr'><strong>Tum</strong></span> <span class='ocrx_word' id='word_1_102' title='bbox 1234 2165 1536 2220; x_wconf 89' lang='lat' dir='ltr'><strong>luculenter</strong></span> <span class='ocrx_word' id='word_1_103' title='bbox 1582 2166 1922 2220; x_wconf 80' lang='lat' dir='ltr'><strong>demonstrat</strong></span> 
     </span>
    </p>
   </div>
   <div class='ocr_carea' id='block_1_20' title="bbox 745 2257 1920 2313">
    <p class='ocr_par' dir='ltr' id='par_1_20' title="bbox 745 2257 1920 2313">
     <span class='ocr_line' id='line_1_20' title="bbox 745 2257 1920 2313; baseline 0 -1"><span class='ocrx_word' id='word_1_104' title='bbox 745 2259 918 2312; x_wconf 89' lang='lat' dir='ltr'><strong>multo</strong></span> <span class='ocrx_word' id='word_1_105' title='bbox 972 2258 1271 2312; x_wconf 88' lang='lat' dir='ltr'><strong>sanctiores</strong></span> <span class='ocrx_word' id='word_1_106' title='bbox 1319 2273 1440 2313; x_wconf 71' lang='lat' dir='ltr'><strong>esse</strong></span> <span class='ocrx_word' id='word_1_107' title='bbox 1488 2257 1920 2313; x_wconf 86' lang='lat' dir='ltr'><strong>Christianorum</strong></span> 
     </span>
    </p>
   </div>
   <div class='ocr_carea' id='block_1_21' title="bbox 749 2350 1922 2420">
    <p class='ocr_par' dir='ltr' id='par_1_21' title="bbox 749 2350 1922 2420">
     <span class='ocr_line' id='line_1_21' title="bbox 749 2350 1922 2420; baseline 0.003 -16"><span class='ocrx_word' id='word_1_108' title='bbox 749 2365 930 2406; x_wconf 89' lang='lat' dir='ltr'><strong>mores</strong></span> <span class='ocrx_word' id='word_1_109' title='bbox 945 2391 958 2414; x_wconf 89' lang='lat'><strong>,</strong></span> <span class='ocrx_word' id='word_1_110' title='bbox 991 2366 1146 2420; x_wconf 89' lang='lat' dir='ltr'><strong>quam</strong></span> <span class='ocrx_word' id='word_1_111' title='bbox 1178 2351 1534 2406; x_wconf 79' lang='lat' dir='ltr'><strong>ethnicorum.</strong></span> <span class='ocrx_word' id='word_1_112' title='bbox 1816 2350 1922 2407; x_wconf 74' lang='grc'><strong>548</strong></span> 
     </span>
    </p>
   </div>
   <div class='ocr_carea' id='block_1_22' title="bbox 316 2444 1924 2515">
    <p class='ocr_par' dir='ltr' id='par_1_22' title="bbox 316 2444 1924 2515">
     <span class='ocr_line' id='line_1_22' title="bbox 316 2444 1924 2515; baseline -0.004 -9"><span class='ocrx_word' id='word_1_113' title='bbox 316 2446 700 2506; x_wconf 68' lang='grc' dir='ltr'><strong>ῦΑν.ΧΧΧΥΙ.</strong></span> <span class='ocrx_word' id='word_1_114' title='bbox 731 2445 843 2502; x_wconf 86' lang='lat' dir='ltr'><strong>Nec</strong></span> <span class='ocrx_word' id='word_1_115' title='bbox 871 2445 1046 2500; x_wconf 84' lang='lat' dir='ltr'><strong>minus</strong></span> <span class='ocrx_word' id='word_1_116' title='bbox 1072 2446 1357 2515; x_wconf 81' lang='lat' dir='ltr'><strong>perspicue</strong></span> <span class='ocrx_word' id='word_1_117' title='bbox 1385 2446 1543 2500; x_wconf 86' lang='lat' dir='ltr'><strong>docet</strong></span> <span class='ocrx_word' id='word_1_118' title='bbox 1597 2446 1762 2500; x_wconf 87' lang='lat' dir='ltr'><strong>fatum</strong></span> <span class='ocrx_word' id='word_1_119' title='bbox 1792 2444 1924 2499; x_wconf 85' lang='lat' dir='ltr'><strong>nihil</strong></span> 
     </span>
    </p>
   </div>
   <div class='ocr_carea' id='block_1_23' title="bbox 745 2537 1920 2609">
    <p class='ocr_par' dir='ltr' id='par_1_23' title="bbox 745 2537 1920 2609">
     <span class='ocr_line' id='line_1_23' title="bbox 745 2537 1920 2609; baseline -0.002 -16"><span class='ocrx_word' id='word_1_120' title='bbox 745 2538 888 2593; x_wconf 86' lang='lat' dir='ltr'><strong>aliud</strong></span> <span class='ocrx_word' id='word_1_121' title='bbox 919 2553 1041 2593; x_wconf 86' lang='lat' dir='ltr'><strong>esse</strong></span> <span class='ocrx_word' id='word_1_122' title='bbox 1085 2554 1245 2608; x_wconf 86' lang='lat' dir='ltr'><strong>quam</strong></span> <span class='ocrx_word' id='word_1_123' title='bbox 1293 2538 1435 2609; x_wconf 89' lang='lat' dir='ltr'><strong>quod</strong></span> <span class='ocrx_word' id='word_1_124' title='bbox 1477 2538 1616 2592; x_wconf 86' lang='lat' dir='ltr'><strong>fatus</strong></span> <span class='ocrx_word' id='word_1_125' title='bbox 1642 2546 1725 2592; x_wconf 88' lang='lat' dir='ltr'><strong>est</strong></span> <span class='ocrx_word' id='word_1_126' title='bbox 1754 2537 1920 2591; x_wconf 85' lang='lat' dir='ltr'><strong>Deus.</strong></span> 
     </span>
    </p>
   </div>
   <div class='ocr_carea' id='block_1_24' title="bbox 745 2631 1921 2696">
    <p class='ocr_par' dir='ltr' id='par_1_24' title="bbox 745 2631 1921 2696">
     <span class='ocr_line' id='line_1_24' title="bbox 745 2631 1921 2696; baseline -0.002 -9"><span class='ocrx_word' id='word_1_127' title='bbox 745 2631 897 2687; x_wconf 79' lang='lat' dir='ltr'><strong>Mens</strong></span> <span class='ocrx_word' id='word_1_128' title='bbox 924 2632 1091 2686; x_wconf 83' lang='lat' dir='ltr'><strong>libera</strong></span> <span class='ocrx_word' id='word_1_129' title='bbox 1115 2642 1196 2686; x_wconf 92' lang='lat' dir='ltr'><strong>est</strong></span> <span class='ocrx_word' id='word_1_130' title='bbox 1222 2650 1234 2684; x_wconf 91' lang='lat'>:</span> <span class='ocrx_word' id='word_1_131' title='bbox 1261 2642 1314 2684; x_wconf 91' lang='lat' dir='ltr'><strong>et</strong></span> <span class='ocrx_word' id='word_1_132' title='bbox 1344 2631 1462 2685; x_wconf 83' lang='lat' dir='ltr'><strong>ideo</strong></span> <span class='ocrx_word' id='word_1_133' title='bbox 1493 2643 1642 2686; x_wconf 87' lang='lat' dir='ltr'><strong>aetns</strong></span> <span class='ocrx_word' id='word_1_134' title='bbox 1666 2631 1921 2696; x_wconf 86' lang='lat' dir='ltr'><strong>hominis,</strong></span> 
     </span>
    </p>
   </div>
   <div class='ocr_carea' id='block_1_25' title="bbox 751 2722 1924 2792">
    <p class='ocr_par' dir='ltr' id='par_1_25' title="bbox 751 2722 1924 2792">
     <span class='ocr_line' id='line_1_25' title="bbox 751 2722 1924 2792; baseline -0.003 -13"><span class='ocrx_word' id='word_1_135' title='bbox 751 2739 860 2779; x_wconf 92' lang='lat' dir='ltr'><strong>non</strong></span> <span class='ocrx_word' id='word_1_136' title='bbox 889 2725 1140 2778; x_wconf 88' lang='lat' dir='ltr'><strong>nativitas</strong></span> <span class='ocrx_word' id='word_1_137' title='bbox 1175 2723 1468 2792; x_wconf 70' lang='lat' dir='ltr'><strong>iudicatur.</strong></span> <span class='ocrx_word' id='word_1_138' title='bbox 1520 2722 1767 2777; x_wconf 72' lang='lat' dir='ltr'><strong>Posthmc</strong></span> <span class='ocrx_word' id='word_1_139' title='bbox 1809 2738 1924 2776; x_wconf 90' lang='lat' dir='ltr'><strong>ma-</strong></span> 
     </span>
    </p>
   </div>
   <div class='ocr_carea' id='block_1_26' title="bbox 750 2816 1927 2886">
    <p class='ocr_par' dir='ltr' id='par_1_26' title="bbox 750 2816 1927 2886">
     <span class='ocr_line' id='line_1_26' title="bbox 750 2816 1927 2886; baseline -0.002 -14"><span class='ocrx_word' id='word_1_140' title='bbox 750 2817 1158 2873; x_wconf 88' lang='lat' dir='ltr'><strong>nifestissimum</strong></span> <span class='ocrx_word' id='word_1_141' title='bbox 1182 2818 1339 2882; x_wconf 64' lang='lat' dir='ltr'><strong>lavit,</strong></span> <span class='ocrx_word' id='word_1_142' title='bbox 1371 2819 1747 2886; x_wconf 82' lang='lat' dir='ltr'><strong>exprobratam</strong></span> <span class='ocrx_word' id='word_1_143' title='bbox 1771 2816 1927 2871; x_wconf 85' lang='lat' dir='ltr'><strong>Chri-</strong></span> 
     </span>
    </p>
   </div>
   <div class='ocr_carea' id='block_1_27' title="bbox 748 2909 1922 2980">
    <p class='ocr_par' dir='ltr' id='par_1_27' title="bbox 748 2909 1922 2980">
     <span class='ocr_line' id='line_1_27' title="bbox 748 2909 1922 2980; baseline -0.003 -13"><span class='ocrx_word' id='word_1_144' title='bbox 748 2912 940 2967; x_wconf 80' lang='lat' dir='ltr'><strong>stianis</strong></span> <span class='ocrx_word' id='word_1_145' title='bbox 981 2911 1314 2980; x_wconf 80' lang='lat' dir='ltr'><strong>pauperiem,</strong></span> <span class='ocrx_word' id='word_1_146' title='bbox 1346 2926 1451 2964; x_wconf 89' lang='lat' dir='ltr'><strong>non</strong></span> <span class='ocrx_word' id='word_1_147' title='bbox 1486 2909 1756 2963; x_wconf 79' lang='lat' dir='ltr'><strong>infamiam</strong></span> <span class='ocrx_word' id='word_1_148' title='bbox 1779 2923 1922 2974; x_wconf 86' lang='lat' dir='ltr'><strong>esse,</strong></span> 
     </span>
    </p>
   </div>
   <div class='ocr_carea' id='block_1_28' title="bbox 757 3001 1926 3074">
    <p class='ocr_par' dir='ltr' id='par_1_28' title="bbox 757 3001 1926 3074">
     <span class='ocr_line' id='line_1_28' title="bbox 757 3001 1926 3074; baseline -0.003 -15"><span class='ocrx_word' id='word_1_149' title='bbox 757 3003 853 3059; x_wconf 86' lang='lat' dir='ltr'><strong>sed</strong></span> <span class='ocrx_word' id='word_1_150' title='bbox 882 3005 1150 3074; x_wconf 75' lang='lat' dir='ltr'><strong>gloriam:</strong></span> <span class='ocrx_word' id='word_1_151' title='bbox 1185 3014 1239 3058; x_wconf 87' lang='lat' dir='ltr'><strong>et</strong></span> <span class='ocrx_word' id='word_1_152' title='bbox 1292 3005 1435 3072; x_wconf 91' lang='lat' dir='ltr'><strong>quod</strong></span> <span class='ocrx_word' id='word_1_153' title='bbox 1489 3002 1732 3072; x_wconf 84' lang='lat' dir='ltr'><strong>corp0iis</strong></span> <span class='ocrx_word' id='word_1_154' title='bbox 1785 3001 1926 3055; x_wconf 83' lang='lat' dir='ltr'><strong>mala</strong></span> 
     </span>
    </p>
   </div>
   <div class='ocr_carea' id='block_1_29' title="bbox 681 3093 1925 3168">
    <p class='ocr_par' dir='ltr' id='par_1_29' title="bbox 681 3093 1925 3168">
     <span class='ocr_line' id='line_1_29' title="bbox 681 3093 1925 3168; baseline -0.004 -17"><span class='ocrx_word' id='word_1_155' title='bbox 681 3095 698 3111; x_wconf 88' lang='lat'>‘</span> <span class='ocrx_word' id='word_1_156' title='bbox 757 3097 1047 3168; x_wconf 80' lang='lat' dir='ltr'><strong>patiantur,</strong></span> <span class='ocrx_word' id='word_1_157' title='bbox 1086 3110 1192 3150; x_wconf 90' lang='lat' dir='ltr'><strong>non</strong></span> <span class='ocrx_word' id='word_1_158' title='bbox 1223 3110 1344 3151; x_wconf 87' lang='lat' dir='ltr'><strong>esse</strong></span> <span class='ocrx_word' id='word_1_159' title='bbox 1369 3109 1582 3165; x_wconf 73' lang='lat' dir='ltr'><strong>poenam</strong></span> <span class='ocrx_word' id='word_1_160' title='bbox 1607 3135 1624 3161; x_wconf 93' lang='lat'><strong>,</strong></span> <span class='ocrx_word' id='word_1_161' title='bbox 1676 3093 1771 3149; x_wconf 89' lang='lat' dir='ltr'><strong>sed</strong></span> <span class='ocrx_word' id='word_1_162' title='bbox 1823 3093 1925 3146; x_wconf 89' lang='lat' dir='ltr'><strong>mi-</strong></span> 
     </span>
    </p>
   </div>
   <div class='ocr_carea' id='block_1_30' title="bbox 757 3185 1920 3245">
    <p class='ocr_par' dir='ltr' id='par_1_30' title="bbox 757 3185 1920 3245">
     <span class='ocr_line' id='line_1_30' title="bbox 757 3185 1920 3245; baseline -0.003 -2"><span class='ocrx_word' id='word_1_163' title='bbox 757 3191 947 3245; x_wconf 88' lang='lat' dir='ltr'><strong>litiam.</strong></span> <span class='ocrx_word' id='word_1_164' title='bbox 1812 3185 1920 3241; x_wconf 56' lang='lat'><strong>3.30</strong></span> 
     </span>
    </p>
   </div>
   <div class='ocr_carea' id='block_1_31' title="bbox 322 3274 1996 3352">
    <p class='ocr_par' dir='ltr' id='par_1_31' title="bbox 322 3274 1996 3352">
     <span class='ocr_line' id='line_1_31' title="bbox 322 3274 1996 3352; baseline -0.01 -7"><span class='ocrx_word' id='word_1_165' title='bbox 322 3283 908 3352; x_wconf 65' lang='lat' dir='ltr'><strong>Car.XXXVlI.Digna</strong></span> <span class='ocrx_word' id='word_1_166' title='bbox 941 3282 1052 3335; x_wconf 91' lang='lat' dir='ltr'><strong>Deo</strong></span> <span class='ocrx_word' id='word_1_167' title='bbox 1073 3281 1376 3350; x_wconf 87' lang='lat' dir='ltr'><strong>spectacula</strong></span> <span class='ocrx_word' id='word_1_168' title='bbox 1409 3288 1560 3345; x_wconf 88' lang='lat' dir='ltr'><strong>sunt,</strong></span> <span class='ocrx_word' id='word_1_169' title='bbox 1594 3293 1692 3348; x_wconf 92' lang='lat' dir='ltr'><strong>pro</strong></span> <span class='ocrx_word' id='word_1_170' title='bbox 1719 3274 1923 3331; x_wconf 83' lang='lat' dir='ltr'><strong>Christi</strong></span> <span class='ocrx_word' id='word_1_171' title='bbox 1951 3275 1996 3338; x_wconf 85' lang='lat' dir='ltr'><strong>C</strong></span> 
     </span>
    </p>
   </div>
   <div class='ocr_carea' id='block_1_32' title="bbox 792 3371 1928 3444">
    <p class='ocr_par' dir='ltr' id='par_1_32' title="bbox 792 3371 1928 3444">
     <span class='ocr_line' id='line_1_32' title="bbox 792 3371 1928 3444; baseline -0.006 -15"><span class='ocrx_word' id='word_1_172' title='bbox 792 3374 1138 3430; x_wconf 83' lang='lat' dir='ltr'><strong>con‘essione</strong></span> <span class='ocrx_word' id='word_1_173' title='bbox 1175 3373 1510 3444; x_wconf 84' lang='lat' dir='ltr'><strong>iniquissime</strong></span> <span class='ocrx_word' id='word_1_174' title='bbox 1568 3371 1750 3425; x_wconf 82' lang='lat' dir='ltr'><strong>inﬂicti</strong></span> <span class='ocrx_word' id='word_1_175' title='bbox 1803 3385 1928 3424; x_wconf 90' lang='lat' dir='ltr'><strong>crn-</strong></span> 
     </span>
    </p>
   </div>
   <div class='ocr_carea' id='block_1_33' title="bbox 789 3462 1931 3536">
    <p class='ocr_par' dir='ltr' id='par_1_33' title="bbox 789 3462 1931 3536">
     <span class='ocr_line' id='line_1_33' title="bbox 789 3462 1931 3536; baseline -0.007 -15"><span class='ocrx_word' id='word_1_176' title='bbox 789 3467 986 3522; x_wconf 90' lang='lat' dir='ltr'><strong>ciatus.</strong></span> <span class='ocrx_word' id='word_1_177' title='bbox 1016 3465 1172 3532; x_wconf 89' lang='lat' dir='ltr'><strong>Quod</strong></span> <span class='ocrx_word' id='word_1_178' title='bbox 1215 3467 1430 3536; x_wconf 85' lang='lat' dir='ltr'><strong>quidem</strong></span> <span class='ocrx_word' id='word_1_179' title='bbox 1471 3464 1726 3518; x_wconf 75' lang='lat' dir='ltr'><strong>Oetavius</strong></span> <span class='ocrx_word' id='word_1_180' title='bbox 1780 3462 1931 3519; x_wconf 89' lang='lat' dir='ltr'><strong>lucu-</strong></span> 
     </span>
    </p>
   </div>
   <div class='ocr_carea' id='block_1_34' title="bbox 783 3555 1931 3625">
    <p class='ocr_par' dir='ltr' id='par_1_34' title="bbox 783 3555 1931 3625">
     <span class='ocr_line' id='line_1_34' title="bbox 783 3555 1931 3625; baseline -0.005 -11"><span class='ocrx_word' id='word_1_181' title='bbox 783 3559 956 3614; x_wconf 89' lang='lat' dir='ltr'><strong>lenter</strong></span> <span class='ocrx_word' id='word_1_182' title='bbox 984 3559 1239 3625; x_wconf 88' lang='lat' dir='ltr'><strong>ostendit,</strong></span> <span class='ocrx_word' id='word_1_183' title='bbox 1272 3557 1673 3625; x_wconf 84' lang='lat' dir='ltr'><strong>comparatione</strong></span> <span class='ocrx_word' id='word_1_184' title='bbox 1705 3555 1931 3609; x_wconf 84' lang='lat' dir='ltr'><strong>fortissi-</strong></span> 
     </span>
    </p>
   </div>
   <div class='ocr_carea' id='block_1_35' title="bbox 787 3650 1929 3721">
    <p class='ocr_par' dir='ltr' id='par_1_35' title="bbox 787 3650 1929 3721">
     <span class='ocr_line' id='line_1_35' title="bbox 787 3650 1929 3721; baseline -0.004 -14"><span class='ocrx_word' id='word_1_185' title='bbox 787 3665 999 3707; x_wconf 74' lang='lat' dir='ltr'><strong>marum</strong></span> <span class='ocrx_word' id='word_1_186' title='bbox 1046 3651 1404 3721; x_wconf 87' lang='lat' dir='ltr'><strong>quorumdam</strong></span> <span class='ocrx_word' id='word_1_187' title='bbox 1435 3650 1774 3705; x_wconf 74' lang='lat' dir='ltr'><strong>ellllliCtlrUIll</strong></span> <span class='ocrx_word' id='word_1_188' title='bbox 1808 3662 1929 3702; x_wconf 83' lang='lat' dir='ltr'><strong>eum</strong></span> 
     </span>
    </p>
   </div>
   <div class='ocr_carea' id='block_1_36' title="bbox 791 3738 1932 3810">
    <p class='ocr_par' dir='ltr' id='par_1_36' title="bbox 791 3738 1932 3810">
     <span class='ocr_line' id='line_1_36' title="bbox 791 3738 1932 3810; baseline -0.005 -12"><span class='ocrx_word' id='word_1_189' title='bbox 791 3744 994 3798; x_wconf 84' lang='lat' dir='ltr'><strong>sanctis</strong></span> <span class='ocrx_word' id='word_1_190' title='bbox 1045 3741 1370 3810; x_wconf 84' lang='lat' dir='ltr'><strong>martyribus</strong></span> <span class='ocrx_word' id='word_1_191' title='bbox 1399 3741 1664 3796; x_wconf 86' lang='lat' dir='ltr'><strong>instituta.</strong></span> <span class='ocrx_word' id='word_1_192' title='bbox 1707 3738 1932 3809; x_wconf 85' lang='lat' dir='ltr'><strong>Specta-</strong></span> 
     </span>
    </p>
   </div>
   <div class='ocr_carea' id='block_1_37' title="bbox 1080 373 2882 433">
    <p class='ocr_par' dir='ltr' id='par_1_37' title="bbox 1080 373 2882 433">
     <span class='ocr_line' id='line_1_37' title="bbox 1080 373 2882 433; baseline 0 -4"><span class='ocrx_word' id='word_1_193' title='bbox 1080 373 1288 433; x_wconf 70' lang='lat' dir='ltr'><strong>LUCE</strong></span> <span class='ocrx_word' id='word_1_194' title='bbox 1330 374 1695 432; x_wconf 81' lang='lat' dir='ltr'><strong>HOLSTENII</strong></span> <span class='ocrx_word' id='word_1_195' title='bbox 1735 374 2075 433; x_wconf 81' lang='lat' dir='ltr'><strong>EPISTOLA</strong></span> <span class='ocrx_word' id='word_1_196' title='bbox 2133 374 2223 432; x_wconf 88' lang='lat' dir='ltr'><strong>DE</strong></span> <span class='ocrx_word' id='word_1_197' title='bbox 2262 374 2586 433; x_wconf 76' lang='lat' dir='ltr'><strong>V’ERUBUS</strong></span> <span class='ocrx_word' id='word_1_198' title='bbox 2626 373 2882 432; x_wconf 66' lang='lat' dir='ltr'><strong>DlANjE.</strong></span> 
     </span>
    </p>
   </div>
   <div class='ocr_carea' id='block_1_38' title="bbox 323 493 2000 656">
    <p class='ocr_par' dir='ltr' id='par_1_38' title="bbox 323 493 2000 656">
     <span class='ocr_line' id='line_1_38' title="bbox 747 493 2000 560; baseline 0.005 -15"><span class='ocrx_word' id='word_1_199' title='bbox 747 499 802 553; x_wconf 82' lang='lat' dir='ltr'><strong>et</strong></span> <span class='ocrx_word' id='word_1_200' title='bbox 831 493 882 544; x_wconf 91' lang='lat' dir='ltr'><strong>in</strong></span> <span class='ocrx_word' id='word_1_201' title='bbox 919 493 1035 560; x_wconf 87' lang='lat' dir='ltr'><strong>ejus</strong></span> <span class='ocrx_word' id='word_1_202' title='bbox 1063 493 1294 546; x_wconf 82' lang='lat' dir='ltr'><strong>vivimus</strong></span> <span class='ocrx_word' id='word_1_203' title='bbox 1321 493 1460 546; x_wconf 80' lang='lat' dir='ltr'><strong>sinu.</strong></span> <span class='ocrx_word' id='word_1_204' title='bbox 1815 493 1921 549; x_wconf 76' lang='grc'><strong>558</strong></span> <span class='ocrx_word' id='word_1_205' title='bbox 1948 493 2000 551; x_wconf 85' lang='grc' dir='ltr'><strong>Α</strong></span> 
     </span>
     <span class='ocr_line' id='line_1_39' title="bbox 323 580 1927 656; baseline 0.001 -16"><span class='ocrx_word' id='word_1_206' title='bbox 323 580 872 651; x_wconf 71' lang='grc' dir='ltr'><strong>ΟΑΡ.ΧΧΧΙΙΙ.Ουοά</strong></span> <span class='ocrx_word' id='word_1_207' title='bbox 911 583 954 636; x_wconf 91' lang='lat' dir='ltr'><strong>si</strong></span> <span class='ocrx_word' id='word_1_208' title='bbox 986 593 1162 638; x_wconf 86' lang='lat' dir='ltr'><strong>tamen</strong></span> <span class='ocrx_word' id='word_1_209' title='bbox 1197 586 1335 639; x_wconf 83' lang='lat' dir='ltr'><strong>Deus</strong></span> <span class='ocrx_word' id='word_1_210' title='bbox 1377 585 1580 641; x_wconf 64' lang='lat' dir='ltr'><strong>Judaﬁs</strong></span> <span class='ocrx_word' id='word_1_211' title='bbox 1626 586 1761 642; x_wconf 88' lang='lat' dir='ltr'><strong>nihil</strong></span> <span class='ocrx_word' id='word_1_212' title='bbox 1802 602 1927 656; x_wconf 54' lang='lat' dir='ltr'><strong>pro.</strong></span> 
     </span>
    </p>
   </div>
   <div class='ocr_carea' id='block_1_39' title="bbox 3526 377 3634 434">
    <p class='ocr_par' dir='ltr' id='par_1_39' title="bbox 3526 377 3634 434">
     <span class='ocr_line' id='line_1_40' title="bbox 3526 377 3634 434; baseline -0.019 0"><span class='ocrx_word' id='word_1_213' title='bbox 3526 377 3634 434; x_wconf 78' lang='grc'><strong>566</strong></span> 
     </span>
    </p>
   </div>
   <div class='ocr_carea' id='block_1_40' title="bbox 2489 490 3630 563">
    <p class='ocr_par' dir='ltr' id='par_1_40' title="bbox 2489 490 3630 563">
     <span class='ocr_line' id='line_1_41' title="bbox 2489 490 3630 563; baseline -0.001 -15"><span class='ocrx_word' id='word_1_214' title='bbox 2489 493 2623 548; x_wconf 90' lang='lat' dir='ltr'><strong>culis</strong></span> <span class='ocrx_word' id='word_1_215' title='bbox 2649 509 2810 563; x_wconf 83' lang='lat' dir='ltr'><strong>porro</strong></span> <span class='ocrx_word' id='word_1_216' title='bbox 2838 500 2891 546; x_wconf 87' lang='lat' dir='ltr'><strong>et</strong></span> <span class='ocrx_word' id='word_1_217' title='bbox 2917 491 3126 562; x_wconf 85' lang='lat' dir='ltr'><strong>pompis</strong></span> <span class='ocrx_word' id='word_1_218' title='bbox 3142 490 3478 547; x_wconf 87' lang='lat' dir='ltr'><strong>Christianos</strong></span> <span class='ocrx_word' id='word_1_219' title='bbox 3506 493 3630 549; x_wconf 88' lang='lat' dir='ltr'><strong>ideo</strong></span> 
     </span>
    </p>
   </div>
   <div class='ocr_carea' id='block_1_41' title="bbox 2488 585 3628 652">
    <p class='ocr_par' dir='ltr' id='par_1_41' title="bbox 2488 585 3628 652">
     <span class='ocr_line' id='line_1_42' title="bbox 2488 585 3628 652; baseline -0.001 -12"><span class='ocrx_word' id='word_1_220' title='bbox 2488 601 2594 640; x_wconf 93' lang='lat' dir='ltr'><strong>non</strong></span> <span class='ocrx_word' id='word_1_221' title='bbox 2625 587 2888 640; x_wconf 84' lang='lat' dir='ltr'><strong>interesse</strong></span> <span class='ocrx_word' id='word_1_222' title='bbox 2913 585 3182 652; x_wconf 81' lang='lat' dir='ltr'><strong>declarat,</strong></span> <span class='ocrx_word' id='word_1_223' title='bbox 3243 585 3365 652; x_wconf 84' lang='lat' dir='ltr'><strong>quia</strong></span> <span class='ocrx_word' id='word_1_224' title='bbox 3411 600 3475 640; x_wconf 87' lang='lat' dir='ltr'><strong>ea</strong></span> <span class='ocrx_word' id='word_1_225' title='bbox 3519 600 3628 639; x_wconf 90' lang='lat' dir='ltr'><strong>non</strong></span> 
     </span>
    </p>
   </div>
   <div class='ocr_carea' id='block_1_42' title="bbox 2489 677 3630 746">
    <p class='ocr_par' dir='ltr' id='par_1_42' title="bbox 2489 677 3630 746">
     <span class='ocr_line' id='line_1_43' title="bbox 2489 677 3630 746; baseline -0.001 -14"><span class='ocrx_word' id='word_1_226' title='bbox 2489 679 2667 732; x_wconf 90' lang='lat' dir='ltr'><strong>minus</strong></span> <span class='ocrx_word' id='word_1_227' title='bbox 2694 677 2852 746; x_wconf 82' lang='lat' dir='ltr'><strong>impia</strong></span> <span class='ocrx_word' id='word_1_228' title='bbox 2881 694 3040 746; x_wconf 87' lang='lat' dir='ltr'><strong>quam</strong></span> <span class='ocrx_word' id='word_1_229' title='bbox 3069 677 3304 733; x_wconf 90' lang='lat' dir='ltr'><strong>crudelia</strong></span> <span class='ocrx_word' id='word_1_230' title='bbox 3335 693 3454 734; x_wconf 89' lang='lat' dir='ltr'><strong>esse</strong></span> <span class='ocrx_word' id='word_1_231' title='bbox 3479 685 3630 732; x_wconf 87' lang='lat' dir='ltr'><strong>certo</strong></span> 
     </span>
    </p>
   </div>
   <div class='ocr_carea' id='block_1_43' title="bbox 2491 770 3629 825">
    <p class='ocr_par' dir='ltr' id='par_1_43' title="bbox 2491 770 3629 825">
     <span class='ocr_line' id='line_1_44' title="bbox 2491 770 3629 825; baseline 0.002 -3"><span class='ocrx_word' id='word_1_232' title='bbox 2491 771 2692 824; x_wconf 88' lang='lat' dir='ltr'><strong>certius</strong></span> <span class='ocrx_word' id='word_1_233' title='bbox 2720 784 2998 824; x_wconf 87' lang='lat' dir='ltr'><strong>noverant.</strong></span> <span class='ocrx_word' id='word_1_234' title='bbox 3517 770 3629 825; x_wconf 75' lang='grc'><strong>552</strong></span> 
     </span>
    </p>
   </div>
   <div class='ocr_carea' id='block_1_44' title="bbox 2027 859 3630 934">
    <p class='ocr_par' dir='ltr' id='par_1_44' title="bbox 2027 859 3630 934">
     <span class='ocr_line' id='line_1_45' title="bbox 2027 859 3630 934; baseline 0.001 -18"><span class='ocrx_word' id='word_1_235' title='bbox 2027 859 2543 918; x_wconf 71' lang='grc' dir='ltr'><strong>(ΞΑΡ.ΧΧΧἯΙΙ.ΑΙ)</strong></span> <span class='ocrx_word' id='word_1_236' title='bbox 2569 862 2886 934; x_wconf 62' lang='lat' dir='ltr'><strong>idolothytis</strong></span> <span class='ocrx_word' id='word_1_237' title='bbox 2908 877 3118 932; x_wconf 69' lang='lat' dir='ltr'><strong>quoque</strong></span> <span class='ocrx_word' id='word_1_238' title='bbox 3147 863 3307 918; x_wconf 89' lang='lat' dir='ltr'><strong>iidem</strong></span> <span class='ocrx_word' id='word_1_239' title='bbox 3336 864 3630 930; x_wconf 89' lang='lat' dir='ltr'><strong>abstinent,</strong></span> 
     </span>
    </p>
   </div>
   <div class='ocr_carea' id='block_1_45' title="bbox 2497 955 3635 1024">
    <p class='ocr_par' dir='ltr' id='par_1_45' title="bbox 2497 955 3635 1024">
     <span class='ocr_line' id='line_1_46' title="bbox 2497 955 3635 1024; baseline 0.002 -16"><span class='ocrx_word' id='word_1_240' title='bbox 2497 971 2565 1009; x_wconf 83' lang='lat' dir='ltr'><strong>ne</strong></span> <span class='ocrx_word' id='word_1_241' title='bbox 2596 956 2715 1024; x_wconf 83' lang='lat' dir='ltr'><strong>quis</strong></span> <span class='ocrx_word' id='word_1_242' title='bbox 2747 972 2841 1009; x_wconf 86' lang='lat' dir='ltr'><strong>eos</strong></span> <span class='ocrx_word' id='word_1_243' title='bbox 2880 957 3161 1010; x_wconf 83' lang='lat' dir='ltr'><strong>existimet</strong></span> <span class='ocrx_word' id='word_1_244' title='bbox 3189 971 3280 1010; x_wconf 85' lang='lat' dir='ltr'><strong>aut</strong></span> <span class='ocrx_word' id='word_1_245' title='bbox 3301 955 3498 1010; x_wconf 88' lang='lat' dir='ltr'><strong>cedere</strong></span> <span class='ocrx_word' id='word_1_246' title='bbox 3524 955 3635 1010; x_wconf 72' lang='lat' dir='ltr'><strong>daa-</strong></span> 
     </span>
    </p>
   </div>
   <div class='ocr_carea' id='block_1_46' title="bbox 2446 1037 3631 1116">
    <p class='ocr_par' dir='ltr' id='par_1_46' title="bbox 2446 1037 3631 1116">
     <span class='ocr_line' id='line_1_47' title="bbox 2446 1037 3631 1116; baseline 0.003 -17"><span class='ocrx_word' id='word_1_247' title='bbox 2446 1037 2448 1039; x_wconf 65' lang='grc'><em>’</em></span> <span class='ocrx_word' id='word_1_248' title='bbox 2492 1047 2720 1112; x_wconf 73' lang='grc' dir='ltr'><strong>ιηοιιίἰε,</strong></span> <span class='ocrx_word' id='word_1_249' title='bbox 2773 1055 2866 1101; x_wconf 91' lang='lat' dir='ltr'><strong>aut</strong></span> <span class='ocrx_word' id='word_1_250' title='bbox 2915 1063 3026 1102; x_wconf 67' lang='lat' dir='ltr'><strong>sua:</strong></span> <span class='ocrx_word' id='word_1_251' title='bbox 3078 1048 3354 1113; x_wconf 75' lang='lat' dir='ltr'><strong>religionis</strong></span> <span class='ocrx_word' id='word_1_252' title='bbox 3411 1047 3631 1116; x_wconf 87' lang='lat' dir='ltr'><strong>pudere.</strong></span> 
     </span>
    </p>
   </div>
   <div class='ocr_carea' id='block_1_47' title="bbox 2489 1136 3632 1195">
    <p class='ocr_par' dir='ltr' id='par_1_47' title="bbox 2489 1136 3632 1195">
     <span class='ocr_line' id='line_1_48' title="bbox 2489 1136 3632 1195; baseline 0.005 -6"><span class='ocrx_word' id='word_1_253' title='bbox 2489 1136 2605 1191; x_wconf 90' lang='lat' dir='ltr'><strong>Non</strong></span> <span class='ocrx_word' id='word_1_254' title='bbox 2662 1153 2876 1194; x_wconf 87' lang='lat' dir='ltr'><strong>onmem</strong></span> <span class='ocrx_word' id='word_1_255' title='bbox 2929 1155 3061 1195; x_wconf 77' lang='lat' dir='ltr'><strong>vero</strong></span> <span class='ocrx_word' id='word_1_256' title='bbox 3132 1139 3325 1194; x_wconf 85' lang='lat' dir='ltr'><strong>florum</strong></span> <span class='ocrx_word' id='word_1_257' title='bbox 3392 1140 3632 1195; x_wconf 88' lang='lat' dir='ltr'><strong>colorem</strong></span> 
     </span>
    </p>
   </div>
   <div class='ocr_carea' id='block_1_48' title="bbox 2488 1229 3634 1300">
    <p class='ocr_par' dir='ltr' id='par_1_48' title="bbox 2488 1229 3634 1300">
     <span class='ocr_line' id='line_1_49' title="bbox 2488 1229 3634 1300; baseline 0.005 -18"><span class='ocrx_word' id='word_1_258' title='bbox 2488 1229 2822 1298; x_wconf 90' lang='lat' dir='ltr'><strong>odoremque</strong></span> <span class='ocrx_word' id='word_1_259' title='bbox 2912 1231 3326 1300; x_wconf 82' lang='lat' dir='ltr'><strong>adspernantur.</strong></span> <span class='ocrx_word' id='word_1_260' title='bbox 3415 1230 3634 1299; x_wconf 86' lang='lat' dir='ltr'><strong>Sparsis</strong></span> 
     </span>
    </p>
   </div>
   <div class='ocr_carea' id='block_1_49' title="bbox 2491 1321 3631 1394">
    <p class='ocr_par' dir='ltr' id='par_1_49' title="bbox 2491 1321 3631 1394">
     <span class='ocr_line' id='line_1_50' title="bbox 2491 1321 3631 1394; baseline 0.004 -20"><span class='ocrx_word' id='word_1_261' title='bbox 2491 1321 2634 1374; x_wconf 86' lang='lat' dir='ltr'><strong>enim</strong></span> <span class='ocrx_word' id='word_1_262' title='bbox 2659 1362 2674 1387; x_wconf 90' lang='lat'><strong>,</strong></span> <span class='ocrx_word' id='word_1_263' title='bbox 2707 1323 2896 1376; x_wconf 86' lang='lat' dir='ltr'><strong>solutis</strong></span> <span class='ocrx_word' id='word_1_264' title='bbox 2927 1339 2990 1378; x_wconf 88' lang='lat' dir='ltr'><strong>ac</strong></span> <span class='ocrx_word' id='word_1_265' title='bbox 3021 1323 3272 1378; x_wconf 86' lang='lat' dir='ltr'><strong>mollibus</strong></span> <span class='ocrx_word' id='word_1_266' title='bbox 3300 1324 3373 1377; x_wconf 87' lang='lat' dir='ltr'><strong>uti</strong></span> <span class='ocrx_word' id='word_1_267' title='bbox 3414 1324 3631 1394; x_wconf 84' lang='lat' dir='ltr'><strong>solent,</strong></span> 
     </span>
    </p>
   </div>
   <div class='ocr_carea' id='block_1_50' title="bbox 2492 1412 3612 1482">
    <p class='ocr_par' dir='ltr' id='par_1_50' title="bbox 2492 1412 3612 1482">
     <span class='ocr_line' id='line_1_51' title="bbox 2492 1412 3612 1482; baseline 0.006 -18"><span class='ocrx_word' id='word_1_268' title='bbox 2492 1425 2554 1464; x_wconf 92' lang='lat' dir='ltr'><strong>ac</strong></span> <span class='ocrx_word' id='word_1_269' title='bbox 2583 1412 2745 1465; x_wconf 91' lang='lat' dir='ltr'><strong>sertis</strong></span> <span class='ocrx_word' id='word_1_270' title='bbox 2774 1415 2909 1467; x_wconf 90' lang='lat' dir='ltr'><strong>colla</strong></span> <span class='ocrx_word' id='word_1_271' title='bbox 2941 1415 3228 1482; x_wconf 88' lang='lat' dir='ltr'><strong>complecti</strong></span> <span class='ocrx_word' id='word_1_272' title='bbox 3265 1434 3277 1470; x_wconf 91' lang='lat'>:</span> <span class='ocrx_word' id='word_1_273' title='bbox 3311 1416 3405 1470; x_wconf 88' lang='lat' dir='ltr'><strong>sed</strong></span> <span class='ocrx_word' id='word_1_274' title='bbox 3429 1426 3612 1471; x_wconf 88' lang='lat' dir='ltr'><strong>mortu</strong></span> 
     </span>
    </p>
   </div>
   <div class='ocr_carea' id='block_1_51' title="bbox 2487 1507 3632 1575">
    <p class='ocr_par' dir='ltr' id='par_1_51' title="bbox 2487 1507 3632 1575">
     <span class='ocr_line' id='line_1_52' title="bbox 2487 1507 3632 1575; baseline 0.004 -16"><span class='ocrx_word' id='word_1_275' title='bbox 2487 1514 2651 1573; x_wconf 87' lang='lat' dir='ltr'><strong>caput</strong></span> <span class='ocrx_word' id='word_1_276' title='bbox 2689 1520 2988 1568; x_wconf 87' lang='lat' dir='ltr'><strong>coronare.</strong></span> <span class='ocrx_word' id='word_1_277' title='bbox 3021 1507 3354 1575; x_wconf 84' lang='lat' dir='ltr'><strong>superfluum</strong></span> <span class='ocrx_word' id='word_1_278' title='bbox 3409 1519 3464 1564; x_wconf 90' lang='lat' dir='ltr'><strong>et</strong></span> <span class='ocrx_word' id='word_1_279' title='bbox 3509 1510 3632 1564; x_wconf 85' lang='lat' dir='ltr'><strong>inu-</strong></span> 
     </span>
    </p>
   </div>
   <div class='ocr_carea' id='block_1_52' title="bbox 2491 1597 3637 1668">
    <p class='ocr_par' dir='ltr' id='par_1_52' title="bbox 2491 1597 3637 1668">
     <span class='ocr_line' id='line_1_53' title="bbox 2491 1597 3637 1668; baseline 0.007 -20"><span class='ocrx_word' id='word_1_280' title='bbox 2491 1597 2580 1650; x_wconf 91' lang='lat' dir='ltr'><strong>tile</strong></span> <span class='ocrx_word' id='word_1_281' title='bbox 2620 1607 2865 1651; x_wconf 88' lang='lat' dir='ltr'><strong>censent.</strong></span> <span class='ocrx_word' id='word_1_282' title='bbox 2902 1598 3106 1653; x_wconf 88' lang='lat' dir='ltr'><strong>Eadem</strong></span> <span class='ocrx_word' id='word_1_283' title='bbox 3138 1599 3299 1654; x_wconf 90' lang='lat' dir='ltr'><strong>etiam</strong></span> <span class='ocrx_word' id='word_1_284' title='bbox 3329 1601 3637 1668; x_wconf 88' lang='lat' dir='ltr'><strong>tranquilli-</strong></span> 
     </span>
    </p>
   </div>
   <div class='ocr_carea' id='block_1_53' title="bbox 2489 1690 3628 1760">
    <p class='ocr_par' dir='ltr' id='par_1_53' title="bbox 2489 1690 3628 1760">
     <span class='ocr_line' id='line_1_54' title="bbox 2489 1690 3628 1760; baseline 0.007 -20"><span class='ocrx_word' id='word_1_285' title='bbox 2489 1696 2599 1743; x_wconf 86' lang='lat' dir='ltr'><strong>tate</strong></span> <span class='ocrx_word' id='word_1_286' title='bbox 2648 1704 2752 1758; x_wconf 82' lang='lat' dir='ltr'><strong>qna</strong></span> <span class='ocrx_word' id='word_1_287' title='bbox 2794 1690 3012 1754; x_wconf 89' lang='lat' dir='ltr'><strong>vivunt,</strong></span> <span class='ocrx_word' id='word_1_288' title='bbox 3053 1692 3319 1760; x_wconf 89' lang='lat' dir='ltr'><strong>sepeliunt</strong></span> <span class='ocrx_word' id='word_1_289' title='bbox 3348 1701 3628 1759; x_wconf 85' lang='lat' dir='ltr'><strong>mortuos,</strong></span> 
     </span>
    </p>
   </div>
   <div class='ocr_carea' id='block_1_54' title="bbox 2497 1781 3621 1839">
    <p class='ocr_par' dir='ltr' id='par_1_54' title="bbox 2497 1781 3621 1839">
     <span class='ocr_line' id='line_1_55' title="bbox 2497 1781 3621 1839; baseline 0.004 -5"><span class='ocrx_word' id='word_1_290' title='bbox 2497 1794 2750 1834; x_wconf 82' lang='lat' dir='ltr'><strong>coronam</strong></span> <span class='ocrx_word' id='word_1_291' title='bbox 2782 1790 2997 1836; x_wconf 70' lang='lat' dir='ltr'><strong>a&#39;ternm</strong></span> <span class='ocrx_word' id='word_1_292' title='bbox 3026 1781 3288 1836; x_wconf 84' lang='lat' dir='ltr'><strong>felicitatis</strong></span> <span class='ocrx_word' id='word_1_293' title='bbox 3317 1783 3621 1839; x_wconf 88' lang='lat' dir='ltr'><strong>certissima</strong></span> 
     </span>
    </p>
   </div>
   <div class='ocr_carea' id='block_1_55' title="bbox 2489 1872 3626 1941">
    <p class='ocr_par' dir='ltr' id='par_1_55' title="bbox 2489 1872 3626 1941">
     <span class='ocr_line' id='line_1_56' title="bbox 2489 1872 3626 1941; baseline 0.004 -19"><span class='ocrx_word' id='word_1_294' title='bbox 2489 1886 2585 1940; x_wconf 73' lang='lat' dir='ltr'><strong>spe</strong></span> <span class='ocrx_word' id='word_1_295' title='bbox 2613 1880 3017 1940; x_wconf 80' lang='lat' dir='ltr'><strong>exspectantes.</strong></span> <span class='ocrx_word' id='word_1_296' title='bbox 3059 1872 3189 1926; x_wconf 88' lang='lat' dir='ltr'><strong>Vera</strong></span> <span class='ocrx_word' id='word_1_297' title='bbox 3230 1872 3389 1941; x_wconf 80' lang='lat' dir='ltr'><strong>igitur</strong></span> <span class='ocrx_word' id='word_1_298' title='bbox 3437 1887 3626 1928; x_wconf 89' lang='lat' dir='ltr'><strong>eorum</strong></span> 
     </span>
    </p>
   </div>
   <div class='ocr_carea' id='block_1_56' title="bbox 2488 1962 3637 2034">
    <p class='ocr_par' dir='ltr' id='par_1_56' title="bbox 2488 1962 3637 2034">
     <span class='ocr_line' id='line_1_57' title="bbox 2488 1962 3637 2034; baseline 0.001 -19"><span class='ocrx_word' id='word_1_299' title='bbox 2488 1962 2716 2029; x_wconf 69' lang='lat' dir='ltr'><strong>religio,</strong></span> <span class='ocrx_word' id='word_1_300' title='bbox 2769 1962 2984 2032; x_wconf 84' lang='lat' dir='ltr'><strong>rejectis</strong></span> <span class='ocrx_word' id='word_1_301' title='bbox 3044 1963 3321 2031; x_wconf 72' lang='lat' dir='ltr'><strong>gemiliurn</strong></span> <span class='ocrx_word' id='word_1_302' title='bbox 3373 1963 3637 2034; x_wconf 84' lang='lat' dir='ltr'><strong>supersti-</strong></span> 
     </span>
    </p>
   </div>
   <div class='ocr_carea' id='block_1_57' title="bbox 2490 2055 3638 2133">
    <p class='ocr_par' dir='ltr' id='par_1_57' title="bbox 2490 2055 3638 2133">
     <span class='ocr_line' id='line_1_58' title="bbox 2490 2055 3638 2133; baseline 0.004 -26"><span class='ocrx_word' id='word_1_303' title='bbox 2490 2055 2756 2122; x_wconf 87' lang='lat' dir='ltr'><strong>tionibus,</strong></span> <span class='ocrx_word' id='word_1_304' title='bbox 2821 2056 2893 2133; x_wconf 89' lang='lat' dir='ltr'><strong>ab</strong></span> <span class='ocrx_word' id='word_1_305' title='bbox 2964 2057 3211 2111; x_wconf 86' lang='lat' dir='ltr'><strong>omnibus</strong></span> <span class='ocrx_word' id='word_1_306' title='bbox 3288 2064 3372 2111; x_wconf 91' lang='lat' dir='ltr'><strong>est</strong></span> <span class='ocrx_word' id='word_1_307' title='bbox 3465 2057 3638 2112; x_wconf 88' lang='lat' dir='ltr'><strong>susci-</strong></span> 
     </span>
    </p>
   </div>
   <div class='ocr_carea' id='block_1_58' title="bbox 2491 2148 3630 2218">
    <p class='ocr_par' dir='ltr' id='par_1_58' title="bbox 2491 2148 3630 2218">
     <span class='ocr_line' id='line_1_59' title="bbox 2491 2148 3630 2218; baseline 0.004 -16"><span class='ocrx_word' id='word_1_308' title='bbox 2491 2148 2682 2218; x_wconf 86' lang='lat' dir='ltr'><strong>pienda</strong></span> <span class='ocrx_word' id='word_1_309' title='bbox 2693 2187 2705 2200; x_wconf 94' lang='lat'><strong>.</strong></span> <span class='ocrx_word' id='word_1_310' title='bbox 3522 2149 3630 2206; x_wconf 80' lang='grc'><strong>555</strong></span> 
     </span>
    </p>
   </div>
   <div class='ocr_carea' id='block_1_59' title="bbox 2024 2237 3627 2312">
    <p class='ocr_par' dir='ltr' id='par_1_59' title="bbox 2024 2237 3627 2312">
     <span class='ocr_line' id='line_1_60' title="bbox 2024 2237 3627 2312; baseline 0.002 -16"><span class='ocrx_word' id='word_1_311' title='bbox 2024 2237 2544 2296; x_wconf 73' lang='grc' dir='ltr'><strong>ΟΑΡ.ΧΧΧ1Χ.11;ι·ο</strong></span> <span class='ocrx_word' id='word_1_312' title='bbox 2573 2257 2735 2309; x_wconf 85' lang='lat' dir='ltr'><strong>porro</strong></span> <span class='ocrx_word' id='word_1_313' title='bbox 2785 2257 2948 2312; x_wconf 89' lang='lat' dir='ltr'><strong>quum</strong></span> <span class='ocrx_word' id='word_1_314' title='bbox 2993 2251 3299 2312; x_wconf 87' lang='lat' dir='ltr'><strong>perorasset</strong></span> <span class='ocrx_word' id='word_1_315' title='bbox 3329 2243 3584 2299; x_wconf 80' lang='lat' dir='ltr'><strong>Octavius</strong></span> <span class='ocrx_word' id='word_1_316' title='bbox 3611 2285 3627 2310; x_wconf 93' lang='lat'><strong>,</strong></span> 
     </span>
    </p>
   </div>
   <div class='ocr_carea' id='block_1_60' title="bbox 2483 2332 3638 2403">
    <p class='ocr_par' dir='ltr' id='par_1_60' title="bbox 2483 2332 3638 2403">
     <span class='ocr_line' id='line_1_61' title="bbox 2483 2332 3638 2403; baseline 0.002 -17"><span class='ocrx_word' id='word_1_317' title='bbox 2483 2332 2743 2388; x_wconf 82' lang='lat' dir='ltr'><strong>Minucius</strong></span> <span class='ocrx_word' id='word_1_318' title='bbox 2800 2344 2858 2387; x_wconf 92' lang='lat' dir='ltr'><strong>et</strong></span> <span class='ocrx_word' id='word_1_319' title='bbox 2911 2332 3164 2388; x_wconf 68' lang='lat' dir='ltr'><strong>Cmcilins</strong></span> <span class='ocrx_word' id='word_1_320' title='bbox 3204 2335 3527 2403; x_wconf 85' lang='lat' dir='ltr'><strong>aliquamdiu</strong></span> <span class='ocrx_word' id='word_1_321' title='bbox 3568 2333 3638 2388; x_wconf 89' lang='lat' dir='ltr'><strong>ad</strong></span> 
     </span>
    </p>
   </div>
   <div class='ocr_carea' id='block_1_61' title="bbox 2487 2423 3640 2493">
    <p class='ocr_par' dir='ltr' id='par_1_61' title="bbox 2487 2423 3640 2493">
     <span class='ocr_line' id='line_1_62' title="bbox 2487 2423 3640 2493; baseline 0.002 -15"><span class='ocrx_word' id='word_1_322' title='bbox 2487 2424 2761 2479; x_wconf 87' lang='lat' dir='ltr'><strong>silentium</strong></span> <span class='ocrx_word' id='word_1_323' title='bbox 2793 2423 3114 2493; x_wconf 84' lang='lat' dir='ltr'><strong>stupefacti,</strong></span> <span class='ocrx_word' id='word_1_324' title='bbox 3167 2425 3408 2479; x_wconf 88' lang='lat' dir='ltr'><strong>intentos</strong></span> <span class='ocrx_word' id='word_1_325' title='bbox 3455 2428 3640 2480; x_wconf 86' lang='lat' dir='ltr'><strong>vultus</strong></span> 
     </span>
    </p>
   </div>
   <div class='ocr_carea' id='block_1_62' title="bbox 2491 2517 3638 2586">
    <p class='ocr_par' dir='ltr' id='par_1_62' title="bbox 2491 2517 3638 2586">
     <span class='ocr_line' id='line_1_63' title="bbox 2491 2517 3638 2586; baseline 0.004 -16"><span class='ocrx_word' id='word_1_326' title='bbox 2491 2519 2766 2572; x_wconf 86' lang='lat' dir='ltr'><strong>tenebant.</strong></span> <span class='ocrx_word' id='word_1_327' title='bbox 2803 2519 2864 2572; x_wconf 79' lang='lat' dir='ltr'><strong>Et</strong></span> <span class='ocrx_word' id='word_1_328' title='bbox 2887 2517 3166 2581; x_wconf 72' lang='lat' dir='ltr'><strong>Minuiius,</strong></span> <span class='ocrx_word' id='word_1_329' title='bbox 3207 2517 3421 2586; x_wconf 82' lang='lat' dir='ltr'><strong>quidem</strong></span> <span class='ocrx_word' id='word_1_330' title='bbox 3450 2519 3502 2572; x_wconf 90' lang='lat' dir='ltr'><strong>in</strong></span> <span class='ocrx_word' id='word_1_331' title='bbox 3535 2519 3638 2574; x_wconf 87' lang='lat' dir='ltr'><strong>Oc-</strong></span> 
     </span>
    </p>
   </div>
   <div class='ocr_carea' id='block_1_63' title="bbox 2493 2609 3632 2676">
    <p class='ocr_par' dir='ltr' id='par_1_63' title="bbox 2493 2609 3632 2676">
     <span class='ocr_line' id='line_1_64' title="bbox 2493 2609 3632 2676; baseline 0.004 -16"><span class='ocrx_word' id='word_1_332' title='bbox 2493 2610 2616 2664; x_wconf 78' lang='lat' dir='ltr'><strong>tavii</strong></span> <span class='ocrx_word' id='word_1_333' title='bbox 2661 2609 3069 2664; x_wconf 77' lang='lat' dir='ltr'><strong>admirationem</strong></span> <span class='ocrx_word' id='word_1_334' title='bbox 3111 2619 3298 2676; x_wconf 88' lang='lat' dir='ltr'><strong>raptus</strong></span> <span class='ocrx_word' id='word_1_335' title='bbox 3344 2610 3632 2676; x_wconf 85' lang='lat' dir='ltr'><strong>conticuit,</strong></span> 
     </span>
    </p>
   </div>
   <div class='ocr_carea' id='block_1_64' title="bbox 2491 2699 3638 2771">
    <p class='ocr_par' dir='ltr' id='par_1_64' title="bbox 2491 2699 3638 2771">
     <span class='ocr_line' id='line_1_65' title="bbox 2491 2699 3638 2771; baseline -0.001 -16"><span class='ocrx_word' id='word_1_336' title='bbox 2491 2702 2630 2771; x_wconf 90' lang='lat' dir='ltr'><strong>apud</strong></span> <span class='ocrx_word' id='word_1_337' title='bbox 2661 2718 2720 2756; x_wconf 90' lang='lat' dir='ltr'><strong>se</strong></span> <span class='ocrx_word' id='word_1_338' title='bbox 2751 2703 2944 2756; x_wconf 77' lang='lat' dir='ltr'><strong>tat-itus</strong></span> <span class='ocrx_word' id='word_1_339' title='bbox 2987 2701 3076 2755; x_wconf 91' lang='lat' dir='ltr'><strong>illa</strong></span> <span class='ocrx_word' id='word_1_340' title='bbox 3122 2699 3377 2754; x_wconf 77' lang='lat' dir='ltr'><strong>evolvens</strong></span> <span class='ocrx_word' id='word_1_341' title='bbox 3399 2714 3520 2770; x_wconf 69' lang='lat' dir='ltr'><strong>qua:</strong></span> <span class='ocrx_word' id='word_1_342' title='bbox 3548 2715 3638 2754; x_wconf 87' lang='lat' dir='ltr'><strong>au-</strong></span> 
     </span>
    </p>
   </div>
   <div class='ocr_carea' id='block_1_65' title="bbox 2493 2792 3631 2848">
    <p class='ocr_par' dir='ltr' id='par_1_65' title="bbox 2493 2792 3631 2848">
     <span class='ocr_line' id='line_1_66' title="bbox 2493 2792 3631 2848; baseline -0.003 0"><span class='ocrx_word' id='word_1_343' title='bbox 2493 2794 2689 2848; x_wconf 88' lang='lat' dir='ltr'><strong>dierat.</strong></span> <span class='ocrx_word' id='word_1_344' title='bbox 3527 2792 3631 2846; x_wconf 78' lang='grc'><strong>557</strong></span> 
     </span>
    </p>
   </div>
   <div class='ocr_carea' id='block_1_66' title="bbox 2027 2883 3642 2943">
    <p class='ocr_par' dir='ltr' id='par_1_66' title="bbox 2027 2883 3642 2943">
     <span class='ocr_line' id='line_1_67' title="bbox 2027 2883 3642 2943; baseline 0.001 -3"><span class='ocrx_word' id='word_1_345' title='bbox 2027 2883 2160 2940; x_wconf 80' lang='lat' dir='ltr'><strong>CAP.</strong></span> <span class='ocrx_word' id='word_1_346' title='bbox 2204 2885 2317 2941; x_wconf 82' lang='lat' dir='ltr'><strong>XL.</strong></span> <span class='ocrx_word' id='word_1_347' title='bbox 2359 2885 2606 2943; x_wconf 66' lang='lat' dir='ltr'><strong>Carcilius</strong></span> <span class='ocrx_word' id='word_1_348' title='bbox 2658 2901 2791 2942; x_wconf 89' lang='lat' dir='ltr'><strong>vero</strong></span> <span class='ocrx_word' id='word_1_349' title='bbox 2841 2886 3163 2941; x_wconf 83' lang='lat' dir='ltr'><strong>exclamavit</strong></span> <span class='ocrx_word' id='word_1_350' title='bbox 3213 2901 3273 2940; x_wconf 91' lang='lat' dir='ltr'><strong>se</strong></span> <span class='ocrx_word' id='word_1_351' title='bbox 3319 2884 3387 2939; x_wconf 89' lang='lat' dir='ltr'><strong>ab</strong></span> <span class='ocrx_word' id='word_1_352' title='bbox 3413 2884 3642 2941; x_wconf 63' lang='lat' dir='ltr'><strong>Octavio</strong></span> 
     </span>
    </p>
   </div>
   <div class='ocr_carea' id='block_1_67' title="bbox 2423 2976 3637 3042">
    <p class='ocr_par' dir='ltr' id='par_1_67' title="bbox 2423 2976 3637 3042">
     <span class='ocr_line' id='line_1_68' title="bbox 2423 2976 3637 3042; baseline -0.002 -9"><span class='ocrx_word' id='word_1_353' title='bbox 2423 2981 2621 3033; x_wconf 90' lang='lat' dir='ltr'><strong>vietum</strong></span> <span class='ocrx_word' id='word_1_354' title='bbox 2649 3020 2663 3042; x_wconf 92' lang='lat'><strong>,</strong></span> <span class='ocrx_word' id='word_1_355' title='bbox 2718 2995 2860 3034; x_wconf 90' lang='lat' dir='ltr'><strong>nunc</strong></span> <span class='ocrx_word' id='word_1_356' title='bbox 2911 2980 3113 3033; x_wconf 91' lang='lat' dir='ltr'><strong>erroris</strong></span> <span class='ocrx_word' id='word_1_357' title='bbox 3159 2991 3280 3031; x_wconf 91' lang='lat' dir='ltr'><strong>esse</strong></span> <span class='ocrx_word' id='word_1_358' title='bbox 3328 2976 3590 3032; x_wconf 74' lang='lat' dir='ltr'><strong>victorem</strong></span> <span class='ocrx_word' id='word_1_359' title='bbox 3620 3017 3637 3042; x_wconf 93' lang='lat'><strong>,</strong></span> 
     </span>
    </p>
   </div>
   <div class='ocr_carea' id='block_1_68' title="bbox 2425 3068 3641 3141">
    <p class='ocr_par' dir='ltr' id='par_1_68' title="bbox 2425 3068 3641 3141">
     <span class='ocr_line' id='line_1_69' title="bbox 2425 3068 3641 3141; baseline -0.004 -14"><span class='ocrx_word' id='word_1_360' title='bbox 2425 3071 2891 3141; x_wconf 70' lang='lat' dir='ltr'><strong>Chri~tianamque</strong></span> <span class='ocrx_word' id='word_1_361' title='bbox 2961 3071 3273 3139; x_wconf 64' lang='lat' dir='ltr'><strong>religionem</strong></span> <span class='ocrx_word' id='word_1_362' title='bbox 3342 3068 3456 3138; x_wconf 86' lang='lat' dir='ltr'><strong>jam</strong></span> <span class='ocrx_word' id='word_1_363' title='bbox 3525 3078 3641 3122; x_wconf 89' lang='lat' dir='ltr'><strong>tum</strong></span> 
     </span>
    </p>
   </div>
   <div class='ocr_carea' id='block_1_69' title="bbox 2422 3159 3640 3234">
    <p class='ocr_par' dir='ltr' id='par_1_69' title="bbox 2422 3159 3640 3234">
     <span class='ocr_line' id='line_1_70' title="bbox 2422 3159 3640 3234; baseline -0.003 -17"><span class='ocrx_word' id='word_1_364' title='bbox 2422 3163 2887 3234; x_wconf 69' lang='lat' dir='ltr'><strong>protiterizdilnta</strong></span> <span class='ocrx_word' id='word_1_365' title='bbox 2945 3163 3159 3217; x_wconf 88' lang='lat' dir='ltr'><strong>interim</strong></span> <span class='ocrx_word' id='word_1_366' title='bbox 3231 3161 3283 3214; x_wconf 93' lang='lat' dir='ltr'><strong>in</strong></span> <span class='ocrx_word' id='word_1_367' title='bbox 3333 3159 3473 3214; x_wconf 88' lang='lat' dir='ltr'><strong>diem</strong></span> <span class='ocrx_word' id='word_1_368' title='bbox 3519 3174 3640 3214; x_wconf 90' lang='lat' dir='ltr'><strong>cra-</strong></span> 
     </span>
    </p>
   </div>
   <div class='ocr_carea' id='block_1_70' title="bbox 2432 3252 3638 3324">
    <p class='ocr_par' dir='ltr' id='par_1_70' title="bbox 2432 3252 3638 3324">
     <span class='ocr_line' id='line_1_71' title="bbox 2432 3252 3638 3324; baseline -0.004 -14"><span class='ocrx_word' id='word_1_369' title='bbox 2432 3257 2633 3310; x_wconf 90' lang='lat' dir='ltr'><strong>stinum</strong></span> <span class='ocrx_word' id='word_1_370' title='bbox 2668 3255 2910 3324; x_wconf 87' lang='lat' dir='ltr'><strong>pleniore</strong></span> <span class='ocrx_word' id='word_1_371' title='bbox 2958 3253 3079 3309; x_wconf 83' lang='lat' dir='ltr'><strong>fidei</strong></span> <span class='ocrx_word' id='word_1_372' title='bbox 3113 3252 3496 3324; x_wconf 76' lang='lat' dir='ltr'><strong>mysteriorum</strong></span> <span class='ocrx_word' id='word_1_373' title='bbox 3555 3252 3638 3306; x_wconf 90' lang='lat' dir='ltr'><strong>in-</strong></span> 
     </span>
    </p>
   </div>
   <div class='ocr_carea' id='block_1_71' title="bbox 2428 3342 3636 3400">
    <p class='ocr_par' dir='ltr' id='par_1_71' title="bbox 2428 3342 3636 3400">
     <span class='ocr_line' id='line_1_72' title="bbox 2428 3342 3636 3400; baseline -0.001 -2"><span class='ocrx_word' id='word_1_374' title='bbox 2428 3346 2724 3400; x_wconf 90' lang='lat' dir='ltr'><strong>stitutione.</strong></span> <span class='ocrx_word' id='word_1_375' title='bbox 3530 3342 3636 3398; x_wconf 71' lang='lat'><strong>508</strong></span> 
     </span>
    </p>
   </div>
   <div class='ocr_carea' id='block_1_72' title="bbox 2032 3433 3641 3505">
    <p class='ocr_par' dir='ltr' id='par_1_72' title="bbox 2032 3433 3641 3505">
     <span class='ocr_line' id='line_1_73' title="bbox 2032 3433 3641 3505; baseline -0.002 -11"><span class='ocrx_word' id='word_1_376' title='bbox 2032 3436 2161 3494; x_wconf 72' lang='lat' dir='ltr'><strong>Car.</strong></span> <span class='ocrx_word' id='word_1_377' title='bbox 2206 3437 2344 3492; x_wconf 81' lang='lat' dir='ltr'><strong>XLI.</strong></span> <span class='ocrx_word' id='word_1_378' title='bbox 2373 3436 2657 3492; x_wconf 84' lang='lat' dir='ltr'><strong>Postremo</strong></span> <span class='ocrx_word' id='word_1_379' title='bbox 2681 3481 2694 3503; x_wconf 92' lang='lat'><strong>,</strong></span> <span class='ocrx_word' id='word_1_380' title='bbox 2727 3438 2834 3491; x_wconf 66' lang='grc' dir='ltr'><strong>ἰωιί</strong></span> <span class='ocrx_word' id='word_1_381' title='bbox 2868 3451 3057 3492; x_wconf 89' lang='lat' dir='ltr'><strong>omnes</strong></span> <span class='ocrx_word' id='word_1_382' title='bbox 3104 3435 3414 3505; x_wconf 83' lang='lat' dir='ltr'><strong>hilaresque</strong></span> <span class='ocrx_word' id='word_1_383' title='bbox 3466 3433 3641 3490; x_wconf 87' lang='lat' dir='ltr'><strong>disce-</strong></span> 
     </span>
    </p>
   </div>
   <div class='ocr_carea' id='block_1_73' title="bbox 2430 3525 3639 3599">
    <p class='ocr_par' dir='ltr' id='par_1_73' title="bbox 2430 3525 3639 3599">
     <span class='ocr_line' id='line_1_74' title="bbox 2430 3525 3639 3599; baseline -0.002 -15"><span class='ocrx_word' id='word_1_384' title='bbox 2430 3529 2563 3584; x_wconf 88' lang='lat' dir='ltr'><strong>dunt</strong></span> <span class='ocrx_word' id='word_1_385' title='bbox 2593 3549 2604 3583; x_wconf 90' lang='lat'>:</span> <span class='ocrx_word' id='word_1_386' title='bbox 2635 3530 2880 3584; x_wconf 67' lang='lat' dir='ltr'><strong>Ca3cilins</strong></span> <span class='ocrx_word' id='word_1_387' title='bbox 2905 3572 2920 3597; x_wconf 90' lang='lat'><strong>,</strong></span> <span class='ocrx_word' id='word_1_388' title='bbox 2980 3529 3120 3599; x_wconf 90' lang='lat' dir='ltr'><strong>quod</strong></span> <span class='ocrx_word' id='word_1_389' title='bbox 3166 3526 3454 3582; x_wconf 75' lang='lat' dir='ltr'><strong>crediderit</strong></span> <span class='ocrx_word' id='word_1_390' title='bbox 3487 3544 3501 3581; x_wconf 85' lang='lat'><strong>:</strong></span> <span class='ocrx_word' id='word_1_391' title='bbox 3533 3525 3639 3582; x_wconf 90' lang='lat' dir='ltr'><strong>Oc-</strong></span> 
     </span>
    </p>
   </div>
   <div class='ocr_carea' id='block_1_74' title="bbox 2431 3621 3641 3692">
    <p class='ocr_par' dir='ltr' id='par_1_74' title="bbox 2431 3621 3641 3692">
     <span class='ocr_line' id='line_1_75' title="bbox 2431 3621 3641 3692; baseline -0.002 -15"><span class='ocrx_word' id='word_1_392' title='bbox 2431 3623 2638 3688; x_wconf 73' lang='lat' dir='ltr'><strong>tavius,</strong></span> <span class='ocrx_word' id='word_1_393' title='bbox 2694 3622 2835 3692; x_wconf 89' lang='lat' dir='ltr'><strong>quod</strong></span> <span class='ocrx_word' id='word_1_394' title='bbox 2885 3623 3072 3677; x_wconf 86' lang='lat' dir='ltr'><strong>vicerit</strong></span> <span class='ocrx_word' id='word_1_395' title='bbox 3107 3640 3119 3675; x_wconf 90' lang='lat'><strong>:</strong></span> <span class='ocrx_word' id='word_1_396' title='bbox 3150 3621 3409 3676; x_wconf 83' lang='lat' dir='ltr'><strong>Minucius</strong></span> <span class='ocrx_word' id='word_1_397' title='bbox 3461 3629 3641 3675; x_wconf 85' lang='lat' dir='ltr'><strong>autent</strong></span> 
     </span>
    </p>
   </div>
   <div class='ocr_carea' id='block_1_75' title="bbox 2426 3712 3642 3788">
    <p class='ocr_par' dir='ltr' id='par_1_75' title="bbox 2426 3712 3642 3788">
     <span class='ocr_line' id='line_1_76' title="bbox 2426 3712 3642 3788; baseline 0.001 -18"><span class='ocrx_word' id='word_1_398' title='bbox 2426 3717 2568 3788; x_wconf 89' lang='lat' dir='ltr'><strong>quod</strong></span> <span class='ocrx_word' id='word_1_399' title='bbox 2591 3718 2681 3773; x_wconf 90' lang='lat' dir='ltr'><strong>ille</strong></span> <span class='ocrx_word' id='word_1_400' title='bbox 2706 3717 3025 3784; x_wconf 88' lang='lat' dir='ltr'><strong>crediderit,</strong></span> <span class='ocrx_word' id='word_1_401' title='bbox 3056 3725 3112 3772; x_wconf 90' lang='lat' dir='ltr'><strong>et</strong></span> <span class='ocrx_word' id='word_1_402' title='bbox 3135 3715 3217 3770; x_wconf 88' lang='lat' dir='ltr'><strong>hic</strong></span> <span class='ocrx_word' id='word_1_403' title='bbox 3244 3712 3450 3770; x_wconf 88' lang='lat' dir='ltr'><strong>vicerit.</strong></span> <span class='ocrx_word' id='word_1_404' title='bbox 3535 3713 3642 3771; x_wconf 75' lang='lat'><strong>559</strong></span> 
     </span>
    </p>
   </div>
   <div class='ocr_carea' id='block_1_76' title="bbox 331 3903 3631 3972">
    <p class='ocr_par' dir='ltr' id='par_1_76' title="bbox 335 3907 3627 3968">
     <span class='ocr_line' id='line_1_77' title="bbox 379 3908 3531 3928; baseline 0.001 -16"><span class='ocrx_word' id='word_1_405' title='bbox 379 3923 384 3928; x_wconf 91' lang='lat'>_</span> <span class='ocrx_word' id='word_1_406' title='bbox 3247 3908 3531 3918; x_wconf 76' lang='lat'><strong>_______-.__</strong></span> 
     </span>
     <span class='ocr_line' id='line_1_78' title="bbox 335 3907 3627 3968; baseline -0.003 -1"><span class='ocrx_word' id='word_1_407' title='bbox 335 3907 3627 3968; x_wconf 47' lang='lat' dir='ltr'><strong>mm</strong></span> <span class='ocrx_word' id='word_1_408' title='bbox 427 3917 466 3928; x_wconf 96' lang='lat'>&quot;</span> <span class='ocrx_word' id='word_1_409' title='bbox 557 3917 578 3928; x_wconf 89' lang='lat'>&#39;</span> <span class='ocrx_word' id='word_1_410' title='bbox 783 3917 800 3928; x_wconf 89' lang='lat'>&#39;</span> <span class='ocrx_word' id='word_1_411' title='bbox 963 3917 972 3926; x_wconf 96' lang='lat'>&#39;</span> <span class='ocrx_word' id='word_1_412' title='bbox 1501 3915 1505 3922; x_wconf 95' lang='lat'>&#39;</span> <span class='ocrx_word' id='word_1_413' title='bbox 2035 3909 2042 3920; x_wconf 88' lang='lat'><em>‘</em></span> <span class='ocrx_word' id='word_1_414' title='bbox 2269 3909 2324 3920; x_wconf 95' lang='lat'>&quot;</span> <span class='ocrx_word' id='word_1_415' title='bbox 2383 3911 2491 3920; x_wconf 81' lang='grc'><strong><em>““““</em></strong></span> <span class='ocrx_word' id='word_1_416' title='bbox 2863 3914 3228 3964; x_wconf 70' lang='lat'><strong>&#39;..___.._..</strong></span> 
     </span>
    </p>
   </div>
   <div class='ocr_carea' id='block_1_77' title="bbox 1231 4114 2720 4254">
    <p class='ocr_par' dir='ltr' id='par_1_77' title="bbox 1231 4114 2720 4254">
     <span class='ocr_line' id='line_1_79' title="bbox 1231 4114 2720 4254; baseline -0.01 0"><span class='ocrx_word' id='word_1_417' title='bbox 1231 4121 1748 4254; x_wconf 80' lang='lat' dir='ltr'><strong>EPISTOLlE</strong></span> <span class='ocrx_word' id='word_1_418' title='bbox 1827 4114 2095 4248; x_wconf 72' lang='lat' dir='ltr'><strong>LUCIE</strong></span> <span class='ocrx_word' id='word_1_419' title='bbox 2174 4115 2720 4246; x_wconf 82' lang='lat' dir='ltr'><strong>illlLSTENII</strong></span> 
     </span>
    </p>
   </div>
   <div class='ocr_carea' id='block_1_78' title="bbox 635 4425 3312 4568">
    <p class='ocr_par' dir='ltr' id='par_1_78' title="bbox 635 4425 3312 4568">
     <span class='ocr_line' id='line_1_80' title="bbox 635 4425 3312 4568; baseline -0.007 0"><span class='ocrx_word' id='word_1_420' title='bbox 635 4431 875 4568; x_wconf 90' lang='lat' dir='ltr'><strong>DE</strong></span> <span class='ocrx_word' id='word_1_421' title='bbox 961 4431 1727 4562; x_wconf 81' lang='lat' dir='ltr'><strong>VERUBUS</strong></span> <span class='ocrx_word' id='word_1_422' title='bbox 1797 4427 2407 4557; x_wconf 65' lang='lat' dir='ltr'><strong>DIANfE</strong></span> <span class='ocrx_word' id='word_1_423' title='bbox 2497 4425 3312 4557; x_wconf 72' lang='lat' dir='ltr'><strong>EPHESUE</strong></span> 
     </span>
    </p>
   </div>
   <div class='ocr_carea' id='block_1_79' title="bbox 1462 4704 2538 4800">
    <p class='ocr_par' dir='ltr' id='par_1_79' title="bbox 1462 4704 2538 4800">
     <span class='ocr_line' id='line_1_81' title="bbox 1462 4704 2538 4800; baseline -0.007 0"><span class='ocrx_word' id='word_1_424' title='bbox 1462 4727 1615 4800; x_wconf 84' lang='lat' dir='ltr'><strong>AD</strong></span> <span class='ocrx_word' id='word_1_425' title='bbox 1669 4722 2232 4800; x_wconf 84' lang='lat' dir='ltr'><strong>MINUCIUM</strong></span> <span class='ocrx_word' id='word_1_426' title='bbox 2277 4704 2538 4796; x_wconf 81' lang='lat' dir='ltr'><strong>XXI.‘</strong></span> 
     </span>
    </p>
   </div>
   <div class='ocr_carea' id='block_1_80' title="bbox 1951 4955 2051 4998">
    <p class='ocr_par' dir='ltr' id='par_1_80' title="bbox 1951 4955 2051 4998">
     <span class='ocr_line' id='line_1_82' title="bbox 1951 4955 2051 4998; baseline 0 0"><span class='ocrx_word' id='word_1_427' title='bbox 1951 4955 2051 4998; x_wconf 72' lang='lat'><strong>06</strong></span> 
     </span>
    </p>
   </div>
   <div class='ocr_carea' id='block_1_81' title="bbox 335 5143 3651 5236">
    <p class='ocr_par' dir='ltr' id='par_1_81' title="bbox 335 5143 3651 5236">
     <span class='ocr_line' id='line_1_83' title="bbox 335 5143 3651 5236; baseline -0.011 0"><span class='ocrx_word' id='word_1_428' title='bbox 335 5177 619 5236; x_wconf 75' lang='lat' dir='ltr'><strong>Francisco</strong></span> <span class='ocrx_word' id='word_1_429' title='bbox 648 5169 906 5228; x_wconf 82' lang='lat' dir='ltr'><strong>cardinali</strong></span> <span class='ocrx_word' id='word_1_430' title='bbox 941 5165 1244 5234; x_wconf 82' lang='lat' dir='ltr'><strong>Barberino,</strong></span> <span class='ocrx_word' id='word_1_431' title='bbox 1290 5164 1482 5234; x_wconf 84' lang='lat' dir='ltr'><strong>optimo</strong></span> <span class='ocrx_word' id='word_1_432' title='bbox 1517 5161 1803 5216; x_wconf 77' lang='lat' dir='ltr'><strong>studiorum</strong></span> <span class='ocrx_word' id='word_1_433' title='bbox 1844 5172 1939 5228; x_wconf 77' lang='lat' dir='ltr'><strong>pa-</strong></span> <span class='ocrx_word' id='word_1_434' title='bbox 1965 5156 2018 5217; x_wconf 90' lang='lat' dir='ltr'><strong>D</strong></span> <span class='ocrx_word' id='word_1_435' title='bbox 2044 5155 2272 5211; x_wconf 88' lang='lat' dir='ltr'><strong>conditis</strong></span> <span class='ocrx_word' id='word_1_436' title='bbox 2295 5150 2576 5220; x_wconf 82' lang='lat' dir='ltr'><strong>inscriptas</strong></span> <span class='ocrx_word' id='word_1_437' title='bbox 2620 5148 2921 5203; x_wconf 88' lang='lat' dir='ltr'><strong>luculenter</strong></span> <span class='ocrx_word' id='word_1_438' title='bbox 2963 5144 3283 5215; x_wconf 62' lang='lat' dir='ltr'><strong>exiilieavit;</strong></span> <span class='ocrx_word' id='word_1_439' title='bbox 3308 5154 3414 5200; x_wconf 85' lang='lat' dir='ltr'><strong>non</strong></span> <span class='ocrx_word' id='word_1_440' title='bbox 3456 5143 3550 5201; x_wconf 89' lang='lat' dir='ltr'><strong>abs</strong></span> <span class='ocrx_word' id='word_1_441' title='bbox 3599 5153 3651 5202; x_wconf 86' lang='lat' dir='ltr'><strong>te</strong></span> 
     </span>
    </p>
   </div>
   <div class='ocr_carea' id='block_1_82' title="bbox 612 5254 1670 5331">
    <p class='ocr_par' dir='ltr' id='par_1_82' title="bbox 612 5254 1670 5331">
     <span class='ocr_line' id='line_1_84' title="bbox 612 5254 1670 5331; baseline -0.013 -9"><span class='ocrx_word' id='word_1_442' title='bbox 612 5277 780 5331; x_wconf 85' lang='lat' dir='ltr'><strong>trono,</strong></span> <span class='ocrx_word' id='word_1_443' title='bbox 810 5263 979 5317; x_wconf 77' lang='lat' dir='ltr'><strong>Lucas</strong></span> <span class='ocrx_word' id='word_1_444' title='bbox 1006 5258 1327 5323; x_wconf 76' lang='lat' dir='ltr'><strong>Holslenius,</strong></span> <span class='ocrx_word' id='word_1_445' title='bbox 1361 5254 1670 5328; x_wconf 74' lang='lat' dir='ltr'><strong>felicitatem.</strong></span> 
     </span>
    </p>
   </div>
   <div class='ocr_carea' id='block_1_83' title="bbox 405 5384 1933 5476">
    <p class='ocr_par' dir='ltr' id='par_1_83' title="bbox 405 5384 1933 5476">
     <span class='ocr_line' id='line_1_85' title="bbox 405 5384 1933 5476; baseline -0.014 -20"><span class='ocrx_word' id='word_1_446' title='bbox 405 5407 580 5476; x_wconf 85' lang='lat' dir='ltr'><strong>Quum</strong></span> <span class='ocrx_word' id='word_1_447' title='bbox 613 5401 881 5457; x_wconf 86' lang='lat' dir='ltr'><strong>eruditum</strong></span> <span class='ocrx_word' id='word_1_448' title='bbox 930 5395 1242 5467; x_wconf 85' lang='lat' dir='ltr'><strong>opusculum</strong></span> <span class='ocrx_word' id='word_1_449' title='bbox 1270 5390 1480 5448; x_wconf 88' lang='lat' dir='ltr'><strong>Claudii</strong></span> <span class='ocrx_word' id='word_1_450' title='bbox 1521 5386 1796 5444; x_wconf 81' lang='lat' dir='ltr'><strong>Menetreii</strong></span> <span class='ocrx_word' id='word_1_451' title='bbox 1837 5384 1933 5438; x_wconf 86' lang='lat' dir='ltr'><strong>do-</strong></span> 
     </span>
    </p>
   </div>
   <div class='ocr_carea' id='block_1_84' title="bbox 335 5477 1936 5557">
    <p class='ocr_par' dir='ltr' id='par_1_84' title="bbox 335 5477 1936 5557">
     <span class='ocr_line' id='line_1_86' title="bbox 335 5477 1936 5557; baseline -0.019 1"><span class='ocrx_word' id='word_1_452' title='bbox 335 5499 544 5557; x_wconf 88' lang='lat' dir='ltr'><strong>mestici</strong></span> <span class='ocrx_word' id='word_1_453' title='bbox 574 5497 703 5551; x_wconf 89' lang='lat' dir='ltr'><strong>olim</strong></span> <span class='ocrx_word' id='word_1_454' title='bbox 751 5495 847 5554; x_wconf 88' lang='lat' dir='ltr'><strong>tui.</strong></span> <span class='ocrx_word' id='word_1_455' title='bbox 882 5488 1219 5548; x_wconf 78' lang='lat' dir='ltr'><strong>solertissitni</strong></span> <span class='ocrx_word' id='word_1_456' title='bbox 1251 5487 1327 5542; x_wconf 91' lang='lat' dir='ltr'><strong>rei</strong></span> <span class='ocrx_word' id='word_1_457' title='bbox 1380 5481 1691 5553; x_wconf 75' lang='lat' dir='ltr'><strong>antiquaria:</strong></span> <span class='ocrx_word' id='word_1_458' title='bbox 1735 5477 1936 5545; x_wconf 80' lang='lat' dir='ltr'><strong>prorni—</strong></span> 
     </span>
    </p>
   </div>
   <div class='ocr_carea' id='block_1_85' title="bbox 333 5567 1941 5661">
    <p class='ocr_par' dir='ltr' id='par_1_85' title="bbox 333 5567 1941 5661">
     <span class='ocr_line' id='line_1_87' title="bbox 333 5567 1941 5661; baseline -0.017 -12"><span class='ocrx_word' id='word_1_459' title='bbox 333 5591 516 5656; x_wconf 88' lang='lat' dir='ltr'><strong>condi,</strong></span> <span class='ocrx_word' id='word_1_460' title='bbox 545 5587 800 5661; x_wconf 75' lang='lat' dir='ltr'><strong>singulari</strong></span> <span class='ocrx_word' id='word_1_461' title='bbox 833 5583 1095 5640; x_wconf 77' lang='lat' dir='ltr'><strong>beneficio</strong></span> <span class='ocrx_word' id='word_1_462' title='bbox 1128 5583 1178 5632; x_wconf 93' lang='lat' dir='ltr'><strong>in</strong></span> <span class='ocrx_word' id='word_1_463' title='bbox 1207 5579 1474 5650; x_wconf 87' lang='lat' dir='ltr'><strong>publicam</strong></span> <span class='ocrx_word' id='word_1_464' title='bbox 1504 5577 1676 5630; x_wconf 88' lang='lat' dir='ltr'><strong>lucem</strong></span> <span class='ocrx_word' id='word_1_465' title='bbox 1710 5567 1941 5641; x_wconf 88' lang='lat' dir='ltr'><strong>proferri</strong></span> 
     </span>
    </p>
   </div>
   <div class='ocr_carea' id='block_1_86' title="bbox 330 5663 1942 5758">
    <p class='ocr_par' dir='ltr' id='par_1_86' title="bbox 330 5663 1942 5758">
     <span class='ocr_line' id='line_1_88' title="bbox 330 5663 1942 5758; baseline -0.017 -16"><span class='ocrx_word' id='word_1_466' title='bbox 330 5686 581 5758; x_wconf 74' lang='lat' dir='ltr'><strong>iusseris,</strong></span> <span class='ocrx_word' id='word_1_467' title='bbox 607 5699 716 5754; x_wconf 91' lang='lat' dir='ltr'><strong>quo</strong></span> <span class='ocrx_word' id='word_1_468' title='bbox 756 5681 936 5736; x_wconf 77' lang='lat' dir='ltr'><strong>Dianae</strong></span> <span class='ocrx_word' id='word_1_469' title='bbox 977 5675 1231 5747; x_wconf 59' lang='lat' dir='ltr'><strong>Ephesiae</strong></span> <span class='ocrx_word' id='word_1_470' title='bbox 1278 5679 1478 5728; x_wconf 87' lang='lat' dir='ltr'><strong>statuas</strong></span> <span class='ocrx_word' id='word_1_471' title='bbox 1518 5663 1814 5736; x_wconf 75' lang='lat' dir='ltr'><strong>aenigmatis</strong></span> <span class='ocrx_word' id='word_1_472' title='bbox 1858 5675 1942 5716; x_wconf 90' lang='lat' dir='ltr'><strong>rc-</strong></span> 
     </span>
    </p>
   </div>
   <div class='ocr_carea' id='block_1_87' title="bbox 407 5839 1233 5922">
    <p class='ocr_par' dir='ltr' id='par_1_87' title="bbox 407 5839 1233 5922">
     <span class='ocr_line' id='line_1_89' title="bbox 407 5839 1233 5922; baseline -0.024 -12"><span class='ocrx_word' id='word_1_473' title='bbox 407 5859 422 5872; x_wconf 86' lang='grc'><strong>·</strong></span> <span class='ocrx_word' id='word_1_474' title='bbox 465 5849 658 5922; x_wconf 87' lang='lat' dir='ltr'><strong>Supra,</strong></span> <span class='ocrx_word' id='word_1_475' title='bbox 691 5861 812 5918; x_wconf 88' lang='lat' dir='ltr'><strong>cap.</strong></span> <span class='ocrx_word' id='word_1_476' title='bbox 841 5843 933 5911; x_wconf 73' lang='lat'><strong>2|,</strong></span> <span class='ocrx_word' id='word_1_477' title='bbox 968 5840 1069 5897; x_wconf 88' lang='lat' dir='ltr'><strong>col.</strong></span> <span class='ocrx_word' id='word_1_478' title='bbox 1103 5839 1233 5896; x_wconf 80' lang='grc'><strong>505.</strong></span> 
     </span>
    </p>
   </div>
   <div class='ocr_carea' id='block_1_88' title="bbox 2047 5237 3653 5310">
    <p class='ocr_par' dir='ltr' id='par_1_88' title="bbox 2047 5237 3653 5310">
     <span class='ocr_line' id='line_1_90' title="bbox 2047 5237 3653 5310; baseline -0.004 -10"><span class='ocrx_word' id='word_1_479' title='bbox 2047 5246 2278 5302; x_wconf 88' lang='lat' dir='ltr'><strong>futurum</strong></span> <span class='ocrx_word' id='word_1_480' title='bbox 2293 5243 2610 5307; x_wconf 83' lang='lat' dir='ltr'><strong>existimavi,</strong></span> <span class='ocrx_word' id='word_1_481' title='bbox 2629 5243 2671 5295; x_wconf 90' lang='lat' dir='ltr'><strong>si</strong></span> <span class='ocrx_word' id='word_1_482' title='bbox 2688 5241 3063 5310; x_wconf 80' lang='lat' dir='ltr'><strong>Cogitatioqu</strong></span> <span class='ocrx_word' id='word_1_483' title='bbox 3079 5239 3144 5292; x_wconf 87' lang='lat' dir='ltr'><strong>de</strong></span> <span class='ocrx_word' id='word_1_484' title='bbox 3165 5238 3394 5306; x_wconf 83' lang='lat' dir='ltr'><strong>antiquis</strong></span> <span class='ocrx_word' id='word_1_485' title='bbox 3412 5237 3653 5307; x_wconf 78' lang='lat' dir='ltr'><strong>ejusdem</strong></span> 
     </span>
    </p>
   </div>
   <div class='ocr_carea' id='block_1_89' title="bbox 2048 5331 3650 5403">
    <p class='ocr_par' dir='ltr' id='par_1_89' title="bbox 2048 5331 3650 5403">
     <span class='ocr_line' id='line_1_91' title="bbox 2048 5331 3650 5403; baseline -0.007 -6"><span class='ocrx_word' id='word_1_486' title='bbox 2048 5345 2224 5398; x_wconf 71' lang='lat' dir='ltr'><strong>Diana:</strong></span> <span class='ocrx_word' id='word_1_487' title='bbox 2255 5337 2589 5394; x_wconf 87' lang='lat' dir='ltr'><strong>numismatis</strong></span> <span class='ocrx_word' id='word_1_488' title='bbox 2613 5334 2816 5403; x_wconf 81' lang='lat' dir='ltr'><strong>pridem</strong></span> <span class='ocrx_word' id='word_1_489' title='bbox 2843 5332 2971 5387; x_wconf 91' lang='lat' dir='ltr'><strong>mihi</strong></span> <span class='ocrx_word' id='word_1_490' title='bbox 3003 5332 3272 5386; x_wconf 80' lang='lat' dir='ltr'><strong>suborlant</strong></span> <span class='ocrx_word' id='word_1_491' title='bbox 3297 5331 3482 5385; x_wconf 85' lang='lat' dir='ltr'><strong>eadem</strong></span> <span class='ocrx_word' id='word_1_492' title='bbox 3515 5346 3650 5401; x_wconf 81' lang='lat' dir='ltr'><strong>ope-</strong></span> 
     </span>
    </p>
   </div>
   <div class='ocr_carea' id='block_1_90' title="bbox 2037 5425 3651 5490">
    <p class='ocr_par' dir='ltr' id='par_1_90' title="bbox 2037 5425 3651 5490">
     <span class='ocr_line' id='line_1_92' title="bbox 2037 5425 3651 5490; baseline -0.007 0"><span class='ocrx_word' id='word_1_493' title='bbox 2037 5453 2093 5490; x_wconf 83' lang='lat' dir='ltr'><strong>ra</strong></span> <span class='ocrx_word' id='word_1_494' title='bbox 2125 5433 2188 5489; x_wconf 88' lang='lat' dir='ltr'><strong>ad</strong></span> <span class='ocrx_word' id='word_1_495' title='bbox 2221 5441 2270 5485; x_wconf 88' lang='lat' dir='ltr'><strong>te</strong></span> <span class='ocrx_word' id='word_1_496' title='bbox 2296 5430 2583 5485; x_wconf 78' lang='lat' dir='ltr'><strong>deferrem.</strong></span> <span class='ocrx_word' id='word_1_497' title='bbox 2617 5427 2741 5482; x_wconf 86' lang='lat' dir='ltr'><strong>Feci</strong></span> <span class='ocrx_word' id='word_1_498' title='bbox 2785 5427 2884 5480; x_wconf 88' lang='lat' dir='ltr'><strong>hoc</strong></span> <span class='ocrx_word' id='word_1_499' title='bbox 2915 5443 2979 5480; x_wconf 86' lang='lat' dir='ltr'><strong>eo</strong></span> <span class='ocrx_word' id='word_1_500' title='bbox 3012 5425 3296 5488; x_wconf 86' lang='lat' dir='ltr'><strong>libentius,</strong></span> <span class='ocrx_word' id='word_1_501' title='bbox 3332 5434 3385 5480; x_wconf 91' lang='lat' dir='ltr'><strong>et</strong></span> <span class='ocrx_word' id='word_1_502' title='bbox 3419 5440 3651 5478; x_wconf 81' lang='lat' dir='ltr'><strong>excusa-</strong></span> 
     </span>
    </p>
   </div>
   <div class='ocr_carea' id='block_1_91' title="bbox 2040 5518 3642 5596">
    <p class='ocr_par' dir='ltr' id='par_1_91' title="bbox 2040 5518 3642 5596">
     <span class='ocr_line' id='line_1_93' title="bbox 2040 5518 3642 5596; baseline -0.009 -12"><span class='ocrx_word' id='word_1_503' title='bbox 2040 5531 2167 5591; x_wconf 81' lang='lat' dir='ltr'><strong>tius,</strong></span> <span class='ocrx_word' id='word_1_504' title='bbox 2193 5537 2248 5580; x_wconf 90' lang='lat' dir='ltr'><strong>ut</strong></span> <span class='ocrx_word' id='word_1_505' title='bbox 2275 5539 2454 5596; x_wconf 75' lang='lat' dir='ltr'><strong>spero,</strong></span> <span class='ocrx_word' id='word_1_506' title='bbox 2487 5521 2626 5593; x_wconf 90' lang='lat' dir='ltr'><strong>quod</strong></span> <span class='ocrx_word' id='word_1_507' title='bbox 2648 5532 3021 5590; x_wconf 77' lang='lat' dir='ltr'><strong>argumentum</strong></span> <span class='ocrx_word' id='word_1_508' title='bbox 3047 5518 3336 5573; x_wconf 79' lang='lat' dir='ltr'><strong>Menetreio</strong></span> <span class='ocrx_word' id='word_1_509' title='bbox 3361 5518 3642 5580; x_wconf 88' lang='lat' dir='ltr'><strong>intactum,</strong></span> 
     </span>
    </p>
   </div>
   <div class='ocr_carea' id='block_1_92' title="bbox 2043 5611 3654 5685">
    <p class='ocr_par' dir='ltr' id='par_1_92' title="bbox 2043 5611 3654 5685">
     <span class='ocr_line' id='line_1_94' title="bbox 2043 5611 3654 5685; baseline -0.009 -8"><span class='ocrx_word' id='word_1_510' title='bbox 2043 5639 2142 5681; x_wconf 88' lang='lat' dir='ltr'><strong>nec</strong></span> <span class='ocrx_word' id='word_1_511' title='bbox 2186 5621 2276 5674; x_wconf 88' lang='lat' dir='ltr'><strong>ulli</strong></span> <span class='ocrx_word' id='word_1_512' title='bbox 2325 5615 2745 5685; x_wconf 86' lang='lat' dir='ltr'><strong>antiquariorum</strong></span> <span class='ocrx_word' id='word_1_513' title='bbox 2797 5613 3056 5668; x_wconf 82' lang='lat' dir='ltr'><strong>hactenus</strong></span> <span class='ocrx_word' id='word_1_514' title='bbox 3103 5611 3448 5666; x_wconf 66' lang='lat' dir='ltr'><strong>olisethittim</strong></span> <span class='ocrx_word' id='word_1_515' title='bbox 3503 5626 3654 5665; x_wconf 86' lang='lat' dir='ltr'><strong>com-</strong></span> 
     </span>
    </p>
   </div>
   <div class='ocr_carea' id='block_1_93' title="bbox 2047 5702 3654 5788">
    <p class='ocr_par' dir='ltr' id='par_1_93' title="bbox 2047 5702 3654 5788">
     <span class='ocr_line' id='line_1_95' title="bbox 2047 5702 3654 5788; baseline -0.009 -18"><span class='ocrx_word' id='word_1_516' title='bbox 2047 5717 2328 5788; x_wconf 84' lang='lat' dir='ltr'><strong>plectatur.</strong></span> <span class='ocrx_word' id='word_1_517' title='bbox 2353 5709 2453 5764; x_wconf 83' lang='lat' dir='ltr'><strong>Titi</strong></span> <span class='ocrx_word' id='word_1_518' title='bbox 2485 5716 2662 5761; x_wconf 86' lang='lat' dir='ltr'><strong>autem</strong></span> <span class='ocrx_word' id='word_1_519' title='bbox 2691 5703 2874 5775; x_wconf 91' lang='lat' dir='ltr'><strong>judicii</strong></span> <span class='ocrx_word' id='word_1_520' title='bbox 2919 5706 3059 5759; x_wconf 88' lang='lat' dir='ltr'><strong>hanc</strong></span> <span class='ocrx_word' id='word_1_521' title='bbox 3107 5704 3453 5772; x_wconf 87' lang='lat' dir='ltr'><strong>scriptionem</strong></span> <span class='ocrx_word' id='word_1_522' title='bbox 3495 5702 3654 5765; x_wconf 84' lang='lat' dir='ltr'><strong>facio,</strong></span> 
     </span>
    </p>
   </div>
   <div class='ocr_carea' id='block_1_94' title="bbox 2050 5795 3663 5884">
    <p class='ocr_par' dir='ltr' id='par_1_94' title="bbox 2050 5795 3663 5884">
     <span class='ocr_line' id='line_1_96' title="bbox 2050 5795 3663 5884; baseline -0.007 -19"><span class='ocrx_word' id='word_1_523' title='bbox 2050 5807 2194 5884; x_wconf 88' lang='lat' dir='ltr'><strong>quod</strong></span> <span class='ocrx_word' id='word_1_524' title='bbox 2224 5820 2383 5862; x_wconf 89' lang='lat' dir='ltr'><strong>nemo</strong></span> <span class='ocrx_word' id='word_1_525' title='bbox 2414 5812 2466 5858; x_wconf 89' lang='lat' dir='ltr'><strong>te</strong></span> <span class='ocrx_word' id='word_1_526' title='bbox 2514 5800 2713 5856; x_wconf 80' lang='lat' dir='ltr'><strong>rectius</strong></span> <span class='ocrx_word' id='word_1_527' title='bbox 2757 5798 3040 5869; x_wconf 81' lang='lat' dir='ltr'><strong>intelligat,</strong></span> <span class='ocrx_word' id='word_1_528' title='bbox 3093 5811 3249 5868; x_wconf 87' lang='lat' dir='ltr'><strong>quam</strong></span> <span class='ocrx_word' id='word_1_529' title='bbox 3313 5795 3663 5867; x_wconf 83' lang='lat' dir='ltr'><strong>multiplicem</strong></span> 
     </span>
    </p>
   </div>
  </div>
