4248 6264
605 416 712 473 567

1965 389 2167 449 LUCA'J
2208 383 2563 445 HOLSTENII

3811 377 3920 436 568

609 548 768 589 usum
795 530 1039 583 accurata
1066 516 1398 590 antiquitatis
1426 514 1660 586 cognitio
1677 511 1742 566 ad
1766 511 2029 581 reliquum
2049 519 2208 560 omne
2236 503 2290 564 Α
2315 518 2421 558 non
2448 499 2724 556 dubitarit.
2760 496 2927 568 llujus
2970 495 3276 567 exemplum
3305 501 3488 564 postea
3517 491 3784 563 Rigaltius
3808 492 3918 549 ιιι.

612 625 913 680 studiorum
955 629 1125 687 genus
1149 610 1447 666 ornandum
1471 650 1485 671 ,
1513 604 1923 676 augendumque
1972 605 2208 668 praestet.

613 715 746 769 Cum
774 710 916 766 enim
947 716 1094 762 recte
1132 701 1423 775 judicares,
1458 696 1589 752 nihil
1616 697 1666 750 in
1713 694 1966 749 Veterum
1999 687 2209 758 scriptis

607 814 720 860 tam
773 803 1102 864 abstrusum,
1134 807 1226 851 aut
1273 793 1559 850 obscurum
1589 789 1925 849 delitescere,
1955 782 2081 852 quin
2127 779 2212 834 lu-

612 911 733 952 cem
763 895 993 964 aliquam
1020 909 1050 946 a
1079 888 1268 960 priscis
1291 887 1650 940 monumentls
1682 877 1908 934 mutuari
1936 873 2122 945 possit,
2147 886 2210 926 ea

613 988 712 1044 tibi
738 1000 897 1041 causa
926 983 1043 1047 fuit,
1077 996 1172 1037 cur
1201 977 1537 1034 bibliotheca:
1558 1016 1573 1041 ,
1611 987 1769 1044 quam
1801 966 2208 1024 celeberrimam

609 1077 938 1143 instruxisti,
970 1083 1206 1130 veterum
1240 1070 1558 1134 tabularum,
1593 1067 1889 1136 signorum,
1918 1059 2208 1115 numisma-

608 1180 752 1238 tum,
782 1179 837 1226 et
862 1167 1266 1236 inscriptionum
1292 1159 1712 1232 suppellectilem
1731 1155 2002 1228 copiosam
2024 1150 2212 1221 adjun-

611 1266 799 1332 xeris;
829 1274 889 1318 ut
915 1262 1218 1318 universam
1253 1259 1478 1314 ertnlitze
1523 1250 1850 1323 antiquitatis
1895 1248 2208 1304 memoriam

612 1360 894 1416 doctorum
950 1357 1225 1410 hominum
1275 1350 1446 1406 oculis
1496 1343 1843 1418 spectandam
1895 1341 2208 1410 Subjiceres.

611 1451 767 1508 Nune
787 1464 900 1505 rem
929 1449 1096 1518 ipsam
1123 1457 1407 1514 cognosce.

685 1541 898 1596 Nummi
923 1548 1132 1594 veteres
1153 1535 1334 1589 Dianae
1364 1530 1610 1601 Ephesia:
1639 1527 1817 1598 efﬁgie
1845 1524 2056 1595 signati,
2082 1535 2214 1592 quo-

614 1651 735 1692 rum
769 1631 1054 1688 nonnullos
1086 1627 1294 1682 tabella:
1333 1624 1600 1693 adjuncta:
1637 1613 1892 1675 exhibent
1913 1658 1927 1681 ,
1955 1629 2021 1670 eo
2049 1629 2076 1666 a
2105 1622 2214 1666 sta-

612 1731 721 1786 tuis
776 1723 1050 1782 Mcnetreii
1102 1719 1360 1776 industria
1411 1713 1683 1787 productis
1723 1709 2019 1773 differunt,
2070 1704 2211 1775 quod

615 1828 783 1884 Deam
809 1834 1160 1879 mammarum
1194 1815 1433 1886 pondere
1478 1818 1726 1865 onustam
1768 1805 1952 1860 fulcris
1997 1801 2216 1871 quibus-

2330 595 2493 661 tetim,
2532 601 2588 647 et
2635 589 2962 661 nuperrime,
3004 589 3190 643 iterata
3244 586 3501 653 editione,
3556 585 3737 640 Batavi
3792 594 3918 641 sunt

2315 685 2505 741 secuti.
2528 683 2640 739 Nec
2665 696 2852 752 parum
2884 679 3120 751 praesidii
3151 678 3275 734 huic
3301 677 3642 734 com'identize
3668 676 3916 733 attulisse

2314 777 2526 835 videtur
2553 775 2690 832 Justi
2739 773 2906 843 Lips-ii
2953 771 3264 834 auctoritas,
3312 785 3473 840 quem
3521 769 3913 824 correctionem

2315 873 2472 927 istam
2503 872 2568 926 ad
2600 868 2981 926 TacitiAnnal.
3010 866 3104 922 lib.
3133 881 3211 930 nt,
3245 861 3626 931 comprobasse
3651 860 3913 915 sciebant.

2316 963 2385 1019 Et
2413 963 2466 1018 lii
2493 962 2712 1033 quidem
2749 977 2936 1016 omnes
2981 973 3102 1014 cum
3133 969 3320 1028 presso
3359 952 3584 1022 vestigio
3618 950 3801 1007 Ursini
3832 965 3918 1006 sc-

2315 1059 2501 1114 mitam
2524 1058 2844 1123 calcassent,
2879 1042 3148 1110 diversam
3188 1047 3380 1105 institit
3420 1043 3784 1102 Geverhartus
3826 1043 3918 1099 El-

2316 1149 2699 1213 menborstins,
2733 1147 2894 1202 homo
2921 1159 3051 1199 sane
3074 1139 3214 1196 haud
3246 1138 3527 1208 indiligens
3563 1155 3575 1189 :
3602 1135 3691 1206 qui
3718 1134 3918 1190 Roma-

2318 1259 2443 1298 nam
2480 1241 2765 1296 lectionem
2798 1245 3010 1293 mutare
3041 1250 3144 1290 non
3173 1247 3357 1299 ausus,
3386 1228 3700 1299 trajectione
3727 1226 3917 1281 verbo-

2317 1351 2434 1392 rum
2466 1336 2642 1389 locum
2675 1332 2870 1386 misere
2898 1327 3098 1384 luxavit
3137 1327 3190 1381 in
3239 1324 3473 1379 editione
3524 1317 3917 1389 Hamburgensi

2318 1426 2529 1496 majori,
2577 1424 2664 1479 ubi
2713 1421 2931 1477 Minucii
2972 1419 3134 1474 verba
3175 1418 3247 1471 ita
3285 1415 3583 1470 deformata
3625 1412 3910 1480 leguntur:

2319 1518 2490 1573 Diana
2513 1519 2712 1573 interim
2736 1529 2807 1570 est
2833 1514 2936 1568 alte
2969 1513 3225 1568 succincta
3254 1508 3486 1564 venatria:
3506 1505 3718 1561 verubus
3743 1514 3918 1558 extru-

2319 1622 2430 1676 cta;
2453 1620 2499 1666 et
2537 1610 2759 1681 Ephesia
2789 1606 3021 1662 mammis
3055 1604 3259 1668 multis;
3285 1609 3328 1657 et
3357 1599 3530 1655 Trivia
3563 1597 3710 1652 trinis
3737 1593 3919 1666 capiti-

2321 1705 2429 1772 bus,
2463 1714 2567 1760 etc.

2394 1794 2499 1851 Sed
2539 1793 2654 1848 haec
2694 1793 2900 1848 leviora
2943 1798 3069 1846 sunt
3107 1804 3217 1860 prae
3257 1788 3382 1854 illis,
3415 1801 3534 1856 qua:
3553 1783 3664 1854 jam
3702 1791 3826 1838 ante
3852 1778 3919 1836 ad

616 1919 742 1975 dam
766 1917 880 1970 sive
907 1910 1156 1976 deStinis,
1180 1921 1316 1978 quos
1341 1905 1610 1973 scipiones
1645 1899 1882 1954 nodosos
1909 1895 2184 1951 existimes
2201 1933 2214 1957 ,
2247 1900 2296 1960 Β
2323 1887 2572 1944 eumdem
2598 1885 2812 1940 Minucii
2839 1885 3010 1938 locum
3037 1889 3372 1938 commentus
3404 1879 3578 1934 fuerat
3609 1878 3798 1933 Petrus
3819 1875 3921 1930 Fa-

614 2013 866 2076 utrinque
886 2006 1179 2074 subrigant.
1207 2001 1388 2069 anue
1418 1999 1469 2052 in
1491 2012 1546 2051 re
1569 1995 1639 2049 ita
1655 2000 1966 2049 constanter
1988 2002 2217 2044 consen-

612 2105 758 2160 tiunt
781 2114 990 2165 omnes,
1022 2104 1282 2165 quotquot
1306 2090 1437 2157 vidi,
1485 2087 1593 2143 vidi
1630 2095 1808 2140 autem
1850 2098 2007 2154 quam
2051 2079 2216 2150 pluri-

615 2213 757 2264 mos,
801 2205 860 2250 ut
902 2192 1245 2248 simulacrum
1297 2185 1585 2256 Ephesium
1637 2181 1764 2237 olim
1811 2178 2001 2235 eodem
2056 2175 2216 2229 modo

608 2291 884 2349 sull'ultum
937 2285 1100 2340 fuisse
1132 2281 1353 2337 omnino
1381 2275 1755 2332 al'ﬁrmandum
1785 2281 1991 2343 putem.
2031 2267 2216 2336 Neque

615 2400 749 2440 vero
777 2397 840 2437 ea
867 2379 935 2434 de
967 2393 1025 2432 re
1052 2391 1150 2432 nos
1179 2373 1429 2429 dubitare
1475 2368 1736 2439 permittit
1776 2363 1988 2420 Minucii
2027 2362 2218 2416 Felicis

617 2471 965 2531 eruditissimi
993 2467 1270 2538 scriptoris
1317 2465 1498 2527 locus,
1531 2459 1621 2514 ubi
1659 2459 1838 2512 Diana:
1865 2455 2113 2525 Ephesiae
2139 2453 2215 2506 si-

617 2580 780 2637 gnum
808 2560 1055 2617 mammis
1083 2557 1262 2612 multis
1286 2552 1627 2620 verubusque
1653 2555 1954 2604 extructum
1983 2559 2218 2600 comme—

616 2665 812 2713 morat.
836 2653 939 2710 Sed
966 2652 1020 2706 in
1065 2651 1166 2705 isto
1193 2649 1314 2703 loco
1353 2642 1710 2716 pervertendo
1737 2640 2058 2696 Criticorum
2086 2651 2216 2692 acu-

618 2764 744 2804 men
777 2744 1000 2800 miriﬁce
1022 2742 1279 2796 hactenus
1307 2753 1428 2794 sese
1451 2735 1687 2792 exercuit
1715 2751 1727 2786 :
1748 2733 1883 2788 adeo
1905 2731 2118 2801 quidem
2138 2738 2215 2794 ut,

616 2843 722 2898 nisi
748 2839 994 2895 vindicia:
1020 2851 1085 2893 ex
1114 2835 1264 2889 libris
1296 2843 1350 2888 et
1380 2829 1740 2886 monumentis
1765 2827 1996 2899 antiquis
2024 2839 2220 2895 oppor-

621 2944 750 2991 tune
766 2933 980 2996 dentur,
1011 2928 1234 3000 posthac
1259 2925 1468 2981 futurus
1497 2923 1567 2978 sit
1591 2919 1933 2977 intestabilis.

692 3026 826 3081 Rem
854 3023 1054 3079 clarius
1094 3019 1325 3089 explico,
1369 3024 1444 3081 ut,
1479 3030 1636 3086 quam
1664 3011 1949 3068 infeliciter
1973 3009 2128 3065 Felix
2153 3007 2221 3062 ab

623 3117 922 3176 editoribus
948 3123 1201 3183 exceptus
1222 3152 1236 3175 ,
1277 3109 1597 3176 habitusque
1634 3105 1794 3160 fuerit
1814 3146 1826 3168 ,
1855 3103 2064 3173 penitus
2095 3115 2220 3171 per-

622 3210 898 3280 spiciatur.
925 3204 1180 3274 Princeps
1206 3202 1446 3256 Romana
1467 3197 1633 3253 editio
1659 3211 1688 3250 a
1713 3195 1911 3250 Fausm
1937 3193 2129 3248 Sabaeo
2153 3189 2221 3244 ad

2323 1981 2439 2045 ber,
2467 1979 2694 2034 celebris
2727 1979 2902 2047 legum
2941 1975 3187 2042 antistes,
3223 1975 3343 2030 libr.
3377 1989 3470 2040 ιιι,
3507 1973 3769 2028 Semestr.
3797 1985 3920 2040 cap.

2321 2074 2374 2128 3.
2405 2073 2454 2128 Is
2507 2071 2618 2127 acri
2669 2070 3030 2140 disputatione
3078 2069 3349 2124 lacessens
3398 2068 3456 2124 S.
3512 2066 3920 2137 Hieronymum,

2319 2165 2463 2238 quod
2498 2165 2720 2220 Dianam
2751 2163 2951 2234 Ephesi
2970 2179 3040 2217 tm
3071 2161 3541 2218 multitnammiam
3568 2177 3595 2213 a
3627 2159 3921 2224 venatrice,

2322 2277 2441 2332 qua:
2472 2277 2654 2316 arcum
2688 2269 2854 2326 tenet,
2888 2260 3104 2328 alteque
3131 2257 3404 2314 succincta
3433 2265 3516 2311 est
3537 2297 3553 2322 ,
3583 2255 3921 2322 distinxerit;

2323 2369 2517 2425 magno
2567 2351 2807 2424 quidem,
2849 2351 2944 2407 sed
2992 2351 3146 2406 irrito
3183 2359 3381 2406 conatu
3429 2349 3676 2404 evincere
3719 2347 3922 2416 studet,

2321 2449 2575 2506 Cererem
2603 2463 2952 2503 mammosam
2987 2447 3206 2502 Veteres
3231 2445 3466 2508 novisse,
3503 2444 3722 2498 Dianam
3753 2458 3924 2498 mam-

2323 2558 2528 2598 mosam
2563 2542 2857 2613 ignorasse.
2883 2539 3117 2610 Ideoque
3157 2537 3370 2593 Minucii
3402 2537 3585 2601 verba,
3621 2551 3688 2591 ne
3734 2535 3924 2591 Hiero-

2325 2636 2468 2709 nymi
2491 2650 2708 2691 causam
2741 2633 2929 2704 juvent
2949 2674 2965 2700 ,
2992 2629 3378 2701 distorquendo
3402 2628 3827 2700 corrigendoque
3849 2628 3928 2684 sic

2323 2730 2612 2800 interpolat
2655 2747 2668 2784 :
2703 2727 2873 2783 Diana
2913 2728 3116 2782 interim
3155 2735 3228 2781 est
3268 2724 3372 2781 alte
3413 2725 3668 2780 succincta
3701 2722 3929 2778 venatrix

2325 2822 2550 2894 Ephesia
2579 2831 2626 2876 et
2657 2821 2892 2875 mammis
2919 2820 3094 2874 multis
3135 2816 3287 2874 Ceres
3327 2827 3577 2872 extructa.
3627 2815 3782 2884 Atqui
3827 2813 3930 2869 hoc

2326 2927 2429 2982 est,
2456 2930 2561 2971 non
2584 2915 2932 2984 depravatum
2960 2910 3224 2981 castigare
3251 2911 3450 2975 locum,
3475 2907 3618 2979 quod
3642 2909 3756 2978 ipse
3777 2906 3844 2961 de
3870 2920 3930 2960 se

2326 3008 2584 3080 praedicat
2613 3048 2628 3073 ,
2677 3007 2772 3063 sed
2833 3006 3098 3076 integrum
3139 3016 3522 3072 corrumpere.
3573 2999 3932 3055 Abstinuisset

2327 3105 2513 3174 utique
2565 3101 2766 3158 infelici
2818 3098 3218 3156 concertatione
3265 3105 3444 3152 tantus
3492 3095 3595 3160 vir,
3647 3093 3693 3149 si
3751 3092 3932 3147 Diana:

2329 3194 2579 3263 Ephesiae
2626 3194 2837 3264 signum
2873 3198 3060 3258 vetus,
3092 3196 3187 3244 aut
3212 3201 3484 3256 nummos,
3512 3185 3596 3241 vel
3649 3199 3742 3256 per
3787 3193 3932 3238 tran-

621 3302 866 3359 Vaticani
903 3297 1105 3354 codicis
1159 3295 1320 3351 iidem
1363 3299 1641 3363 procurata
1692 3290 1764 3343 ita
1815 3287 2016 3348 locum,
2062 3298 2220 3355 quem
2249 3287 2296 3350 C
2329 3301 2550 3344 sennam
2581 3285 2925 3356 inspexisset.

623 3397 754 3461 dixi,
784 3392 1002 3450 exhibet
1025 3407 1038 3442 :
1066 3387 1235 3442 Diana
1256 3385 1454 3439 interint
1484 3393 1554 3437 est
1577 3382 1678 3435 alte
1692 3380 1943 3434 succincta
1959 3376 2224 3444 venatrix;

624 3501 673 3546 et
696 3486 921 3559 Ephesia
938 3481 1171 3537 mammis
1192 3479 1364 3533 multis
1391 3487 1435 3532 et
1454 3475 1666 3530 verubus
1692 3483 1956 3539 extructa;
1987 3480 2032 3526 et
2055 3470 2226 3524 Trivia

630 3584 778 3638 trinis
807 3578 1055 3651 capitibus
1081 3590 1127 3630 et
1154 3573 1326 3627 multis
1359 3571 1590 3625 manibus
1620 3569 1880 3636 horriﬁca.
1915 3566 1989 3620 Ita
2031 3564 2226 3635 triplex

631 3674 794 3730 unius
846 3671 1023 3727 Diana:
1083 3681 1279 3722 numen
1359 3662 1500 3718 netis
1552 3659 1822 3730 signisque
1875 3655 2228 3726 peculiaribus

626 3773 880 3820 accurate
927 3775 994 3816 ex
1049 3757 1291 3812 fabulosa
1343 3752 1617 3826 gentilium
1676 3749 1941 3818 theologia
1988 3746 2228 3801 distinxit

628 3856 873 3913 eruditus
901 3853 1148 3919 scriptor.
1170 3847 1476 3904 Lectionem
1503 3843 1687 3913 primae
1709 3841 1955 3897 editionis
1979 3838 2228 3908 religiose

636 3947 872 4005 servavit
911 3943 1249 4006 Basileensis,
1291 3951 1345 3995 et
1383 3934 1848 4006 lieidelbergensis
1878 3931 2066 3986 Frauc.
2109 3930 2230 3984 Bal-

638 4041 785 4099 duini
813 4057 828 4107 ;
860 4049 968 4094 tum
993 4037 1232 4092 Romana
1267 4031 1548 4104 posterior,
1581 4043 1700 4098 quze
1735 4043 1799 4081 ex
1830 4023 2003 4080 Fulvii
2047 4020 2229 4079 Ursini

623 4122 954 4194 recensione
994 4129 1216 4202 prodiit;
1247 4126 1346 4182 nisi
1376 4123 1518 4196 quod
1561 4121 1924 4192 conjecturam
1953 4132 2104 4173 suam
2151 4116 2232 4170 vir

628 4227 1032 4287 accuratissime
1061 4224 1250 4278 doctus
1274 4217 1496 4287 margini
1522 4216 1835 4286 appingens,
1863 4228 1968 4266 non
1993 4209 2228 4275 verubus,

627 4323 727 4380 sed
781 4322 1016 4376 uberibus
1069 4313 1354 4387 legendum
1405 4317 1639 4364 moneat.
1698 4305 1956 4361 Desiderii
2020 4301 2231 4358 lleraldi

627 4411 948 4471 Parisieusis
975 4405 1235 4462 Advocati
1264 4403 1427 4456 editio
1464 4400 1661 4469 duplex
1701 4395 1894 4451 deinde
1937 4395 2230 4448 Romanam

630 4504 928 4560 lectionem
977 4483 1261 4566 espressit,
1291 4494 1382 4547 sed
1414 4493 1582 4546 altera
1620 4489 1816 4543 veribus
1857 4503 1962 4541 una
1999 4486 2231 4542 litterula

628 4602 836 4650 mutata
861 4605 956 4661 pro
982 4588 1195 4643 verubus
1224 4584 1458 4647 exhibet,
1486 4597 1556 4637 ex
1588 4583 1725 4646 ipso,
1757 4590 1812 4634 ut
1844 4589 1991 4633 notat
2013 4621 2027 4645 ,
2062 4579 2232 4634 veteri

2403 3379 2705 3451 Adjungam
2739 3375 3103 3448 superioribus
3140 3373 3410 3431 celebrem
3459 3385 3602 3426 nunc
3645 3370 3697 3425 in
3748 3367 3935 3426 Galliis

2333 3473 2532 3537 virum,
2559 3471 2659 3526 fori
2707 3470 2864 3540 hujus
2903 3467 3193 3538 antiquarii
3231 3480 3435 3536 regem,
3482 3462 3676 3518 Joann.
3726 3459 3933 3515 Triste-

2332 3580 2461 3620 num
2512 3563 2562 3618 ls
2589 3572 2733 3618 tome
2762 3562 2802 3625 l,
2835 3561 3053 3616 exhibet
3093 3573 3372 3614 nummum
3411 3556 3784 3617 KAAOHNON,
3818 3552 3936 3608 sive

2333 3657 2710 3715 Caduenorum
2741 3655 2835 3724 (ita
2858 3656 3001 3708 enim
3039 3652 3333 3722 Stephano,
3376 3649 3568 3716 Plinio,
3597 3647 3801 3716 sibique
3833 3644 3936 3714 ipsi

2335 3750 2462 3805 alibi
2491 3749 2669 3804 vocari
2695 3745 3019 3816 ostendam),
3067 3744 3246 3799 Dianae
3290 3740 3538 3811 Ephesia:
3585 3737 3814 3809 imagine
3862 3735 3940 3790 si-

2335 3854 2596 3915 gnatum;
2639 3842 2796 3912 eique
2845 3837 3162 3894 illustrando
3213 3845 3467 3892 vexatum
3502 3830 3715 3888 Minucii
3751 3828 3936 3884 locum

2338 3935 2536 4005 ingenii
2565 3933 2859 4003 perieulum
2885 3940 2939 3986 et
2964 3930 3079 3999 ipse
3108 3927 3344 3982 facturus
3364 3925 3597 3980 adducit.
3625 3918 3939 3992 Repudiatis

2337 4026 2500 4096 igitur
2524 4025 2772 4087 verubus,
2797 4037 2956 4094 quam
3003 4037 3107 4075 non
3144 4019 3428 4091 genuinam
3472 4013 3686 4070 Minucii
3722 4025 3935 4075 vocem,

2338 4117 2432 4173 sed
2461 4116 2725 4183 Woweri,
2750 4113 2928 4170 omnia
2969 4111 3072 4167 alia
3099 4110 3403 4177 sentientis,
3435 4115 3796 4164 commentum
3825 4102 3942 4159 exi-

2339 4211 2523 4266 stimat
2548 4229 2567 4264 :
2593 4210 2827 4264 uberibus
2849 4209 3066 4281 quidem
3107 4206 3391 4279 legendum
3419 4215 3624 4272 censet,
3656 4204 3750 4260 sed
3781 4203 3941 4273 longe

2339 4305 2468 4371 alio,
2495 4320 2654 4375 quam
2683 4304 2862 4360 caeteri
2893 4317 3100 4367 omnes,
3152 4315 3336 4357 sensu.
3384 4298 3598 4354 Etenim
3641 4313 3760 4353 eum
3803 4297 3944 4352 inter

2339 4411 2601 4450 mammas
2630 4403 2685 4450 et
2712 4396 2876 4452 ubera
2905 4405 2995 4449 aut
3027 4394 3256 4459 nullum,
3287 4401 3384 4448 aut
3402 4409 3508 4448 non
3541 4391 3641 4446 nisi
3671 4388 3943 4460 ineptissi-

2344 4503 2490 4542 mum
2517 4487 2807 4543 discrimen
2840 4504 2868 4540 a
2899 4487 3275 4544 Grammaticis
3305 4485 3464 4542 statui
3499 4485 3799 4539 rectissime
3829 4497 3946 4552 per-

2337 4580 2623 4647 spexisset,
2656 4579 2888 4650 ideoque
2925 4581 3012 4633 vix
3045 4579 3163 4633 sine
3205 4577 3337 4632 vitio
3388 4576 3732 4646 tautologiam
3783 4574 3941 4628 istam

629 4683 1022 4752 manuscripto,
1052 4679 1141 4750 qui
1169 4675 1363 4732 Leoiiis
1398 4675 1442 4729 Χ
1483 4671 1843 4728 munificentia
1869 4686 1939 4726 ex
1978 4671 2228 4728 Vaticana
2254 4676 2308 4737 D
2333 4685 2584 4732 accurato
2607 4681 2663 4729 et
2709 4688 2911 4744 pressae
2960 4672 3211 4728 dictionis
3253 4670 3504 4741 scriptori
3553 4669 3711 4724 tribui
3761 4682 3940 4738 posse,

629 4778 950 4836 bibliotheca
981 4775 1034 4829 iti
1065 4773 1262 4844 regiam
1297 4769 1560 4839 migravit.
1607 4766 1798 4820 Missus
1823 4766 1964 4820 enim
1998 4766 2095 4820 fuit
2132 4781 2226 4822 co-

630 4873 733 4928 dex
779 4871 866 4926 ille
896 4865 1177 4938 singularis
1218 4862 1283 4916 ad
1325 4861 1670 4916 Franciscum
1729 4873 1909 4925 regem
1955 4875 2057 4912 una
2106 4875 2226 4914 cum

632 4979 833 5022 excuso
859 4958 1174 5030 exemplari,
1204 4954 1344 5026 quod
1369 4955 1484 5025 ejus
1510 4950 1711 5006 nomini
1744 4949 1976 5006 editores
2005 4951 2229 5005 Romani

627 5058 1034 5126 inscripserunt.
1065 5051 1223 5106 Levis
1253 5048 1342 5103 illa
1371 5046 1593 5102 mutatio
1636 5043 1923 5108 lleraldum
1978 5044 2227 5114 perpulit,

625 5161 688 5208 ut
720 5151 836 5219 ipse
882 5148 969 5203 vel
1013 5142 1244 5198 uberibus
1287 5157 1406 5196 cum
1454 5138 1670 5201 Ursino,
1704 5138 1787 5190 vel
1815 5137 2072 5190 tuberibus
2104 5151 2226 5191 cum

627 5241 868 5312 Josepho
896 5238 1187 5307 Scaligero,
1235 5232 1516 5305 legendum
1559 5238 1845 5295 censeret;
1887 5230 1938 5282 in
1992 5230 2226 5299 priorem

637 5348 816 5392 lainen
849 5331 1212 5402 conjecturam
1247 5327 1578 5396 propensior.

703 5430 770 5483 Et
795 5429 848 5482 hi
873 5425 1085 5498 quidem
1126 5421 1450 5492 eonjeeturis
1482 5429 1707 5474 eatenus
1757 5417 2126 5483 indulserunt,
2171 5427 2226 5474 ut

624 5529 777 5576 textu
807 5515 1110 5571 Minuciano
1138 5526 1326 5566 manus
1357 5511 1567 5565 interim
1595 5509 1947 5564 abstinerent.
1979 5511 2046 5564 At
2067 5518 2229 5565 etete-

618 5611 671 5667 ri
695 5609 950 5677 deinceps
972 5619 1078 5660 non
1102 5618 1254 5673 teque
1283 5601 1499 5656 fuerunt
1531 5599 1786 5670 religiosi.
1825 5599 1957 5654 Nam
1987 5600 2225 5656 Joannes

625 5701 956 5767 Wowerius,
988 5697 1119 5753 civis
1150 5709 1300 5750 meus
1325 5734 1340 5756 ,
1385 5693 1626 5748 doctrina
1671 5703 1723 5746 et
1747 5693 1951 5762 judicio
1988 5693 2223 5762 alioquin

624 5797 886 5866 prmelare
914 5792 1225 5849 instructus.
1255 5785 1434 5841 Ursini
1463 5787 1825 5854 conjecturam
1856 5787 1925 5840 ita
1947 5787 2225 5855 amplexus

622 5895 728 5957 est,
756 5897 814 5944 ut
844 5887 894 5955 in
922 5887 1232 5939 contextum
1269 5876 1483 5934 Minucii
1520 5891 1618 5948 pro
1659 5876 1936 5934 verissima
1973 5877 2224 5954 recipere

2334 4782 2590 4838 perquam
2618 4767 2894 4837 ingeniose
2922 4781 3171 4820 mammas
3195 4763 3382 4818 multas
3403 4803 3420 4830 ,
3451 4761 3725 4826 uberesque
3759 4759 3944 4815 Diana:

2334 4861 2581 4933 Ephesiae
2623 4861 2691 4917 de
2719 4861 2935 4932 turgidis
2985 4860 3244 4928 multoque
3281 4859 3411 4914 lacte
3448 4857 3679 4913 distentis
3731 4854 3946 4912 censuit

2334 4955 2699 5026 explicandas.
2752 4954 2870 5022 Quo
2915 4953 3129 5024 quidem
3167 4951 3370 5016 Ursini,
3415 4958 3472 5006 et
3514 4956 3778 5020 quotquot
3822 4947 3943 5017 ejus

2334 5049 2553 5118 vestigia
2596 5057 2785 5118 postea
2830 5047 3077 5118 legerunt
3126 5044 3449 5099 Criticorum
3497 5039 3941 5110 depravationem

2335 5150 2522 5213 aperte
2541 5142 2786 5213 jugulat;
2817 5140 3032 5196 Minucii
3067 5148 3242 5194 tamen
3282 5146 3516 5192 mentem
3545 5150 3651 5190 non
3680 5143 3764 5190 est
3789 5146 3945 5188 asse-

2331 5245 2507 5302 cutus,
2537 5235 2679 5307 quod
2707 5236 2910 5291 recenti
2941 5245 2998 5291 et
3029 5233 3364 5303 interpolata:
3404 5230 3628 5288 editioni
3647 5244 3786 5301 ,qua
3812 5242 3946 5284 usus

2330 5327 2563 5394 videtur,
2597 5327 2759 5384 ﬁdem
2791 5338 2994 5383 temere
3023 5325 3349 5381 adhibuerit.

2401 5420 2671 5476 C:eterum
2721 5418 2840 5474 istis
2865 5419 3119 5474 omnibus
3159 5418 3212 5472 in
3241 5416 3528 5487 perspicuo
3558 5414 3775 5471 Minucii
3819 5414 3948 5469 loco

2330 5513 2534 5578 oculos,
2569 5520 2913 5582 mentemque
2951 5513 3227 5583 glaucoma
3259 5510 3628 5581 praestrinxit,
3662 5508 3805 5580 quod
3846 5523 3948 5563 ne-

2330 5620 2594 5676 quaquam
2625 5604 2968 5672 exploratum
2999 5603 3291 5665 haberent,
3313 5616 3420 5672 quo
3454 5600 3757 5670 signiﬁcatu
3787 5613 3946 5654 verna

2328 5698 2564 5768 antiquis
2604 5696 2800 5769 lingua:
2826 5696 3004 5751 latina:
3035 5693 3346 5751 auctoribus
3374 5693 3591 5764 proprie
3612 5692 3753 5747 dicta
3779 5705 3945 5746 acce-

2330 5798 2526 5860 ptaque
2559 5789 2776 5844 fuerint.
2804 5789 2938 5845 Cum
2983 5789 3124 5843 enim
3156 5788 3417 5842 assatoria
3440 5786 3550 5847 illa.
3583 5787 3698 5840 sive
3720 5783 3946 5839 transﬁ-

2329 5881 2504 5952 xoria,
2536 5891 2596 5939 ut
2621 5881 2813 5954 Papias
2844 5890 3033 5951 vocat,
3061 5895 3290 5952 quorum
3321 5880 3376 5936 in
3403 5878 3634 5952 coquiua
3675 5892 3804 5935 usus
3831 5883 3944 5948 est,
