4248 6264
356 265 468 328 369

1434 261 1774 318 EPISTOLA
1812 260 1903 317 DE
1942 256 2268 317 VERUBUS
2310 258 2562 314 DIANA‘I.

3567 258 3674 313 570

360 398 557 457 οιτιιιω
586 383 637 440 in
670 383 869 440 Gallica
902 382 1117 440 Minucii
1145 385 1584 455 interpretatione
1610 384 1803 437 merito
1826 378 2212 441 ridetAvidet
2265 377 2578 448 simpliciter
2638 374 2725 431 hic
2770 380 2824 431 et
2888 376 3133 431 absolute
3183 376 3308 431 ferri
3359 376 3410 431 in
3462 377 3663 448 virgam

359 477 664 545 Tristanns,
696 476 762 532 ad
807 477 1025 532 Dianam
1076 477 1359 548 Ephesiam
1399 474 1775 531 castrttendatn
1829 472 1964 527 nihil

360 572 652 644 quidquam
685 568 859 624 facere
888 570 1167 632 viderent;
1210 584 1317 623 non
1365 567 1467 622 nisi
1504 566 1571 621 de
1608 565 1808 620 verutis
1851 565 1964 621 sive

357 667 549 737 jaculis
582 665 759 719 Diana:
787 661 1072 717 venatricis
1101 661 1399 718 Miuuciaua
1421 676 1573 715 verna
1602 659 1768 728 accipi
1798 657 1963 728 expli-

360 758 582 828 carique
614 771 772 827 posse
790 770 895 810 uno
915 769 1125 818 omnes,
1150 753 1292 825 quod
1324 754 1509 819 miror,
1539 767 1809 808 consensu
1834 766 1962 805 cen-

359 862 602 907 suerunt.
633 849 786 906 Unde
811 848 1030 910 factum,
1067 856 1122 901 ut
1158 847 1462 907 totsummi
1490 856 1543 900 et
1568 842 1961 913 incomparabi-

358 942 437 998 les
468 943 566 997 viri
606 940 673 996 ad
704 955 887 995 vocem
918 938 1065 994 illam
1095 938 1519 1008 interpolandam
1547 936 1789 991 certatim
1829 950 1960 991 con-

356 1038 628 1111 spirarint.
659 1036 773 1108 Ego
802 1050 929 1090 vero
949 1034 1207 1089 adversus
1234 1032 1570 1102 conjuratum
1599 1045 1788 1099 agmen
1807 1046 1960 1084 verita

357 1130 464 1187 ista
510 1140 658 1185 extra
712 1128 897 1182 vitium
948 1141 1069 1181 esse
1124 1123 1356 1189 afﬁrmo,
1407 1138 1575 1193 eaque
1627 1136 1726 1177 nec
1780 1121 1958 1176 Diana:

357 1223 626 1294 Ephesiae,
654 1234 754 1276 nec
803 1219 1035 1275 Minucio
1073 1215 1433 1273 subtrahenda
1489 1213 1769 1285 perteudo.
1823 1212 1955 1267 Nam

355 1334 512 1373 rerua
537 1317 673 1379 lucc,
706 1314 899 1385 quibus
926 1313 1143 1368 Dianam
1166 1326 1319 1366 suam
1341 1308 1688 1365 exstruebant
1717 1306 1954 1375 Ephesii,

355 1427 465 1467 non
496 1410 602 1482 pila
628 1419 722 1465 aut
742 1418 928 1465 veruta
940 1415 1086 1472 sunt,
1106 1405 1201 1461 sed
1224 1405 1483 1459 lulmenta
1506 1402 1681 1458 ferrea
1702 1401 1953 1471 obleuga,

354 1516 475 1572 quae
501 1500 733 1556 brachiis
762 1498 1036 1569 supposita
1069 1505 1231 1552 totam
1270 1494 1551 1549 mammosi
1586 1492 1816 1564 pectoris
1834 1508 1952 1547 mo-

357 1594 465 1650 lem
493 1593 853 1649 sustinebant.

428 1687 561 1743 Cum
587 1687 725 1742 enim
753 1684 1185 1753 antiquissimum
1214 1681 1316 1736 hoc
1340 1681 1548 1751 signum
1580 1679 1645 1734 ad
1672 1679 1954 1751 Egyptio-

351 1797 475 1838 rum
491 1781 896 1837 simulacrorum
919 1778 1087 1831 instar
1100 1774 1323 1846 pedibus
1349 1781 1653 1828 essetarcte
1678 1787 1950 1842 compres-

351 1877 449 1943 sis,
508 1873 709 1929 tantilla
762 1872 905 1927 basis
974 1870 1389 1939 superimposito
1437 1868 1681 1938 corporis
1734 1867 1956 1936 ponderi

352 1968 579 2024 ferendo
610 1968 801 2036 impar,
828 1962 1169 2019 adminiculis
1194 1959 1543 2015 suffulciendo
1599 1958 1727 2023 fuit;
1761 1958 1955 2028 quibus

352 2059 637 2116 subtractis
681 2058 988 2113 universam
1028 2055 1222 2110 molem
1266 2053 1515 2108 fatiscere
1545 2063 1597 2107 et
1627 2050 1821 2107 collabi
1858 2067 1952 2106 ne-

349 2167 561 2208 cessum
591 2160 728 2205 erat.
766 2149 841 2203 Ea
892 2146 1056 2202 fulcra
1105 2146 1219 2200 sive
1272 2143 1656 2207 sustentacula,
1705 2142 1845 2212 quod
1887 2157 1951 2197 ex

348 2243 493 2300 ferro
546 2243 757 2312 longius
810 2239 1066 2310 producta
1104 2245 1301 2303 essent,
1334 2235 1595 2291 Minucius
1644 2234 1855 2304 propria
1899 2241 1954 2288 et

348 2337 575 2407 eleganti
622 2350 753 2391 voce
783 2350 935 2389 verita
961 2332 1113 2396 dixit,
1159 2346 1265 2384 non
1310 2327 1593 2398 sequioris,
1645 2341 1751 2396 quo
1797 2326 1948 2391 vixit,

346 2430 445 2486 sed
468 2428 739 2500 Augustini
778 2426 960 2482 saeculi
996 2438 1149 2479 usum
1176 2431 1412 2478 secutus.
1460 2419 1592 2474 Nam
1621 2418 1948 2474 Glossarium

348 2522 576 2577 latinum
624 2520 841 2589 optimae
877 2526 1039 2583 notat,
1072 2515 1216 2587 quod
1271 2516 1322 2568 in
1372 2514 1544 2568 tribus
1572 2510 1950 2566 vetustissimis

342 2614 619 2671 codicibus
663 2612 936 2667 Vaticanis
985 2617 1181 2675 exstat,
1235 2624 1387 2662 verna
1434 2606 1599 2677 virgas
1624 2614 1672 2658 et
1724 2602 1949 2674 virgulas

342 2712 535 2781 ferreas
561 2708 960 2775 interpretatur.

414 2802 660 2869 Eamque
709 2798 1125 2870 explicationem
1180 2810 1363 2851 veram
1390 2809 1452 2849 ac
1491 2794 1777 2865 genuinam
1826 2807 1946 2849 esse

340 2908 431 2951 res
460 2893 571 2961 ipsa
606 2905 692 2946 me
734 2890 955 2945 docuit:
983 2889 1137 2955 cujus
1177 2888 1337 2941 etiam
1386 2899 1529 2940 nunc
1556 2896 1608 2939 te
1637 2884 1946 2939 meminisse

339 2990 592 3049 arbitror,
612 2984 1044 3041 Eminentissime
1057 2981 1375 3044 Cardinalis,
1392 2979 1531 3050 quod
1555 2978 1706 3048 juxta
1734 2992 1942 3033 mecum

338 3084 510 3141 oculis
539 3097 655 3138 eam
678 3081 802 3135 olim
836 3078 1202 3149 usurpaveris.
1238 3076 1373 3130 Anni
1403 3074 1544 3128 enim
1578 3083 1720 3136 sunt,
1764 3071 1819 3126 ni
1846 3072 1941 3127 fal-

2066 470 2349 541 oblongam
2378 470 2622 540 producti
2670 484 2899 524 massam
2930 470 3170 539 intelligi.
3205 486 3307 539 qua
3336 469 3505 524 forma
3554 470 3665 527 fere

2065 574 2224 617 omne
2252 560 2448 616 ferrum
2477 561 2606 616 rude
2632 570 2687 615 et
2715 560 2966 615 infectum
2994 562 3151 631 vulgo
3185 562 3347 617 venit.

2139 652 2335 708 Verum
2367 653 2495 707 nihil
2526 654 2591 707 ad
2624 652 2837 707 Minucii
2865 663 3121 717 mentem,
3141 661 3194 706 et
3224 654 3318 718 rei,
3338 653 3405 709 de
3430 669 3533 724 qua
3554 656 3668 725 agi~

2064 753 2167 809 tur,
2229 745 2635 800 illustrationem
2708 744 2883 799 afferri
2948 754 3123 814 potest
3168 746 3346 814 aptius
3416 748 3663 802 versibus

2063 837 2336 893 Prudentii
2389 854 2453 894 ex
2502 839 2661 907 priori
2714 849 2897 892 contra
2953 838 3337 909 Symmachum
3385 841 3661 904 carmine;

2010 936 2015 941 '
2060 930 2252 998 quibus
2278 930 2607 1000 geminorum
2633 930 2851 984 fratrum
2879 929 3114 984 Castoris
3138 941 3190 983 et
3219 929 3449 985 Pollucis
3492 932 3663 984 simu-

2061 1020 2202 1075 lacra
2233 1020 2485 1076 describit
2516 1036 2581 1075 eo
2626 1021 2807 1075 habitu
2858 1028 3138 1091 gestuque,
3171 1038 3276 1091 quo
3306 1033 3431 1076 tunc
3468 1022 3522 1075 in
3564 1036 3660 1075 sua

2060 1113 2159 1167 sibi
2206 1113 2319 1168 tede
2368 1112 2436 1168 ad
2486 1113 2628 1168 viam
2662 1128 2870 1168 sacram
2922 1112 3255 1168 visebantur.
3322 1114 3517 1169 Versus
3573 1114 3659 1167 ἱκιί

2061 1214 2223 1259 sunt:

2190 1355 2201 1366 .
2224 1379 2245 1381 μ
2272 1354 2284 1365 .
2355 1352 2366 1364 .
2439 1355 2449 1366 .
2480 1379 2489 1381 4
2521 1318 2711 1367 Gemini
2737 1332 2937 1381 quoque
2970 1319 3155 1369 fratres

2214 1379 2446 1446 Corrupta
2462 1379 2526 1428 de
2542 1386 2699 1446 matre
2726 1379 2881 1446 nothi,
2927 1380 3109 1446 Ledeia
3136 1382 3319 1446 proles,

2214 1441 2546 1503 Nocturnique
2568 1443 2781 1503 equites.
2808 1443 2955 1491 celsa:
2976 1443 3073 1493 duo
3099 1441 3291 1493 numina
3316 1444 3499 1503 Roma},

2216 1502 2514 1568 impendent
2545 1502 2797 1568 retinente
2820 1518 2959 1563 veru,
2980 1510 3242 1568 magnique
3268 1502 3502 1568 triumphi

2212 1565 2391 1615 Nuntia
2415 1565 2600 1613 suffuso
2623 1565 2777 1627 ﬁgunt
2802 1568 3009 1628 vestigia
3035 1565 3251 1629 plumbo.

2057 1689 2323 1759 Graphice
2348 1689 2584 1761 depingit
2610 1691 2894 1744 Dioscuros
2917 1693 3245 1746 currentium
3274 1703 3424 1761 gestu
3450 1695 3520 1748 ita
3539 1695 3626 1750 efti
3646 1726 3660 1737 -

2060 1783 2249 1851 giatos,
2285 1791 2340 1836 ut
2379 1796 2531 1837 extra
2566 1784 3004 1853 perpendiculum
3041 1794 3093 1837 et
3120 1784 3266 1837 basin
3293 1786 3659 1855 prominentes

2060 1877 2424 1946 spectantibus
2471 1892 2577 1930 non
2630 1877 2747 1932 sine
2796 1878 3039 1941 horrore,
3074 1892 3137 1931 ac
3165 1886 3308 1932 metu
3348 1878 3657 1947 impendere

2059 1972 2387 2027 viderentur.
2418 1972 2914 2042 lmpendentenim,
2963 1990 3079 2042 qua}
3110 1988 3271 2042 supra
3320 1985 3477 2044 caput
3515 1976 3657 2044 jam-

2052 2063 2161 2132 jam
2195 2079 2386 2118 casura
2410 2065 2660 2134 pendent,
2695 2076 2751 2119 ut
2780 2076 2923 2120 recte
2944 2068 3016 2120 ait
3051 2065 3217 2121 Valla.
3242 2066 3427 2121 Timor
3452 2078 3655 2130 autem,

2056 2162 2110 2207 et
2139 2153 2418 2208 admiratio
2444 2155 2584 2225 apud
2612 2155 2745 2209 rude
2772 2166 2827 2211 et
2848 2157 3277 2225 superstitiosum
3308 2158 3493 2227 vulgus
3525 2158 3649 2211 reli-

2054 2244 2225 2314 gionis
2267 2247 2571 2313 Opinionem
2656 2246 2993 2301 conciliabat.
3044 2248 3177 2302 Eum
3247 2257 3446 2303 metum
3499 2260 3654 2317 poeta

2054 2337 2387 2393 Christianus
2417 2338 2574 2405 ridet,
2602 2354 2722 2393 cum
2763 2339 2966 2393 nullum
3014 2350 3159 2394 esset
3186 2342 3372 2405 ruinae,
3398 2349 3489 2394 aut
3519 2338 3657 2409 fuga:

2053 2430 2383 2498 periculum;
2425 2429 2567 2499 quod
2620 2445 2772 2493 veru,
2820 2430 2919 2484 hoc
2964 2440 3066 2493 est,
3116 2432 3282 2485 vectis
3331 2433 3441 2486 sive
3488 2449 3657 2487 uncus

2052 2520 2257 2575 ferreus
2286 2538 2317 2575 a
2350 2531 2496 2590 tergo
2541 2522 2735 2576 infixus
2774 2536 2868 2575 eos
2906 2521 3183 2588 retineret,
3217 2523 3481 2594 pedesque
3511 2525 3654 2579 basi-

2050 2613 2152 2668 bus
2177 2613 2508 2683 applumbati
2536 2614 2739 2668 moveri
2769 2630 2875 2668 non
2911 2625 3147 2683 possent.

2125 2708 2324 2778 Duplex
2354 2706 2456 2762 hoc
2492 2708 2904 2762 retinaculorum
2932 2724 3121 2778 genus,
3180 2710 3331 2778 queis
3377 2711 3653 2767 numinum

2047 2799 2329 2853 simulacra
2347 2799 2429 2853 vel
2458 2800 2530 2852 uti
2550 2800 2771 2854 vinculis
2789 2799 3073 2854 constricta
3096 2799 3525 2871 defigebantur,A
3538 2818 3656 2857 rno-

2046 2890 2167 2945 bius
2196 2892 2440 2946 similiter
2465 2891 2586 2945 libr.
2611 2907 2661 2944 Vl
2683 2890 2998 2946 Nationibus
3024 2892 3309 2961 exprobrat
3345 2911 3358 2947 :
3397 2912 3414 2944 ι
3444 2891 3498 2948 Si
3533 2909 3653 2963 per-

2047 2985 2317 3049 manendi,
2353 2985 2539 3055 inquit,
2575 2986 2944 3039 necessitatem
2994 2986 3277 3055 patiuntur,
3310 2986 3435 3055 quid
3484 2988 3649 3043 mise-

2046 3079 2156 3133 rius
2181 3078 2262 3133 his
2291 3092 2429 3140 esse,
2481 3088 2574 3131 aut
2613 3077 2739 3147 quid
2774 3078 3031 3132 infelicius
3060 3080 3273 3147 poterit,
3303 3094 3459 3149 quam
3488 3081 3532 3135 si
3556 3096 3655 3137 eos

337 3176 441 3241 lor,
472 3173 799 3246 quindecim,
833 3187 953 3225 cum
978 3169 1301 3225 Jesuitarum
1346 3167 1575 3221 societas
1623 3163 1687 3218 ad
1718 3164 1774 3219 S-
1826 3163 1939 3218 Αη-
1967 3160 2013 3224 C
2046 3171 2098 3226 in
2138 3171 2355 3226 basibus
2382 3172 2451 3225 ita
2482 3172 2599 3226 unci
2628 3172 2861 3227 retinent
2887 3182 2941 3226 et
2972 3173 3233 3241 plumbeae
3261 3173 3589 3229 vinctioues?
3625 3195 3644 3227 ι

339 3267 484 3323 dreae
508 3265 561 3319 in
583 3263 864 3332 Quirinali,
884 3261 1011 3316 dum
1032 3276 1182 3315 nova:
1202 3257 1569 3315 :cdificationis
1593 3256 1939 3312 fundamenta

340 3358 655 3419 moliretur,
706 3354 909 3424 lapides
957 3354 1162 3420 aliquot
1211 3351 1525 3406 Tiburtinos
1594 3346 1937 3419 przrgrandes

339 3449 527 3506 ordine
549 3447 811 3519 quadrato
831 3446 1120 3516 dispositos
1140 3442 1432 3500 oli'enderet
1457 3459 1469 3495 :
1490 3456 1717 3513 quorum
1740 3442 1847 3495 duo
1868 3440 1939 3495 ita

340 3553 494 3601 erant
539 3542 802 3611 inscripti,
849 3542 925 3596 uti
966 3557 1086 3595 cum
1116 3549 1166 3595 te
1188 3540 1411 3609 jubente
1438 3549 1494 3595 et
1521 3538 1940 3595 adminiculante

343 3652 408 3694 ex
432 3652 562 3694 saxo
584 3635 798 3701 scabro,
820 3644 875 3689 et
901 3634 1042 3689 male
1068 3633 1233 3704 polito
1253 3633 1438 3704 excepi
1460 3651 1473 3686 :

625 3788 781 3828 HAEC.
812 3788 971 3827 ΑΒΕΔ.
995 3786 1174 3827 ιΝτιιΑ.
1204 3786 1410 3826 HANCCE

634 3878 1030 3919 DEFINITIONEH.
1061 3878 1322 3919 CIPPORVII

626 3972 840 4011 CLAVSA.
864 3970 1098 4010 VERIBVS.
1128 3971 1220 4009 ET.
1255 3972 1375 4010 ΔΒΑ.
1408 3970 1548 4020 QVAE

627 4065 723 4103 EST
749 4064 991 4103 INFERIVS
1017 4063 1280 4102 DEDICATA
1310 4064 1404 4103 EST
1450 4064 1514 4101 AD

629 4158 738 4198 IIP.
766 4157 1019 4197 CAESARE.
1052 4156 1361 4196 DOMITIANO.
1394 4156 1511 4195 Ανσ.

626 4250 945 4291 GERMANICO.
980 4252 1067 4289 EX.
1100 4250 1263 4289 VOTO.
1301 4250 1564 4290 SVSCEPTO

629 4350 789 4401 QVOD.
820 4352 927 4390 ων.
952 4352 1112 4390 ERAT.
1144 4350 1481 4391 NEGLECTVM.
1506 4349 1625 4389 NEC.

630 4437 922 4484 REDDITVH.
961 4442 1317 4483 INCENDIORVM

630 4534 999 4575 ARGENDORVI.
1034 4533 1199 4574 CAUSA

416 4657 569 4725 Cippi
591 4656 664 4711 illi
711 4665 935 4726 utroque
959 4655 1126 4710 latere
1158 4654 1278 4710 bina
1307 4654 1592 4721 foramina,
1622 4663 1677 4709 et
1716 4668 1940 4710 veruum

343 4750 464 4805 sive
489 4749 753 4817 virgarum
780 4749 1074 4803 ferrearum
1103 4748 1324 4818 vestigia
1370 4746 1590 4817 plumbo
1620 4746 1941 4802 circumfusa

343 4839 668 4902 servabant;
700 4840 889 4911 quibus
921 4842 1046 4894 olim
1083 4841 1224 4895 inter
1253 4855 1312 4893 se
1340 4839 1607 4908 conjuncti
1634 4854 1812 4894 aream
1863 4841 1943 4894 in-

345 4936 597 4991 teriorem
624 4935 695 4988 ita
721 4934 1049 4999 clauserant,
1079 4948 1146 4987 ne
1174 4933 1348 4987 aditus
1397 4932 1557 5001 vulgo
1602 4941 1825 5001 pateret.
1868 4931 1941 4986 lbi

346 5037 456 5082 tum
481 5028 656 5094 reipsa
686 5026 955 5095 perspexi,
986 5025 1195 5095 egregie
1217 5024 1408 5079 falsum
1431 5038 1549 5078 esse
1570 5022 1634 5077 N.
1658 5022 1942 5092 Rigaltium

343 5117 617 5173 hominem
647 5117 790 5171 naris
812 5117 1246 5182 emunctissimac,
1275 5116 1401 5170 dum
1427 5114 1492 5169 ad
1518 5115 1721 5171 Fiuium
1750 5130 1939 5185 regun-

341 5212 534 5269 dorum
562 5213 857 5283 scriptores
884 5227 1044 5268 verna
1076 5213 1175 5267 ista
1201 5212 1409 5280 stipites
1434 5211 1602 5264 instar
1630 5210 1940 5265 subularum

343 5314 643 5375 praeacutos
675 5304 929 5374 explicat,
970 5319 1089 5374 qua:
1118 5302 1249 5357 nihil
1275 5303 1556 5369 acuminis,
1595 5311 1683 5356 aut
1710 5299 1944 5368 cuspidis

342 5396 596 5453 habuisse
629 5396 798 5452 oculis
828 5395 1178 5465 manibusque
1203 5408 1583 5464 cognoveram.
1618 5392 1821 5446 Eodem
1848 5405 1942 5446 ve-

342 5492 555 5547 tustatis
581 5505 744 5545 sensu
771 5488 1052 5544 Marcellus
1081 5491 1329 5558 antiquus
1372 5489 1447 5543 rei
1490 5487 1704 5542 Medicae
1735 5492 1940 5551 auctor,

339 5589 616 5658 sanguinis
674 5585 936 5657 proﬂuvio
968 5601 1038 5640 ex
1089 5586 1310 5641 naribus
1359 5583 1599 5639 sistendo
1649 5580 1944 5651 praescribit

340 5692 461 5748 cap.
508 5680 617 5733 10:
655 5696 673 5731 ι
713 5676 856 5733 Veru
889 5676 1123 5733 ferreum
1173 5677 1406 5733 candens
1452 5676 1503 5729 in
1533 5682 1686 5729 aceto
1729 5671 1941 5727 assidue

341 5768 611 5840 extingue,
636 5778 691 5826 et
716 5769 922 5825 fumum
954 5769 1070 5839 ejus
1115 5770 1335 5825 naribus
1361 5768 1561 5827 ducito.
1592 5785 1609 5823 ι
1657 5764 1787 5834 Quis
1832 5777 1938 5819 non

2045 3262 2341 3333 Utrumque
2390 3263 2549 3317 etiam
2601 3262 2875 3331 conjungit
2904 3263 2989 3317 lex
3034 3263 3076 3317 Il
3114 3263 3227 3334 Dig.
3256 3264 3321 3319 de
3350 3265 3650 3334 Sepulchro

2046 3355 2260 3411 violato.
2284 3374 2302 3407 ι
2335 3354 2525 3411 Celsus
2547 3356 2737 3426 quaerit
2764 3356 2807 3409 si
2841 3372 3015 3426 neque
3044 3357 3386 3426 applumbata
3416 3357 3513 3412 fuit
3538 3368 3647 3413 sta-

2044 3460 2153 3518 tua,
2186 3464 2358 3520 neque
2385 3450 2567 3516 affixa,
2615 3466 2681 3503 an
2713 3466 2834 3518 pars
2866 3452 3196 3505 monumenti
3236 3451 3427 3506 effecta
3454 3452 3541 3515 sit,
3570 3468 3637 3506 an

2043 3558 2172 3600 vero
2193 3551 2406 3598 maneat
2433 3545 2482 3596 in
2507 3544 2657 3597 bonis
2680 3544 2897 3598 nostris.
2928 3563 2945 3595 ι
2972 3544 3074 3599 Sed
3094 3543 3413 3599 Prudentius
3433 3559 3646 3616 quoque

2042 3636 2256 3692 Minucii
2286 3636 2450 3691 fatum
2479 3647 2531 3692 ct
2573 3636 2768 3692 malam
2800 3637 3117 3701 Criticorum
3148 3654 3362 3693 manum
3393 3648 3450 3694 ut
3476 3655 3642 3709 expe-

2042 3732 2260 3799 riretur,
2304 3733 2544 3803 ejusdem
2591 3733 2834 3789 vocabuli
2883 3750 2987 3788 non
3029 3734 3159 3789 satis
3187 3744 3333 3790 recte
3360 3734 3644 3790 observata

2042 3822 2363 3892 significatio
2393 3825 2530 3880 fecit.
2561 3825 2708 3880 Unde
2732 3825 2842 3895 jam
2872 3825 2996 3878 olim
3040 3825 3093 3877 in
3132 3827 3450 3894 pervetustis
3477 3842 3645 3881 ment-

2044 3914 2223 3969 hranis
2249 3916 2519 3971 Vaticana:
2540 3917 2905 3983 Bibliothectc,
2936 3918 3178 3971 retinente
3222 3919 3350 3983 solo,
3401 3935 3495 3989 pro
3522 3921 3646 3973 reti-

2044 4016 2190 4060 nente
2213 4024 2352 4073 veru,
2382 4007 2730 4063 substitutum
2787 4008 2968 4063 videre
2997 4018 3082 4063 est
3111 4027 3123 4061 :
3149 4024 3308 4078 quam
3358 4010 3640 4065 lectionum

2045 4098 2252 4164 Aldius,
2282 4099 2481 4167 aliique
2510 4099 2624 4166 ejus
2654 4100 2809 4154 iidem
2840 4100 3006 4154 secuti
3034 4110 3433 4169 expresserunt.
3468 4101 3641 4156 Geor—

2043 4194 2161 4263 gius
2190 4202 2367 4246 autem
2400 4191 2693 4259 Fabricius,
2724 4207 2841 4246 cum
2876 4193 2929 4245 in
2967 4192 3076 4245 suis
3105 4193 3496 4261 exemplaribus
3524 4196 3646 4247 reli-

2046 4296 2193 4341 nentc
2225 4303 2346 4341 veru
2373 4296 2684 4342 constanter
2711 4286 2966 4355 scriptum
2994 4286 3300 4356 reperissct,
3334 4302 3435 4343 nec
3464 4296 3641 4341 tamen

2046 4379 2319 4449 proprium
2352 4381 2497 4433 vocis
2523 4394 2674 4433 usum
2699 4377 2838 4448 apud
2866 4378 3089 4435 Veteres
3114 4380 3244 4434 satis
3274 4380 3493 4436 haberet
3516 4397 3639 4451 pcr-

2045 4481 2308 4543 spectum.
2336 4471 2401 4527 ad
2423 4473 2834 4539 correctionem,
2865 4486 3071 4527 sacram
3095 4472 3413 4528 Criticorum
3435 4474 3639 4528 ancho-

1962 4553 2017 4613 D
2042 4580 2179 4629 ram.
2210 4608 2224 4631 ,
2250 4563 2506 4633 confugit.
2554 4562 2813 4629 Quocirca
2860 4577 2979 4618 cum
3023 4563 3308 4619 Dioscuros
3335 4564 3500 4619 hastis
3531 4565 3643 4619 sive

2046 4658 2166 4729 pilis
2186 4656 2251 4711 ad
2272 4655 2644 4711 decursionem
2676 4655 2837 4725 vulgo
2865 4655 3060 4709 armari
3085 4657 3264 4720 sciret,
3294 4672 3421 4711 veru
3448 4657 3547 4709 hoc
3577 4674 3643 4712 ex

2046 4752 2163 4808 rudi
2190 4762 2245 4807 et
2295 4751 2486 4806 obtuso
2516 4751 2657 4805 ferro
2694 4752 2746 4804 in
2778 4759 3021 4804 verutum
3054 4748 3275 4819 cuspide
3315 4750 3560 4818 spicavit,
3595 4761 3649 4803 ct

2044 4844 2360 4914 interpolata
2403 4843 2657 4907 dictione,
2688 4841 2978 4910 impendent
3028 4841 3341 4907 retinentque
3392 4854 3529 4903 verti,
3574 4839 3643 4891 de

2041 4951 2159 5003 suo,
2209 4952 2316 5007 quo
2366 4934 2619 5005 pollebat,
2661 4933 2873 5002 ingenio
2924 4929 3205 5000 procudit;
3260 4942 3429 4996 eaque
3481 4929 3639 4982 lectio

2044 5029 2237 5086 exinde
2286 5028 2566 5098 plerasque
2594 5025 2920 5079 recentiores
2963 5022 3228 5075 editiones
3255 5019 3468 5074 insedit.
3498 5020 3643 5071 Tan-

2045 5130 2158 5177 tum
2182 5135 2309 5175 vero
2325 5119 2535 5184 absum,
2564 5131 2682 5171 eam
2712 5123 2769 5169 ut
2808 5112 3053 5182 probem,
3088 5122 3143 5164 ut
3173 5120 3358 5164 contra
3413 5109 3639 5178 priscam

2044 5223 2099 5269 et
2123 5212 2406 5282 genuinam
2459 5207 2731 5263 mordicus
2780 5204 2915 5259 tueri
2960 5218 3064 5257 non
3096 5202 3357 5267 dubitem,
3390 5216 3509 5255 cum
3566 5204 3642 5255 rei

2044 5304 2212 5373 ipsius
2242 5300 2637 5371 per'Spicuitale,
2666 5306 2776 5351 tum
2809 5306 3047 5350 veterum
3099 5292 3356 5348 librorum
3408 5292 3641 5345 auctori-

2046 5404 2154 5450 tate
2183 5394 2347 5448 fretus
2371 5409 2385 5446 ε
2410 5392 2462 5446 in
2494 5391 2685 5460 quibus
2714 5388 2866 5443 facile
2890 5386 3182 5458 principem
3207 5393 3382 5439 statuo
3406 5385 3645 5438 codicem

2049 5484 2551 5559 praestantissimum
2583 5480 2855 5536 Urbinatis
2895 5478 3263 5541 Bibliothecm,
3312 5491 3433 5545 qua:
3478 5491 3647 5542 nuper

2050 5577 2338 5636 Alexandri
2376 5575 2585 5646 septimi
2629 5572 3006 5641 sapientissimi
3054 5568 3328 5625 Pontificis
3356 5566 3645 5622 immortali

2046 5670 2310 5726 beneficio
2374 5667 2644 5724 Vaticana:
2708 5665 2967 5730 accessit;
3016 5663 3065 5717 in
3118 5676 3224 5731 quo
3276 5660 3345 5714 ita
3393 5660 3649 5726 scriptum

2045 5760 2246 5832 reperi.
