4230 6242
607 206 707 260 571

1870 194 1959 250 DE
2007 190 2266 251 MINUCII
2303 188 2602 247 OCTAVIO

3810 178 3919 234 372

678 322 805 378 Haec
831 320 897 376 ad
938 319 1138 375 Dianae
1165 317 1415 387 Ephesiae
1444 322 1664 379 statuas,
1718 327 2072 381 nummosque
2111 326 2204 366 ve-
2231 310 2284 371 Α
2310 315 2370 364 ut
2403 306 2595 362 illustri
2637 304 2886 374 exemplo
2924 303 3290 365 ostenderem,
3318 296 3650 371 antiquitatis
3679 295 3918 354 studium

607 426 752 474 teres
777 412 1120 469 illustrandos
1140 411 1351 480 scripsi,
1367 419 1424 464 ut
1451 398 1630 462 mutua
1653 406 1966 462 eorumdem
1978 420 2081 476 ope
2100 403 2208 460 duo

609 519 850 565 veterum
881 503 1201 573 scriptorum
1233 501 1351 555 loca
1397 500 1575 555 minus
1625 507 1774 552 recte
1819 496 2078 550 hactenus
2127 495 2210 548 in-

609 600 818 657 tellecta
846 611 874 650 a
891 593 1212 650 Criticorum
1234 591 1555 664 corruptelis
1569 589 1925 645 vindicarem:
1952 596 2064 642 tum
2084 601 2213 643 vero

2313 418 2421 458 non
2441 401 2768 457 metiendnm
2799 399 2942 454 inani
2974 398 3352 474 delectatione,
3375 394 3471 454 sed
3497 409 3652 468 suum
3680 391 3761 450 illi
3785 405 3917 452 con-

2313 506 2458 553 stare
2479 494 2734 562 lruetum,
2767 493 2810 548 si
2834 501 2982 550 recte
3007 491 3234 548 colatur.

608 801 3912 880 ﬁt“

1447 1039 3101 1215 DISSERTATIO

1173 1442 1306 1594 IN
1378 1440 1748 1595 mu
1819 1437 2286 1594 unum
2358 1437 2804 1594 FELICIS
2875 1438 3318 1593 LIBRUM

995 1775 1280 1934 QUI
1384 1769 2255 1910 OCTAVIUS
2321 1681 3524 1902 INSCRIBITUR.

856 2069 1182 2132 AUCTORE
1221 2071 1282 2128 D.
1327 2071 1460 2130 NIC.
1501 2073 1591 2132 LE
1630 2073 1940 2144 NOURRY,
1983 2076 2315 2135 MONACHO
2353 2077 2416 2136 Ο.
2450 2079 2509 2135 S.
2549 2080 2610 2134 B.
2650 2079 2696 2134 Ε
2735 2077 3320 2136 CONGREGATIONE
3361 2079 3416 2136 S.
3473 2079 3712 2139 MAURI.

1739 2269 2848 2312 WOW'

1132 2451 1360 2508 CAPUT
1402 2449 1685 2507 PRIMUM.

628 2602 878 2644 ANALYSIS
925 2603 1085 2644 HUIUS
1131 2603 1302 2650 LIBRI,
1349 2599 1469 2650 QIIIS
1520 2599 1694 2640 ILLIUS
1739 2601 1978 2651 AUCTOR,
2027 2599 2089 2638 AC
2136 2598 2223 2647 ρυι

697 2698 924 2738 FUEBINT
977 2697 1228 2740 Cll-ICILIUS
1273 2695 1341 2736 ET
1394 2694 1654 2734 OCTAVIUS
1705 2695 1792 2743 QUI
1843 2694 1893 2733 IN
1931 2694 1998 2734 ΕΟ
2041 2693 2223 2732 DISI‘U-

699 2788 905 2830 TANTES
935 2788 1396 2831 INTRODUCUNTUR.

1161 2920 1456 2962 ARTICULUS
1493 2919 1704 2962 PRIMUS.

1101 3067 1340 3137 Analysis
1407 3066 1560 3136 hujus
1620 3062 1757 3118 libri.

706 3219 874 3274 Lmen
905 3218 991 3272 hic
1021 3218 1148 3272 nihil
1177 3219 1320 3272 aliud
1350 3217 1744 3287 complectitur,
1772 3231 1929 3287 quam
1960 3214 2230 3284 dialogum

637 3325 743 3377 quo
785 3308 1030 3363 Caecilius
1057 3309 1444 3375 superstitiosis
1470 3308 1803 3361 ethnicorum
1840 3307 2110 3360 hominum
2145 3322 2233 3361 va-

631 3401 884 3454 nitatibus
912 3400 1175 3468 addictus,
1196 3405 1420 3469 patritun
1450 3409 1502 3453 ct
1523 3400 1727 3452 avitum
1751 3399 1972 3452 deorum
2001 3400 2228 3466 cultum,

641 3511 669 3548 a
694 3495 907 3548 nemine
934 3493 1310 3557 deserendum,
1344 3491 1699 3560 omnibusque
1720 3492 1768 3543 in
1792 3506 1857 3544 eo
1885 3506 2236 3558 perseveran-

642 3587 767 3642 dum
814 3602 953 3651 esse,
1002 3586 1162 3640 variis
1187 3585 1480 3639 rationibus
1512 3585 1736 3654 probare
1763 3595 2003 3637 conatur.
2039 3583 2235 3637 Contra

642 3694 768 3733 vero
783 3679 1054 3743 Octavius,
1079 3678 1167 3748 qui
1193 3677 1355 3746 impio
1388 3677 1476 3730 illo
1497 3677 1642 3730 cultu
1675 3678 1898 3743 rejecto,
1930 3675 2236 3730 christiana:

641 3771 959 3839 professioni
987 3785 1315 3824 nomencum
1343 3769 1564 3822 Minutio
1593 3768 1770 3822 Felice
1789 3768 2029 3832 dederat,
2057 3769 2236 3822 omnia

2251 2449 2301 2508 B
2331 2464 2451 2504 men
2483 2450 2677 2506 exinde
2705 2453 2912 2509 itineris
2939 2456 3168 2526 spatium
3188 2459 3394 2514 emensi
3425 2501 3440 2526 ,
3475 2461 3528 2516 in
3553 2462 3716 2518 maris
3755 2462 3930 2519 littore

2329 2541 2395 2595 de
2418 2544 2754 2612 navigatione
2779 2548 3173 2605 confaliulando
3211 2551 3640 2608 deambulabam.

2400 2637 2474 2691 Ibi
2501 2653 2657 2706 porro
2670 2655 2789 2693 cum
2807 2657 3002 2710 pueros
3017 2653 3270 2697 testarum
3291 2645 3344 2700 in
3360 2647 3932 2714 marejaculationibus

2332 2730 2596 2796 ludentes,
2623 2733 2795 2801 aliqua
2826 2749 2932 2788 non
2954 2735 3070 2789 sine
3091 2737 3361 2806 voluptate
3391 2739 3651 2795 Minucius
3677 2739 3932 2796 Octavius

2331 2839 2434 2894 que
2462 2825 2856 2892 conspicerent,
2883 2827 3130 2882 Caecilius
3150 2845 3180 2883 e
3209 2831 3556 2885 contrarioad
3581 2841 3689 2887 tam
3715 2843 3929 2903 gratum

2332 2915 2696 2984 Spectaculum
2730 2917 2947 2972 minime
2969 2918 3223 2982 intentus,
3245 2921 3554 2978 subtristem
3573 2938 3682 2993 pra:
3706 2939 3764 2978 se
3793 2925 3934 2980 lere-

2333 3007 2423 3062 bat
2443 3009 2700 3061 animum.
2733 3008 3069 3081 Quapropter
3093 3012 3350 3067 Minucius
3377 3015 3588 3070 solitam
3619 3015 3674 3070 in
3703 3031 3770 3071 eo
3791 3016 3936 3072 desi-

2334 3100 2538 3154 deravit
2569 3101 2925 3156 alacritatem.
2960 3106 3020 3156 At
3050 3103 3142 3159 ille
3172 3105 3402 3176 ingenue
3422 3105 3703 3163 confessus
3744 3117 3828 3164 est
3868 3123 3932 3164 se

2335 3193 2539 3248 Ortavii
2567 3209 2818 3248 sermone
2847 3195 3148 3262 perculsum
3175 3212 3190 3260 ;
3215 3207 3376 3267 atque
3406 3197 3605 3253 idcirco
3636 3199 3785 3268 petiit
3811 3240 3825 3262 ,
3880 3208 3939 3253 ut

2337 3285 2438 3338 sibi
2467 3300 2587 3338 cum
2615 3283 2836 3340 Octavio
2866 3285 2932 3340 de
2958 3287 3233 3352 religionis
3263 3305 3374 3344 sum
3405 3291 3628 3345 veritate
3663 3291 3940 3360 disputare

2339 3378 2543 3433 liceret.
2578 3379 2776 3434 Annuit
2802 3395 2922 3433 cum
2951 3380 3098 3434 socio
3144 3397 3243 3435 suo
3289 3382 3545 3436 Octavius
3573 3425 3588 3447 ,
3619 3397 3681 3438 ac
3735 3383 3942 3438 selecto

2341 3473 2497 3540 paulo
2524 3472 2860 3526 etninentiori
2896 3473 3036 3536 loco,
3068 3473 3277 3528 medius
3332 3474 3470 3529 inter
3497 3489 3625 3530 eum
3673 3483 3731 3531 et
3775 3474 3936 3529 Octa-

2342 3564 2481 3616 vimn
2513 3564 2652 3617 sedit
2679 3564 2960 3618 Minucius.

2413 3676 2490 3730 Ad
2517 3675 2653 3730 hanc
2681 3693 2840 3744 porro
2885 3677 3297 3747 disputationem
3345 3681 3650 3752 priusquam
3691 3680 3942 3734 Cﬂ'cilius

2341 3769 2699 3839 aggrediatur,
2729 3785 2754 3822 a
2784 3770 3010 3824 Minucio
3032 3774 3285 3842 postulat,
3320 3783 3377 3828 ut
3416 3774 3704 3844 :rquissimi
3742 3773 3942 3842 judicis

641 3863 800 3918 Caecil
828 3866 838 3916 i
862 3873 1169 3934 argumenta
1202 3864 1278 3918 sic
1302 3863 1534 3917 lutulitus
1565 3865 1774 3925 evertit,
1801 3863 2065 3931 tantisque
2081 3863 2242 3916 ratio—
2267 3843 2310 3904 (ἶ
2348 3861 2534 3914 libram
2578 3861 2798 3929 perinde
2830 3870 3029 3925 teneat,
3066 3878 3127 3916 ac
3155 3865 3200 3917 si
3229 3865 3296 3918 de
3348 3865 3449 3920 ulla
3485 3843 3760 3936 religione
3808 3865 3942 3917 nihil

643 3973 766 4010 num
792 3958 1076 4012 momentis
1102 3956 1404 4011 christiana:
1437 3957 1708 4027 religionis
1742 3956 2074 4011 demonstrat
2099 3956 2240 4009 veri-

646 4058 830 4112 tatem,
856 4058 910 4101 ut
933 4049 1175 4103 Carcilius
1204 4049 1306 4102 illis
1335 4049 1488 4118 plane
1510 4050 1784 4103 convictus
1830 4048 1965 4102 hanc
1989 4049 2109 4102 laeto
2131 4063 2243 4118 gra-

644 4143 883 4210 tantiquc
911 4143 1087 4195 animo
1115 4142 1448 4210 amplexatus
1478 4141 1656 4195 fuerit.

717 4236 797 4289 Ab
813 4237 928 4303 ipso
949 4247 1124 4289 autem
1145 4234 1262 4287 libri
1288 4234 1510 4289 exordio
1533 4241 1714 4286 narrat
1737 4232 2020 4297 Minucius,
2081 4247 2238 4300 quam

638 4328 870 4397 jucunda
903 4343 1110 4391 eorum,
1135 4342 1252 4395 qua:
1279 4325 1379 4379 sibi
1399 4341 1520 4378 cum
1551 4325 1791 4389 Octavio,
1834 4324 1958 4376 dum
2001 4323 2139 4390 apud
2173 4339 2232 4378 se

648 4419 835 4473 Roma:
863 4418 1146 4474 habitaret.
1167 4418 1524 4486 contigerant,
1553 4431 1614 4469 ac
1643 4417 1978 4485 potissimum
2022 4415 2243 4484 hujusce

647 4511 1020 4579 disputationis
1045 4511 1411 4564 recordatione
1463 4508 1838 4562 delectaretur.
1867 4508 2233 4576 Quorumdam

649 4609 908 4682 siquidem
934 4613 1266 4681 negetiorum
1299 4623 1457 4663 causa
1485 4606 1737 4663 Octavius
1766 4606 1829 4660 ad
1858 4622 1975 4661 cum
2008 4648 2022 4670 ,
2054 4605 2242 4660 vinde-

651 4705 880 4758 miarum
910 4701 1308 4772 l‘orensiumque
1332 4703 1580 4756 'eriarum
1607 4711 1846 4768 tempore
1873 4715 1936 4752 ex
1970 4699 2246 4766 iiiOpiualo

653 4798 961 4853 advenerat.
995 4797 1125 4851 Tam
1156 4809 1337 4867 gratus
1366 4806 1541 4851 autem
1567 4796 1817 4858 Minucio,
1852 4811 2012 4863 quam
2043 4794 2242 4863 impro-

654 4891 798 4946 visus
826 4889 921 4943 fuit
954 4890 1043 4944 ille
1064 4890 1266 4944 Oclavii
1296 4890 1573 4943 adventus.
1607 4889 1731 4941 Post
1757 4888 2019 4955 expletam
2061 4903 2165 4940 uno
2193 4896 2247 4941 et

653 4984 822 5038 altero
849 4983 937 5038 die
965 4983 1157 5037 summi
1187 4982 1434 5034 desiderii
1454 4981 1783 5046 aviditatem,
1817 4981 2026 5050 utrique
2057 4980 2121 5033 ad
2143 4995 2246 5032 ma-

651 5079 766 5131 rina
783 5077 944 5130 Ostiae
965 5074 1386 5139 balnea,adscito
1408 5073 1617 5128 Minucii
1637 5075 1832 5127 comite
1847 5073 2150 5140 CaiciIiino,
2171 5075 2247 5128 ire

652 5169 869 5238 placuit.
905 5169 1144 5223 Diluculo
1175 5169 1352 5235 itaque
1381 5183 1500 5220 cum
1534 5168 1597 5220 ad
1629 5181 1792 5232 mare,
1848 5185 1865 5217 ι
1901 5166 2238 5221 inambulan-

2347 3953 2605 4006 hactenus
2632 3953 2729 4008 sibi
2757 3953 2941 4008 luisset
2973 3965 3329 4024 compertum.
3379 3955 3580 4018 Dehinc
3617 3972 3743 4014 vero
3798 3955 3941 4008 liaud

2345 4045 2647 4098 dubitanter
2687 4057 2962 4100 asseverat
3002 4064 3159 4116 posse
3219 4047 3472 4100 facillime
3502 4047 3713 4122 probari
3759 4049 3946 4101 omnia

2347 4137 2397 4189 in
2430 4135 2592 4190 rebus
2620 4137 2864 4191 humanis
2882 4138 3195 4200 esseduhia,
3217 4154 3501 4208 suspensa,
3520 4139 3720 4198 incerta
3738 4141 3948 4191 minuc-

2347 4246 2448 4300 que
2477 4246 2618 4294 vera,
2654 4247 2810 4312 quam
2835 4233 3161 4288 verisimilia.
3197 4233 3492 4288 Dolemlum
3525 4232 3705 4304 igitur,
3729 4233 3894 4301 inquit
3927 4275 3947 4301 ,

2348 4335 2399 4376 ct
2425 4324 2661 4376 omnimn
2689 4323 3048 4392 indignatione
3088 4325 3214 4392 illud
3244 4324 3464 4394 dignum
3496 4367 3509 4392 ,
3542 4325 3681 4392 quod
3738 4325 3948 4380 indocti

2347 4416 2589 4485 quidam,
2626 4432 2688 4471 ac
2719 4418 3387 4488 scientiarumartiumque
3421 4418 3588 4489 ignari
3638 4417 3705 4472 de
3733 4431 3952 4473 summa

2349 4523 2527 4563 rerum
2561 4517 2612 4561 et
2640 4509 2819 4561 divina
2857 4509 3135 4577 majestate
3156 4508 3353 4574 aliquid
3385 4509 3677 4563 decernere
3707 4524 3813 4562 non
3845 4507 3953 4562 du-

2350 4601 2537 4664 bitent,
2570 4599 2637 4652 de
2667 4615 2766 4668 qua
2799 4599 3098 4668 philosonlti
3141 4600 3272 4654 nihil
3303 4601 3432 4654 certi
3484 4600 3550 4654 ad
3583 4600 3724 4655 hunc
3777 4616 3956 4670 usque

2349 4690 2490 4745 diem
2520 4700 2754 4744 statuere
2784 4692 2898 4744 ausi
2937 4690 3166 4746 fuerant.
3214 4692 3320 4744 Nec
3370 4693 3640 4746 immerito
3683 4692 3902 4759 quidem
3934 4711 3950 4757 ;

2351 4798 2662 4853 persuasum
2691 4782 2951 4852 siquidem
2986 4784 3115 4851 ipsis
3140 4793 3254 4837 erat
3277 4782 3819 4837 inlirmishominibus
3837 4798 3958 4838 cm-

2351 4877 2500 4930 lestia
2533 4876 2758 4929 scrutari
2793 4885 3059 4946 negatum,
3101 4877 3294 4945 quibus
3323 4878 3453 4929 satis
3504 4891 3624 4929 esse
3669 4875 3854 4942 debet,
3905 4877 3960 4930 si

2351 4972 2559 5039 seipsos
2616 4970 2928 5024 familiarius
2959 4971 3225 5023 noverint.
3260 4969 3392 5023 Tum
3441 4969 3593 5024 brevi
3637 4968 3960 5026 inductione

2351 5065 2721 5118 demonstrare
2773 5072 2994 5117 COﬂﬂllll'
3027 5073 3231 5117 certum
3286 5080 3389 5116 11011
3443 5077 3563 5117 esse
3616 5073 3793 5116 utrum
3843 5062 3962 5118 Deo

2351 5159 2528 5228 aliquo
2551 5167 2767 5210 auctore
2793 5157 2929 5209 facta
2949 5157 3055 5209 sint
3083 5157 3280 5209 omnia.
3315 5156 3392 5209 Ex
3446 5171 3700 5224 prospera
3758 5165 3951 5210 autem

650 5235 720 5316 do
759 5282 805 5324 i,
849 5269 905 5314 ut
934 5262 1024 5326 ait,
1051 5262 1227 5314 littore
1257 5268 1561 5329 pergerent,
1590 5258 1856 5321 Caecilius,
1902 5259 2188 5312 «(Ιυηυιτιιο
2223 5277 2240 5309 ι
2277 5235 2329 5295 Ῑ)
2360 5267 2642 5321 pravorum
2669 5249 2945 5303 hominum
2971 5250 3268 5304 Phalaridis
3290 5261 3342 5303 et
3381 5250 3638 5321 Dionysii,
3679 5257 3731 5302 et
3757 5249 3966 5305 adver-

651 5351 924 5420 Serapidis
946 5353 1253 5415 simulacro,
1284 5367 1500 5405 manum
1542 5354 1619 5406 ori
1653 5350 1929 5418 admovit,
1985 5351 2246 5419 lahiisque

652 5446 926 5515 impressit
951 5445 1212 5499 osculum.
1247 5445 1606 5512 Quamobrem
1643 5444 1784 5498 illico
1803 5443 2052 5498 Octavius
2083 5444 2252 5497 Mittit-

648 5537 732 5592 cio
753 5537 953 5590 acriter
981 5537 1323 5605 exprobravit
1343 5551 1448 5590 non
1481 5538 1739 5591 minorem
1773 5537 1823 5589 in
1849 5537 2041 5604 ipsum,
2070 5543 2254 5603 utpote

643 5627 842 5684 Czecilii
869 5628 1143 5696 hospitem
1164 5672 1177 5695 ,
1209 5643 1366 5699 quam
1400 5631 1452 5682 in
1480 5629 1729 5689 eumdem
1763 5629 2031 5684 Czrcilium
2060 5629 2254 5683 redun-

632 5718 762 5772 dare
789 5717 1025 5793 hujusce
1065 5721 1216 5791 impii
1247 5720 1496 5780 facinoris
1541 5718 1840 5791 infamiam.
1875 5720 2154 5790 Reliqnum
2177 5727 2253 5773 ta-

2356 5359 2411 5396 sa
2444 5343 2704 5396 bonorum
2737 5341 2937 5401 Rulilii,
2967 5341 3174 5395 Camilli
3221 5351 3276 5394 et
3303 5339 3544 5394 Socratis
3575 5342 3784 5394 fortuna
3813 5382 3828 5403 ,
3893 5357 3970 5396 ac

2353 5433 2516 5488 Variis
2545 5445 2598 5488 et
2628 5435 2842 5488 lubricis
2865 5444 3199 5487 terrenarum
3229 5449 3408 5487 rerum
3439 5435 3653 5487 casibus
3672 5475 3687 5497 ,
3719 5434 3969 5500 probare

2355 5528 2627 5582 contendit
2652 5527 2804 5579 nobis
2821 5527 3051 5579 nondum
3071 5535 3315 5580 constare
3338 5537 3518 5579 utrum
3541 5525 3634 5580 Dei
3661 5525 3971 5596 providen-

2355 5620 2425 5674 tia
2453 5621 2681 5674 mundus
2705 5626 2939 5688 regatur,
2970 5619 3249 5674 autsoluta
3281 5619 3486 5688 legibus
3531 5616 3748 5674 fortuna
3788 5619 3970 5675 rebus

2355 5712 2603 5768 omnibus
2632 5711 2957 5767 dominetur.
