4230 6242
366 285 432 341 75
503 355 511 367 υ
1727 279 2193 340 DiSSERTATIO.

3521 285 3630 343 37‘

394 397 526 454 Inde
558 397 720 467 igitur
743 395 832 454 ille
859 395 1131 452 concludit
1153 397 1322 452 satius
1349 412 1470 453 esse
1519 396 1723 451 traditis
1775 397 1910 452 anti-
1944 395 1996 456 A
2026 399 2122 450 tari
2157 405 2348 466 potest;
2381 406 2433 452 et
2464 412 2623 454 nemo
2645 413 2898 468 umquam
2931 397 3212 454 Protesilai
3247 406 3392 453 sorte
3419 398 3628 454 velho-

321 492 439 562 quis
465 491 816 560 religionibus
845 491 1125 545 adita-rere
1155 532 1168 551 ,
1205 491 1442 561 deosque
1467 491 1700 544 reret-iet
1725 490 1918 544 adora-

315 601 377 640 re
401 599 558 652 quam
591 583 750 636 ullam
777 583 843 637 de
871 583 973 636 illis
1001 582 1145 637 ferre
1162 583 1500 636 sententiam.
1535 582 1617 636 Ab
1638 583 1752 652 ipso
1768 583 1920 652 quip-

319 693 388 748 pe
418 677 594 732 mundi
639 677 907 746 principio
935 685 1185 742 parentes
1219 679 1386 731 nostri
1429 677 1592 732 hosce
1640 677 1774 732 deos
1829 687 1920 731 aut

316 769 522 827 faciles.
549 782 632 820 aut
665 784 819 838 rcges
848 768 1170 822 habuerunt.
1205 767 1468 836 Qumlihet
1500 768 1641 821 enim
1672 768 1838 833 natio,
1857 784 1917 822 ac

316 862 546 916 Romani
597 861 936 930 postmodum
965 859 1185 915 numina
1213 875 1307 914 sua
1341 861 1417 916 sic
1457 861 1695 922 eoluere.
1756 870 1813 915 nt
1862 861 1917 916 bi

316 956 404 1025 pio
445 970 634 1009 eorum
656 957 801 1008 cultu
831 969 1142 1022 supremum
1197 956 1492 1009 meruerint
1543 957 1705 1010 totius
1759 955 1906 1010 orbis

317 1055 473 1102 terra:
498 1047 802 1115 imperium.
829 1045 963 1099 Tum
1000 1046 1196 1100 deinde
1221 1061 1534 1102 asseverare
1567 1063 1671 1101 non
1700 1057 1915 1103 veretur

315 1139 462 1193 hunc
519 1138 738 1202 deorum
794 1140 1017 1202 cultum,
1047 1140 1134 1209 qui
1189 1155 1254 1194 eo
1313 1125 1592 1204 sanctior.
1655 1157 1760 1210 quo
1825 1157 1914 1198 ve-

317 1232 512 1287 tuSIinr
566 1242 694 1298 est,
737 1233 1058 1302 quibusdam
1114 1233 1244 1286 satis
1313 1234 1524 1302 probari
1592 1237 1906 1300 miraculis,

310 1340 417 1380 nec
468 1326 687 1394 impune
743 1339 772 1376 a
822 1325 1094 1380 nonnullis
1137 1325 1312 1392 impiis
1364 1336 1608 1395 spretum
1679 1337 1732 1380 et
1783 1328 1907 1381 irri-

309 1432 452 1471 som.
502 1417 620 1470 Alia
652 1425 827 1469 autem
859 1415 994 1470 bene
1029 1415 1190 1469 inulta
1225 1417 1290 1470 de
1317 1417 1540 1471 deorum
1572 1419 1908 1474 naturalibus

309 1518 365 1563 et
382 1507 563 1575 donis,
583 1507 650 1562 de
671 1507 1000 1562 carminibus
1031 1515 1330 1576 poetarum,
1356 1519 1408 1562 et
1455 1510 1685 1564 oraculis
1732 1510 1907 1566 futura

309 1600 792 1671 przenuntiantibus
817 1615 877 1656 se
897 1600 1304 1669 prastermisisw
1334 1611 1664 1656 contcStatus
1689 1646 1703 1669 ,
1741 1603 1905 1658 ﬁden-

309 1700 394 1746 ter
417 1691 728 1760 pronuntiat
748 1690 1083 1746 manifestam
1143 1692 1361 1746 cuilibet
1380 1693 1492 1746 ﬁeri
1520 1691 1740 1746 deorum
1768 1709 1904 1762 pra:-

2027 505 2084 542 ra
2116 492 2264 544 nnic:i
2294 491 2358 544 ad
2393 492 2551 544 vitam
2586 493 2678 545 fuit
2711 503 3011 546 revocatus.
3036 491 3172 558 Quid
3231 501 3406 544 autem
3470 490 3620 548 hisce

2026 581 2340 636 Christianis
2366 591 2482 651 post
2511 594 2738 637 mortem
2767 594 3086 638 eventurum
3125 587 3212 645 sit,
3245 582 3366 636 imle
3400 583 3496 650 ipsi
3524 599 3620 639 au-

2022 675 2198 742 gurari
2227 674 2446 738 debent,
2481 676 2621 744 quod
2646 692 2786 730 nunc
2812 677 2956 729 omni
2987 675 3162 728 divina
3196 690 3297 742 ope
3326 673 3568 730 tlestitttli
3599 717 3614 742 ,

2023 765 2278 819 Ronuinis
2308 783 2438 822 vero
2465 769 2683 829 subditi,
2707 769 2932 822 summis
2962 765 3356 821 calamitatibus
3380 777 3428 819 et
3454 767 3618 821 mise-

2021 858 2117 912 riis
2150 869 2464 926 premuotnr
2489 902 2500 924 ,
2536 859 2776 914 honestis
2808 860 3196 930 Voluptatibus,
3253 859 3573 927 spectaculis
3602 901 3618 924 ,

2020 955 2252 1024 pompis,
2286 957 2546 1010 conviviis
2579 956 2824 1026 publicis,
2860 955 3194 1023 idolothytis,
3231 953 3454 1008 ﬂoribus
3476 995 3491 1020 ,
3524 969 3615 1008 co-

2019 1050 2166 1100 ronis
2194 1048 2500 1114 abstinent,
2535 1061 2582 1104 et
2617 1050 2897 1117 unguenda
2934 1049 3206 1102 funeribus
3240 1059 3542 1103 reservant.

2089 1139 2324 1194 Comites
2366 1142 2542 1210 itaque
2581 1157 2707 1195 suos
2738 1142 3322 1195 CiCCiiillSittiillll'lilllll‘
3371 1142 3618 1210 desinant

2016 1232 2136 1286 ρωιὶ
2165 1235 2344 1302 plagas
2377 1234 2667 1304 inundique
2719 1248 2923 1290 secreta
2971 1236 3181 1296 rimari,
3237 1234 3478 1304 hucque
3528 1251 3614 1292 se-

2014 1337 2243 1392 quantur
2272 1325 2507 1379 Socratis
2535 1329 2853 1381 sententiam
2889 1346 2900 1380 :
2933 1347 2950 1377 (
2992 1329 3140 1394 Quod
3170 1343 3331 1396 supra
3363 1344 3460 1382 nos
3491 1372 3503 1390 .
3534 1331 3616 1384 ni-

2015 1416 2084 1466 hil
2117 1416 2181 1467 ad
2212 1421 2328 1469 nos:
2361 1437 2378 1467 ›
2413 1417 2480 1478 Et
2509 1429 2658 1472 certe
2691 1419 2779 1472 ille
2806 1419 2986 1472 divino
3019 1421 3238 1472 oraculo
3267 1419 3470 1482 laudari
3528 1422 3609 1476 id-

2013 1508 2157 1563 circo
2188 1511 2378 1565 meruit
2415 1529 2428 1564 :
2469 1530 2486 1562 ι
2515 1511 2665 1579 Quod
2699 1513 2829 1566 nihil
2864 1528 2921 1568 se
2969 1514 3108 1567 scire
3137 1514 3434 1569 didicisset.
3464 1535 3484 1568 ι
3531 1515 3612 1570 Ex

2013 1600 2114 1655 hoc
2141 1612 2318 1656 autem
2350 1603 2494 1660 fonte
2523 1607 2755 1657 manavit
2781 1607 3012 1674 prudens
3040 1606 3297 1659 Arcesilae
3317 1647 3331 1670 ,
3365 1607 3605 1662 Carnea-

2010 1694 2114 1754 dis,
2147 1697 2606 1767 plurimornmqne
2639 1699 3081 1752 Acsnlemiciirum
3115 1699 3164 1751 in
3196 1702 3614 1769 sntntnisqums-

310 1784 539 1836 sentiam
580 1798 644 1835 ιιι
674 1782 908 1851 teuplis,
937 1797 1055 1852 quae
1078 1783 1399 1846 incolebant;
1425 1798 1491 1836 ex
1522 1783 1754 1847 vatibus,
1809 1782 1899 1853 qui
1931 1781 1979 1841 B
2011 1787 2242 1840 tionibus
2268 1787 2551 1854 dubitatio,
2584 1804 2647 1844 ac
2668 1789 2986 1854 Simonidis,
3033 1790 3098 1843 de
3145 1790 3246 1842 diis
3277 1791 3344 1842 ab
3380 1791 3614 1856 llicrnne

309 1886 536 1928 ventura
568 1881 845 1937 noverant;
875 1889 940 1927 ex
962 1874 1263 1941 beneficiis,
1288 1875 1486 1946 quibus
1508 1874 1580 1928 dii
1613 1875 1712 1943 ipsi
1763 1876 1904 1930 sole-

311 1967 442 2021 bant
469 1968 599 2021 bene
625 1968 690 2021 de
719 1967 1026 2036 hominibus
1057 1969 1274 2035 meri-ri,
1305 1985 1367 2023 ac
1401 1969 1614 2023 tandem
1659 1986 1722 2024 ex
1756 1986 1904 2024 som-

311 2061 441 2124 niis,
477 2062 664 2129 quibus
711 2059 1115 2116 evidentissime
1146 2063 1594 2130 agnoscebantur.
1652 2063 1904 2130 Quamvis

308 2167 440 2222 ergo
459 2151 644 2206 borum
675 2153 898 2207 deorum
932 2167 1120 2207 natura
1141 2154 1225 2208 vel
1252 2156 1402 2224 origo
1433 2156 1629 2210 incerta
1657 2156 1727 2210 sit
1754 2172 1768 2218 ;
1815 2156 1906 2209 fir-

305 2260 386 2298 ma
421 2255 601 2298 tamen
633 2259 852 2301 manere
880 2245 1041 2300 debet
1072 2247 1311 2306 omnium
1334 2249 1573 2316 gentium
1602 2253 1668 2304 de
1698 2249 1904 2302 iiscon-

306 2339 508 2392 sensio.
544 2337 905 2406 Quamobrem
937 2338 1157 2408 minime
1188 2339 1462 2395 ferendam
1492 2354 1613 2395 esse
1630 2346 1703 2395 ait
1725 2341 1902 2397 Theo-

307 2430 448 2495 dori,
495 2432 753 2502 Diagorae,
792 2449 855 2488 ac
907 2433 1210 2503 Protagora:
1265 2434 1482 2503 impiam
1545 2436 1901 2490 temeritatem

303 2525 386 2592 qui
412 2521 557 2576 hanc
580 2523 892 2595 religionem
915 2527 1127 2595 penitus
1159 2526 1368 2591 tollere,
1401 2535 1491 2581 aut
1514 2526 1702 2582 saltem
1748 2525 1898 2581 inﬁr-

302 2632 457 2673 mare
490 2618 793 2673 voluerunt.

367 2713 443 2768 At
474 2723 626 2768 certe
654 2714 824 2769 multo
871 2713 1069 2780 minus,
1118 2715 1307 2783 inquit,
1357 2714 1574 2770 tolerari
1617 2713 1776 2769 debet
1823 2713 1900 2768 illi

299 2807 394 2860 cita
425 2814 488 2860 et
517 2806 804 2877 desperata
855 2805 1016 2862 factio
1061 2806 1528 2874 Christianorum,
1560 2806 1898 2877 lui-ifugaque

298 2913 486 2953 eorum
513 2901 688 2962 natio,
717 2915 783 2956 ex
809 2899 994 2954 ultima
1025 2898 1154 2954 faece
1212 2899 1489 2954 hominum
1541 2899 1787 2965 collecta,
1836 2911 1898 2952 ac

303 2994 582 3047 nocturnis
611 2993 1136 3063 coogregatinnibus,
1166 2993 1387 3062 jejuniis
1436 2991 1786 3054 solemnibus,
1815 2991 1896 3045 in-

301 3085 659 3154 humanisque
687 3086 821 3138 cibis
877 3085 1154 3144 ftederata.
1211 3085 1303 3141 lsti
1351 3085 1624 3139 enimvero
1674 3082 1891 3154 templa,

2013 1889 2240 1951 tyranno
2264 1881 2594 1950 interrogati,
2630 1884 2899 1935 cunctatio
2928 1883 3177 1935 onmibus
3208 1885 3481 1938 imitanda.
3519 1885 3614 1942 De-

2011 1971 2170 2040 nique
2199 1968 2444 2026 Caecilius
2466 1971 2655 2025 borum
2687 1973 2921 2041 Opinioni
2953 1988 3012 2026 se
3045 1973 3246 2027 lubenti
3275 1977 3456 2028 animo
3484 1977 3612 2032 sub-

2010 2062 2245 2117 scribere
2271 2064 2538 2126 declarat;
2570 2080 2667 2119 nec
2693 2066 2810 2118 sine
2836 2065 2958 2119 elati
3003 2067 3165 2120 animi
3214 2068 3425 2120 fastidio
3453 2067 3611 2123 Octa-

2008 2157 2175 2214 vium.
2211 2164 2267 2208 ut
2294 2159 2626 2225 argumentis
2677 2172 2788 2210 suis
2847 2159 3190 2226 respondeat,
3238 2160 3607 2229 prowcando,

2009 2246 2168 2300 ﬁnem
2192 2246 2426 2299 sermoni
2468 2263 2565 2299 sui)
2594 2249 2840 2316 imponit.

2078 2337 2211 2392 Tum
2237 2339 2496 2392 Minucius
2527 2338 2744 2394 Cmcilio
2775 2341 3018 2398 modeste
3068 2343 3346 2414 respondit
3376 2343 3444 2400 de
3494 2359 3610 2400 ser-

2005 2432 2180 2485 monis
2201 2431 2281 2482 sui
2298 2432 2678 2496 concinnitate,
2697 2432 2874 2487 subtili
2902 2434 3161 2488 orationis
3179 2445 3459 2503 varietate,
3482 2450 3606 2492 sua-

2004 2539 2108 2592 que
2140 2521 2279 2576 hand
2307 2521 2567 2577 mediocri
2595 2524 2900 2594 eloquentia
2934 2525 3034 2596 ipsi
3059 2541 3163 2578 non
3185 2541 3306 2580 esse
3331 2529 3604 2582 eXsultan-

2004 2615 2153 2680 dum;
2184 2616 2277 2669 sed
2310 2615 2516 2686 singula
2545 2617 2663 2684 ejus
2693 2627 3011 2686 argumenta
3061 2617 3346 2684 diligenter
3400 2635 3600 2688 expen—

2003 2706 2198 2774 denda,
2225 2720 2278 2761 ut
2308 2709 2448 2776 quod
2479 2709 2528 2760 in
2553 2709 2631 2762 eis
2659 2724 2841 2763 verum
2875 2709 3216 2778 validumque
3244 2710 3336 2774 sit,
3393 2711 3598 2779 seliga-

2005 2808 2108 2865 tnr,
2137 2800 2411 2868 probetur.
2445 2810 2499 2853 et
2549 2801 2892 2869 suscipiatur.
2929 2802 2996 2853 At
3028 2801 3277 2855 Creeihus
3332 2816 3438 2854 non
3480 2801 3598 2860 sine

2002 2893 2177 2962 aliqua
2234 2893 2346 2947 laesi
2385 2894 2549 2947 animi
2583 2895 2971 2964 signiﬁcatione
3008 2893 3310 2962 dixitcum,
3358 2894 3602 2964 diSputa-

2003 2985 2162 3038 ti0uis
2219 3000 2331 3039 suae
2409 2987 2553 3040 vires
2613 2985 2977 3053 inﬁrmando,
3032 2987 3100 3040 ab
3155 2986 3332 3041 ofﬁcio
3388 2987 3603 3057 religio-

2001 3077 2043 3130 si
2073 3076 2579 3147 discederejudicis.
2605 3077 2876 3149 [ntegrum
2926 3077 3190 3146 siquidem
3229 3076 3452 3132 Octavio
3480 3089 3600 3134 erat

298 3188 351 3231 ut
381 3179 567 3242 husra,
598 3177 920 3246 despiciunt,
963 3177 1093 3236 deos
1126 3187 1384 3247 reSpuunt
1415 3219 1429 3242 ,
1483 3177 1660 3232 rident
1701 3191 1851 3230 sacra
1880 3217 1893 3241 ,
1921 3167 1969 3232 C
2003 3183 2062 3220 ea
2087 3169 2286 3234 omnia,
2311 3185 2431 3238 quae
2464 3169 2514 3221 in
2545 3169 2778 3222 medium
2807 3169 3119 3238 protulerat,
3145 3168 3189 3221 si
3226 3177 3428 3236 posset,
3463 3183 3594 3224 con-

297 3269 533 3324 bonores
563 3269 943 3331 ﬂoccifaciuut,
975 3278 1238 3324 tormenta
1271 3269 1504 3340 denique
1529 3271 1605 3322 sic
1632 3278 1896 3324 soernunt

297 3372 349 3414 ut
373 3363 504 3415 dum
538 3362 676 3416 mori
712 3371 831 3430 post
855 3370 1081 3414 niortetn
1130 3361 1340 3424 timent,
1381 3361 1514 3414 mori
1547 3360 1758 3414 interim
1788 3376 1895 3414 non

294 3463 606 3508 vereantur.
650 3452 752 3512 Per
797 3452 1069 3507 universas
1121 3451 1467 3506 nihilominus
1511 3462 1664 3505 terra:
1716 3461 1894 3522 partes

295 3545 654 3611 diSSt‘lllinali,
679 3545 902 3600 occultis
939 3548 1078 3600 notis
1124 3561 1245 3602 δεμθ
1287 3547 1513 3600 invicem
1542 3553 1890 3613 cognoscunt,

242 3654 246 3662 '
293 3650 587 3709 amantque
611 3654 746 3708 pene
775 3648 1054 3709 antequam
1076 3639 1340 3694 noverint.
1368 3638 1436 3692 At
1462 3638 1709 3692 dicuntur
1736 3646 1894 3709 caput

294 3730 521 3786 adorare
553 3733 710 3796 asini,
741 3733 918 3787 colere
933 3734 1226 3788 sacerdotis
1239 3735 1510 3803 genitalia,
1535 3743 1693 3802 atque
1721 3731 1892 3786 hctni-

293 3838 417 3877 nem
441 3823 782 3889 cruciﬁxum,
802 3827 1078 3894 ipsumque
1107 3825 1266 3894 hujus
1291 3825 1534 3894 supplicii
1561 3823 1890 3878 instrumen-

294 3927 406 3970 tum
451 3922 716 3978 venerari.
759 3919 894 3984 Quid
943 3919 1134 3988 plura?
1188 3920 1264 3972 Ad
1295 3919 1480 3986 epulas
1533 3919 1757 3973 solemni
1803 3917 1892 3972 die

284 4023 505 4077 coeunt,
554 4023 721 4081 atque
771 4012 838 4065 ibi
883 4022 1042 4080 epoto
1085 4010 1298 4066 infantis
1327 4009 1698 4064 crudelissime
1725 4008 1891 4064 occisi

285 4106 573 4174 sanguine,
599 4107 763 4158 ictum
810 4105 981 4158 foedus
1011 4107 1276 4168 sanciunt,
1322 4116 1374 4157 et
1424 4119 1607 4159 eormn
1640 4100 1891 4156 tirunculi

283 4195 586 4252 initiantur.
617 4197 746 4254 Post
769 4197 893 4251 illud
918 4213 1046 4252 vero
1077 4199 1475 4253 itnunmissimze
1506 4195 1730 4250 feritatis
1760 4209 1890 4250 con-

281 4291 506 4352 vivium.
542 4292 799 4365 extinctis
825 4307 854 4343 a
885 4307 1018 4346 cane
1068 4291 1378 4356 luminibus,
1431 4306 1522 4359 per
1551 4289 1888 4359 impudentes

279 4383 564 4446 tenebras,
587 4385 788 4440 incerta
812 4393 956 4438 sorte
975 4401 1158 4440 omnes
1182 4384 1592 4454 permiscentur,
1614 4393 1774 4452 atque
1794 4386 1885 4449 ita,

276 4486 365 4528 aut
401 4479 594 4544 reipsa
625 4517 642 4541 ,
700 4485 792 4533 aut
843 4478 1168 4532 conscientia
1214 4478 1345 4532 ﬁunt
1377 4478 1583 4533 incesti.
1622 4478 1886 4532 Caeterum

2001 3262 2192 3324 fularc,
2227 3276 2391 3329 seque
2417 3261 2481 3314 ad
2511 3277 2632 3314 eum
2661 3276 2855 3332 magno
2885 3260 3101 3316 silentio
3131 3260 3456 3316 audiendum
3481 3261 3595 3332 jam

1999 3368 2119 3408 esse
2145 3355 2560 3423 paratissimum.

2076 3466 2094 3498 ι
2137 3447 2316 3501 Dicam
2362 3448 2646 3518 equidem,
2693 3447 2974 3516 respondit
3031 3448 3314 3514 Octavius,
3375 3462 3438 3503 ac
3489 3463 3588 3522 pro

2000 3538 2199 3593 viribus
2263 3539 2506 3604 adnitar,
2575 3549 2630 3591 nt
2685 3541 2954 3593 veracium
3022 3541 3309 3594 verborum
3373 3538 3594 3618 ﬂumine

1995 3633 2386 3688 amarissimam
2455 3633 2820 3690 conviciorum
2879 3633 3052 3687 labem
3125 3635 3397 3688 diluam.)
3451 3635 3594 3689 Ante

1997 3725 2174 3778 Omnia
2217 3741 2341 3778 vero
2385 3725 2476 3782 ille
2529 3727 2870 3795 proliteretur
2913 3725 2994 3800 fas
3035 3725 3133 3781 sibi
3164 3741 3268 3780 non
3320 3739 3442 3780 esse
3489 3726 3589 3780 du-

1995 3815 2157 3878 biant,
2210 3817 2526 3886 ancipitem,
2587 3832 2772 3887 vagam
2830 3827 2882 3872 et
2938 3818 3284 3872 fluctuantem
3335 3816 3588 3871 dissimu-

1996 3910 2105 3963 lare
2141 3909 2335 3968 Caecilii
2387 3919 2619 3965 mentem
2664 3927 2726 3966 ac
2775 3913 3116 3984 sententiam.
3172 3914 3241 3966 At
3282 3912 3474 3967 fatetur
3506 3923 3585 3966 ta-

2001 4021 2122 4060 men
2161 4018 2283 4082 ieam
2345 4019 2448 4058 nec
2503 4005 2595 4058 ulli
2655 4004 2796 4058 malo
2854 4005 2996 4081 illius
3046 4005 3203 4069 dolo,
3251 4021 3347 4060 nec
3396 4005 3591 4059 callido

1996 4105 2320 4165 versutoqne
2364 4098 2479 4166 ejus
2532 4098 2748 4163 animo,
2803 4098 2868 4151 ab
2916 4098 3031 4167 ejus
3072 4099 3380 4152 sinceritate
3431 4113 3587 4166 pror-

1995 4208 2083 4246 sus
2117 4191 2455 4257 ahhorrenti,
2507 4190 2603 4264 sed
2655 4190 2891 4245 veritatis
2941 4189 3261 4261 ignorationi
3318 4203 3438 4243 esse
3489 4189 3586 4244 tri-

1993 4286 2280 4342 buendam.
3194 4289 3202 4296 ‘

2065 4378 2144 4432 Ad
2192 4377 2510 4432 inlirmanda
2560 4377 2757 4432 dehinc
2806 4376 3015 4450 singula
3056 4375 3258 4432 Caecilii
3304 4390 3588 4446 argumen-

1997 4480 2045 4526 ta
2093 4487 2408 4542 aggressus,
2457 4472 2614 4527 docet
2657 4470 2854 4526 nemini
2907 4487 3048 4543 aegre
3084 4471 3396 4538 ferendum,
3442 4471 3589 4540 quod

275 4569 543 4636 quidquid
592 4570 796 4634 coluot,
851 4584 1042 4639 magno
1072 4569 1250 4626 studio
1301 4571 1570 4634 occultare
1601 4571 1840 4625 nituntur
1873 4547 2316 4634 ;DChristiani,
2370 4568 2711 4636 quantumvis
2768 4566 3012 4624 illiterati
3059 4576 3114 4621 et
3169 4581 3468 4637 panperes,
3517 4565 3589 4622 de

281 4661 453 4712 nulla»
477 4677 607 4716 aras
627 4661 843 4727 habent,
872 4664 1064 4731 templa
1085 4663 1245 4729 nulla,
1267 4665 1408 4717 nulla
1430 4674 1553 4718 nota
1582 4665 1884 4720 simulacra.

359 4749 500 4806 Dens
523 4769 689 4820 porro
717 4753 950 4817 illorum,
969 4755 1123 4808 sicuti
1147 4755 1535 4821 etJudarot-um,
1563 4757 1748 4813 uoicus
1767 4773 1887 4814 esse

275 4840 468 4904 fcrtur,
508 4861 674 4913 quem
702 4862 824 4899 cum
845 4862 946 4901 nec
976 4847 1178 4912 videre,
1213 4864 1309 4902 nec
1341 4849 1631 4905 ostendere
1662 4861 1882 4919 queant,

273 4933 425 4987 i'lum
450 4936 811 4992 nihilominus
828 4939 1004 4992 animo
1025 4941 1178 5008 plane
1207 4941 1521 5009 inquietum,
1559 4952 1885 5012 praepostere

269 5027 584 5090 Curiosum,
621 5030 812 5096 ubique
838 5041 1175 5097 pra-sentem,
1206 5033 1379 5086 omnia
1414 5032 1686 5088 hominum
1718 5032 1879 5097 facta,

271 5127 434 5188 atqne
465 5121 694 5173 inlitnas
713 5122 876 5176 animi
906 5123 1278 5190 cogitationes,
1303 5126 1510 5180 etiamsi
1540 5127 1764 5194 singulis
1797 5130 1882 5181 in-

267 5214 484 5264 servire
518 5227 640 5264 non
677 5215 857 5280 possit,
888 5213 1171 5283 diligenter
1223 5215 1490 5284 inquirere
1526 5218 1878 5272 arbitrantur.

265 5303 783 5376 Fumrumqnoqne
805 5309 1230 5362 asseruiittotius
1261 5310 1442 5364 umndi
1472 5311 1798 5378 incendium,
1822 5328 1884 5367 ac

263 5416 386 5468 pust
416 5413 720 5466 corporum
753 5412 1058 5456 nostrorum
1093 5405 1538 5458 resurrectionem
1564 5405 1722 5473 justis
1754 5405 1882 5460 bea-

264 5495 496 5548 ti-simze
534 5494 950 5563 vit:1&,inju5ti5
1001 5496 1349 5550 maximarum
1399 5510 1674 5562 pinnarum
1723 5506 1882 5551 teter-

257 5588 491 5640 nitatcrn
557 5590 964 5650 repromittunt.
1021 5588 1315 5657 Eapropter
1372 5588 1628 5644 damnant
1702 5605 1881 5660 rogos,

259 5677 597 5746 igninmqne
621 5678 948 5746 sepulturas.
981 5689 1034 5732 et
1060 5689 1250 5734 cuncta
1279 5681 1534 5735 voluntati
1563 5682 1757 5738 divinzn
1789 5698 1882 5737 seu

255 5767 376 5823 fato
404 5766 966 5826 adscribttnt.t\'ullus
998 5782 1172 5829 tamen
1203 5775 1883 5840 mortuusabinferiscxci-

1994 4661 2304 4716 ctelestibus
2354 4661 2514 4715 rebus
2568 4660 2864 4730 disputent.
2927 4659 3082 4714 Tales
3133 4660 3411 4715 enimvero
3479 4674 3587 4715 non

1994 4753 2163 4807 solum
2219 4753 2431 4806 fuerunt
2481 4751 2816 4822 philosophi,
2873 4761 2926 4806 et
2982 4752 3069 4806 alii
3124 4754 3319 4806 artium
3391 4753 3580 4808 inven-

1995 4853 2167 4908 tores;
2222 4861 2404 4899 verum
2471 4855 2740 4899 nostrates
2801 4844 2994 4909 etiam,
3058 4847 3182 4913 qui,
3243 4844 3586 4912 quantumvis

1991 4937 2180 5007 inopes
2215 4948 2267 4992 et
2303 4947 2522 5008 egentes
2545 4978 2560 5003 ,
2611 4939 2730 4990 aliis
2777 4936 3113 5006 prudentiam
3148 4944 3202 4990 et
3243 4935 3582 5005 disciplinam

1991 5030 2342 5085 tradiderunt.
2397 5030 2462 5084 Et
2515 5046 2642 5085 vero
2696 5046 2818 5085 cum
2880 5030 3151 5099 ingenium
3207 5045 3313 5082 non
3361 5030 3586 5083 fortunae

1989 5135 2082 5180 aut
2131 5125 2474 5180 facultatibus
2526 5125 2716 5189 detur,
2774 5123 2870 5178 sed
2923 5139 2954 5176 a
3012 5135 3199 5177 natura
3257 5122 3410 5177 nobis
3456 5121 3588 5176 insi-

1993 5229 2102 5273 tum
2174 5220 2280 5283 sit,
2356 5217 2580 5286 quilibet
2635 5216 2870 5285 cujusvis
2935 5229 3095 5270 sexus
3151 5224 3206 5270 et
3265 5213 3590 5269 cooditionis

1991 5310 2185 5373 homo,
2252 5309 2427 5362 divina
2481 5307 2840 5380 investigare,
2895 5315 2950 5362 et
3008 5305 3076 5364 de
3135 5305 3202 5362 iis
3264 5310 3585 5362 sententiam

1990 5401 2131 5456 ferre
2171 5408 2362 5469 potest.

1991 5495 2044 5566 εξ
2066 5492 2286 5547 Fatetur
2313 5490 2525 5563 quidem
2575 5492 2844 5546 hominem
2874 5491 3075 5548 debere
3106 5507 3162 5548 se
3203 5493 3375 5562 ipsum
3405 5505 3586 5559 nosse,

1990 5603 2052 5642 ac
2096 5587 2245 5656 quis,
2306 5585 2476 5650 unde,
2514 5600 2719 5655 quare,
2776 5601 2805 5639 a
2850 5601 2988 5654 quo,
3039 5595 3096 5639 et
3132 5599 3197 5638 cx
3244 5584 3436 5652 quibus
3471 5588 3586 5639 cle-

1989 5682 2185 5735 mentis
2218 5678 2388 5734 factus
2416 5679 2523 5732 sit:
2564 5677 2656 5733 Sed
2689 5679 2842 5748 plane
2871 5676 3192 5748 penitusque
3236 5685 3397 5746 negat
3445 5675 3586 5748 hanc

1987 5773 2346 5845 Cognitionem
2395 5771 2463 5826 ab
2516 5788 2580 5830 eo
2631 5787 2788 5842 posse
2835 5771 3181 5846 comparari,
3230 5770 3358 5838 quin
3408 5781 3592 5824 rerum
