4230 6242
587 250 695 307 375

1861 250 1951 306 DF.
1980 246 2238 308 MINUCII
2276 248 2575 307 OCTAVIO

3798 260 3902 318 576

588 366 1023 432 universitatem,
1072 374 1124 420 et
1184 366 1354 421 Deum
1419 366 1593 435 ipsmn
1663 374 1818 422 antea
1877 375 2187 437 cognoscat.
2221 368 2266 427 A
2298 370 2557 440 probatur
2596 369 2919 439 Euhemeri,
2964 372 3211 438 Prodici,
3269 372 3454 429 Persri
3506 382 3560 431 et
3600 375 3896 433 Alexandri

593 457 782 513 Nullus
830 460 1065 523 etenim,
1130 459 1229 511 nisi
1281 468 1460 513 mente
1502 460 1724 512 omnino
1773 471 1989 529 captus,
2033 462 2195 515 totius

594 550 777 606 mundi
834 560 1082 603 ornatum
1125 548 1406 604 advertere
1448 560 1655 619 potest,
1709 551 1834 621 quin
1880 567 2194 618 persuasum

595 643 879 699 confestim
912 642 1141 707 habeat,
1185 658 1307 697 eum
1339 658 1444 696 non
1480 645 1698 699 fortuito
1738 654 2038 699 atomorum
2068 662 2197 701 con-

595 754 792 805 cursu,
851 740 943 793 sed
993 756 1021 793 a
1076 740 1184 793 Deo
1234 740 1508 795 conditum
1559 742 1756 810 fuisse,
1811 754 1971 813 atque
2021 745 2088 799 ab
2134 761 2199 800 eo

595 832 709 901 regi
758 840 811 885 et
864 831 1246 886 administrari.
1298 833 1449 900 Quod
1504 834 1719 903 quidem
1776 837 1863 890 ille
1918 838 2201 893 conﬁrmat

600 940 665 978 ac
709 924 913 978 stabilit
952 940 1014 978 ex
1066 925 1227 990 ClBIi,
1275 927 1435 991 solis,
1486 927 1655 992 lunte,
1689 928 2034 1000 siderumque
2087 948 2205 985 mo-

606 1016 748 1070 tibus
787 1031 849 1069 ac
910 1016 1173 1079 utilitate,
1220 1032 1283 1071 ex
1331 1018 1596 1073 mensium
1654 1020 1891 1083 circulo,
1952 1025 2201 1077 tenebra-

601 1124 723 1164 rum
772 1109 1012 1177 lucisque
1044 1109 1440 1175 vicissitudine,
1492 1127 1555 1167 ex
1610 1114 1746 1167 miro
1778 1123 2079 1183 temporum
2110 1132 2203 1172 or-

602 1201 759 1263 dine,
808 1217 873 1255 ex
924 1201 1102 1255 stabili
1146 1204 1401 1257 varietate
1460 1206 1700 1274 frugum,
1752 1208 1915 1261 maris
1973 1208 2200 1275 ﬁnibus,

607 1294 788 1347 innata
855 1292 1217 1346 animantibus
1272 1294 1339 1347 ad
1389 1295 1469 1347 sui
1519 1296 1885 1352 defensionem
1935 1300 2202 1354 multifor-

602 1390 680 1441 mi
729 1396 1029 1451 armatura,
1090 1387 1325 1441 hominis
1357 1388 1524 1443 forma
1576 1405 1638 1443 ac
1690 1392 1896 1461 ﬁgura,
1946 1402 1999 1447 et
2046 1409 2207 1463 gene-

606 1478 762 1533 randi
814 1478 1175 1547 nascendique
1222 1480 1451 1534 ratione.
1509 1480 1639 1535 Nam
1687 1484 1802 1537 lucc
1858 1485 2037 1538 omnia
2089 1485 2207 1542 sine

608 1570 993 1640 omnipotentis
1061 1571 1152 1624 Dei
1218 1571 1552 1639 providentia
1614 1573 1726 1628 ﬁeri
1790 1590 1893 1629 non
1962 1587 2202 1646 possunt.

610 1662 727 1717 Non
786 1665 1035 1717 universo
1082 1672 1262 1718 autem
1309 1675 1511 1718 tantum
1558 1666 1790 1731 mundo,
1836 1667 1929 1723 sed
1984 1670 2209 1740 singulis

2303 460 2476 531 Magni
2527 463 2863 518 testimonio.
2922 481 2951 519 a
3007 465 3202 535 quibus
3256 466 3478 521 deorum
3531 469 3733 530 patria,
3788 469 3903 525 dies

2304 554 2544 620 natales,
2602 556 2920 622 sepulchra,
2978 556 3064 610 vel
3116 556 3409 622 beneﬁcia,
3460 568 3515 612 et
3562 560 3903 615 sacerdotum

2304 655 2511 699 secreta
2564 657 2932 702 recensentur.
2979 647 3185 718 Negare
3236 650 3397 718 igitur
3442 650 3557 704 haec
3601 666 3707 705 non
3749 660 3904 721 pote-

2303 749 2422 794 rant
2472 739 2701 801 ethnici,
2750 741 2902 795 sicuti
2957 757 3053 795 nec
3077 743 3313 803 sistrum,
3370 741 3559 811 inquit,
3623 743 3796 809 Isidis,
3847 760 3908 801 ac

2306 830 2581 899 Serapidis
2613 848 2705 886 seu
2746 832 2971 887 Osiridis
3008 833 3265 886 tumulum
3288 876 3301 897 ,
3358 848 3617 903 sacraque
3652 836 3907 906 mysteria

2308 925 2441 979 nihil
2482 926 2624 979 aliud
2669 926 2927 994 prodere,
2960 941 3119 995 quam
3166 926 3487 980 miserorum
3530 926 3755 982 deorum
3782 929 3908 983 tris-

2310 1029 2389 1071 tes
2433 1018 2639 1082 exitus,
2686 1018 2790 1071 l‘ata
2856 1028 2911 1073 et
2958 1018 3162 1073 funera.
3198 1019 3329 1084 Quis
3377 1024 3541 1072 etiam
3597 1034 3702 1073 non
3734 1020 3908 1076 videat

2310 1109 2583 1164 Eleusinia
2632 1109 2884 1176 Cereris,
2929 1111 3141 1181 aliaque
3188 1110 3334 1164 Jovis
3385 1120 3441 1165 et
3491 1110 3718 1183 Cybeles
3757 1127 3908 1168 sacra

2310 1218 2416 1257 non
2457 1202 2635 1256 minus
2682 1203 2910 1256 absurda
2961 1218 3081 1257 esse
3126 1218 3284 1272 quam
3323 1202 3625 1271 probrosa?

2383 1295 2622 1363 Quantas
2665 1296 2883 1364 insuper
2927 1296 2995 1349 de
3034 1296 3254 1350 deorum
3296 1310 3515 1349 suorum
3556 1294 3724 1349 forma
3754 1310 3816 1349 ac
3847 1294 3909 1348 ﬁ-

2312 1404 2441 1458 gura
2476 1388 2706 1457 ineptias
2747 1386 3066 1456 putidasque
3127 1401 3295 1455 nugas
3343 1387 3542 1441 ethnici
3594 1388 3905 1442 venditant!

2312 1478 2573 1536 Claudum
2618 1481 2816 1550 quilpe
2859 1479 3063 1548 ﬁngunt
3104 1476 3423 1546 Vulcanum,
3477 1480 3779 1548 Apollinem
3811 1480 3913 1533 int-

2314 1574 2560 1639 ht-rbem,
2610 1571 2978 1642 JEsculapium
3023 1569 3188 1625 ﬁlium
3222 1572 3339 1641 ejus
3370 1571 3680 1636 barbatum,
3710 1572 3912 1641 glaucis

2317 1665 2617 1735 Neptnnmn
2654 1665 2823 1719 oculis
2844 1704 2860 1728 ,
2923 1664 3214 1719 Minervam
3241 1665 3451 1727 caesiis,
3488 1664 3712 1719 bubulis
3743 1664 3911 1719 June-

608 1754 727 1824 ejus
777 1754 1011 1823 partibus
1053 1754 1191 1808 Deus
1235 1755 1487 1809 consulit.
1534 1756 1665 1821 Quis
1692 1758 1835 1812 enim
1864 1758 2209 1827 dubitatejus
2242 1766 2287 1825 Β
2318 1774 2475 1823 nem,
2535 1756 2853 1811 Mercurium
2903 1755 3130 1826 pedibus
3174 1756 3360 1819 alatis,
3426 1756 3695 1825 ungulatis
3733 1755 3912 1824 Pana,

610 1847 841 1914 imperio
889 1846 1217 1901 Britanniam
1262 1849 1425 1901 maris
1458 1858 1671 1918 tepore,
1725 1850 2016 1921 IEgyptum
2064 1852 2205 1919 Nilo,

614 1937 894 2006 Euphrate
946 1938 1416 2007 lllesonotamiam,
1475 1939 1747 1998 Orientem
1810 1944 1940 1999 Indo
1997 1946 2215 2002 ﬂumine

612 2029 946 2083 fmcundari?
1006 2030 1245 2100 Denique
1292 2031 1430 2086 sicut
1481 2033 1663 2087 domui
1715 2036 1977 2105 prmelaro
2023 2049 2214 2092 ornatu

616 2120 891 2190 disposita:
935 2122 1190 2191 aliquem,
1234 2124 1313 2178 sic
1359 2124 1453 2178 toti
1484 2125 1687 2180 mundo
1744 2128 1883 2181 hunc
1934 2128 2214 2183 Dominum

617 2228 853 2285 praeesse
902 2217 1195 2270 cernimus.

694 2311 862 2365 Porro
901 2320 1080 2366 autem
1136 2313 1308 2376 ipsum
1364 2315 1576 2369 unicum
1632 2332 1753 2372 esse
1809 2318 1973 2373 Deum
2028 2319 2221 2389 probat

620 2403 876 2459 Octavius
916 2411 1253 2459 terrenarum
1286 2408 1535 2476 exemplo
1584 2410 1963 2477 imperiorum,
2012 2410 2221 2466 scilicet

616 2494 910 2549 Persarum
932 2536 946 2560 ,
976 2494 1391 2563 Thebanorum,
1428 2497 1794 2553 Romanorum
1817 2541 1831 2565 ,
1876 2500 1987 2563 ubi,
2023 2501 2217 2570 inquit,

621 2588 800 2641 nullus
843 2602 1015 2657 neque
1065 2589 1230 2642 frater
1259 2589 1498 2653 fratrem,
1550 2607 1724 2661 neque
1776 2606 1933 2647 socer
1962 2608 2219 2659 generum

620 2679 773 2748 regni
814 2689 1121 2733 consortem
1168 2681 1275 2749 pati
1323 2697 1573 2751 umquam
1630 2683 1824 2751 potuit.
1877 2682 2016 2749 Quid
2058 2697 2221 2747 vero,

624 2769 768 2839 quod
827 2772 981 2825 sicuti
1042 2772 1270 2841 apibus,
1326 2774 1610 2843 gregibus,
1666 2783 1721 2829 et
1772 2776 2033 2829 armentis
2083 2790 2221 2830 unus

624 2874 709 2918 est
753 2867 1123 2922 tantummodo
1174 2883 1267 2922 rex
1312 2878 1403 2922 aut
1442 2870 1583 2933 dux,
1624 2871 1693 2924 ita
1744 2885 1879 2924 unus
1932 2880 2015 2923 est
2045 2869 2220 2936 Deus,

624 2958 713 3026 qui
758 2956 1020 3027 principio
1063 2968 1117 3013 et
1164 2959 1268 3013 ﬁne
1314 2975 1541 3027 carens,
1585 2963 1762 3015 omnia
1798 2960 2146 3015 moderatur?

700 3047 956 3114 Quamvis
999 3058 1176 3105 autem
1215 3051 1307 3106 ille
1354 3052 1595 3107 inﬁnitus
1637 3063 1690 3107 et
1717 3054 2047 3118 immensus,
2095 3051 2224 3106 sibi-

2319 1852 2607 1907 Saturnum
2628 1850 2945 1921 compeditis
2967 1890 2980 1910 .
3006 1850 3201 1917 duplici
3235 1848 3410 1904 fronte
3436 1848 3653 1913 Janum,
3689 1849 3911 1902 Dianam

2319 1944 2424 1998 alte
2464 1943 2823 2005 succinctam,
2873 1942 3165 2011 Ephesiam
3219 1940 3401 1995 multis
3447 1941 3731 2002 mammis,
3775 1943 3914 1995 trino

2319 2034 2495 2101 capite
2541 2043 2594 2087 et
2634 2032 2817 2087 multis
2861 2034 3111 2087 manibus
3156 2031 3424 2095 Triviam,
3458 2031 3645 2087 Jovem
3695 2042 3772 2086 tot
3808 2033 3916 2087 for-

2321 2142 2422 2181 ma:
2474 2127 2729 2180 monstris
2781 2124 3095 2190 horridum,
3132 2132 3261 2193 quot
3299 2125 3625 2194 appellatum
3681 2125 3915 2179 nomini-

2323 2218 2456 2284 bus,
2495 2219 2760 2287 Erigonen
2795 2219 2985 2287 laqueo
3008 2232 3322 2287 suspensam
3346 2258 3360 2280 ,
3398 2217 3650 2271 Castores
3693 2218 3917 2272 alternis

2323 2310 2510 2365 diebus
2555 2308 2797 2364 viventes
2842 2324 2905 2363 ac
2950 2310 3277 2373 morientes,
3329 2310 3491 2363 ictum
3542 2309 3761 2365 ﬂumine
3792 2309 3919 2365 1E5-

2323 2402 2624 2470 culapium,
2680 2412 2730 2455 et
2779 2402 3060 2456 Herculem
3111 2401 3296 2457 OEteis
3338 2411 3633 2457 crematum
3680 2404 3912 2473 ignibus.

2400 2495 2503 2549 Has
2543 2511 2705 2567 porro
2751 2495 2958 2550 fabulas
3003 2496 3071 2549 ab
3121 2496 3299 2566 impiis
3330 2495 3635 2551 hominibus
3687 2498 3915 2565 pritntnn

2328 2589 2579 2653 traditas,
2637 2589 2726 2644 alii
2776 2588 3035 2659 deinceps
3086 2588 3457 2654 celebrarunt,
3505 2604 3565 2643 ac
3609 2600 3783 2659 poeta:-
3830 2604 3923 2659 po-

2328 2683 2623 2748 tissimum,
2682 2682 2770 2751 qui
2818 2679 2958 2735 hattd
2996 2696 3180 2749 parum
3227 2680 3438 2735 veritati
3486 2694 3581 2734 sua
3626 2689 3927 2735 nocuerunt.

2327 2774 2663 2829 auctoritate.
2721 2773 3079 2840 Quamobrem
3130 2772 3282 2827 Plato
3322 2772 3537 2826 civitate
3582 2788 3687 2826 non
3735 2773 3927 2827 immeo

2328 2866 2431 2919 rito
2483 2865 2643 2935 ejecit
2682 2864 3004 2927 Homerum,
3063 2865 3151 2935 qui
3200 2863 3511 2934 impudente
3554 2863 3787 2918 ludibrio
3832 2880 3923 2919 ce-

2328 2960 2458 3014 cinit
2511 2960 2803 3013 sauciatam
2848 2957 3147 3021 Venerem,
3206 2956 3430 3011 Martem
3481 2972 3587 3009 non
3636 2957 3755 3011 sine
3811 2958 3928 3009 vnl-

2330 3052 2549 3106 neribus
2594 3052 2865 3119 fugatum,
2906 3049 3093 3105 Jovem
3121 3065 3149 3102 a
3193 3049 3416 3103 Briareo
3458 3048 3761 3114 liberatum,
3796 3047 3928 3103 Sar-

626 3154 731 3208 qne
763 3140 889 3203 soli,
941 3151 1171 3209 quantus
1219 3152 1331 3209 est,
1387 3147 1668 3215 cognitus,
1717 3162 1746 3200 a
1788 3147 1941 3200 nobis
1998 3161 2098 3200 nec
2144 3147 2221 3199 vi-
2252 3150 2297 3213 ρ
2332 3144 2556 3215 pedonis
2595 3158 2776 3197 casum
2819 3142 3056 3197 cruentis
3098 3141 3360 3195 imbribus
3408 3139 3648 3203 ﬂentem,
3700 3155 3762 3193 ac
3809 3141 3931 3195 loro

628 3230 779 3298 deri,
830 3248 928 3287 nec
968 3235 1230 3289 nominari
1275 3247 1469 3304 queat;
1518 3253 1638 3291 eum
1692 3248 1899 3303 tamen,
1955 3238 2000 3291 si
2046 3238 2224 3292 nomi-

629 3340 758 3379 num
810 3328 1143 3380 terrestrium
1183 3328 1339 3382 tollas
1375 3328 1734 3383 additamenta
1757 3372 1772 3393 ,
1830 3330 2111 3401 perspicue
2136 3346 2226 3385 co-

626 3434 877 3488 gno<ces.
930 3421 995 3474 Et
1038 3435 1168 3475 sane
1209 3422 1511 3475 unanimem
1563 3437 1682 3476 esse
1727 3425 1966 3477 omnium
2013 3424 2081 3479 de
2134 3424 2227 3479 illo

632 3526 953 3565 consensum
985 3511 1108 3566 inde
1142 3511 1395 3567 Octavius
1435 3513 1643 3583 arguit,
1679 3515 1821 3584 quod
1868 3516 2080 3586 vulgus,
2111 3532 2229 3570 ma-

632 3619 735 3658 nus
780 3604 845 3657 ad
896 3604 1091 3658 ccelum
1137 3605 1426 3669 tendendo,
1476 3606 1645 3675 ipsum
1681 3607 1909 3661 invocat.
1961 3608 2229 3665 Prmterea

635 3704 807 3764 poeta:
853 3696 1001 3749 illtun
1045 3695 1225 3750 divum
1259 3696 1645 3767 hominumque
1687 3710 1923 3768 patrem,
1968 3710 2020 3755 et
2054 3701 2228 3771 Virgi-

632 3788 737 3843 lius
785 3790 1024 3843 omnium
1056 3805 1235 3844 rermn
1281 3801 1613 3857 creatorem,
1669 3803 1939 3860 mentem,
1988 3804 2041 3850 et
2069 3797 2230 3866 spiri-

634 3892 747 3937 tum
797 3884 1153 3953 appellavere.
1198 3883 1335 3950 Quin
1365 3885 1526 3938 etiam
1569 3886 1818 3953 ipsitnet,
1864 3888 1941 3941 uti
1984 3887 2072 3942 ille
2122 3889 2233 3942 siu-

633 3976 857 4044 gillatim
888 3975 1147 4038 ostendit,
1202 3978 1601 4045 prrestantiores
1631 3979 1933 4049 phil050phi
1955 4022 1972 4047 ,
2013 3981 2231 4047 Thales,

638 4068 1035 4132 Anaximenes,
1088 4068 1354 4139 Diogenes
1393 4069 1793 4139 Apolloniates,
1847 4074 2230 4142 Anaxagoras,

638 4158 999 4230 Pythagoras,
1035 4160 1426 4230 Xenophanes,
1460 4163 1834 4227 Antisthenes,
1868 4163 2230 4233 Speusippus,

637 4252 1007 4314 Democritus.
1043 4252 1290 4316 Straton,
1322 4254 1666 4317 Aristoteles,
1700 4255 2031 4322 lleraclides,
2060 4258 2235 4312 Theo-

636 4348 918 4419 phrastus.
971 4348 1180 4409 Zenon,
1242 4345 1611 4415 Chrysippus,
1672 4348 1986 4413 Cleanthes,
2041 4350 2233 4419 Dioge-

638 4457 737 4496 nes
770 4440 1124 4510 Babylonius,
1170 4438 1503 4507 Xenophon,
1536 4440 1715 4493 Aristo
1749 4449 1802 4495 et
1833 4441 2014 4510 Plato,
2045 4459 2234 4512 quam-

2332 3238 2567 3291 illectum
2626 3236 2881 3300 Veneris;
2944 3234 3231 3288 llerculem
3286 3243 3523 3287 stercora
3579 3242 3928 3302 egerentem,

2332 3328 2635 3397 Neptunum
2681 3328 2797 3381 sine
2851 3327 2957 3380 ulla
2991 3325 3239 3380 mercede
3283 3325 3650 3379 instituentem
3699 3322 3933 3378 Laome-

2332 3422 2508 3476 dontis
2538 3436 2748 3485 nmros,
2808 3420 3104 3490 Apollinem
3139 3426 3443 3488 pascentem
3475 3417 3685 3471 Admeti
3735 3432 3926 3486 pecus,

2334 3514 2631 3569 Vulcanum
2673 3513 2820 3566 Jovis
2847 3512 2898 3566 in
2927 3512 3085 3567 Creta
3135 3512 3241 3565 nati
3283 3510 3507 3563 fulmina
3553 3510 3929 3576 fabricanlem,

2336 3606 2518 3660 Martis
2554 3606 2885 3674 Venerisque
2914 3604 3234 3658 adulterium
3254 3645 3269 3667 ,
3312 3611 3365 3655 et
3393 3611 3604 3671 raptum
3632 3600 3700 3656 ab
3728 3600 3928 3656 eodem

2334 3700 2465 3755 Jove
2496 3699 2887 3770 Ganymedem.
2917 3701 2983 3751 At
3010 3697 3246 3751 ridiculis
3277 3697 3380 3751 illis
3407 3695 3763 3765 obscenisque
3781 3710 3935 3750 com-

2338 3792 2533 3847 mentis
2572 3792 2779 3861 ingenia
2810 3805 3096 3860 puerorum
3137 3798 3583 3859 corrumpuntur,
3612 3803 3676 3843 ac
3706 3788 3931 3844 tandem

2338 3883 2389 3938 in
2439 3884 2504 3938 iis
2551 3885 2776 3952 turpiter
2821 3883 3171 3953 nequiterque
3206 3890 3619 3935 consenescunt.

2411 3979 2454 4030 A
2498 3976 2732 4030 Diodoro
2783 3976 3129 4029 nihilominus
3176 3973 3393 4037 Siculo,
3440 3972 3661 4036 Thallo,
3715 3982 3768 4027 et
3827 3972 3937 4027 Ne-

2340 4080 2485 4141 pote,
2537 4084 2669 4139 quos
2712 4068 2839 4122 citat
2889 4068 3176 4131 Octavius,
3209 4080 3397 4120 onmes
3422 4064 3633 4119 discere
3674 4063 3938 4120 facillime

2340 4171 2625 4233 potuerant
2674 4160 2863 4216 horum
2912 4159 3204 4230 principem
3260 4158 3423 4213 fuisse
3468 4157 3791 4221 Saturnum;
3841 4161 3937 4229 qui

2338 4258 2554 4329 quidem
2600 4265 2744 4310 metu
2790 4255 2880 4309 lilii
2912 4270 2942 4309 e
2979 4254 3137 4309 Creta
3165 4253 3461 4322 aufugiens,
3496 4261 3655 4322 atque
3698 4252 3752 4306 in
3784 4251 3939 4306 italia

2340 4366 2368 4403 a
2421 4349 2556 4403 Jano
2606 4358 2922 4415 susceptus,
2960 4346 3186 4415 plurima
3244 4346 3404 4398 rudes
3457 4344 3701 4398 homines
3728 4344 3938 4409 docuit,

2338 4454 2502 4514 atque
2548 4443 2799 4512 imposito
2851 4442 3011 4494 variis
3055 4439 3188 4493 locis
3238 4454 3337 4491 suo
3378 4438 3630 4501 nomine,
3671 4450 3730 4491 se
3758 4436 3945 4506 ipsum

640 4536 721 4587 vis
761 4549 788 4585 a
840 4532 991 4585 nobis
1032 4532 1209 4587 verbis
1256 4540 1311 4587 et
1339 4545 1590 4587 sermone
1646 4534 1977 4604 discrepent,
2029 4536 2079 4589 in
2108 4552 2233 4593 nos-
2259 4538 2311 4597 D
2340 4536 2586 4607 probavit
2625 4550 2745 4589 esse
2788 4534 3081 4588 hominem.
3112 4531 3321 4599 Jupiter
3349 4545 3497 4595 vero,
3546 4531 3633 4599 qui
3667 4530 3719 4584 in
3748 4526 3941 4595 Creta,

640 4634 778 4678 tram
832 4623 1179 4677 nihilominus
1231 4623 1298 4679 de
1350 4625 1442 4679 illo
1488 4626 1715 4693 ipsemet
1774 4626 1883 4680 Deo
1933 4630 2093 4682 unico
2142 4630 2232 4684 alii

641 4716 955 4782 obscurius,
1002 4717 1093 4770 alii
1140 4717 1347 4786 planius
1389 4722 1601 4773 iverunt
1644 4720 1989 4774 sententiam.

713 4812 791 4865 Ex
840 4810 922 4864 his
970 4811 1039 4864 ita
1087 4810 1372 4880 disputatis
1422 4810 1670 4866 Octavius
1722 4814 1968 4868 falsitatis
2012 4815 2234 4871 eviden-

642 4914 723 4959 ter
767 4904 942 4971 arguit
970 4903 1267 4958 venditatas
1295 4919 1325 4958 a
1354 4904 1647 4973 majoribus
1688 4908 1916 4971 nostris,
1965 4918 2232 4979 tamquam

639 4996 933 5064 miracula,
985 4996 1235 5051 ridiculas
1285 4997 1353 5052 de
1403 4999 1607 5068 Scylla,
1669 5000 1968 5067 Chimzrra,
2032 5002 2230 5072 llydra,

638 5090 955 5152 Centauris,
1007 5090 1231 5160 aliisque
1258 5091 1427 5146 aniles
1468 5091 1705 5154 fabulas,
1756 5104 1809 5148 et
1840 5094 2101 5150 absurdas
2129 5105 2237 5151 tra-

637 5183 893 5237 ditiones.
950 5182 1059 5237 Nec
1106 5183 1280 5239 minus
1329 5184 1607 5240 evidenter
1666 5188 1906 5242 ostendit
1970 5189 2233 5245 insulsum

639 5276 973 5345 impiumque
1002 5290 1217 5344 semper
1244 5274 1405 5331 fuisse
1440 5276 1663 5331 deorum
1706 5279 1931 5333 cultum.
1966 5281 2235 5350 Antiquis-

638 5368 760 5421 simi
813 5367 1088 5421 enimvero
1138 5366 1381 5422 homines
1429 5370 1658 5437 primtnn
1691 5384 1821 5427 sane
1868 5387 1993 5425 suos
2043 5388 2231 5444 reges,

635 5458 808 5513 duces
857 5457 1117 5529 inclytos,
1169 5459 1388 5530 pudicas
1434 5469 1489 5515 et
1534 5475 1666 5518 sexu
1708 5477 1805 5516 suo
1846 5464 2093 5519 fortiores
2150 5480 2236 5521 re-

630 5552 818 5622 ginas,
867 5552 1174 5623 artiumque
1227 5553 1572 5621 inventores,
1616 5555 1686 5609 ob
1719 5558 1973 5625 prmclara
2018 5558 2230 5613 illorum

627 5644 799 5707 facta,
843 5646 925 5701 vel
976 5657 1193 5719 accepta
1247 5645 1315 5701 ab
1371 5648 1450 5702 eis
1500 5646 1755 5705 beneﬁcia
1810 5665 1915 5705 non
1958 5665 2115 5705 secus
2167 5665 2232 5705 ac

612 5733 745 5787 deos
798 5735 1045 5795 venerati
1103 5748 1253 5798 sunt.
1317 5738 1385 5795 Et
1448 5740 1551 5796 hoc
1606 5744 1831 5811 quidem
1888 5743 1954 5798 ab
2006 5741 2229 5800 Octavio

2343 4629 2484 4683 unde
2514 4644 2634 4683 cum
2684 4626 2991 4697 expulerat,
3036 4625 3310 4695 regnavit,
3358 4624 3409 4677 in
3444 4622 3542 4676 hac
3588 4621 3759 4677 insula
3790 4636 3948 4676 mor-

2340 4731 2463 4776 tuus
2492 4729 2607 4780 est.
2648 4720 2735 4774 ubi
2774 4718 3117 4789 sepulchrum
3149 4717 3268 4785 ejus
3302 4715 3621 4770 ostenditur.
3668 4713 3949 4768 Przeterea

2339 4811 2602 4866 Romulus
2660 4820 2779 4881 post
2828 4818 3055 4863 mortem
3108 4822 3292 4871 suam,
3345 4806 3621 4875 pejcrante
3673 4804 3946 4870 froculo,

2340 4903 2474 4959 Juba
2520 4902 2715 4957 Mauris
2766 4900 3098 4965 volentibus,
3153 4899 3351 4965 aliique
3377 4897 3537 4950 etiam
3562 4894 3809 4964 quamvis
3848 4895 3948 4948 in-

2339 4997 2434 5050 viti
2484 5004 2537 5051 et
2584 4996 2909 5050 reluctantes
2931 5034 2944 5058 ,
2993 4993 3066 5047 dii
3093 4990 3377 5045 renuntiati
3407 4998 3551 5044 sunt.
3583 4988 3743 5059 Atqui
3773 5003 3957 5045 verus

2342 5089 2483 5143 Deus
2527 5102 2626 5142 nec
2673 5086 2852 5149 nasci,
2908 5098 3008 5140 nec
3056 5083 3191 5137 mori
3234 5091 3433 5153 potest.

2414 5181 2646 5236 Deorum
2697 5179 2892 5235 deinde
2940 5178 3197 5248 imagines
3245 5187 3300 5232 et
3351 5176 3631 5231 simulacra
3678 5172 3960 5232 Octavius

2340 5276 2612 5345 exagitat,
2663 5274 2946 5343 palamque
2979 5272 3103 5327 facit
3150 5286 3212 5326 ea
3232 5272 3315 5326 vel
3353 5287 3423 5325 ex
3455 5271 3545 5325 vili
3582 5268 3956 5340 sordidaque,

2343 5368 2426 5422 vel
2488 5368 2719 5438 pretiosa
2774 5367 3028 5432 materia,
3084 5365 3333 5420 manibus
3381 5376 3437 5421 et
3486 5373 3601 5419 arte
3655 5363 3959 5423 fabrorum

2341 5476 2556 5533 quoquo
2598 5460 2759 5515 modo
2796 5460 3056 5525 conﬁcta,
3102 5460 3170 5513 ab
3208 5459 3395 5514 avibus
3423 5459 3647 5529 aliisque
3687 5458 3965 5515 animali-

2339 5557 2439 5612 bus
2482 5570 2625 5625 saepe
2660 5555 2855 5623 smpins
2902 5553 3277 5623 coinquinata,
3331 5552 3492 5621 impie
3530 5552 3632 5606 coli
3659 5552 3727 5604 ab
3756 5551 3967 5608 ethni-

2336 5649 2444 5717 cis,
2491 5663 2551 5702 ac
2600 5646 2846 5717 precibus
2878 5644 3071 5699 frustra
3096 5653 3149 5699 et
3193 5643 3451 5698 inutiliter
3498 5642 3729 5711 fatigari.
3775 5641 3963 5700 Brevi

2337 5740 2555 5811 insuper
2586 5738 2895 5794 inductione
2922 5737 3250 5793 demonstrat
3278 5744 3536 5806 quantum
3567 5735 3618 5788 in
3647 5733 3960 5790 celebran-
