4248 6264
417 307 524 368 ’577

1830 299 2300 366 DtSSERTA'l‘Io.

3713 131 3755 202 π.

3608 306 3712 373 378

416 425 502 481 dis
540 422 893 494 quorumdam
920 421 1142 478 deorum
1181 423 1452 495 mysteriis
1484 423 1725 491 ridiculi,
1776 426 2016 491 obsceni,
2047 427 2216 487 Asus
2259 427 2505 493 crimina,
2557 436 2648 484 aut
2696 427 2778 484 his
2806 429 3025 484 omnino
3069 428 3284 497 similia,
3334 438 3494 502 atque
3543 432 3710 489 etiam

418 520 769 590 crudelesque
823 519 956 572 ritus
1014 518 1451 574 observarentur.

490 614 628 670 Tum
675 612 871 668 dehinc
913 611 1148 668 ostendit
1195 612 1262 667 ab
1296 612 1509 668 C:reilio
1555 626 1833 684 perperam
1859 612 2015 681 jacti-

421 711 521 765 tari
581 709 880 771 Romanos,
929 706 1234 776 hnjnsmodi
1280 708 1752 777 superSIitionibtts
1778 708 1881 761 rite
1921 705 2016 761 ob-

419 803 680 868 servatis,
727 801 889 856 totius
927 800 1076 855 orbis
1117 799 1275 870 potiri
1318 799 1565 870 imperio.
1595 799 1806 854 Etenim
1844 799 2013 866 parri-

418 896 558 950 cidio
593 909 812 964 rcgnnm
839 891 966 947 illud
998 893 1326 956 inchoatmn,
1367 891 1683 954 sceleribus,
1718 891 2012 961 impietate,

417 997 470 1043 ct
513 986 811 1056 sacrilegiis
859 987 1117 1040 accrevit.
1168 984 1304 1051 Quid
1352 1000 1502 1050 vero,
1551 983 1695 1054 quod
1739 983 2015 1038 vernaculi

420 1080 516 1146 dii,
561 1080 824 1134 Romulus
845 1121 859 1144 ,
895 1079 1070 1141 Picus.
1103 1077 1420 1141 Tiberinus,
1444 1077 1683 1141 Consus,
1708 1076 2014 1141 Pilumnus,

422 1174 742 1236 Picumnus,
797 1169 1069 1236 Cloacina,
1123 1170 1316 1233 Pavor,
1364 1169 1574 1233 Pallor,
1630 1169 1837 1230 Febris,
1877 1169 2015 1222 Mor-

421 1265 548 1329 bus,
593 1265 732 1318 Acca
770 1262 1086 1325 Laurentia,
1125 1269 1180 1316 et
1225 1261 1381 1315 Flora
1431 1261 1631 1314 nullam
1680 1260 1868 1315 iisdem
1906 1260 2015 1314 Ro-

419 1358 593 1412 manis
641 1371 798 1426 opem
855 1354 994 1408 ferre
1043 1353 1366 1423 potuerunt?
1414 1353 1578 1408 Multo
1619 1362 1801 1407 autem
1835 1354 2014 1406 minus

419 1449 642 1504 aliarum
689 1448 927 1519 gentium
982 1446 1088 1509 dii,
1131 1461 1266 1518 quos
1318 1446 1394 1500 illi
1445 1460 1552 1500 non
1607 1446 1858 1510 coluere,
1912 1446 2016 1501 nisi

420 1542 560 1597 bello
609 1543 758 1612 prius
795 1542 992 1608 victos,
1034 1555 1098 1595 ac
1140 1548 1262 1611 post
1310 1549 1483 1594 actum
1535 1539 1605 1594 de
1646 1540 1777 1610 ipsis
1824 1538 2014 1593 trium-

418 1638 605 1708 phum.
659 1637 899 1706 Denique
945 1636 1122 1690 nullus
1167 1634 1418 1702 ignorat,
1463 1633 1749 1704 Assyrios,
1799 1631 2013 1696 Medos,

421 1734 646 1798 Persas,
701 1732 954 1794 Grazcos,
1006 1729 1321 1802 Egyptios,
1372 1741 1627 1797 regnasse
1677 1735 1802 1781 ante
1851 1740 2014 1796 quas-

2120 520 2319 590 majora
2372 521 2440 575 ab
2493 523 2734 593 ipsismet
2775 521 3000 578 ethnicis
3056 538 3244 592 reapse
3300 523 3581 578 committi.
3639 527 3718 580 Ac

2120 616 2292 685 primo
2322 615 2531 686 quidem
2566 617 2655 686 qui
2698 626 2876 686 caput,
2924 615 3114 686 inquit,
3168 615 3303 669 asini
3334 631 3363 670 a
3397 613 3715 671 Christianis

2119 708 2327 764 adorari
2383 721 2707 780 praepostere
2749 709 3117 775 clamitabant,
3155 709 3207 763 hi
3249 723 3369 762 cum
3424 708 3607 778 Epona
3655 718 3711 765 et

2119 798 2258 854 Iside
2283 803 2668 856 consecrabant
2697 803 2896 862 asinos,
2929 802 3102 871 capita
3135 799 3295 855 boum
3327 814 3390 856 ac
3423 808 3709 855 Vchccunt

2119 894 2531 958 venerabantur,
2579 894 2816 965 deosque
2866 893 3185 949 dedicabant
3223 893 3308 948 vel
3356 895 3573 963 caprina
3603 893 3703 950 hu-

2119 1003 2384 1057 manaque
2410 987 2575 1043 forma
2599 1031 2612 1053 ,
2667 989 2747 1042 vel
2777 989 2973 1044 bovino
3002 989 3302 1061 caninoque
3333 990 3479 1047 vultu
3508 1008 3707 1063 reprae-

2119 1089 2375 1135 sentatos.
2414 1082 2493 1135 Ad
2538 1081 2652 1136 haec
2695 1091 2874 1137 autem
2917 1084 3016 1153 ipsi
3047 1083 3273 1138 Romani
3314 1084 3504 1141 bovem
3533 1088 3708 1156 Apim,

2118 1171 2313 1239 aliique
2361 1173 2630 1236 animalia,
2677 1184 2986 1243 serpentes,
3035 1189 3194 1241 aves,
3247 1174 3478 1243 belluas,
3538 1179 3712 1248 pisces

2119 1265 2386 1330 colebant,
2445 1267 2598 1321 sicuti
2653 1267 2888 1339 Egyptii
2911 1310 2926 1334 ,
2980 1269 3067 1339 qui
3100 1285 3205 1323 non
3236 1272 3406 1340 magis
3435 1271 3629 1327 Isidem
3659 1283 3712 1329 et

2119 1356 2429 1427 Serapidem
2470 1375 2627 1430 quam
2656 1361 2978 1416 acrimonias
3003 1375 3256 1431 ceparum
3287 1370 3342 1416 et
3371 1364 3575 1419 ventris
3594 1378 3711 1421 cre-

2121 1452 2262 1520 pitus
2300 1453 2638 1506 verebantur.

2190 1543 2342 1609 Quod
2394 1544 2620 1599 subinde
2663 1544 2862 1615 objecit
2901 1545 3150 1600 Caecilius
3177 1561 3208 1600 a
3247 1545 3568 1601 Christianis
3607 1547 3710 1603 coli

2120 1637 2418 1693 sacerdotis
2466 1639 2739 1709 genitalia,
2796 1640 2924 1695 illud
2953 1651 3058 1694 tam
3093 1639 3280 1694 falsum
3311 1655 3432 1696 esse
3457 1639 3708 1698 Octavius

2120 1743 2426 1797 asseverat,
2464 1750 2624 1804 quam
2668 1745 2876 1788 certum
2919 1747 3002 1789 est
3031 1735 3277 1789 ethnicos
3309 1735 3708 1790 obscenissimis

419 1825 570 1890 libet,
621 1825 934 1895 exalet-isque
991 1823 1240 1878 omnibus
1290 1820 1591 1876 deteriores
1642 1818 2011 1873 Romanorum
2045 1820 2090 1879 B
2119 1826 2455 1894 constuprari
2489 1826 2932 1895 turpitudinilms,
2960 1841 3091 1896 quas
3113 1827 3268 1882 nobis
3292 1842 3392 1882 nec
3410 1827 3706 1893 nominare,

421 1919 852 1989 superstitiones.

496 2010 580 2065 Ex
605 2011 778 2064 avium
809 2023 968 2078 porro
995 2007 1247 2078 auspiciis
1282 2014 1441 2077 atque
1469 2002 1708 2073 auguriis
1738 2001 2006 2057 vibratum

422 2103 612 2158 leviter
636 2121 662 2155 a
709 2101 923 2157 C:cci|io
953 2104 1114 2157 telum
1134 2143 1148 2167 ,
1204 2107 1391 2155 contra
1425 2098 1596 2166 ipsum
1624 2094 1878 2150 Octavius
1901 2094 2013 2149 Re-

419 2196 560 2266 guli,
619 2194 878 2261 Mancini,
929 2193 1111 2257 Pauli,
1161 2191 1498 2261 Caesarisque
1541 2189 1788 2259 exempla
1824 2199 2013 2244 retun-

421 2289 518 2342 dit.
581 2288 858 2342 Similtbus
915 2287 1075 2342 etiam
1130 2285 1219 2340 ille
1281 2284 1630 2353 Amphiarai,
1687 2282 1909 2337 Tiresia:
1961 2291 2016 2338 et

422 2379 682 2450 Apollinis
715 2378 892 2450 Pythii
928 2376 1187 2447 exemplis
1214 2376 1545 2431 demonstrat
1575 2390 1680 2430 non
1718 2375 1888 2444 magis
1915 2389 2011 2428 va-

420 2471 582 2526 lidam
630 2486 749 2526 esse
804 2471 1022 2541 petitam
1070 2485 1136 2524 ex
1186 2469 1417 2523 oraculis
1468 2469 2010 2538 argumentationem.

418 2564 524 2622 Sed
566 2565 688 2635 quia
741 2579 929 2634 urgere
976 2562 1170 2633 aliquis
1218 2569 1462 2632 poterat,
1527 2559 1771 2630 quzedam
1823 2559 2013 2613 saltem

418 2673 542 2713 vera
581 2658 748 2712 fuisse
776 2656 989 2712 oracula
1011 2698 1025 2723 ,
1082 2656 1280 2710 idcirco
1308 2654 1560 2708 Octavius
1591 2669 1702 2708 rem
1734 2652 1926 2716 altius,
1959 2661 2014 2706 et

420 2767 449 2806 a
493 2751 663 2822 prima
698 2765 792 2804 sua
835 2749 1039 2820 origine
1083 2747 1427 2816 repete‘ndam
1457 2761 1578 2802 esse
1606 2746 1834 2801 censuit.
1873 2745 2012 2800 Dicit

421 2847 599 2916 itaque
642 2843 900 2916 quosdam
951 2857 1072 2898 esse
1112 2842 1350 2911 impuros
1380 2841 1634 2910 spiritus,
1680 2842 1770 2910 qui
1800 2839 2010 2907 cupidi-

421 2946 529 2992 tate
570 2947 621 2991 et
658 2936 834 3000 vitiis,
885 2934 1183 2988 substantia:
1224 2948 1332 2986 sua:
1370 2932 1770 3002 simplicitatem
1811 2931 2008 2985 amise-

422 3037 567 3083 runt.
614 3026 796 3095 Neque
827 3026 877 3080 id
928 3041 1124 3096 negare
1175 3033 1418 3095 poterant
1460 3023 1680 3078 ethnici.
1731 3023 1862 3077 Nam
1913 3023 2010 3078 hos

421 3131 592 3192 poeta:
625 3120 896 3174 dmmonas
930 3130 1157 3185 vocant,
1211 3118 1428 3187 notique
1451 3125 1605 3171 erant
1636 3115 1801 3184 Magis
1837 3129 1900 3168 ac
1919 3115 2010 3170 So-

421 3216 574 3283 crati,
621 3216 709 3286 qui
755 3230 917 3269 unum
960 3229 1023 3269 ex
1073 3213 1179 3267 illis
1226 3211 1504 3267 custodem
1554 3219 1608 3265 et
1639 3210 2006 3265 consiliarium
2038 3215 2083 3278 C

422 3303 622 3362 habuit.
671 3307 770 3374 Qui
809 3321 936 3360 vero
981 3305 1055 3360 illi
1087 3306 1224 3369 sint,
1268 3304 1556 3358 Holstanes
1601 3313 1655 3357 et
1692 3301 1842 3356 Plato
1867 3301 2009 3356 cdis~

420 3409 625 3456 serunt.
661 3401 817 3469 Atqui
865 3400 997 3471 Magi
1039 3399 1239 3469 aliique
1294 3398 1482 3452 horum
1532 3396 1862 3466 perditorum
1910 3411 2010 3450 an-

420 3493 658 3561 gelorum
679 3536 694 3559 ,
725 3494 809 3561 qui
854 3492 1097 3546 homines
1143 3505 1324 3545 secum
1357 3490 1581 3559 perdere
1607 3498 1900 3554 conantur,
1931 3488 2007 3542 af‘

421 3584 546 3639 ﬂatu
595 3593 647 3638 et
693 3583 1038 3653 inspiratione
1085 3583 1256 3637 varias
1301 3582 1596 3652 praestigias
1634 3582 1820 3636 edunt.

497 3678 599 3747 Ipsi
639 3693 766 3732 vero
813 3677 888 3730 Illi
937 3677 1211 3732 d:emones
1251 3677 1350 3732 sub
1377 3678 1567 3730 statuis
1594 3685 1646 3730 et
1693 3675 2012 3746 imaginibus

421 3770 761 3836 delitescunt,
792 3779 1191 3825 commorantur
1222 3771 1273 3824 in
1303 3770 1458 3834 fanis,
1511 3769 1593 3824 vel
1635 3769 1686 3823 in
1734 3769 2007 3824 hominum

421 3879 649 3934 corpora
679 3864 942 3933 irrepnnt,
991 3864 1288 3918 naturalem
1317 3862 1665 3933 quarumdam
1702 3877 1880 3917 rerum
1925 3878 2012 3917 or-

420 3958 602 4012 dinem
654 3957 985 4026 pcrturbant,
1038 3957 1254 4011 oracula
1302 3957 1448 4011 falsis
1497 3956 1734 4010 involuta
1785 3970 2009 4026 respon-

418 4050 495 4104 sis
539 4049 792 4116 fundunt,
841 4050 1050 4118 aliaque
1080 4049 1526 4108 extraordinaria.
1569 4048 1725 4103 sicuti
1758 4063 1840 4111 ea,
1889 4063 2007 4117 qua:

417 4141 485 4197 de
528 4141 694 4210 Jove,
739 4143 1081 4208 Castorilms,
1119 4151 1173 4197 et
1200 4141 1417 4196 Claudia
1446 4141 1695 4196 Cmcilius
1723 4157 2013 4196 recensue-

418 4246 532 4304 rat,
567 4238 646 4292 sic
676 4235 940 4299 efﬁciunt,
993 4247 1050 4290 ut
1098 4235 1326 4292 ethnicis
1356 4235 1638 4289 vidcantur
1666 4250 1790 4289 vera
1827 4244 2009 4304 patra-

417 4329 560 4382 visse
611 4328 886 4382 miracula.
945 4327 1325 4382 Verumtamen
1380 4337 1503 4381 tunc
1552 4326 1705 4382 fateri
1747 4338 2013 4396 coguntur

420 4424 532 4477 hate
579 4438 685 4476 non
714 4439 742 4476 a
800 4423 927 4486 Deo,
965 4422 1056 4476 sed
1104 4437 1132 4475 a
1161 4436 1218 4476 se
1265 4421 1394 4490 ipsis
1425 4420 1562 4476 facta
1595 4421 1780 4487 fuisse,
1829 4437 1951 4476 cum
1979 4439 2008 4477 a

414 4512 732 4578 Christianis
775 4529 870 4582 per
900 4514 1062 4568 Deum
1096 4530 1279 4568 verum
1311 4513 1562 4582 adjnrati,
1594 4524 1647 4568 et
1662 4517 1828 4568 sacris
1854 4530 2010 4570 exor-

2118 1931 2216 1970 nce
2261 1917 2445 1972 audire
2485 1916 2563 1971 fas
2597 1934 2843 1988 nunquam
2873 1917 2992 1973 fuit.

2187 2007 2294 2063 Nec
2346 2011 2512 2080 magis
2558 2025 2740 2065 verum
2798 2020 2911 2064 erat
2965 2011 3236 2065 hominem
3285 2011 3434 2066 cruci
3487 2021 3708 2082 propter

2117 2100 2341 2154 crimina
2387 2116 2480 2156 sua
2525 2102 2742 2157 afﬁxum
2787 2117 2817 2157 a
2869 2102 3024 2157 nobis
3070 2103 3194 2157 coli.
3248 2101 3380 2157 Nam
3432 2119 3554 2158 eum
3601 2120 3708 2160 non

2118 2194 2278 2247 modo
2316 2195 2678 2261 innocentem,
2724 2194 2818 2249 scd
2854 2195 3020 2250 Deum
3047 2210 3166 2250 esse
3195 2198 3389 2250 merito
3415 2196 3704 2253 credimus.

2117 2284 2313 2340 Contra
2367 2301 2492 2341 vero
2539 2285 2779 2358 Egyptii
2827 2286 3032 2342 homini
3081 2302 3112 2341 a
3151 2303 3210 2343 se
3258 2287 3433 2343 electo
3477 2298 3711 2344 mactant

2116 2378 2382 2444 victimas,
2429 2387 2484 2434 et
2510 2379 2771 2434 saeriﬁc’ia
2823 2380 3046 2438 faciunt.
3095 2381 3199 2435 Alii
3230 2390 3411 2435 autem
3441 2397 3624 2450 regum
3656 2383 3708 2436 in

2118 2470 2258 2525 Deos
2301 2486 2328 2523 a
2359 2486 2419 2525 se
2463 2471 2852 2542 adscriptornm
2892 2474 3141 2527 invocant
3185 2475 3422 2540 numina,
3475 2475 3540 2529 ad
3573 2475 3709 2529 ima-

2116 2561 2270 2632 gines
2308 2562 2628 2632 supplicant,
2680 2571 2840 2632 atque
2889 2578 3076 2617 eorum
3115 2563 3402 2632 implorant
3427 2566 3634 2634 genios.

2187 2654 2386 2709 Cruces
2415 2666 2590 2710 autem
2612 2695 2627 2721 ,
2670 2657 2842 2726 pergit
2869 2654 3140 2716 Octavius,
3175 2671 3276 2710 nec
3313 2657 3540 2710 colimus
3561 2697 3575 2718 ,
3609 2671 3710 2712 nec

2115 2755 2383 2815 Optamus.
2425 2747 2530 2802 Sed
2574 2748 2770 2802 ethnici
2801 2762 2892 2803 eas
2932 2747 3159 2803 fortasse
3205 2759 3452 2819 tanquam
3482 2749 3706 2806 deorum

2114 2854 2332 2894 suorum
2381 2849 2559 2910 partes
2596 2850 2938 2896 venerantur.
2995 2841 3182 2896 Crucis
3219 2842 3414 2896 etenim
3463 2842 3625 2912 ﬁgura
3657 2843 3708 2897 in

2114 2933 2375 3003 ipsorum,
2420 2949 2537 3003 qua:
2565 2934 2764 2998 colunt,
2816 2933 3010 3004 signis,
3044 2934 3348 3000 cantabris,
3395 2934 3624 3002 vexillis,
3655 2943 3710 2990 et

2116 3025 2392 3092 Implueis,
2446 3041 2508 3081 ac
2544 3026 2788 3096 pluribus
2830 3027 2973 3093 aliis,
3016 3041 3148 3097 quas
3183 3025 3271 3081 ille
3300 3037 3705 3094 commemorat,

2113 3120 2449 3174 naturalibus
2506 3121 2666 3174 rebus
2720 3121 3067 3190 conspicitur.

2195 3213 2716 3282 Impudenlissimam
2773 3229 2986 3284 quoque
3034 3228 3156 3269 esse
3210 3214 3284 3268 ait
3335 3212 3403 3268 de
3459 3222 3640 3284 potato
3677 3230 3708 3270 a

2115 3303 2436 3360 Christianis
2473 3304 2688 3359 infantis
2727 3320 2756 3359 a
2795 3321 2853 3360 se
2882 3305 3045 3360 occisi
3076 3307 3332 3375 sanguine
3361 3307 3704 3362 calumniam.

2116 3397 2328 3453 Ethnici
2360 3414 2507 3464 vero,
2544 3399 2616 3452 uti
2659 3398 2748 3453 ille
2777 3399 2971 3469 arguit,
3018 3409 3071 3453 et
3100 3414 3293 3467 pueros
3322 3413 3510 3453 recens
3555 3409 3708 3456 natos

2114 3492 2403 3547 crudeliter
2451 3501 2750 3561 exponunt,
2799 3501 2853 3546 et
2897 3491 3204 3561 priusquam
3237 3501 3546 3556 nascantur,
3580 3507 3703 3546 cru-

2115 3585 2390 3640 delissimo
2435 3594 2629 3639 necant
2667 3584 2876 3639 abortu.
2921 3583 3185 3639 Saturnus
3214 3591 3392 3638 autem
3431 3583 3627 3639 dicitur
3654 3587 3707 3638 li-

2113 3678 2216 3734 lios
2242 3693 2476 3744 vorasse,
2510 3688 2564 3733 et
2601 3677 2831 3731 infantes
2853 3692 2880 3728 a
2921 3675 3235 3746 quibusdam
3261 3675 3455 3730 Africae
3493 3675 3701 3741 incolis,

2114 3773 2252 3826 sicut
2313 3789 2341 3826 a
2402 3771 2592 3826 Tauris
2637 3781 2691 3825 et
2739 3769 2984 3824 Busiride
3042 3767 3298 3841 Egyptio
3352 3768 3620 3839 hospites,
3676 3783 3704 3822 a

2115 3862 2278 3918 Gallis
2329 3870 2382 3916 et
2407 3861 2662 3916 Romanis
2702 3861 2967 3926 homines,
3000 3859 3381 3922 immolantur;
3409 3869 3464 3914 et
3501 3859 3706 3929 Jupiter

2115 3957 2230 4026 ipse
2279 3956 2380 4009 hac
2406 3969 2638 4023 quoque,
2692 3953 2958 4008 horrenda
3013 3951 3179 4018 dictu,
3227 3951 3422 4007 colitur
3465 3952 3701 4007 victima.

2113 4047 2252 4116 Quid
2296 4047 2478 4117 plura?
2526 4047 2794 4116 Sanguine
2836 4045 3070 4099 humano
3110 4045 3411 4111 coniuravit
3451 4046 3701 4112 Catilina,

2113 4139 2298 4194 litatur
2341 4137 2593 4202 Bellonzc,
2645 4148 2699 4191 et
2742 4135 3027 4191 comitialis
3075 4133 3294 4188 morbus
3333 4145 3572 4188 sanatur.
3605 4135 3703 4190 De-

2114 4234 2276 4302 nique
2305 4233 2518 4285 athlette
2562 4230 2760 4284 belluas
2803 4229 3076 4283 hominum
3108 4242 3299 4281 cruore
3352 4236 3406 4282 et
3449 4227 3704 4282 membris

2114 4328 2288 4382 adhuc
2342 4326 2612 4394 saginatas
2660 4323 2937 4379 devorant.
2993 4321 3062 4376 At
3107 4318 3428 4375 Christianis
3482 4319 3706 4374 homici-

2114 4421 2257 4477 dium
2312 4420 2396 4475 vel
2446 4419 2652 4483 audire,
2707 4419 2790 4472 vel
2835 4431 3059 4472 cernere
3106 4430 3211 4471 non
3269 4414 3427 4480 licet,
3478 4425 3530 4468 et
3578 4413 3701 4467 ani-

2115 4515 2335 4571 malium
2373 4516 2632 4584 sanguine
2677 4513 3041 4568 interdictum.

415 4607 598 4660 cismis
649 4607 716 4660 ab
769 4607 1004 4662 obsessis
1049 4606 1362 4675 corporibus
1413 4606 1680 4676 fugantur.
1733 4607 2006 4673 Quamob-
2031 4607 2084 4666 D
2182 4608 2266 4662 Ab
2295 4607 2443 4660 omni
2475 4607 2634 4660 etiam
2676 4603 3140 4660 verisimilitudine
3172 4611 3278 4658 tam
3319 4603 3554 4659 alienum
3585 4611 3698 4668 est,

416 4711 530 4750 rem
575 4696 908 4760 Christianos
961 4698 1029 4753 de
1085 4713 1330 4769 proxnno
1375 4697 1645 4768 fugitant,
1691 4709 2008 4770 tantumque

417 4790 695 4860 gentilium
747 4793 797 4846 in
852 4807 946 4848 eos
976 4795 1246 4847 concitant
1287 4793 1500 4859 odium,
1543 4802 1600 4847 ut
1640 4793 1760 4849 illos
1789 4810 1893 4849 non
1923 4810 2010 4850 so-

415 4881 524 4935 lum
571 4882 717 4950 prius
765 4883 964 4947 odisse,
1010 4899 1168 4953 quam
1217 4898 1376 4938 nosse
1430 4883 1722 4954 incipiant,
1778 4887 1871 4939 sed
1916 4902 2008 4941 ne-

415 4975 571 5030 fanda
624 4979 784 5031 etiam
838 4977 941 5032 illis
983 4976 1213 5032 inferant
1265 4977 1512 5044 crimina,
1567 4993 1687 5047 quae
1721 4994 1750 5032 a
1793 4980 2008 5035 nemine

413 5067 626 5136 probari
657 5067 916 5122 hactenus
945 5078 1249 5137 potuerunt.
1293 5069 1357 5122 Et
1398 5080 1544 5125 certe
1571 5069 1827 5125 Octavius
1851 5071 2007 5141 plane

415 5161 730 5214 tcsﬁﬁcatur
785 5175 844 5215 se
898 5159 950 5214 id
999 5176 1092 5215 sna
1157 5162 1487 5230 experientia
1541 5163 1828 5227 didicisse,
1883 5179 2006 5218 cum

413 5254 526 5325 ipse
587 5254 764 5309 adhuc
825 5255 1101 5320 ethnicus,
1153 5257 1378 5326 ejusque
1441 5256 1605 5324 socii,
1671 5257 2008 5312 Christianos

410 5349 574 5403 variis
618 5348 931 5412 tormentis,
991 5364 1095 5403 non
1155 5358 1262 5403 tam
1311 5349 1374 5403 ad
1433 5349 1614 5403 ﬁctilia
1671 5365 1734 5404 ea
1781 5350 2006 5404 crimina

411 5441 739 5507 conﬁtenda,
797 5456 954 5511 quam
983 5441 1048 5497 ad
1093 5441 1405 5512 ejurandam
1441 5439 1640 5497 Christi
1673 5441 1828 5496 ﬁdem
1859 5457 2008 5496 com-

411 5535 613 5613 pellere
641 5535 970 5590 nitebantur.

484 5631 558 5684 lbi
589 5644 769 5685 autem
801 5631 888 5685 ille
938 5631 1287 5685 invictissime
1316 5630 1649 5685 demonstrat
1674 5628 2006 5684 Christianos

413 5723 702 5793 sacrilegii,
756 5725 1024 5790 incestus,
1075 5725 1279 5800 stupri,
1313 5720 1583 5790 parricidii
1631 5732 1735 5777 tam
1767 5720 1895 5774 falso
1926 5720 2007 5775 in-

411 5812 674 5882 simulari,
729 5832 887 5886 quam
917 5825 1123 5872 certum
1176 5832 1468 5887 verumque
1494 5825 1609 5872 erat
1636 5814 1820 5871 eadem
1855 5829 2007 5886 pror-

2112 4701 2252 4773 quod
2290 4700 2610 4757 Christianis
2649 4699 2933 4769 objicitur,
2977 4698 3236 4768 pollutum
3280 4699 3485 4752 incesto
3521 4697 3704 4752 convi-

2112 4797 2255 4850 vium
2275 4837 2288 4860 ,
2321 4811 2478 4864 quam
2505 4803 2718 4849 constat
2747 4793 2931 4847 incesti
2955 4806 3076 4846 reos
3101 4790 3276 4859 rcipsa
3310 4804 3430 4843 esse
3450 4788 3698 4858 gentiles.

2113 4891 2291 4948 Persae
2321 4892 2594 4945 enimvero
2615 4904 2735 4943 cum
2765 4883 3045 4948 matribus,
3078 4881 3314 4951 Egyptii
3337 4889 3392 4934 et
3408 4880 3702 4934 Athenien-

2111 5001 2199 5041 ses
2225 5001 2344 5039 cum
2373 4983 2648 5038 sororibus
2675 4981 2986 5034 miscentur.
3031 4976 3211 5029 Poeta:
3251 4982 3428 5026 autem
3457 4974 3604 5026 varia
3642 4979 3698 5025 et

2113 5077 2442 5135 exsecranda
2470 5075 2692 5128 deorum
2719 5080 2917 5126 canunt
2955 5067 3214 5122 adulteria
3237 5108 3252 5131 ,
3282 5080 3508 5136 quorum
3537 5065 3698 5118 etiam

2109 5173 2354 5241 plerique
2389 5167 2617 5239 gentiles
2647 5165 2848 5220 conscii
2877 5170 3046 5218 erant.
3074 5158 3362 5215 Christiani
3390 5173 3518 5213 vero
3545 5158 3701 5211 unius

2111 5261 2436 5318 matrimonii
2461 5259 2670 5313 vinculo
2697 5256 2880 5324 illigati
2901 5295 2917 5316 ,
2964 5263 3114 5308 extra
3138 5252 3267 5306 illud
3300 5265 3516 5319 semper
3542 5249 3697 5314 casti,

2111 5365 2200 5410 aut
2233 5355 2282 5407 in
2311 5351 2620 5420 virginitate
2648 5356 3056 5418 perseverantes
3077 5388 3090 5409 ,
3135 5344 3326 5415 pudica
3346 5385 3359 5408 ,
3391 5341 3570 5398 sobria
3591 5383 3606 5409 ,
3646 5351 3700 5396 et

2110 5445 2258 5519 gravi
2292 5445 2562 5498 hilaritate
2588 5449 2879 5511 temperata
2906 5439 3149 5494 convivia
3178 5437 3427 5507 agebant.

2181 5537 2437 5605 Quamvis
2480 5545 2656 5588 autem
2700 5547 2959 5602 purpuras
3007 5538 3061 5586 et
3124 5530 3357 5585 honores
3416 5536 3697 5592 recusent,

2111 5644 2215 5685 non
2245 5639 2369 5682 sunt
2399 5638 2574 5681 tamen
2605 5640 2668 5679 ex
2700 5623 2882 5679 ultima
2930 5623 3099 5692 plebis
3131 5621 3260 5676 faece
3290 5620 3429 5683 orti,
3463 5634 3560 5673 nec
3589 5620 3700 5674 fac-

2110 5722 2265 5790 tiosi,
2295 5735 2396 5776 nec
2424 5720 2475 5774 in
2513 5718 2721 5788 angulis
2745 5716 2964 5788 garruli.
3008 5716 3083 5772 De
3117 5715 3341 5786 probata
3380 5713 3578 5768 etenim
3607 5727 3702 5768 eo-

2109 5830 2228 5872 rum
2273 5813 2380 5869 vita
2428 5811 2567 5868 haud
2615 5811 2877 5869 incertum
2928 5810 3296 5868 testimonium
3341 5813 3459 5864 erat
3495 5805 3692 5878 saepius
