4230 6242
579 286 683 346 379

1874 284 1962 341 DE
2000 281 2260 344 MINUCII
2295 283 2594 343 OCTAVIO

3773 283 3881 344 380

576 406 801 476 repetita
839 401 905 458 de
934 411 1210 458 crescente
1246 401 1483 471 quotidie
1511 401 1749 471 ipsorum
1793 416 2013 456 numero
2043 414 2174 468 que-
2201 399 2252 460 Δ
2278 415 2490 470 quoque
2538 399 2696 454 iidem
2743 397 3042 463 abStinent,
3089 413 3155 454 ne
3185 397 3306 470 quis
3349 412 3444 454 eos
3469 396 3744 454 existimet
3789 408 3883 456 aut.

577 498 825 555 ritnonia.
855 497 918 552 Et
945 506 1090 552 certe
1123 511 1228 550 non
1255 497 1525 565 corporis,
1551 495 1642 549 sed
1670 495 1987 548 innocentiae
2018 493 2171 560 signo

578 606 698 647 sese
746 591 975 644 invicem
1023 600 1364 660 agnoscunt,
1414 598 1778 658 quantumque
1821 603 1941 641 sese
1989 597 2173 639 mutuo

575 691 788 747 amant,
834 697 896 737 ae
938 683 1056 744 jure
1102 682 1293 736 merito
1329 697 1387 736 se
1415 681 1636 736 fratrum
1684 681 1899 734 nomine
1939 678 2176 746 compel-

577 774 722 839 lant,
771 783 972 828 tantum
1020 773 1252 836 ethnici,
1308 773 1406 826 sibi
1453 773 1679 828 invicem
1730 771 1930 841 ignoti,
1977 770 2175 824 mutuis

575 868 712 923 odiis
744 868 794 921 in
824 869 1029 936 seipsos
1058 866 1328 922 crudelius
1355 865 1600 920 swvittut.

647 960 830 1028 Neque
875 960 978 1015 dici
1030 969 1204 1028 potest
1255 959 1471 1014 eosdem
1521 959 1855 1014 Christianos
1901 958 2174 1012 occultare

577 1055 718 1127 quod
751 1055 963 1117 colunt,
998 1055 1248 1122 quoniam
1283 1053 1422 1106 nulla
1451 1053 1673 1106 delubra
1694 1093 1709 1116 ,
1741 1051 2022 1121 nullasque
2052 1065 2176 1106 aras

578 1147 797 1201 habent.
850 1146 1170 1204 Persuasum
1223 1145 1485 1214 siquidem
1534 1146 1662 1212 ipsis
1708 1154 1823 1200 erat
1870 1159 1973 1199 non
2017 1158 2176 1213 posse

581 1239 746 1300 Deum
780 1237 886 1296 ttllo
920 1238 1117 1304 templo
1144 1237 1538 1301 circinuscrihi,
1573 1249 1662 1290 aut
1686 1237 1808 1302 fingi
1838 1237 1979 1291 illtus
2010 1238 2174 1291 simu-

579 1330 780 1384 lacrum
803 1373 817 1396 ,
850 1345 913 1384 ac
941 1329 1137 1386 nullam
1169 1346 1294 1399 pura
1326 1338 1377 1385 et
1402 1331 1609 1384 sincera
1638 1330 1866 1384 hominis
1889 1331 2177 1385 conscien-

581 1426 648 1480 tia
685 1424 910 1477 hostiam
943 1424 1039 1491 ipsi
1071 1437 1191 1477 esse
1223 1422 1508 1490 gratiorem
1536 1433 1589 1476 et
1617 1422 1994 1492 acceptiorem.

664 1517 814 1570 lltmc
841 1531 998 1585 porro
1031 1515 1195 1570 Deum
1229 1515 1438 1570 tametsi
1469 1514 1638 1570 oculis
1665 1515 1892 1579 nostris,
1921 1511 2177 1582 quemad-

580 1609 795 1665 modum
842 1620 1032 1662 ventos
1064 1648 1078 1670 .
1129 1607 1328 1668 solem,
1393 1616 1738 1674 ttostramque
1784 1607 2016 1662 animam
2067 1621 2172 1659 non

579 1701 886 1764 videamus,
924 1715 990 1754 ex
1037 1699 1154 1768 ejus
1203 1699 1551 1754 nihilominus
1597 1699 1851 1768 operibus
1897 1697 2175 1752 evidenter

2277 495 2473 549 cedere
2511 494 2824 556 d:cmouiis,
2877 503 2969 547 aut
3013 494 3285 563 religionis
3334 509 3444 548 sua:
3495 493 3716 562 pudere.
3765 492 3882 551 Non

2278 605 2491 644 omnem
2543 604 2670 642 vero
2704 589 2893 642 florum
2935 589 3172 642 colorem
3211 588 3541 658 odoremque
3589 603 3883 657 aspernan-

2281 696 2381 740 tur.
2415 684 2628 753 Sparsis
2652 686 2827 748 enim,
2876 684 3066 738 solutis
3104 699 3163 736 ac
3194 683 3444 736 mollibus
3477 684 3548 735 uti
3579 684 3785 744 solent,
3819 697 3882 739 ac

2279 781 2438 834 sertis
2482 781 2615 834 colla
2662 779 2947 848 complecti
2983 797 2995 832 :
3048 779 3142 832 sed
3188 794 3238 831 ιιι
3280 777 3381 831 rtui
3423 786 3583 846 caput
3620 791 3883 832 coronare

2278 875 2604 940 superfluum
2635 882 2689 927 ct
2717 875 2827 927 inut
2849 873 2901 927 le
2926 883 3164 928 censent.
3204 871 3400 926 Eadem
3425 871 3586 925 etiam
3623 870 3882 939 tranquil-

2277 969 2457 1030 litate,
2529 982 2631 1035 qua
2697 965 2912 1026 vivunt,
2968 965 3236 1033 sv-peliuut
3295 974 3568 1024 mortuos.
3625 978 3882 1024 coronam

2277 1073 2493 1116 aeteruzc
2529 1059 2798 1114 felicitatis
2839 1059 3135 1113 certissima
3168 1073 3261 1126 spe
3290 1065 3685 1122 exspectantes.
3733 1058 3879 1122 Qua-

2280 1152 2520 1206 mobrent
2556 1151 2893 1217 quantumvis
2917 1149 3197 1212 Socrates,
3232 1148 3524 1212 Arcesilas,
3553 1147 3879 1216 Carneades,

2277 1247 2514 1319 Pyrrho,
2545 1245 2849 1301 Academici
2882 1255 2934 1298 et
2963 1243 3267 1298 Simonides
3299 1243 3425 1296 nihil
3454 1257 3514 1296 se
3553 1252 3702 1296 certo
3741 1241 3880 1298 scire

2279 1351 2624 1401 assererem;
2663 1337 2949 1392 tlhrtstiani
2985 1348 3162 1392 tamen
3191 1352 3340 1410 eam.
3387 1351 3545 1402 quam
3580 1334 3775 1388 frustra
3804 1333 3880 1388 illi

2278 1435 2629 1504 quiesierant,
2664 1433 2941 1484 veritatem
2988 1446 3047 1484 se
3094 1429 3370 1483 invenisse
3412 1427 3553 1481 hllld
3610 1428 3879 1492 immerito

2279 1527 2593 1596 gloriantur.
2637 1523 2777 1578 Vera
2812 1525 2972 1590 igitur
3003 1537 3188 1596 eorum
3240 1520 3463 1589 religio,
3508 1519 3722 1588 rejectis
3751 1535 3881 1590 geu-

2279 1622 2448 1677 tilittm
2475 1617 2942 1688 superstitionibus
2963 1658 2978 1680 ,
3012 1617 3080 1669 ab
3125 1615 3373 1669 omnibus
3401 1613 3739 1681 suscipienda
3771 1623 3872 1667 est.

2352 1715 2475 1768 Ha-c
2509 1727 2669 1782 porro
2711 1726 2830 1764 cum
2861 1710 3112 1763 Octavius
3145 1717 3478 1776 perorasset,
3521 1720 3584 1758 ac
3615 1704 3880 1760 Minucius

578 1793 972 1861 cognoscimus.
1030 1789 1239 1860 Ubique
1278 1800 1456 1844 autem
1507 1805 1746 1858 praesens
1782 1789 1959 1842 omnia
1995 1789 2171 1866 videt,

2284 1809 2336 1862 in
2378 1808 2522 1860 illius
2571 1805 2977 1859 admirationem
3025 1812 3209 1869 raptus
3261 1798 3586 1860 cattlicet‘et,
3634 1799 3882 1853 tia-cilius

580 1890 739 1941 etiam
803 1885 1126 1937 secretiores
1181 1883 1376 1936 mentis
1431 1891 1627 1937 nostra:
1681 1882 2060 1952 cogitationes,
2117 1896 2178 1936 ac

579 1993 746 2049 prope
775 1991 895 2030 cum
944 1976 1064 2038 illo,
1111 1983 1167 2029 et
1210 1974 1260 2028 in
1304 1975 1421 2043 ejus
1466 1975 1690 2027 vivimus
1741 1976 1882 2026 sinu.
1930 1972 2082 2042 Quod
2133 1973 2176 2026 si

580 2079 759 2126 tamen
809 2069 950 2124 Deus
998 2067 1197 2123 Judaeis
1247 2068 1377 2121 nihil
1425 2065 1690 2137 profuisse
1747 2066 1986 2132 dicatur,
2030 2074 2180 2121 certe

578 2162 922 2224 Judaieorum
969 2161 1241 2221 annalium
1274 2161 1564 2231 scriptores
1593 2169 1755 2214 testes
1802 2160 1983 2228 utique
2024 2168 2178 2216 erant

579 2257 1010 2328 locupletissimi,
1061 2256 1182 2311 illos
1231 2257 1377 2324 prius
1421 2255 1590 2310 Deum
1633 2253 1968 2321 deseruisse,
2017 2268 2176 2324 quam

579 2351 646 2406 ab
674 2351 791 2420 ipso
818 2349 979 2406 fuisse
1010 2347 1273 2404 desertos.

651 2441 921 2500 Ca-terum
948 2457 1071 2496 eum
1104 2442 1279 2496 omnia
1308 2455 1425 2509 quae
1456 2439 1694 2500 initium.
1727 2439 1913 2494 eadem
1943 2449 1996 2494 et
2017 2438 2176 2494 tinem

579 2533 847 2596 habeant,
897 2532 1028 2587 nihil
1070 2533 1262 2587 mirum
1313 2533 1356 2588 si
1406 2532 1634 2585 mundus
1679 2532 1765 2590 ltie
1808 2533 1930 2602 igne
1961 2533 2177 2587 tandem

577 2625 974 2681 cou~umendus
1004 2625 1089 2680 sit.
1126 2623 1193 2678 Et
1221 2633 1369 2680 certe
1397 2626 1646 2678 Octavius
1673 2624 1907 2679 ostendit
1949 2625 2085 2679 hanc
2113 2625 2179 2679 de

577 2717 672 2774 illo
704 2718 886 2772 mundi
918 2718 1164 2772 incendio
1192 2716 1358 2773 fuisse
1387 2718 1688 2772 Stoicorum
1707 2758 1721 2779 ,
1756 2717 2141 2786 Epicureorum
2161 2763 2175 2785 ,

577 2818 634 2867 et
677 2810 917 2866 Platonis
959 2809 1289 2880 opinionem.
1336 2809 1409 2866 At
1455 2809 1572 2874 hic,
1607 2809 1760 2864 sicuti
1814 2810 2175 2880 Pythagoras,

578 2903 910 2958 dimidiatam
945 2913 1149 2956 tantum
1181 2903 1374 2960 mortui
1409 2903 1640 2956 hominis
1671 2902 1734 2956 ad
1767 2904 1925 2956 vitam
1959 2917 2176 2957 revoca-

580 2997 780 3050 tionetn
804 2997 1040 3064 agnovit.
1065 2996 1284 3050 Constat
1308 3004 1484 3049 tamen
1511 2996 1671 3049 Deum
1693 3010 1848 3064 posse
1879 2995 2174 3061 hominem,

581 3103 740 3156 quem
777 3102 841 3141 ex
874 3087 1040 3140 nihilo
1078 3087 1259 3153 tinxit,
1304 3104 1369 3142 ex
1415 3096 1588 3142 morte
1619 3089 1854 3144 excitire
1883 3089 1947 3142 ad
1989 3090 2174 3144 vitam.

2282 1897 2605 1953 exclamavit
2637 1910 2694 1949 se
2737 1896 2804 1947 ab
2847 1893 3070 1946 Octavio
3101 1892 3330 1951 victum,
3381 1904 3519 1942 nune
3569 1889 3767 1941 crroris
3799 1889 3881 1942 sui

2280 2006 2398 2045 esse
2430 1990 2722 2049 victorem,
2767 1999 2828 2039 ac
2871 1983 3218 2038 cln-istianam
3268 1981 3577 2046 religionem
3609 1979 3717 2048 jam
3770 1988 3880 2034 tum

2283 2079 2542 2152 profiteri.
2575 2078 2851 2132 Postremo
2890 2074 3050 2132 dilata
3082 2076 3131 2127 in
3165 2074 3457 2140 crastinum
3490 2073 3630 2125 diem
3662 2073 3882 2127 clariori

2283 2173 2658 2244 mysteriorum
2711 2180 3015 2223 nostrorqu
3070 2167 3465 2235 esplieatione,
3533 2177 3720 2220 omnes
3767 2164 3878 2220 lani

2281 2266 2584 2336 hilaresque
2611 2265 2828 2322 domum
2857 2262 3060 2318 reversi
3089 2271 3234 2316 sunt.

2890 2456 3180 2506 ABTlCL‘LUS
3218 2457 3277 2496 11.

2286 2631 2469 2687 Utrum
2498 2628 2757 2684 Minucius
2789 2627 2939 2684 Felix
2962 2629 3025 2684 sit
3051 2627 3204 2699 hujus
3227 2627 3342 2681 libri
3363 2634 3563 2689 auctor,
3588 2634 3632 2679 et
3660 2624 3772 2694 quis
3798 2625 3883 2680 ille

2998 2723 3170 2790 fuerit.

2353 2901 2640 2958 Minucium
2677 2900 2909 2955 Felicem
2937 2899 3093 2970 hujus
3117 2899 3238 2960 libri
3259 2942 3272 2964 ,
3301 2899 3413 2954 sive
3436 2897 3631 2969 dialogi
3654 2939 3667 2962 ,
3691 2907 3881 2953 aucto-

2282 3011 2394 3050 rem
2428 3009 2548 3050 esse
2589 3006 2692 3050 tam
2736 2996 2928 3048 invicta
2959 2995 3280 3064 scriptorum
3311 2993 3455 3048 omni
3487 2994 3588 3048 fide
3618 2996 3878 3060 majorum

2283 3091 2604 3141 auctoritate
2660 3088 2949 3156 probatur,
3003 3095 3059 3148 ut
3102 3086 3280 3140 nullus
3321 3101 3382 3140 ea
3413 3085 3480 3140 de
3510 3101 3568 3138 re
3598 3085 3879 3139 dubitandi

580 3177 911 3245 Quibusdam
944 3193 1071 3232 vero
1101 3179 1363 3247 exemplis
1410 3179 1601 3248 probat
1645 3177 1900 3232 Octavius
1949 3179 2176 3232 futuram
2204 3176 2250 3240 C
2285 3181 2434 3236 locus
2465 3180 2553 3234 ttlli
2597 3194 2878 3248 Superesse
2908 3178 3092 3248 possit.
3140 3178 3441 3232 Firtuianus
3481 3177 3741 3245 siquidem
3775 3177 3880 3230 La-

581 3285 700 3324 esse
730 3270 865 3324 hanc
893 3271 1339 3324 resurrectionem
1383 3286 1669 3337 eorportnn
1689 3312 1704 3335 ,
1746 3287 1863 3338 qum
1891 3269 2176 3336 ChriSIiani

581 3364 804 3433 antiquo
831 3373 885 3418 et
914 3365 1119 3416 meliori
1149 3379 1298 3418 more
1325 3365 1674 3433 sepeliebant.
1711 3364 1822 3420 Nec
1852 3367 2004 3430 longe
2028 3365 2174 3418 absi-

582 3456 692 3509 mili
725 3455 883 3508 modo
920 3455 1007 3510 ille
1043 3456 1276 3510 ostendit
1315 3457 1486 3523 justos
1534 3457 1754 3524 piosque
1784 3459 2027 3512 homines
2059 3467 2178 3526 post

584 3544 722 3600 hanc
762 3548 920 3602 vitam
969 3558 1169 3602 interna
1218 3549 1499 3613 felicitate,
1555 3551 1783 3616 iniustos
1831 3568 1958 3604 vero
2003 3555 2178 3622 ptcnis

583 3641 922 3708 sempiternis
951 3639 1278 3696 alliciendos.
1323 3643 1457 3698 Tum
1498 3643 1690 3698 deinde
1735 3646 2030 3699 luculenter
2076 3647 2173 3706 de-

582 3743 841 3786 m0nstrat
869 3735 1034 3790 multo
1062 3737 1355 3798 sanctiores
1376 3751 1495 3790 esst:
1519 3752 1695 3790 mores
1724 3736 2171 3802 Christianorum,

579 3841 738 3893 quam
773 3825 1082 3881 Gentilium.
1117 3828 1226 3884 Nec
1256 3831 1430 3883 minus
1478 3832 1759 3898 perSpieue
1807 3831 1962 3886 docet
2008 3831 2174 3885 fatum

581 3918 708 3972 nihil
737 3919 878 3976 aliud
907 3934 1056 3983 esse,
1091 3937 1248 3990 quam
1279 3922 1418 3990 quod
1454 3926 1588 3991 fatus
1632 3932 1702 3976 est
1733 3923 1901 3987 Deus,
1936 3925 2024 3993 qui
2074 3938 2172 3992 pro

580 4009 907 4078 singulorum
941 4013 1144 4067 meritis
1172 4011 1274 4066 fata
1319 4014 1655 4068 determinat.
1691 4014 1767 4074 Ibi
1801 4024 1977 4070 autem
2022 4031 2078 4069 se
2110 4015 2177 4071 de

581 4101 688 4156 fato
717 4101 883 4158 fusius
911 4103 1198 4173 aliquando
1221 4105 1613 4174 disputaturum
1654 4109 1958 4177 pollicetur.

651 4194 1139 4250 illinifestissimutu
1171 4207 1290 4265 post
1317 4200 1431 4253 haec
1463 4200 1585 4253 facit
1613 4202 1986 4268 exprobratum
2018 4200 2176 4266 Chri-

579 4288 770 4342 stittltis
801 4289 1109 4358 pauperiem
1157 4306 1262 4342 non
1309 4291 1578 4346 infamiam
1611 4308 1729 4345 csse
1749 4335 1760 4356 ,
1792 4293 1884 4346 sed
1913 4293 2138 4362 gloriam
2160 4336 2172 4357 ,

580 4379 1026 4446 quemadmmlum
1067 4381 1323 4435 adversos
1350 4399 1535 4436 eorum
1567 4399 1722 4438 casus
1745 4428 1758 4450 ,
1793 4402 1854 4439 ac
1884 4399 2176 4456 quantum-

580 4469 710 4522 libet
739 4470 1069 4537 ltorreudos,
1099 4473 1224 4535 ipsis
1252 4474 1580 4544 iniquissime
1610 4492 1703 4544 pro
1731 4478 1925 4548 Christi
1957 4479 2177 4531 confes—

579 4560 730 4612 sione
763 4559 992 4616 inflietos
1022 4564 1318 4628 cruciatus,
1349 4581 1410 4618 ac
1440 4576 1664 4621 mortem
1686 4568 1854 4636 ipsum
1876 4611 1887 4628 ,
1923 4584 2026 4621 non
2054 4584 2168 4640 poe-
2192 4569 2249 4630 D

580 4665 678 4705 nas
702 4667 853 4719 esse,
902 4655 992 4720 sed
1046 4656 1250 4712 virtutis
1300 4660 1670 4727 probationes,
1722 4678 1784 4715 ac
1831 4664 2164 4730 ll‘itltttpltos,

580 4741 842 4812 dignaque
882 4745 988 4802 Deo
1027 4749 1347 4816 spectacula.
1386 4751 1536 4816 Quod
1567 4752 1779 4820 quidem
1812 4752 2063 4808 Octavius
2093 4756 2173 4808 Iu-

579 4835 819 4891 culeoter
869 4838 1102 4892 ostendit
1147 4839 1281 4908 facta
1344 4840 1754 4897 fortissimorum
1814 4850 2168 4916 quorumdam

578 4928 910 4985 ethnicorum
957 4949 1076 4987 cum
1131 4937 1452 5005 martyribus
1499 4938 1695 4991 nostris
1743 4941 2164 5008 comparatione.

576 5022 633 5078 Si
673 5026 759 5094 qui
793 5040 919 5079 vero
965 5027 1126 5081 Deum
1178 5030 1506 5093 nescientes,
1559 5030 1754 5083 divitiis
1791 5040 1844 5085 et
1877 5034 2168 5088 honoribus

577 5118 833 5182 amttam,
876 5121 957 5173 vel
1003 5119 1068 5176 ad
1112 5136 1379 5176 summum
1422 5122 1738 5191 dignitatum
1767 5135 1929 5194 atqtte
1959 5126 2166 5195 imperii

574 5210 872 5266 avellantur
913 5211 1125 5266 culmen
1148 5253 1162 5275 ,
1199 5214 1296 5268 hos
1336 5213 1423 5266 ille
1465 5215 1660 5270 asserit
1687 5214 1926 5270 victimas
1957 5234 2073 5271 csse
2101 5218 2166 5272 ad

571 5302 892 5371 supplicium
947 5303 1217 5372 saginatas
1273 5314 1326 5359 et
1379 5317 1694 5370 coronatas,
1749 5309 1836 5377 qtti
1891 5311 2165 5377 ptol'ecto,

570 5409 677 5464 quo
705 5394 1120 5465 lapsugraviore
1142 5407 1326 5464 ruant,
1356 5399 1514 5452 altius
1545 5400 1821 5454 tolluntur.
1850 5400 1996 5453 Nulla
2023 5402 2165 5455 enim

567 5486 771 5555 absque
806 5483 898 5546 Dei
929 5489 1234 5554 cOgnitione
1263 5501 1434 5558 potest
1462 5507 1584 5547 esse
1613 5493 1780 5546 solida
1813 5493 2055 5548 felicitas.

637 5580 973 5648 Spectaculis
1002 5597 1162 5649 porro
1200 5592 1256 5638 et
1280 5585 1484 5652 pompis
1516 5585 1849 5642 Christianos
1893 5586 2012 5642 ideo
2061 5603 2165 5641 non

562 5673 826 5728 interesse
849 5669 1126 5742 declarat,
1158 5675 1276 5745 quia
1317 5691 1377 5731 ea
1411 5689 1517 5729 non
1565 5676 1742 5734 minus
1783 5677 1941 5743 impia
1968 5718 1978 5737 ,
2009 5692 2163 5745 quam

554 5765 787 5820 crudelia
816 5777 967 5829 esse,
1007 5780 1169 5832 certo
1198 5771 1398 5828 certius
1432 5784 1708 5835 noverant.
1745 5774 1828 5828 Ab
1859 5771 2167 5841 idolathytis

2285 3274 2545 3337 ctautius,
2598 3273 2684 3341 qui
2749 3271 3077 3326 Diocletiano
3137 3271 3466 3339 imperante,
3528 3269 3683 3323 sicuti
3735 3280 3886 3324 notat

2285 3364 2642 3435 Hieronymus
2674 3359 2997 3434 (llieronym.
3039 3359 3270 3431 Catalog.
3323 3361 3515 3432 Script.
3559 3358 3733 3432 §80).
3784 3377 3884 3416 nec

2284 3455 2444 3525 longo
2469 3464 2588 3524 post
2615 3453 2899 3507 Minucium
2932 3465 3169 3519 tempore
3200 3452 3400 3516 ﬂoruit,
3437 3455 3549 3506 inec
3580 3453 3646 3505 de
3673 3452 3761 3506 illo
3787 3451 3883 3505 ht-

2284 3547 2371 3600 bel
2421 3547 2580 3600 verba
2617 3545 2872 3617 (Lactant.
2926 3545 3013 3599 lib.
3060 3561 3075 3597 ι
3120 3545 3182 3597 de
3226 3561 3342 3597 vera
3377 3543 3545 3612 Relig.
3591 3559 3708 3608 (ap.
3746 3541 3882 3614 il):

2289 3660 2305 3690 ι
2350 3641 2604 3692 Minucius
2633 3639 2782 3692 Felix
2819 3639 2867 3692 itt
2892 3653 2957 3691 eo
2979 3638 3136 3694 libro,
3167 3639 3252 3706 qui
3277 3636 3524 3691 Octavius
3546 3636 3877 3699 inscribitur,

2281 3734 2358 3803 sic
2386 3742 2785 3803 argumentatus
2828 3743 2910 3784 est
2941 3749 2952 3784 :
3001 3731 3312 3794 Saturnum,
3338 3745 3456 3782 cutn
3504 3727 3713 3797 fugatus
3737 3736 3886 3780 esset

2281 3842 2308 3878 a
2343 3825 2482 3886 filio,
2530 3826 2580 3878 iu
2628 3823 2936 3894 ltaliamqtte
2981 3824 3243 3889 venisset,
3291 3834 3394 3876 etc.
3451 3841 3468 3872 ι
3502 3820 3629 3889 ριιιυ
3659 3820 3879 3890 quidem

2285 3921 2335 3974 in
2399 3920 2498 3972 hoc
2554 3918 2769 3973 Minucii
2830 3919 2964 3972 libro
3027 3933 3211 3970 revera
3283 3915 3526 3985 legimus.
3589 3913 3714 3967 Post
3767 3914 3884 3966 lta'c

2283 4030 2412 4082 vero
2466 4013 2606 4084 idem
2656 4011 2959 4065 Laetantius
2994 4028 3006 4062 :
3039 4031 3055 4061 ε
3093 4010 3171 4064 Ex
3209 4010 3318 4073 his,
3356 4010 3559 4076 inquit,
3603 4007 3692 4078 qui
3748 4007 3881 4060 mihi

2284 4107 2391 4160 noti
2439 4115 2595 4168 sunt,
2627 4104 2885 4158 Minucius
2933 4102 3075 4156 Felix
3121 4119 3225 4155 tton
3279 4101 3525 4171 ignobilis
3567 4099 3699 4152 inter
3745 4112 3881 4151 cau-

2283 4201 2479 4254 sidicos
2525 4199 2622 4253 loci
2671 4198 2786 4272 fuit.
2838 4197 3004 4263 Hujus
3055 4198 3222 4258 liber,
3271 4196 3356 4250 cui
3401 4194 3655 4250 Octavius
3696 4193 3883 4248 titulus

2283 4302 2394 4357 est,
2425 4291 2665 4345 declarat
2706 4306 2864 4358 quam
2907 4290 3130 4344 idoneus
3183 4289 3423 4342 veritatis
3475 4296 3709 4341 assertor
3756 4301 3884 4342 esse

2283 4385 2576 4454 potuisset,
2636 4384 2680 4436 si
2743 4398 2802 4437 se
2861 4392 3026 4435 totum
3064 4383 3128 4436 ad
3186 4382 3235 4435 id
3277 4382 3508 4435 studium
3565 4380 3881 4436 contulisset

2283 4475 2546 4544 (Lactant.
2577 4475 2664 4527 lib.
2702 4491 2728 4526 v
2753 4474 2814 4526 dc
2840 4473 3052 4526 Justitia
3082 4491 3196 4544 cap.
3226 4475 3288 4541 ι).
3318 4493 3336 4526 ι

2353 4568 2710 4637 llieronyinus
2727 4582 2856 4620 vero
2886 4568 2936 4618 in
2964 4582 3060 4619 suo
3084 4567 3150 4620 de
3177 4565 3317 4619 Viris
3343 4566 3642 4619 lllustribus
3665 4582 3757 4620 seu
3785 4565 3882 4622 Ec-

2275 4659 2590 4715 clesiaSIicis
2609 4659 2969 4726 Scriptoribtts
2987 4658 3240 4728 Catalogo
3267 4677 3309 4709 τι
3325 4659 3583 4713 MittttciUs
3604 4659 3775 4724 Felix,
3800 4662 3882 4714 in-

2275 4751 2600 4822 qttit,liont;c
2621 4749 2840 4817 insignis
2853 4749 3174 4809 causidicus,
3191 4750 3402 4816 scripsit
3420 4749 3686 4819 dialogum
3705 4751 3884 4804 Chris-

2276 4845 2401 4896 tiani
2418 4854 2468 4898 et
2487 4843 2682 4897 ethnici
2705 4842 3082 4909 diSptttantiutn
3101 4843 3528 4914 (antiquissimus
3545 4844 3597 4894 Β.
3619 4842 3874 4897 Germani

2274 4951 2302 4988 a
2333 4937 2504 4990 Pratis
2530 4935 2694 4990 eodex
2725 4951 2822 4986 ms.
2853 4935 3220 5004 disputantis),
3247 4937 3333 5003 qtti
3358 4936 3606 4989 Octavius
3639 4934 3887 4989 inscribi-

2275 5036 2423 5081 tur...
2444 5028 2680 5084 Meminit
2703 5027 2856 5096 hujus
2878 5026 3085 5080 Minucii
3103 5040 3148 5080 et
3171 5027 3477 5082 Lactantius
3497 5029 3544 5082 in
3569 5029 3715 5082 libris
3730 5029 3873 5081 suis;

2275 5120 2600 5194 (llierongm.
2625 5121 2686 5172 de
2713 5119 2963 5189 Set-iptor.
3003 5118 3194 5172 Eccles.
3227 5137 3342 5186 cup.
3379 5120 3468 5191 358)
3492 5162 3505 5184 ,
3539 5121 3588 5172 in
3622 5120 3702 5171 his
3729 5119 3881 5172 scili~

2273 5226 2392 5276 cet,
2443 5215 2531 5282 qui
2583 5232 2610 5267 a
2659 5215 2851 5275 nobis,
2907 5214 2977 5266 ιιιί
3022 5214 3203 5276 vides,
3257 5214 3400 5266 citati
3449 5221 3592 5265 sunt.
3637 5213 3714 5266 Ad
3771 5212 3882 5264 Ma-

2271 5320 2430 5373 gnum
2464 5320 2620 5368 vero,
2657 5304 2770 5360 lucc
2799 5303 2970 5358 adhuc
3009 5305 3073 5357 de
3105 5305 3193 5357 illo
3241 5305 3450 5371 scripsit
3480 5303 3672 5376 (Idem,
3705 5302 3877 5372 Epist.

2272 5399 2340 5450 ad
2387 5395 2631 5464 Magn):
2689 5414 2707 5445 ι
2767 5395 3026 5449 Minucius
3059 5395 3238 5460 Felix,
3294 5395 3594 5448 cattsidttus
3649 5395 3879 5451 Romani

2274 5488 2404 5553 fori,
2446 5490 2494 5542 in
2528 5490 2699 5552 libro,
2728 5489 2812 5542 etti
2843 5489 3022 5542 titulus
3050 5489 3302 5542 Octavius
3343 5497 3456 5550 est,
3502 5497 3557 5542 et
3604 5488 3654 5540 in
3700 5489 3881 5544 altero

2272 5592 2455 5635 contra
2485 5581 2917 5640 Mathetttnticos,
2951 5581 2995 5634 si
3031 5593 3206 5636 tamen
3239 5583 3514 5650 Inscriptio
3544 5597 3649 5635 non
3682 5583 3882 5637 menti-

2275 5685 2358 5728 tur
2403 5685 2710 5737 attctot'em,
2758 5673 2882 5744 qttid
2923 5673 3196 5743 gentilium
3243 5684 3625 5742 scrtpturarttm
3672 5673 3883 5731 dimisit

2273 5767 2575 5824 intactum?
2623 5784 2640 5817 ι
2677 5768 2759 5824 Ad
2806 5766 3148 5824 Heliodorum
3193 5781 3404 5837 quoque
3449 5765 3565 5820 luce
3595 5767 3662 5822 de
3692 5765 3878 5839 Nepo-
