4248 6264
448 275 555 345 38!

1884 283 2348 347 DISSERTATIO.

3650 288 3763 361 382

451 400 601 455 tiano
647 396 835 453 scribit
872 394 1080 467 (Idem,
1120 392 1291 464 Epist.
1332 396 1403 452 ad
1448 396 1716 457 Heliodor.
1747 400 1811 471 ):
1853 420 1872 455 ι
1928 402 2061 459 illud
2087 405 2138 483 Α
2166 404 2414 472 exordio,
2470 407 2542 463 ita
2588 420 2710 464 eum
2750 405 3085 480 alloquitur:
3129 427 3148 463 ι
3191 407 3361 479 Quam
3405 408 3538 480 tibi,
3583 374 3760 475 Marce

450 496 628 551 aiebat
660 492 1042 549 Tertulliani...
1077 494 1169 550 Sic
1204 492 1466 551 Minucius
1506 493 1687 561 Felix,
1723 495 1793 551 ita
1825 495 2051 552 Victori-

448 604 584 656 nus,
615 589 668 642 in
716 588 858 642 hunc
901 586 1120 642 modum
1152 597 1235 645 est
1267 587 1476 643 locutus
1504 588 1793 644 Arnobius.
1833 609 1852 643 ι
1885 589 2051 646 Deni-

447 698 557 755 que
597 683 648 735 in
682 681 938 751 Apologia
966 680 1226 736 adversus
1270 680 1608 737 Jovinianum
1639 680 1831 750 (Idem,
1877 681 2043 752 Epist.

446 778 537 844 3t),
558 774 624 829 ad
646 773 951 829 Pammach.
990 789 1080 828 seu
1107 773 1326 844 Apotog.
1353 773 1480 826 Adv.
1504 771 1702 841 Jovin.)
1732 789 1749 826 :
1781 793 1800 826 ι
1827 773 2004 831 Taceo
2024 816 2043 842 ,

445 867 652 937 inquit,
687 865 753 920 de
800 864 979 919 latinis
1012 863 1380 934 Scriptoribus
1420 864 1784 932 Tertulliano,
1822 864 2045 937 Cypria-

444 976 550 1025 no,
581 958 847 1025 Minucio,
878 957 1188 1023 Victorino,
1223 958 1530 1019 Lactantio,
1572 956 1796 1013 Hilario.
1838 978 1858 1011 ι

522 1053 767 1120 Longum
809 1066 941 1107 sane
969 1059 1024 1106 et
1067 1050 1254 1106 inutile
1297 1049 1434 1109 foret
1476 1051 1651 1113 omnia
1686 1051 2044 1115 recentiorum

445 1146 771 1215 scripturum
809 1143 879 1198 de
909 1142 1069 1212 hujus
1112 1143 1231 1199 libri
1258 1152 1476 1199 auctore
1522 1141 1763 1212 proferte
1804 1146 2046 1200 testimo-

444 1240 551 1295 nia.
582 1238 723 1294 Satis
756 1236 902 1292 enim
930 1245 1141 1292 constat
1164 1252 1285 1291 eum
1309 1236 1537 1291 Minucio
1569 1247 1755 1293 nostro
1781 1237 1848 1292 ab
1872 1238 2046 1292 numi-

440 1332 576 1397 bus,
627 1330 843 1386 nemine
895 1330 1258 1395 reclamante,
1307 1328 1559 1397 attribui,
1604 1343 1670 1387 ac
1715 1328 1834 1399 jure
1888 1331 2043 1400 plane

439 1424 636 1482 merito
655 1422 938 1478 vindicari.

510 1515 571 1571 Ei
597 1526 801 1581 autem,
829 1515 921 1584 qui
978 1513 1047 1568 ab
1074 1513 1341 1585 aliquibus
1369 1514 1632 1573 Minucius
1662 1515 1834 1571 littera
1859 1531 1907 1583 c,
1944 1516 1994 1571 iu
2024 1526 2045 1575 t

438 1616 671 1672 mutata,
712 1615 1085 1679 nuncupatur,
1130 1608 1293 1664 Marci
1320 1624 1583 1679 agnomen
1611 1617 1744 1664 erat.
1789 1609 2040 1666 Octavius

435 1702 700 1774 siquidem
748 1701 832 1756 his
877 1716 1003 1756 cum
1042 1700 1223 1757 verbis
1265 1699 1639 1771 compellavit:
1678 1719 1696 1751 ι
1748 1699 1862 1757 Non
1911 1700 2037 1757 boui

2155 498 2345 559 frater.
2376 499 2445 556 de
2471 518 2577 571 quo
2615 518 2736 560 Cum
2774 504 3006 559 maxime
3035 506 3328 576 quzerimus
3351 546 3367 572 ,
3404 526 3425 560 ι
3458 507 3509 563 id
3551 519 3659 577 est,
3694 512 3759 571 de

2153 592 2381 657 ethnice
2412 605 2463 652 et
2494 598 2804 654 christiana:
2844 599 3119 670 religionis
3157 601 3417 667 veritate,
3473 578 3505 654 ι⁴
3539 619 3643 659 non
3689 604 3759 667 sit

2160 686 2503 757 ambiguum;
2535 699 2591 745 ut
2619 700 2741 760 pote
2768 706 2887 746 cum
2915 691 3200 763 diligenter
3226 694 3279 749 in
3313 705 3540 765 utroque
3571 697 3758 755 viven-

2158 776 2214 837 di
2265 793 2461 848 genere
2518 790 2791 848 verSatus,
2851 783 3149 852 repudiaris
3202 785 3466 854 alterum,
3523 788 3753 849 alterum

2151 871 2540 939 comprobaris.
2578 892 2597 925 ι
2634 874 2770 943 Quin
2802 875 2961 930 etiam
2991 874 3245 945 Octavius
3272 894 3377 939 non
3409 889 3513 955 tam
3542 881 3609 939 de
3638 883 3754 955 ipso

2148 963 2407 1034 fortasse,
2451 968 2903 1038 quemadmodum
2934 971 3167 1027 diximus
3187 1014 3202 1037 ,
3230 990 3388 1051 quam
3422 975 3490 1043 de
3520 956 3751 1043 Minucio

2147 1057 2327 1115 Felice
2348 1059 2490 1116 hunc
2512 1078 2698 1119 rursus
2734 1064 2973 1134 loquitur
3002 1067 3053 1121 in
3083 1067 3300 1123 modum
3334 1087 3348 1123 :
3391 1087 3409 1122 ‹
3444 1070 3616 1139 Quam
3657 1052 3752 1129 au-

2147 1160 2254 1208 tem
2286 1152 2524 1223 iniquum
2558 1155 2625 1211 sit
2655 1156 2723 1212 de
2756 1158 3040 1230 incognitis
3065 1201 3079 1224 ,
3119 1179 3138 1213 ι
3171 1162 3376 1225 scilicet
3404 1163 3748 1234 Christianis,

2152 1261 2171 1301 t
2206 1255 2257 1300 et
2291 1245 2638 1311 inexploratis
2672 1248 2953 1318 judicare,
2996 1250 3140 1322 quod
3184 1251 3357 1323 facitis
3379 1294 3396 1321 ,
3438 1256 3592 1325 nobis
3621 1236 3751 1329 ipsis

2147 1340 2529 1407 pteniteutibus
2559 1340 2781 1401 credite.
2816 1342 2882 1397 Et
2927 1358 3026 1398 nos
3063 1345 3206 1400 enim
3239 1346 3380 1403 idem
3427 1347 3656 1421 fuimus,
3696 1358 3752 1413 ct

2145 1432 2332 1487 eadem
2383 1433 2659 1489 vobiscum
2709 1436 2978 1505 quondam
3025 1437 3203 1493 adhuc
3248 1439 3376 1495 caeci
3424 1449 3478 1494 et
3529 1424 3749 1507 hebetes

2142 1525 2536 1592 sentiebamus,
2578 1527 2727 1595 quasi
2758 1526 3047 1585 Christiani
3077 1537 3312 1597 monstra
3354 1530 3629 1597 colerent,
3662 1508 3746 1586 in;

2143 1615 2314 1672 fantes
2346 1626 2625 1683 vorarent,
2657 1619 2900 1679 convivia
2944 1620 3145 1676 incesta
3185 1622 3492 1697 miscerent.
3526 1621 3635 1683 Nec
3666 1622 3749 1691 iit-

2145 1709 2513 1780 telligebamus
2543 1712 2609 1765 ab
2641 1710 2720 1766 his
2752 1710 2955 1766 fabulas
2980 1712 3111 1767 istas
3144 1696 3373 1786 semper,
3394 1715 3664 1782 ventilari,
3692 1696 3748 1803 et

435 1797 538 1855 viri
587 1804 701 1854 est.
750 1793 928 1850 Marce
972 1792 1172 1859 frater,
1216 1792 1523 1859 hominem,
1573 1801 1669 1847 etc.
1720 1812 1739 1845 ι
1793 1790 2041 1849 Caecilius
2069 1797 2118 1875 Β
2147 1817 2435 1872 "utinquam
2467 1802 2553 1858 vel
2582 1803 2922 1872 investigari,
2954 1804 3038 1858 vel
3078 1805 3364 1874 probari...
3400 1807 3498 1875 hos
3526 1823 3624 1863 nec
3653 1790 3747 1873 an;

434 1903 565 1945 vero
595 1905 608 1941 :
648 1907 666 1939 ι
696 1887 1027 1955 Quamquam
1058 1886 1174 1951 tibi,
1205 1884 1381 1942 Marce
1411 1884 1597 1952 frater,
1620 1896 1713 1939 etc.
1755 1905 1774 1937 ι

516 1982 689 2050 Quam
722 1990 845 2035 nota
875 1990 1051 2035 autem
1085 1978 1365 2044 omnibus,
1411 1988 1465 2035 et
1494 1978 1687 2034 nobilis
1717 1978 1814 2034 fuit
1841 1993 2037 2041 consu-

432 2076 568 2146 laris
603 2074 745 2145 apud
769 2073 1043 2128 Romanos
1088 2072 1439 2128 Minucioer
1487 2070 1688 2127 familia
1738 2083 1843 2127 tam
1875 2071 2034 2127 cuili-

432 2168 526 2224 bet
553 2170 807 2222 bactenus
839 2166 1225 2236 incompertum
1265 2175 1439 2221 utrum
1470 2178 1541 2221 ex
1571 2179 1657 2228 ea,
1697 2173 1789 2219 aut
1828 2178 1934 2232 qua
1960 2178 2030 2222 ex

431 2260 534 2314 alia
562 2273 715 2313 suam
758 2257 1021 2313 Minucius
1063 2266 1249 2312 noster
1288 2256 1549 2325 originem
1579 2255 1813 2313 duxerit.
1850 2254 2035 2325 Neque

431 2351 523 2407 ulli
549 2351 719 2423 magis
742 2351 1075 2420 exploratum
1100 2364 1220 2419 qua:
1241 2348 1398 2417 fuerit
1421 2347 1564 2405 illius
1585 2348 1777 2416 patria.
1802 2345 2031 2416 Quidam

432 2453 612 2499 tamen
642 2459 764 2498 emn
794 2459 862 2499 ex
887 2441 1046 2511 hujus
1068 2482 1082 2506 ,
1107 2440 1174 2497 de
1200 2456 1306 2510 quo
1329 2440 1569 2510 agimus,
1604 2440 1745 2511 ston
1773 2439 1826 2497 iu
1853 2438 2033 2505 Africa

430 2547 613 2591 natum
645 2535 1007 2605 suspicantur.
1033 2532 1137 2589 Sed
1167 2530 1220 2587 bi
1252 2545 1350 2587 nec
1374 2532 1634 2600 probant,
1675 2544 1775 2585 nec
1806 2529 2033 2600 probare

429 2637 655 2698 possunt
680 2625 879 2697 aliquid
907 2626 1142 2682 durioris
1180 2622 1415 2683 Africani
1455 2624 1724 2685 sermonis
1760 2623 1814 2683 in
1845 2638 1911 2679 eo
1936 2623 2029 2679 dc-

431 2719 713 2791 prehendi.
745 2717 1016 2788 Numquid
1045 2716 1237 2787 potiori
1265 2716 1387 2784 jure
1412 2714 1518 2771 diei
1547 2724 1729 2785 posset
1753 2713 2030 2779 Caecilium

431 2822 485 2868 et
507 2813 806 2877 Octavium,
838 2818 986 2865 tanto
1011 2810 1209 2863 amoris
1230 2807 1442 2863 vinculo
1473 2806 1706 2865 Minucio
1727 2807 2028 2876 devinctos,

429 2922 618 2963 revera
647 2905 931 2962 Africanos
961 2904 1149 2969 fuisse,
1194 2903 1415 2971 ejusque
1445 2901 1773 2972 populares?
1802 2902 1871 2956 At
1901 2917 2031 2957 sane

432 3000 520 3068 id,
571 3002 706 3055 sicut
748 2999 903 3067 paulo
956 3008 1077 3069 post
1122 2994 1452 3058 videbimus,
1501 3008 1674 3062 neque
1721 2993 1794 3049 ita
1824 3002 2028 3055 certum

430 3102 545 3157 est,
577 3107 748 3162 neque
777 3108 843 3146 ex
880 3092 1092 3147 illorqu
1120 3090 1402 3159 quantavis
1440 3088 1691 3147 amicitia:
1734 3088 2027 3153 necessitu-

430 3187 553 3242 dine
586 3197 757 3255 potest
788 3186 896 3240 ullo
924 3185 1125 3253 absque
1153 3184 1317 3248 dubio
1344 3183 1542 3253 colligi.

501 3280 778 3336 Neminem
810 3293 940 3333 vero
982 3276 1094 3332 fore
1140 3286 1419 3347 putamus,
1465 3275 1555 3345 qui
1600 3274 1814 3345 negabit
1854 3273 2027 3329 Miuu-

428 3377 570 3431 cium
612 3375 827 3435 Romae,
864 3388 985 3442 quae
1028 3383 1155 3427 tunc
1180 3380 1498 3431 cmterarum
1533 3369 1695 3425 totius
1727 3368 1910 3425 tntttttli
1943 3384 2031 3423 ur-

431 3468 576 3524 bium
603 3477 762 3538 capnt
790 3476 938 3532 erat,
968 3465 1057 3520 diu
1088 3466 1375 3529 mansisse,
1406 3464 1494 3523 ubi
1526 3462 1780 3521 causidici
1806 3477 2030 3518 munere

431 3561 767 3631 fungebatur.
818 3556 979 3614 Citati
1008 3560 1202 3628 quippe
1246 3574 1273 3616 tl
1335 3556 1488 3619 nobis
1519 3555 1828 3615 Lactantius
1869 3564 2029 3625 atque

429 3654 785 3725 Hieronymus
820 3652 950 3707 illud
977 3653 1148 3722 palam
1192 3660 1481 3719 aperteque
1507 3657 1838 3717 asseverant.
1881 3649 2027 3719 ipsc-

430 3756 541 3801 met
568 3760 698 3801 vero
729 3744 991 3799 Minucius
1023 3743 1180 3813 hujus
1209 3742 1327 3797 libri
1359 3741 1710 3799 iuitioscribit
1741 3740 2019 3794 Octavium

430 3839 497 3893 ad
525 3855 583 3894 se
607 3839 827 3895 Romam
857 3839 1101 3903 venis-se,
1142 3848 1304 3906 atque
1348 3853 1451 3892 una
1495 3853 1617 3892 cum
1648 3852 1713 3890 eo
1760 3843 1814 3890 et
1856 3835 2028 3897 altero

428 3932 628 3986 comite
661 3930 816 3999 paulo
843 3939 964 4001 post
994 3931 1195 3985 Ostiam
1218 3930 1504 3997 petivisse:
1541 3947 1559 3982 ‹
1590 3928 1723 3981 Cum
1747 3927 1813 3981 ad
1840 3926 2026 3985 vinde-

428 4023 623 4086 miam,
678 4022 879 4091 inquit,
935 4020 1081 4075 feria:
1124 4021 1460 4091 judiciariain
1507 4035 1692 4075 coram
1745 4019 2025 4072 relaxave-

427 4124 540 4168 rant
561 4153 576 4179 ,
616 4133 635 4166 ι
668 4113 721 4168 id
753 4122 867 4178 est,
901 4129 1022 4167 cum
1051 4128 1081 4170 a
1110 4111 1309 4171 forensi
1345 4112 1526 4177 labore
1548 4153 1561 4172 ,
1594 4125 1701 4180 quo
1733 4125 1825 4182 per
1855 4119 2026 4171 totum

426 4220 622 4260 annum
665 4204 1058 4274 occupabatur,
1093 4203 1484 4261 vindemiarum
1516 4211 1757 4269 tempore
1788 4209 2023 4255 vacaret.

426 4294 613 4351 Nonne
642 4296 805 4355 etiam
838 4294 1091 4352 Octavius
1121 4295 1187 4349 de
1234 4310 1292 4355 se
1345 4296 1487 4365 ipso,
1540 4304 1594 4347 et
1638 4292 1706 4349 de
1755 4290 2024 4356 Minucio,

427 4387 507 4443 vel
539 4388 717 4456 potius
746 4386 958 4450 Minucii
1007 4395 1210 4445 tantum
1254 4387 1473 4443 numine
1511 4386 1646 4441 dixit
1683 4391 1753 4438 :‘4
1809 4383 1920 4438 Nos
1951 4393 2029 4439 ta-

426 4494 545 4534 men
599 4479 892 4549 sacrilegos
958 4478 1204 4549 aliquos,
1262 4489 1318 4535 et
1384 4480 1655 4543 incestos,
1732 4475 2026 4547 parricidas

425 4572 585 4626 etiam
631 4572 996 4627 defendendos
1037 4583 1089 4627 et
1137 4574 1366 4628 tuendos
1416 4572 1879 4642 suscipiehaums;
1927 4569 2027 4626 hos

427 4682 584 4733 vero,
624 4686 641 4719 ι
675 4669 878 4725 scilicet
904 4667 1238 4724 Christianos
1259 4708 1273 4731 ,
1321 4684 1339 4717 ι
1392 4680 1491 4721 nec
1525 4663 1821 4719 audiendos
1853 4664 1902 4716 in
1937 4672 2019 4716 to-

429 4769 545 4816 tum
596 4760 933 4830 putabamus.
998 4782 1018 4816 ›
1076 4761 1155 4817 Ex
1208 4761 1401 4830 Quibus
1447 4760 1614 4828 liquet.
1666 4758 1850 4822 illum,
1900 4772 2024 4819 cum

425 4852 673 4908 ethnicus
694 4855 869 4909 adlme
894 4864 1071 4920 esset,
1101 4853 1356 4909 causidici
1386 4853 1558 4909 obitse
1589 4868 1803 4909 munus.

498 4947 661 5002 Nobis
692 4963 869 5003 autem
898 4949 1123 5015 ipsemet
1155 4948 1305 5005 testis
1332 4957 1415 5004 est
1441 4962 1499 5002 se
1529 4946 1595 5001 ab
1641 4946 1860 5009 ineunte
1895 4954 2024 4999 mta—

426 5049 508 5105 te,
540 5049 597 5094 et
640 5056 813 5110 usque
861 5041 926 5095 ad
959 5056 1078 5099 eam
1129 5039 1239 5110 jam
1290 5041 1419 5094 satis
1449 5038 1718 5104 adultam,
1775 5037 2023 5101 omnibus

423 5133 714 5202 obligatum
746 5133 908 5188 fuisse
934 5133 1217 5203 gentilium
1246 5132 1714 5201 superstitionibus
1735 5172 1750 5198 ,
1796 5146 1859 5186 ac
1885 5147 2023 5189 ιιυηο

425 5226 500 5279 tio
532 5226 748 5280 tandem
771 5227 851 5280 eis
900 5228 1095 5292 misso,
1142 5226 1491 5282 christianam
1538 5224 1700 5285 ﬁdem
1742 5224 2019 5295 amplexa-

426 5327 558 5372 tum.
596 5317 673 5373 De
717 5333 778 5372 se
823 5318 1108 5387 siquidem,
1141 5334 1204 5374 ac
1251 5319 1317 5374 de
1365 5318 1590 5374 Octavio
1641 5321 1755 5373 tunc
1805 5318 2021 5387 scriptis

424 5410 645 5465 tradidit
676 5429 691 5465 :
731 5429 750 5463 ι
800 5411 961 5467 Solus
991 5415 1042 5467 in
1077 5414 1350 5469 amoribus
1381 5413 1628 5467 conscius
1660 5412 1775 5480 ipse
1795 5450 1807 5471 ,
1839 5412 2019 5465 socius

422 5503 477 5557 in
505 5503 781 5559 erroribus
810 5520 825 5568 ;
863 5517 915 5560 et
944 5521 1065 5559 cum
1111 5505 1352 5561 discussa
1395 5504 1622 5573 caligine
1663 5504 1732 5559 de
1764 5503 2016 5558 tenebra-

423 5607 543 5648 rum
574 5593 841 5663 profnndo
868 5594 920 5650 lu
951 5596 1123 5651 iurem
1174 5593 1451 5663 Sapientiae
1480 5604 1533 5650 et
1574 5594 1815 5649 veritatis
1840 5609 2019 5650 emer-

424 5702 643 5755 gerem,
677 5704 784 5744 non
835 5690 1041 5760 respuit
1079 5690 1328 5745 cmnitem
1352 5727 1364 5751 ,
1412 5687 1507 5743 sed
1552 5688 1692 5757 quod
1729 5688 2019 5757 gloriosius

427 5787 534 5847 est,
560 5781 924 5851 praecucurrit.
965 5802 985 5836 ι
1013 5780 1209 5839 Caelius
1232 5795 1360 5839 vero
1383 5780 1453 5855 ab
1489 5780 1608 5852 ipso
1627 5780 1886 5839 orationis
1906 5796 2019 5839 sua:

2138 1891 2365 1947 diendus
2405 1892 2458 1949 in
2506 1902 2675 1950 totum
2725 1895 3066 1964 putabamus.
3114 1896 3531 1975 Nonnumquam
3577 1901 3741 1967 etiam

2138 1987 2457 2051 miserantes
2483 2001 2671 2045 eorum
2695 1987 2967 2043 crudelius
3004 1988 3393 2056 smviebamus,
3439 2000 3493 2044 ut
3525 1999 3743 2062 torque-

2136 2094 2319 2143 remus
2348 2079 2667 2137 conﬁtentes
2693 2080 2758 2139 ad
2802 2080 3104 2152 negandum
3125 2121 3140 2145 ,
3180 2082 3461 2145 videlicet,
3495 2097 3563 2153 pe
3600 2083 3743 2157 peri:

2136 2182 2292 2238 rent,
2322 2184 2635 2233 essereutes
2666 2175 2719 2239 in
2748 2172 2830 2229 his
2859 2188 3167 2245 perversam
3196 2174 3553 2247 quaestionem
3576 2216 3592 2240 ,
3635 2189 3741 2247 non

2134 2282 2254 2336 qua:
2283 2282 2467 2333 verum
2499 2277 2727 2333 erueret,
2757 2266 2853 2337 sed
2881 2282 3001 2339 qua:
3031 2266 3371 2325 mendacium
3404 2276 3647 2343 cogeret.
3675 2266 3744 2341 Et

2136 2361 2179 2416 si
2207 2362 2327 2431 quis
2353 2359 2635 2427 inﬁrmior,
2669 2361 2810 2415 man
2837 2376 3055 2431 pressus
3076 2369 3129 2419 et
3158 2361 3354 2431 victus,
3371 2360 3740 2435 Christianum

2134 2469 2194 2510 se
2239 2462 2521 2524 negasset,
2573 2453 2884 2527 favebamus
2916 2453 3002 2520 ei,
3036 2453 3187 2529 quasi
3236 2452 3442 2522 ejerato
3485 2452 3737 2517 nomine,

2130 2548 2239 2617 jam
2269 2546 2447 2600 omnia
2480 2546 2619 2600 facta
2659 2560 2756 2599 sua
2789 2546 2874 2598 illa
2908 2543 3193 2613 negatione
3219 2553 3491 2614 purgaret.
3526 2543 3739 2614 Agnos-

2133 2622 2322 2694 citisne
2351 2637 2536 2693 eadem
2577 2652 2674 2692 nos
2704 2635 2939 2692 sensisse
2967 2645 3021 2692 et
3044 2638 3219 2707 egisse
3238 2679 3252 2703 ,
3285 2652 3406 2707 qua:
3437 2622 3653 2693 sentitis
3684 2644 3740 2692 et

2132 2732 2319 2803 geritis
2336 2733 2360 2786 ’ἒ
2388 2751 2407 2785 ι

2205 2824 2311 2881 Sed
2359 2840 2389 2879 a
2441 2823 2594 2880 nobis
2640 2823 2869 2879 fortasse
2932 2821 3125 2893 aliquis
3178 2822 3397 2892 insuper
3448 2820 3728 2892 inquiret,

2133 2927 2312 2973 utrum
2359 2917 2622 2975 Minucius
2672 2916 2824 2975 Felix
2873 2924 2994 2987 post
3032 2915 3218 2973 datum
3259 2914 3564 2979 Christianae
3611 2912 3737 2979 ﬁdei

2132 3026 2350 3074 nomen,
2394 3011 2447 3065 in
2490 3008 2743 3065 causidici
2784 3023 3008 3065 munere
3048 3006 3301 3067 obeundo
3351 3020 3505 3061 suam
3561 3004 3737 3063 adhuc

2132 3102 2458 3172 impenderit
2508 3117 2750 3171 operam.
2784 3100 2888 3156 Sed
2924 3102 2990 3165 is,
3037 3114 3255 3168 quarso,
3289 3099 3524 3154 animum
3555 3096 3621 3151 ad
3672 3110 3736 3155 ea

2052 3195 2099 3260 C
2131 3195 2410 3259 advertat,
2443 3210 2561 3263 quae
2600 3193 2756 3263 paulo
2784 3202 2908 3248 ante
2935 3192 3358 3257 observabamns
3378 3231 3393 3257 ,
3434 3191 3583 3247 illum
3609 3205 3735 3247 cum

2132 3286 2349 3343 Czeeilio
2377 3297 2431 3342 et
2459 3285 2684 3342 Octavio
2705 3284 2908 3345 Ostiam
2927 3327 2939 3348 ,
2975 3285 3062 3339 ubi
3101 3284 3413 3353 di~putatio,
3443 3299 3562 3352 quae
3594 3282 3732 3350 hoc,

2132 3395 2241 3451 quo
2267 3380 2334 3435 de
2360 3381 2586 3450 agimus,
2616 3379 2753 3435 libro
2782 3377 3084 3440 exhibetur.
3118 3377 3299 3433 habita
3329 3383 3446 3433 est:
3484 3384 3611 3445 tunc
3638 3390 3733 3445 vc-

2133 3473 2313 3535 uisse,
2355 3471 2606 3543 quando,
2643 3490 2661 3522 ι
2716 3470 2797 3527 Ad
2831 3469 3154 3531 vindemiam
3203 3468 3351 3524 feriae
3397 3466 3732 3538 iudiciariam

2131 3566 2249 3634 ejus
2274 3579 2456 3618 curam
2487 3563 2887 3619 relaxaverant.
2930 3581 2947 3614 ι
2987 3562 3146 3632 Atqui
3181 3570 3314 3627 tutu,
3346 3561 3422 3614 uti
3453 3575 3518 3615 ex
3559 3558 3734 3614 citatis

2133 3655 2291 3726 paulo
2322 3665 2445 3710 ante
2480 3653 2678 3711 Caecilii
2712 3653 2889 3709 verbis
2919 3651 3275 3717 ostendimus,
3305 3651 3565 3717 Minucius
3589 3649 3733 3715 chri-

2131 3747 2355 3801 stianam
2378 3746 2691 3816 religionem
2718 3745 3085 3813 profitebatur.
3118 3746 3458 3813 Quapropter
3480 3742 3570 3798 ubi
3600 3740 3698 3809 Ca:
3713 3767 3733 3784 -

2130 3839 2286 3893 cilius
2312 3838 2525 3905 obvium
2565 3837 2842 3907 Serapidis
2871 3837 3218 3893 simulacrum
3263 3835 3572 3901 adoraSSet,
3620 3844 3730 3887 tum

2131 3932 2275 3986 illico
2304 3932 2355 3987 in
2387 3931 2674 3987 Minucium
2707 3932 2785 3984 sic
2823 3929 3076 3985 Oetavins
3116 3929 3361 4005 invectus
3389 3936 3472 3985 est
3502 3945 3514 3987 ε
3542 3944 3561 3983 t
3614 3925 3729 3999 Non

2134 4024 2259 4078 boui
2286 4025 2382 4077 viri
2409 4033 2520 4087 est,
2554 4023 2730 4077 Marce
2771 4022 2972 4087 frater,
3016 4020 3290 4076 hominem
3322 4020 3466 4087 domi
3497 4020 3732 4089 forisque

2132 4115 2284 4171 lateri
2324 4124 2415 4169 tuo
2454 4115 2802 4171 inhaerentem
2836 4114 2914 4167 sic
2944 4114 2994 4166 in
3030 4112 3130 4175 hac
3167 4112 3452 4180 imperitiae
3498 4111 3732 4179 vulgaris

2130 4208 2371 4262 Caecitate
2416 4206 2691 4271 deserere,
2737 4214 2795 4259 ut
2838 4214 2944 4259 tam
2975 4203 3247 4275 luculento
3290 4202 3377 4256 die
3421 4200 3477 4275 in
3524 4199 3731 4271 lapides

2130 4318 2253 4357 eum
2297 4300 2518 4371 patiaris
2564 4299 2932 4369 impingere...
2979 4311 3099 4352 cum
3146 4296 3285 4373 scias
3328 4294 3486 4362 hujns
3529 4290 3730 4365 erroris

2130 4409 2235 4451 non
2265 4395 2525 4451 minorem
2550 4393 2616 4453 ad
2644 4403 2722 4456 te,
2753 4406 2912 4463 quam
2937 4389 3001 4444 ad
3030 4389 3200 4459 ipsum
3228 4385 3499 4459 infamiam
3529 4383 3726 4441 redun—

2129 4487 2277 4545 dare.
2317 4506 2337 4539 ι
2372 4485 2441 4542 At
2473 4486 2543 4541 ibi
2583 4486 2868 4548 Octavius,
2918 4481 2994 4537 uti
3039 4481 3225 4549 vides,
3269 4479 3558 4543 Minucium
3605 4476 3726 4531 ideo

2052 4589 2105 4663 υ
2132 4577 2331 4649 arguit.
2363 4578 2504 4648 quod
2539 4576 2889 4632 christianam
2920 4574 3234 4644 religionem
3261 4580 3387 4649 tunc
3414 4568 3722 4643 professus,

2126 4670 2178 4729 in
2207 4686 2294 4737 eo,
2324 4687 2431 4738 quo
2456 4669 2522 4725 ad
2554 4668 2803 4727 Ostieuse
2831 4666 2981 4721 littus
3012 4665 3286 4736 pergebat,
3316 4664 3511 4723 itinere
3541 4675 3728 4732 pas-us

2127 4762 2314 4818 fuisset
2347 4763 2621 4833 Serapidis
2647 4760 2992 4817 simulacrum
3017 4772 3046 4811 a
3068 4757 3286 4812 Cmcilio
3315 4753 3588 4833 individuo
3625 4765 3725 4821 suo

2126 4859 2320 4913 comite
2344 4858 2574 4923 adorari.
3504 4832 3511 4841 Ι

2197 4949 2382 5020 Neque
2433 4951 2484 5005 id
2536 4950 2624 5015 ulli
2682 4951 2873 5007 mirum
2921 4948 3085 5003 videri
3139 4946 3317 5001 debet.
3369 4943 3503 5003 Tum
3558 4943 3705 5003 enim

2125 5041 2415 5109 Christiani
2469 5058 2568 5098 nec
2617 5058 2712 5099 sua
2741 5056 2981 5104 tnunera,
3028 5054 3127 5094 nec
3163 5036 3470 5106 dignitates,
3503 5043 3593 5086 aut
3619 5033 3721 5088 alia

2124 5134 2303 5201 ,oliicia
2348 5150 2471 5190 cum
2502 5133 2837 5193 ethnicorum
2886 5132 3142 5200 religione
3186 5130 3455 5199 deponere
3494 5141 3723 5193 consue-

2127 5234 2337 5281 verant.
2373 5224 2480 5283 Sed
2524 5225 2597 5278 illi
2641 5234 2787 5287 tune,
2827 5221 2985 5278 sicuti
3024 5221 3275 5286 diximus,
3306 5231 3361 5279 et
3391 5217 3557 5273 fusius
3583 5216 3720 5271 infra

2124 5317 2385 5378 dicemus.
2423 5333 2517 5386 per
2544 5327 2712 5375 totum
2747 5326 3013 5372 terrarum
3037 5314 3223 5370 orbem
3250 5313 3513 5383 dispersi,
3555 5319 3717 5380 atque

2124 5428 2246 5468 cum
2279 5410 2508 5467 etlIIIlClS
2555 5411 2793 5478 permiin
2818 5451 2831 5475 ,
2883 5409 3130 5465 solebant
3173 5407 3424 5477 thmlibel
3455 5405 3633 5460 munia
3663 5413 3719 5458 et

2121 5506 2328 5575 negotia
2351 5546 2365 5571 ,
2411 5506 2530 5561 solo
2571 5505 2792 5560 deorum
2821 5504 2967 5559 cultu
2997 5511 3245 5570 excepto,
3274 5516 3396 5583 cum
3424 5500 3502 5556 eis
3529 5514 3711 5570 agere.

2123 5595 2275 5657 Unde
2318 5596 2678 5659 Tertulliatms
2717 5596 2959 5669 (Tertull.
2993 5594 3265 5666 Apologet.
3296 5610 3415 5664 cap.
3469 5594 3560 5657 57,
3590 5609 3712 5663 pag.

2121 5688 2256 5758 55):
2296 5706 2314 5740 ι
2344 5688 2618 5756 Hesterni,
2659 5690 2965 5761 inquiebat,
3007 5702 3223 5753 sanius,
3273 5696 3329 5743 et
3378 5693 3560 5751 vestra
3590 5698 3713 5753 om-

2122 5782 2208 5838 nia
2252 5781 2628 5853 implevimus,
2689 5784 2883 5855 urbes,
2929 5783 3166 5850 insulas.
3215 5779 3473 5848 castella.
3530 5793 3707 5863 mulu-
