4230 6242
576 266 689 334 533

1877 260 1961 320 DE
2001 250 2253 317 MiNUCil
2293 238 2589 311 OCTAVIO

3776 233 3886 300 584

583 391 719 465 cipia
740 436 753 459 ,
807 384 1159 448 cenciliabula
1178 433 1193 460 ,
1242 399 1415 446 castra
1454 390 1562 460 ipsa
1586 430 1600 456 ,
1656 382 1823 442 tribus
1842 429 1856 450 ,
1889 379 2134 439 decurias
2153 419 2167 444 ,
2196 380 2251 441 Α
2275 389 2393 431 esse
2413 374 2667 429 Octavius
2693 369 2860 443 probe
2889 375 3127 434 noverat,
3154 362 3348 465 ipsiita
3372 359 3648 464 respondit
3678 377 3691 414 :
3732 380 3750 413 ι
3769 360 3878 465 βία

585 489 873 560 palatium,
921 496 1198 551 senatum,
1247 484 1454 547 forum,
1504 484 1613 538 sola
1667 481 1819 536 vobis
1856 475 2174 547 reliquimus

585 580 803 649 templa.
830 599 847 631 ι
882 577 947 632 Ει
968 576 1101 631 infra
1130 575 1301 649 (Idem
1330 576 1454 630 ibid.
1486 592 1601 645 cap.
1636 572 1726 643 ιιι)
1758 591 1769 626 :
1805 589 1822 620 ι
1848 571 2032 639 Itaque
2066 581 2172 620 non

585 673 704 728 Sine
739 662 883 735 foro,
917 680 1023 723 non
1076 669 1192 724 sine
1230 663 1487 734 macello,
1537 682 1643 722 non
1674 664 1790 719 sine
1821 661 2062 725 balneis,
2096 670 2174 713 ta-

585 759 805 829 bernis,
852 761 1112 829 officinis,
1156 761 1415 827 stabulis,
1452 760 1703 815 nundinis
1737 756 1963 822 vestris,
2016 762 2175 807 caue-

582 854 765 929 risque
817 854 1157 911 eommerciis
1189 854 1559 909 cohabitamus
1601 853 1702 907 hoc
1747 848 2028 905 sarculum.
2074 844 2177 898 Na-

584 952 825 1024 vigamus
872 958 928 1006 et
954 963 1052 1005 nos
1093 949 1366 1004 vobiscum
1391 987 1405 1011 ,
1455 956 1509 1002 et
1546 945 1819 999 vobiscum
1848 941 2174 1002 militamus,

587 1052 642 1099 et
671 1043 1024 1109 rusticamur,
1057 1050 1110 1096 et
1158 1056 1490 1104 mercamur;
1526 1037 1747 1107 proinde
1777 1037 2066 1089 miscemus
2092 1045 2178 1083 aro

596 1147 710 1202 tes,
764 1150 957 1207 operas
1010 1143 1221 1189 nostras
1269 1133 1601 1204 publicamus
1639 1130 1755 1183 usui
1804 1136 2004 1181 vestro.
2036 1123 2178 1190 Quo-

589 1228 752 1285 modo
802 1227 1116 1283 infructuosi
1170 1228 1446 1281 videamur
1496 1222 1723 1294 ncgotiis
1776 1219 2002 1279 vestris,
2054 1228 2175 1270 cum

589 1323 804 1394 quibus,
845 1331 898 1377 et
927 1320 993 1375 de
1023 1321 1216 1391 quibus
1264 1320 1525 1383 vivimus,
1574 1333 1677 1371 non
1711 1316 1841 1371 scio.
1886 1310 1990 1370 Sed
2023 1325 2175 1367 cere-

587 1416 796 1473 monias
839 1424 954 1470 luas
1004 1430 1106 1469 non
1160 1414 1477 1485 frequento,
1526 1424 1622 1467 ctc.
1654 1430 1671 1462 ι

659 1511 828 1577 Quam
853 1509 936 1579 pie
956 1519 1133 1565 autem
1160 1517 1213 1563 et
1250 1517 1431 1563 sancte
1459 1515 1640 1575 postea
1672 1503 1930 1561 Minucius
1957 1499 2173 1563 vixerit,

586 1600 673 1657 his
724 1600 1017 1656 Eucherius
1058 1599 1429 1671 Lugdunensis
1458 1599 1741 1667 episcopus
1792 1595 1951 1650 docet
1998 1591 2177 1646 verbis

584 1691 829 1762 (Eucher.
854 1691 1094 1762 Lngdun.
1122 1693 1275 1758 epist.
1317 1691 1383 1743 ad
1410 1688 1764 1754 Valerianum)
1798 1705 1811 1742 :
1843 1705 1861 1737 (
1904 1686 1974 1739 Et
2010 1699 2179 1755 quau-

2277 468 2344 523 de
2377 469 2477 521 isto
2506 475 2559 519 et
2588 474 2706 519 tuus
2728 464 2947 529 Fronto,
2983 476 3088 515 non
3115 455 3485 514 utamrmator
3512 453 3878 509 testimonium

2278 559 2421 625 fecit,
2474 559 2567 613 sed
2615 556 2913 613 convicimn
2963 565 3018 609 ut
3058 562 3243 609 orator
3299 549 3549 619 aspersit.
3592 567 3612 601 ι
3647 546 3874 603 Verum-

2280 666 2455 711 tamen
2484 654 2736 725 quoniam
2789 650 3035 706 Cmcilius
3084 646 3412 703 Frontonem
3462 642 3565 696 alia
3606 640 3673 697 de
3714 655 3876 695 causa

2278 763 2431 803 suum
2463 748 2641 802 dicere
2668 744 2859 816 potuit,
2894 741 3077 814 quanti
3120 739 3223 795 hoc
3251 746 3622 808 argumentum
3651 734 3721 791 sit
3743 748 3878 805 pon-

2279 842 2443 909 deris,
2469 841 2696 896 aliorum
2726 848 2841 893 esto
2866 836 3144 907 judicium.

2350 932 2616 1002 Quidquid
2668 947 2826 1000 porro
2865 929 2933 985 de
2959 928 3104 983 illius
3130 925 3301 996 patria
3345 930 3634 986 statuatur,
3678 920 3879 976 scimus

2280 1039 2409 1079 sane
2451 1025 2621 1093 ipsum
2647 1022 2833 1076 Rotine
2877 1019 2986 1082 ditt,
3018 1027 3177 1087 atque
3208 1017 3259 1071 in
3291 1014 3505 1078 eadem,
3554 1028 3657 1084 qua
3700 1011 3874 1066 Minu-

2288 1114 2423 1180 cius,
2459 1113 2728 1168 habitasse
2744 1110 2927 1165 domo.
2981 1108 3057 1162 lbi
3094 1115 3272 1161 autem
3318 1115 3460 1160 tanta
3489 1105 3627 1159 inter
3670 1112 3879 1157 utrum-

2279 1223 2383 1279 que
2427 1208 2807 1261 intercesserat
2838 1202 3088 1257 amicitize
3121 1198 3484 1263 necessitudo,
3534 1206 3590 1251 ιιι
3633 1195 3879 1251 Caecilius

2280 1316 2308 1354 a
2360 1299 2580 1354 Minucii
2616 1298 2785 1354 latere
2824 1311 3113 1368 numquam
3140 1293 3463 1349 discederet.
3520 1288 3774 1346 Octavius
3809 1290 3880 1343 si-

2280 1394 2495 1463 quidem
2524 1402 2708 1463 aperte
2736 1392 2974 1448 declarat
2999 1405 3119 1445 eum
3154 1388 3317 1443 fuisse
3367 1406 3386 1440 (
3424 1384 3693 1440 hominem
3727 1383 3874 1439 domi

2277 1485 2515 1556 forisque
2566 1485 2721 1539 lateri
2777 1502 2796 1535 ›
2841 1482 3053 1538 Minucii
3106 1480 3301 1535 Felicis
3348 1496 3366 1530 ι
3418 1476 3793 1532 inhaerentem.
3854 1494 3872 1525 ι

2280 1576 2617 1647 Quapropter
2666 1590 2785 1631 cum
2832 1573 3076 1629 Cazcilius
3116 1570 3392 1640 Serapidis
3445 1567 3722 1623 adorasset
3765 1566 3883 1621 effi-

2279 1672 2420 1742 giem
2456 1713 2469 1735 ,
2505 1679 2632 1725 tunc
2656 1669 2913 1725 continuo
2942 1667 3195 1723 Octavius
3225 1665 3510 1721 Minucium
3556 1662 3883 1732 increpando

585 1783 657 1839 do
683 1784 1009 1838 clarissimos
1037 1782 1281 1837 facundia
1338 1781 1692 1846 Firmianum,
1738 1778 2044 1838 Minucium.
2074 1776 2177 1846 Cy—

2290 1764 2461 1819 dixit:
2492 1782 2511 1815 ι
2551 1764 2702 1820 Scias
2749 1762 2907 1832 hujus
2953 1761 3154 1817 erroris
3214 1774 3317 1814 non
3383 1759 3644 1812 minorem
3692 1754 3758 1810 ad
3800 1764 3880 1823 te,

585 1876 864 1946 prianum,
914 1874 1205 1939 Hilarium,
1245 1874 1539 1939 Joannem,
1594 1871 1933 1926 Ambrosium
1973 1884 2037 1923 ex
2089 1867 2179 1921 illo

584 1968 857 2023 volumine
896 1968 1291 2021 numerositatis
1320 1966 1611 2021 evolvam?
1666 1964 1939 2028 Dixerunt,
1973 1961 2175 2026 credo;

586 2058 722 2127 Quid
750 2058 851 2114 hoc
878 2059 1000 2113 est?
1051 2059 1285 2128 Surgunt
1316 2058 1512 2113 indocti
1539 2067 1592 2113 et
1618 2057 1814 2113 coelum
1842 2055 2055 2125 rapiunt
2079 2072 2090 2106 :
2128 2062 2183 2107 et

588 2165 689 2206 nos
713 2164 835 2205 cum
882 2150 1144 2206 doctrinis
1190 2152 1389 2205 nostris
1414 2165 1540 2205 ecce
1569 2150 1657 2204 ubi
1687 2151 1739 2203 in
1793 2162 1978 2202 errore
2028 2145 2178 2199 volu-

589 2250 764 2297 tamur
788 2251 844 2297 et
900 2242 1179 2311 sanguine.
1241 2241 1495 2297 Dixerant
1546 2238 1728 2307 istud;
1774 2248 1829 2298 et
1852 2238 2052 2294 idcirco
2082 2236 2181 2307 ipsi

588 2342 772 2405 postea
802 2334 908 2389 vim
932 2333 1223 2390 intulerunt
1251 2349 1435 2404 regno.
1489 2353 1507 2385 ι

1186 2462 1476 2503 Αιιτιρυιιιε
1507 2450 1580 2501 ιιι.

591 2559 694 2627 Qui
743 2562 930 2632 fuerint
980 2560 1233 2626 Caecilius,
1286 2570 1333 2613 et
1375 2560 1634 2625 Octavius,
1687 2559 1773 2625 qui
1812 2559 1865 2614 in
1908 2558 2001 2612 Iwc
2059 2556 2186 2611 libro

1009 2654 1325 2723 disputantes
1352 2651 1757 2707 introducantur.

660 2789 798 2844 Cum
837 2787 924 2843 hic
948 2788 1080 2843 liber
1109 2788 1241 2844 nihil
1273 2787 1445 2853 aliud,
1502 2787 1575 2841 uti
1608 2786 1855 2851 vidimus,
1914 2784 2189 2839 contineat

593 2889 789 2950 prteter
832 2879 1028 2934 Caecilii
1085 2890 1140 2935 et
1188 2879 1388 2935 Octavii
1439 2878 1505 2933 de
1558 2878 1770 2933 ethnica
1798 2887 1853 2933 et
1900 2876 2188 2931 christiana

598 2973 860 3044 religione
902 2972 1284 3040 disputantium
1316 2972 1605 3041 dialogum,
1662 2986 1690 3023 a
1734 2969 1886 3023 nobis
1925 2968 2061 3022 haud
2086 2967 2188 3022 du-

599 3064 687 3119 bie
710 3063 901 3133 aliquis
931 3065 1289 3121 sciscitahitur
1315 3064 1531 3134 quinam
1561 3062 1635 3116 illi
1661 3061 1875 3115 fuerint.
1934 3058 2038 3115 Sed
2068 3059 2193 3113 huic

2281 1871 2440 1927 quam
2470 1855 2535 1910 ad
2567 1856 2735 1925 ipsum
2765 1853 3037 1908 infamiam
3068 1851 3424 1907 redundare.»

2355 1949 2616 2003 Caeterum
2651 1947 2739 2002 ille
2769 1945 3142 2017 philosophus,
3200 1943 3410 1999 videtur
3436 1950 3489 1997 et
3528 1939 3876 1996 Academico-

2284 2055 2437 2105 rum,
2505 2039 2595 2110 qui
2647 2038 2825 2094 omnia
2895 2036 3052 2092 dubia
3122 2045 3281 2107 atque
3344 2035 3583 2099 incerta,
3647 2032 3886 2100 nihilque

2284 2145 2344 2187 se
2408 2132 2546 2187 scire
2591 2131 2934 2197 asserebant,
2981 2139 3183 2186 sectam
3249 2137 3485 2184 secutus.
3560 2128 3664 2183 Sua
3736 2126 3876 2179 cnim

2284 2238 2413 2279 vero
2474 2224 2527 2278 in
2610 2224 2856 2278 oratione
2912 2238 3017 2277 non
3063 2222 3228 2287 alias,
3284 2234 3444 2290 quam
3514 2216 3881 2287 hujuscemodi

2285 2314 2577 2370 acadetnici
2622 2314 2723 2369 viri
2773 2323 2951 2385 partes
2999 2313 3135 2384 agit,
3164 2311 3241 2366 uti
3304 2310 3372 2365 ab
3404 2310 3520 2381 ipso
3560 2324 3663 2365 nou
3704 2308 3883 2363 solum

2287 2409 2430 2467 illius
2467 2407 2711 2473 exordio,
2768 2406 2862 2462 sed
2891 2407 2995 2461 fine
3031 2406 3191 2461 etiam
3224 2401 3660 2458 manifestissime
3708 2401 3882 2455 omni-

2290 2501 2393 2558 bus
2419 2510 2582 2572 patet.
2627 2500 2763 2569 Quid
2808 2514 2936 2555 vero
2961 2499 3103 2571 quod
3130 2500 3244 2570 ipse
3268 2497 3457 2553 eadem
3482 2497 3729 2551 oratione
3766 2510 3887 2566 pro—

2292 2596 2425 2652 bare
2451 2596 2635 2650 nititur
2659 2597 2920 2650 incertum
2948 2595 3170 2650 omnino
3209 2607 3349 2657 esse,
3383 2606 3483 2648 nec
3503 2591 3623 2657 sibi,
3667 2605 3766 2645 nec
3796 2590 3887 2645 ιιηί

2290 2686 2553 2742 hactenus
2600 2686 2801 2742 homini
2854 2686 3210 2757 exploratum.
3265 2692 3443 2739 utrum
3475 2698 3613 2737 unus
3644 2681 3890 2752 pluresve

2291 2778 2401 2833 sint
2441 2779 2532 2843 dii,
2562 2790 2720 2849 atque
2760 2778 2961 2834 idcirco
2981 2779 3146 2832 satius
3172 2792 3291 2834 esse
3317 2778 3367 2831 in
3397 2791 3455 2831 re
3485 2786 3589 2830 Iam
3613 2776 3772 2829 dubia
3801 2790 3888 2829 se-

2292 2872 2385 2943 qui
2432 2884 2679 2945 acceptas
2721 2890 2750 2928 a
2799 2873 3089 2944 majoribus
3128 2872 3194 2928 de
3230 2872 3417 2927 iisdem
3456 2870 3557 2925 diis
3596 2884 3890 2938 θοι-ιιιιιιμιρ

2292 2968 2433 3022 cnltn
2467 2966 2814 3022 traditiones?
2862 2966 2966 3023 Sed
2996 2966 3082 3021 ubi
3102 2964 3339 3019 veritatis
3371 2964 3548 3017 lumen
3580 2963 3628 3017 ei
3652 2961 3882 3027 affulsit,

2295 3070 2419 3115 tunc
2450 3061 2691 3131 protinus
2722 3061 3033 3130 repudiatis,
3075 3069 3131 3114 ut
3159 3058 3409 3124 vidimus,
3447 3053 3721 3111 erroribus
3748 3054 3883 3122 pris.

597 3156 828 3227 ingenue
858 3156 1302 3227 reapondebimus
1325 3156 1457 3210 nihil
1485 3155 1551 3210 de
1583 3156 1647 3210 iis
1676 3153 1897 3215 certius,
1937 3168 2094 3223 quam
2122 3168 2186 3205 ex
2215 3171 2260 3233 ρ
2298 3154 2440 3219 tinis,
2477 3155 2641 3209 Deum
2684 3170 2847 3209 unum
2878 3154 3111 3225 agnovit,
3146 3151 3503 3221 crediditque,
3547 3163 3610 3203 ac
3640 3146 3889 3203 christia-

596 3247 700 3304 hoc
721 3250 855 3304 libro
885 3263 1041 3320 posse
1068 3249 1317 3319 proferri.
1367 3248 1615 3303 Cmcilius
1639 3256 1840 3309 autem,
1861 3246 1947 3313 qui
1971 3259 2185 3299 causam

598 3351 716 3399 orat
745 3341 1105 3407 ethnicorum,
1163 3342 1232 3397 ibi
1260 3342 1366 3396 alio
1396 3341 1612 3395 nomine.
1650 3338 1857 3393 Natalis
1877 3338 1943 3391 ab
1969 3336 2189 3392 Octavio

597 3448 957 3504 nuncupatur.
1027 3455 1046 3487 ι
1088 3434 1194 3490 Nec
1249 3434 1625 3500 dissimulabo,
1682 3433 1869 3502 inquit,
1930 3432 2190 3501 principio

599 3528 671 3582 ita
696 3526 895 3582 Natalis
947 3528 1052 3582 mei
1084 3536 1372 3591 errantem,
1424 3541 1631 3596 vagam,
1684 3524 1942 3579 lubricam
1975 3533 2189 3579 nutasse

598 3618 1007 3674 sententiam...
1065 3618 1157 3673 sed
1208 3618 1259 3673 in
1314 3618 1484 3673 Natali
1541 3632 1661 3672 meo
1700 3617 1988 3671 versutiam
2043 3615 2188 3680 nolo,

604 3726 714 3766 non
743 3710 926 3775 credo,
977 3710 1162 3779 procul
1192 3711 1260 3765 ab
1280 3710 1396 3778 ejus
1425 3709 1766 3780 simplicitate
1796 3709 2005 3764 subtilis
2033 3707 2191 3762 urba-

598 3804 759 3858 nitas.
802 3821 819 3854 ι
868 3802 1071 3869 Quibus
1113 3817 1176 3856 ex
1223 3802 1402 3857 verbis
1452 3810 1713 3872 praeterea
1742 3802 2040 3872 colligimus
2068 3815 2189 3855 eum

597 3897 771 3951 virum
805 3897 1025 3962 bonum,
1059 3905 1284 3962 rectum,
1327 3896 1595 3951 sincerum
1626 3905 1680 3951 et
1710 3895 1966 3965 simplicis
1992 3894 2190 3949 verita-

599 3989 667 4044 tis
697 3989 924 4044 amicnm
954 3988 1137 4044 fuisse.

669 4085 851 4156 Neque
897 4084 1113 4139 dubium
1145 4085 1235 4138 ulli
1264 4100 1383 4139 esse
1430 4093 1625 4154 potest,
1658 4084 1785 4154 quin
1832 4082 1920 4136 ille
1961 4081 2190 4150 primum

599 4177 817 4249 quidem
844 4178 1174 4247 mancipatus
1220 4177 1376 4231 fuerit
1422 4176 1699 4246 gentilium
1727 4174 1991 4243 religioni,
2032 4187 2189 4240 quam

602 4270 741 4326 b0na
773 4270 899 4338 ﬁde,
932 4272 1161 4340 totisque
1190 4270 1388 4341 ingenii
1436 4270 1638 4323 viribus
1681 4269 1732 4321 in
1785 4268 1886 4322 hoc
1917 4267 2053 4321 libro
2092 4265 2189 4319 dc-

602 4361 823 4419 fendere
851 4364 1163 4417 connititur.
1223 4364 1285 4416 lit
1313 4377 1443 4417 vero
1473 4362 1561 4416 ubi
1591 4361 1852 4416 intellexit
1884 4376 1943 4416 se
1972 4375 2067 4429 per
2093 4358 2190 4413 Mi-

602 4454 745 4508 nucii
797 4454 934 4508 latus
952 4455 1017 4509 ab
1058 4454 1278 4508 Octavio
1305 4454 1470 4517 feriri,
1500 4454 1622 4522 quia
1651 4452 1927 4522 Serapidis
1965 4452 2189 4507 simula-

2296 3262 2417 3303 nam
2450 3249 2762 3317 religionem
2797 3247 3070 3319 professus
3111 3255 3212 3302 est.

2363 3342 2587 3409 Quidam
2620 3357 2748 3397 vero
2782 3359 2845 3397 ex
2892 3340 3182 3410 Lampridii
3216 3339 3432 3410 scriptis
3483 3337 3675 3393 confici
3732 3351 3891 3408 posse

2293 3444 2616 3506 putaverunt
2649 3436 2789 3490 hunc
2823 3434 3095 3491 Ca-ciliutn
3128 3434 3344 3488 natione
3376 3431 3583 3497 Afrum,
3616 3431 3889 3489 rhetorem

2291 3529 2643 3599 professione,
2674 3542 2737 3583 ac
2782 3527 3115 3592 Diadumcni,
3167 3528 3258 3597 qui
3304 3524 3522 3580 Macrini
3556 3525 3696 3577 filius
3744 3534 3890 3590 erat,

2292 3620 2457 3677 fuisse
2505 3631 2911 3693 praeceptorem.
2963 3621 3069 3677 Sed
3115 3621 3229 3676 haec
3248 3620 3430 3690 opinio
3461 3619 3601 3674 nulla
3635 3632 3890 3687 prorsus,

2294 3730 2393 3770 nec
2439 3730 2566 3770 vero
2614 3715 2830 3785 quidem
2879 3715 3036 3770 simili
3083 3715 3323 3779 ratione,
3392 3714 3555 3767 immo
3614 3727 3712 3765 nec
3771 3712 3893 3781 ipso

2292 3808 2451 3862 etiam
2483 3808 2701 3862 nomine
2744 3807 3011 3862 fundatur.
3057 3807 3259 3875 Quibus
3284 3806 3427 3861 enim
3456 3803 3745 3875 Lampridii
3779 3820 3900 3857 ma.

2294 3899 2595 3969 nuscriptos
2637 3899 2849 3954 codices
2900 3900 3076 3970 legere
3125 3900 3291 3961 licuit,
3339 3898 3389 3951 hi
3422 3897 3735 3952 Diadutncni
3769 3911 3897 3949 rna-

2292 3994 2516 4061 gistrum
2541 3992 2591 4045 in
2619 3992 2724 4047 illis
2753 3992 3020 4057 omnibus,
3055 4008 3225 4062 neque
3250 3991 3546 4057 Caecilium,
3574 4006 3746 4061 neque
3773 3991 3901 4045 Ca2-

2294 4082 2583 4150 cilianum,
2635 4084 2728 4138 sed
2782 4084 3072 4138 Caelianum
3122 4085 3297 4138 vocari
3353 4091 3679 4137 asseverant.
3739 4082 3906 4147 Quod

2296 4188 2428 4228 vero
2453 4174 2541 4229 alii
2587 4174 2800 4244 quidam
2828 4175 2973 4229 illum
3024 4174 3265 4229 Natalem
3320 4173 3483 4229 fuisse
3527 4175 3905 4244 suspicantur,

2294 4266 2385 4337 qui
2428 4267 2629 4322 Severo
2661 4268 2975 4337 imperante,
3000 4265 3270 4321 Christum
3298 4265 3592 4329 confessus,
3617 4265 3683 4319 ad
3709 4263 3906 4318 Theo-

2293 4359 2539 4415 dotianos
2588 4360 2867 4415 htrrcticos
2915 4368 3094 4427 postea
3125 4357 3339 4424 defecit,
3374 4358 3427 4412 hi
3456 4357 3697 4429 profecto
3742 4370 3911 4413 mera

2294 4466 2359 4507 ac
2398 4466 2617 4521 prorsus
2668 4452 2828 4506 debili
2880 4451 3206 4521 conjectura,
3262 4451 3494 4505 nominis
3543 4450 3746 4505 scilicet
3774 4450 3914 4505 sola

599 4560 773 4610 crnm,
823 4559 973 4601 more
1013 4546 1313 4616 gentilium,
1345 4547 1416 4600 nti
1464 4547 1664 4600 dictum
1695 4556 1796 4612 cst,
1841 4547 2184 4613 salutaverat,
2212 4564 2266 4624 D
2294 4542 2643 4598 similitudine
2674 4544 2929 4598 nituntur.

601 4642 749 4689 tanto
775 4635 960 4692 dolore
985 4647 1261 4707 correptus
1289 4647 1387 4703 est,
1424 4647 1477 4692 ut
1506 4638 1556 4692 in
1582 4636 1695 4691 haec
1721 4637 1953 4707 eruperit
1981 4638 2139 4693 verba
2171 4654 2184 4690 :

604 4744 624 4778 ι
673 4726 992 4783 Jamdudutn
1039 4745 1124 4784 me
1169 4728 1370 4784 Octavii
1425 4731 1587 4784 noswi
1620 4730 1812 4785 acriter
1855 4730 1998 4799 angit
2026 4740 2081 4785 et
2107 4745 2192 4785 re-

599 4820 808 4877 mordet
858 4824 1053 4887 oratio,
1088 4840 1187 4893 qua
1218 4825 1267 4877 in
1305 4834 1353 4878 te
1400 4824 1662 4890 invectus,
1702 4823 2001 4894 objurgavit
2028 4824 2194 4894 negli-

597 4914 812 4985 gentiae,
850 4925 904 4968 ttt
931 4932 1015 4970 me
1037 4916 1435 4971 dissimulanter
1454 4918 1668 4987 gravius
1692 4926 1941 4988 argueret
1967 4918 2195 4971 inscien-

600 5006 705 5059 tiae.
732 5026 751 5057 ι
777 5006 1012 5077 Denique
1026 5024 1086 5061 ca
1104 5008 1198 5061 fuit
1216 5008 1359 5062 illius
1377 5010 1611 5078 probitas
1634 5018 1686 5062 et
1704 5010 2021 5077 ingenuitas,
2044 5010 2193 5077 isque

595 5098 757 5152 animi
785 5098 1016 5165 candor,
1047 5112 1102 5153 ut
1128 5099 1329 5155 Octavii
1348 5102 1590 5155 oratione
1611 5101 1961 5155 attentissime
1990 5100 2190 5166 audita,

596 5188 794 5243 victum
832 5205 887 5245 se
912 5192 1089 5246 statim
1114 5192 1361 5262 ultroque
1391 5194 1690 5257 confessus,
1747 5193 1999 5262 pristinos
2019 5192 2193 5260 ejura-

598 5281 741 5336 verit
768 5297 985 5338 errores
1007 5325 1021 5349 ,
1065 5299 1127 5338 ac
1154 5284 1497 5339 christianum
1528 5284 1686 5341 fidem
1729 5287 2006 5354 amplexus
2029 5286 2117 5340 sit.

669 5373 803 5429 Eum
832 5390 960 5431 vero
990 5376 1160 5446 patria
1192 5376 1514 5444 Cirtenscm,
1544 5394 1638 5433 seu
1659 5378 1826 5445 Cirta,
1859 5378 2194 5433 nobilissimo

594 5463 863 5521 Numidia:
893 5470 1092 5539 oppido
1132 5470 1452 5536 oriundum,
1501 5486 1567 5527 ex
1621 5472 1703 5525 his
1758 5473 1972 5542 quidam
2016 5472 2197 5541 colligi

593 5574 757 5632 posse
804 5571 991 5630 putant
1038 5563 1181 5619 illius
1210 5566 1423 5633 verbis,
1476 5566 1667 5636 quihns
1714 5567 2040 5622 Frontonem
2085 5567 2200 5621 Cir-

595 5661 798 5709 tensem
828 5663 1094 5715 oratorem
1126 5671 1285 5714 suum
1315 5658 1543 5730 appellat
1575 5674 1587 5710 :
1624 5675 1643 5711 ι
1706 5658 1762 5715 id
1806 5659 1966 5713 etiam
1992 5657 2202 5713 Cirten-

589 5742 663 5795 sis
683 5744 853 5800 nostri
883 5748 1114 5813 testatur
1149 5749 1343 5806 oratio.
1387 5768 1406 5803 ι
1443 5746 1594 5815 Quod
1616 5754 1839 5819 quidem
1863 5749 1985 5819 quia
2014 5764 2198 5805 verum

2372 4639 2582 4693 Atvero
2612 4639 2789 4706 itaque
2828 4640 3045 4708 propius
3073 4638 3263 4693 abesse
3287 4637 3594 4703 creduntur,
3638 4636 3727 4705 qui
3766 4650 3919 4693 cum

2298 4743 2417 4784 esse
2448 4738 2693 4795 censent,
2742 4729 2830 4799 qui
2862 4729 2913 4784 in
2942 4728 3174 4784 Africam
3208 4745 3475 4796 reversus,
3512 4738 3567 4783 et
3612 4730 3924 4800 presbyter

2296 4821 2490 4877 deinde
2534 4830 2764 4881 creatus,
2820 4821 3141 4892 Cyprianum
3168 4820 3641 4892 Carthaginensem
3677 4822 3929 4891 episco-

2295 4931 2421 4987 pum
2450 4915 2515 4969 ad
2558 4915 2724 4985 ipsam
2783 4914 3128 4969 christianum
3168 4916 3475 4985 religionem
3520 4914 3759 4968 adduxit.
3834 4917 3929 4973 hc

2298 5009 2390 5065 illo
2418 5023 2646 5080 namque
2677 5008 2791 5063 haec
2829 5010 3049 5065 Pontius
3096 5009 3358 5063 Diaconus
3406 5009 3457 5063 in
3488 5007 3727 5078 ejusdem
3784 5010 3929 5082 Cy—

2295 5102 2463 5172 priani
2498 5102 2603 5155 vita
2638 5110 2819 5155 narrat
2849 5102 2868 5173 (
2902 5100 3052 5156 Pont.
3100 5100 3211 5154 Vita
3238 5099 3507 5171 Cyprian.)
3542 5117 3555 5153 :
3592 5118 3611 5151 ι
3650 5099 3786 5153 Erat
3825 5118 3939 5155 sa-

2297 5208 2365 5247 ne
2393 5192 2463 5247 illi
2489 5193 2648 5247 etiam
2675 5191 2756 5264 jde
2781 5193 2935 5248 nobis
2965 5193 3376 5248 contubernium
3407 5192 3504 5246 viri
3529 5193 3656 5263 justi
3700 5200 3753 5245 et
3786 5193 3941 5249 lau-

2296 5283 2488 5339 dabilis
2543 5287 2818 5341 memoria:
2860 5285 3085 5352 thcilii,
3136 5294 3192 5340 et
3239 5295 3395 5339 :etate
3446 5293 3653 5339 tuncet
3692 5284 3944 5343 honore

2297 5376 2621 5448 presbyteri,
2664 5378 2754 5447 qui
2797 5393 2919 5432 eum
2965 5377 3030 5430 ad
3065 5376 3389 5447 agnitionem
3434 5390 3578 5430 verte
3602 5373 3950 5435 divinitatis

2301 5484 2331 5522 a
2361 5469 2603 5523 saeculari
2641 5484 2826 5525 errore
2852 5461 3184 5524 correxera't.
3249 5468 3400 5522 llunc
3436 5477 3547 5521 toto
3584 5467 3799 5521 honore
3835 5477 3952 5524 at.-

2303 5577 2407 5631 que
2432 5561 2577 5616 omni
2608 5562 2949 5617 observantia
2993 5561 3265 5632 diligebat,
3312 5561 3629 5631 obsequenti
3677 5575 3961 5619 venera-

2303 5659 2452 5712 tione
2498 5656 2814 5727 suscipiens,
2866 5671 2971 5711 non
3009 5656 3121 5727 jam
3169 5664 3227 5709 ut
3277 5654 3505 5710 amicum
3537 5654 3730 5708 anima:
3762 5668 3963 5715 con:-

2308 5750 2551 5822 qualem,
2611 5749 2706 5805 sed
2755 5759 3023 5820 tamquam
3065 5764 3216 5805 novae
3268 5748 3392 5803 vita:
3431 5757 3728 5819 parentem.
3798 5769 3825 5801 ι
3894 5752 3964 5809 In
