4248 6264
389 368 498 425 383

1794 348 2260 414 DlSSEBTATIO.

3585 353 3694 411 386

392 487 522 541 tanti
555 491 732 540 autem
797 477 1042 537 beneficii
1096 477 1405 533 memoriam
1449 475 1751 547 Cyprianus
1806 471 1990 542 procul
2020 469 2067 527 A
2096 464 2420 521 desiderium
2453 464 2605 520 nobis
2649 464 2883 535 reliquit.
2936 481 2953 514 ι
2992 462 3377 518 Verumtamen
3410 465 3533 535 quia
3564 465 3694 520 sim-

388 579 554 635 tlubio
573 591 871 649 eognomen
889 572 1089 629 Caecilii
1130 573 1435 640 assumpsit.
1488 568 1625 638 Quid
1647 567 1809 633 enim,
1846 580 1989 633 quae-

388 688 473 739 so,
517 670 661 726 aliud
712 668 1015 739 signiﬁcant
1059 666 1173 720 hare
1213 664 1522 734 Hieronymi
1568 661 1729 715 verba
1774 657 1989 731 (Hiero-

387 783 531 839 uym.
567 766 627 819 de
655 765 848 835 Script.
882 762 1077 817 Eccles.
1106 777 1222 831 cap.
1256 759 1323 813 67
1348 761 1408 824 ):
1442 780 1459 811 ι
1499 757 1703 812 Exinde
1731 755 1989 809 suadente

389 859 705 930 presbytero
753 854 986 919 Caecilio,
1037 868 1067 907 a
1111 868 1217 920 quo
1244 860 1296 907 et
1326 861 1737 921 cognomentum
1770 846 1990 902 sortitus

387 961 500 1017 est,
574 948 913 1005 Christianus
962 945 1167 1001 factus?
1209 962 1229 997 ι
1285 942 1530 999 Caecilius
1580 955 1708 996 vero
1757 939 1987 994 vicissim

394 1052 542 1099 tanto
595 1042 923 1114 Cyprianum
978 1048 1032 1095 et
1084 1050 1269 1091 amore
1315 1044 1369 1089 et
1425 1035 1628 1089 honore
1678 1040 1991 1103 prosecutus

390 1144 491 1203 est,
526 1142 605 1200 ut,
661 1144 796 1189 teste
822 1131 998 1186 adhuc
1017 1128 1231 1191 Pontio,
1265 1127 1544 1197 conjugem
1574 1140 1723 1181 suam
1768 1135 1823 1179 et
1862 1125 1992 1179 Iibeo

400 1242 493 1284 ros
542 1227 613 1281 illi
665 1225 898 1279 moriens
951 1218 1424 1278 commendaverit.
1474 1238 1493 1271 ι
1548 1216 1825 1273 Demuisus
1876 1214 1991 1285 ejus

392 1320 683 1388 obsequiis,
709 1319 783 1371 ait
802 1315 1021 1371 Pontius
1046 1312 1225 1386 (Pent.
1253 1311 1357 1367 Vit.
1377 1309 1586 1382 Cypr.),
1611 1311 1662 1363 in
1685 1318 1889 1364 tantum
1911 1307 1991 1361 di-

393 1412 642 1469 lectionis
665 1412 939 1466 itnmensa:
961 1407 1153 1463 merito
1179 1416 1493 1475 provocatus
1518 1413 1621 1467 est,
1647 1402 1779 1458 utde
1795 1401 1991 1456 sacculo

396 1504 693 1571 excedens,
724 1500 1076 1558 accersitione
1092 1499 1202 1569 jam
1221 1498 1481 1569 proxima,
1506 1499 1905 1552 commendaret
1920 1493 1989 1547 illi

393 1598 673 1669 conjugem
704 1610 767 1650 ac
807 1595 1007 1649 liberos
1046 1608 1194 1657 suos,
1242 1601 1295 1646 et
1324 1606 1480 1661 quem
1512 1590 1709 1645 fecerat
1736 1588 1803 1643 de
1830 1596 1990 1641 sectae

396 1688 775 1744 communione
814 1684 1150 1757 participem,
1182 1681 1516 1754 postmodum
1548 1681 1746 1735 faceret
1781 1678 1990 1749 pietatis

398 1781 687 1836 ha-redem.
731 1798 749 1832 ι
785 1782 853 1833 At
878 1778 1020 1833 hunc
1040 1792 1179 1841 esse,
1213 1775 1278 1830 de
1308 1790 1414 1845 quo
1453 1776 1683 1844 agimus,
1716 1772 1989 1827 Caecilium

2095 558 2219 629 plici
2255 558 2424 613 verbo
2454 556 2713 611 discedens
2759 557 2945 621 utitur,
2978 555 3131 609 nobis
3157 554 3301 609 dictu
3332 572 3436 611 non
3462 556 3530 609 ita
3559 555 3691 610 faci-

2093 650 2144 706 le
2191 651 2420 717 videtur,
2473 659 2649 705 utrmn
2697 648 2824 703 illud
2876 648 2943 703 de
2992 647 3195 703 Octavii
3238 655 3448 714 morte,
3486 647 3573 702 vel
3626 646 3696 703 de

2095 743 2239 798 illius
2266 744 2334 797 ab
2384 744 2500 813 ipso
2543 753 2597 798 et
2652 741 2821 797 Roma
2853 740 3092 795 discessu
3143 738 3543 809 intelligendum
3598 740 3687 794 sit.

2093 835 2278 905 Neque
2313 847 2489 890 tamen
2514 836 2822 906 ignoramus
2850 833 2967 888 haec
2992 832 3153 903 priori
3183 832 3481 902 signiﬁcatu
3508 847 3539 886 a
3562 830 3692 886 doc-

2094 929 2162 982 tis
2198 928 2509 998 quibusdam
2545 929 2676 982 viris
2726 926 3003 997 explicari,
3054 925 3194 980 haud
3223 925 3385 980 dubie
3438 924 3692 995 quoniam

2094 1020 2356 1076 Minucius
2405 1021 2636 1090 adjecit:
2674 1040 2691 1073 t
2737 1021 3062 1076 Immensum
3110 1020 3195 1075 sui
3225 1019 3551 1075 desiderium
3596 1035 3695 1074 no-

2093 1113 2176 1169 bis
2208 1115 2440 1185 reliquit.
2502 1133 2521 1167 ι
2570 1116 2638 1169 At
2667 1126 2814 1170 certe
2863 1123 3039 1168 utrum
3082 1113 3151 1169 de
3179 1115 3295 1168 viro
3316 1113 3416 1167 sibi
3464 1113 3694 1183 conjun-

2094 1207 2331 1261 ctissimo
2356 1216 2411 1262 et
2439 1207 2788 1273 amicissimo,
2820 1222 3049 1276 quocum
3074 1222 3174 1260 una
3200 1206 3300 1275 ipsi
3324 1214 3441 1261 erat
3468 1220 3620 1260 mens
3641 1212 3696 1261 et

2094 1296 2293 1363 anima,
2334 1299 2529 1368 quique
2551 1298 2710 1368 longo
2735 1309 2996 1353 terrarum
3021 1297 3300 1352 intervallo
3325 1296 3435 1366 jam
3464 1311 3493 1350 a
3521 1312 3581 1350 se
3608 1310 3695 1351 se-

2095 1398 2309 1457 paratus
2336 1398 2471 1451 erat.
2512 1389 2695 1443 dicere
2746 1389 2797 1443 id
2844 1389 2936 1445 ille
2974 1406 3079 1444 non
3137 1391 3390 1458 potuerit,
3422 1397 3571 1443 tuum
3596 1388 3689 1457 sit,

2095 1481 2266 1536 lector
2294 1483 2525 1548 erudite,
2552 1482 2835 1552 judicium.

2166 1574 2390 1644 Quoquo
2419 1586 2597 1630 autem
2641 1574 2805 1629 modo
2860 1590 2946 1630 res
2988 1590 3048 1630 se
3100 1573 3311 1643 habeat,
3366 1590 3470 1631 non
3498 1575 3696 1632 desunt

2094 1664 2345 1732 quidam,
2423 1667 2513 1735 qui
2576 1667 2913 1735 suspicantur
2961 1666 3236 1721 Octavium
3302 1677 3357 1722 et
3425 1668 3696 1724 Caecilium

2096 1755 2252 1811 fictos
2301 1767 2722 1827 personatosque
2775 1773 2896 1813 esse
2946 1758 3213 1825 homines,
3250 1760 3338 1829 qui
3385 1776 3415 1814 a
3467 1760 3696 1817 Minucio

395 1874 518 1930 inde
582 1871 719 1927 haud
755 1872 935 1940 inepte
981 1868 1283 1926 conﬁrmari
1328 1868 1681 1934 arbitrantur,
1735 1866 1873 1937 quod
1903 1880 1991 1920 ea-
2021 1859 2070 1921 Β
2099 1858 2285 1905 nostro
2320 1849 2371 1903 iu
2413 1849 2515 1905 hoc
2553 1850 2690 1905 libro
2732 1851 3063 1920 disputantes
3099 1852 3525 1909 iutroducuntur.
3590 1853 3697 1910 Sed

398 1966 523 2022 dem
549 1965 703 2021 fuerit
732 1964 888 2033 hujus
924 1972 977 2018 et
1005 1961 1256 2033 Cypriani
1290 1970 1440 2025 retas,
1489 1971 1651 2030 atque
1679 1959 1887 2024 eadem,
1917 1960 1992 2014 uti

396 2068 639 2132 apparet,
680 2057 871 2129 patria,
904 2058 955 2113 in
982 2072 1141 2128 quam
1170 2055 1414 2111 Caecilius
1442 2065 1561 2124 post
1584 2054 1764 2109 datum
1794 2052 1993 2108 Christi

395 2168 590 2207 nomen
633 2151 877 2206 redierat.
933 2149 1047 2204 Huc
1087 2148 1312 2210 accedit,
1341 2148 1482 2218 quod
1513 2147 1682 2216 plura,
1705 2147 1771 2202 de
1798 2147 1993 2217 quibus

394 2259 493 2299 nos
544 2242 781 2306 inferius,
838 2242 1061 2312 hujusce
1101 2240 1218 2296 libri
1272 2239 1590 2311 fragmenta,
1630 2240 1850 2296 totidem
1873 2256 1993 2295 ver-

394 2337 477 2393 bis
528 2336 866 2406 transcripsit
916 2334 1237 2406 Cyprianus.
1316 2332 1512 2387 Verum
1577 2332 1789 2387 etiamsi
1849 2332 1993 2387 hisce

396 2430 661 2485 rationum
717 2428 1003 2483 momentis
1058 2414 1183 2481 huic
1240 2422 1487 2495 opinioni
1547 2423 1676 2477 nihil
1724 2438 1989 2493 repugna-

395 2538 454 2577 re
481 2523 827 2593 probaveris;
872 2517 1072 2575 nemini
1114 2528 1289 2573 tamen
1319 2532 1567 2587 umquam
1618 2514 1990 2584 persuadebis,

392 2614 590 2685 aliquid
621 2628 838 2684 prorsus
862 2612 992 2667 certi
1021 2618 1073 2665 et
1118 2607 1402 2664 indubitati
1446 2620 1608 2678 posse
1638 2621 1701 2659 ex
1732 2606 1809 2660 eis
1857 2619 1992 2658 eou-

396 2708 559 2764 cludi.

394 2809 401 2861 ς
468 2799 719 2855 Octavius
758 2813 909 2863 vero,
944 2797 1033 2868 qui
1060 2804 1115 2851 et
1159 2794 1442 2850 Januarius
1482 2808 1511 2847 a
1538 2791 1754 2847 C:ecilio
1790 2805 1992 2860 cogno-

396 2891 654 2957 minatur,
685 2889 766 2944 vir
796 2888 913 2953 fuit,
964 2896 1020 2942 ut
1066 2887 1140 2941 ait
1166 2885 1446 2951 Minucius,
1494 2884 1729 2939 eximius
1756 2891 1811 2937 et
1863 2897 1989 2936 san-

398 2993 537 3049 ctus,
585 2984 789 3054 ipsique
836 2981 1212 3035 amicissimus.
1276 2977 1345 3032 Et
1394 2985 1543 3031 certe
1599 2985 1744 3030 tanto
1773 2984 1994 3044 uterque

399 3078 452 3134 in
480 3094 540 3133 se
562 3077 785 3132 invicem
810 3089 998 3129 amore
1016 3071 1293 3143 flagrabat,
1323 3088 1341 3120 ι
1376 3079 1432 3124 ιιι
1457 3068 1703 3125 crederes
1731 3082 1889 3120 unam
1920 3106 1934 3130 ,
1969 3086 1986 3118 ι

396 3172 570 3241 inquit
624 3169 762 3225 idem
822 3165 1102 3231 Minucius,
1139 3182 1158 3215 ‹
1210 3171 1443 3217 mentem
1491 3161 1542 3214 in
1574 3158 1783 3213 duobus
1827 3158 1994 3213 fuisse

398 3264 646 3320 divisam.
680 3282 699 3315 ›
738 3259 974 3329 Uterque
1025 3260 1207 3323 etiam,
1258 3264 1316 3309 ut
1353 3254 1751 3316 aunotavimus,
1799 3265 1993 3305 eausa-
2021 3250 2067 3313 Ο

399 3373 518 3412 rum
560 3355 734 3411 fuerat
778 3361 1038 3423 patronus
1082 3358 1138 3404 et
1187 3344 1453 3407 ethnicus,
1503 3354 1556 3399 et
1603 3343 1762 3398 ambo
1812 3342 1992 3407 simul,

399 3450 607 3519 ejurato
662 3445 826 3514 itnpio
870 3441 1146 3513 gentilium
1199 3439 1364 3504 cultu,
1414 3436 1722 3492 chriSIianxe
1752 3434 1996 3505 religioni

401 3540 589 3596 initiati
636 3545 781 3592 sunt.
842 3534 994 3590 Tunc
1031 3541 1209 3588 autem
1261 3531 1513 3585 Octavius
1540 3529 1756 3583 Minucii
1800 3527 1997 3583 ﬁdelis-

403 3633 589 3695 simus,
624 3631 692 3685 ita
733 3629 878 3684 enim
908 3625 1173 3681 Minucius
1196 3624 1310 3693 ipse
1340 3622 1594 3691 loquitur,
1628 3619 1996 3675 contuberna-

402 3726 469 3781 lis
494 3733 630 3789 erat,
680 3722 730 3777 id
762 3730 863 3786 est,
904 3719 1091 3775 Romae
1116 3732 1236 3773 cum
1269 3732 1332 3771 eo
1362 3714 1813 3770 cotmnorabatur.
1866 3711 1995 3767 lude

402 3827 589 3889 postea
620 3815 779 3871 rediit
809 3815 859 3871 in
892 3813 1136 3884 patriam,
1184 3808 1632 3878 matrituonioque
1668 3807 1739 3861 ibi
1778 3805 1996 3876 copula-

405 3916 516 3975 tus,
574 3907 748 3978 plures
796 3906 995 3960 liberos
1045 3902 1304 3972 suscepit.
1365 3900 1469 3956 Sed
1520 3900 1552 3953 ii
1599 3898 1775 3953 adhuc
1824 3898 1998 3951 infan-

402 4001 567 4066 tibus,
616 4009 670 4056 et
716 3999 991 4055 dimidiata
1048 3996 1211 4052 verba
1254 3993 1577 4050 teutantibus
1621 3991 1844 4057 relictis,
1895 3989 1999 4044 Ro-

401 4110 544 4151 mam
593 4094 789 4164 negotii
836 4100 891 4148 et
920 4089 1126 4146 visendi
1149 4087 1362 4144 Minucii
1391 4085 1559 4157 gratia
1608 4084 1800 4140 iterum
1835 4082 1996 4147 venit,

401 4186 489 4241 ubi
515 4200 729 4242 summo
758 4200 880 4239 cum
917 4182 1112 4253 gaudio
1155 4181 1223 4236 ab
1262 4178 1354 4234 illo
1380 4185 1641 4246 exceptus
1666 4184 1768 4230 est.
1820 4173 2000 4228 Pieta-

402 4288 510 4335 tem
543 4294 671 4335 vero
708 4277 1158 4344 sanctitatemque
1187 4275 1303 4343 ejus
1333 4272 1463 4325 satis
1494 4266 1822 4338 patefaciunt
1848 4280 2000 4320 men-

407 4374 475 4429 tis
501 4374 662 4428 ardor
688 4380 742 4427 et
770 4371 1027 4436 studium,
1066 4384 1173 4438 quo
1201 4367 1251 4421 in
1276 4364 1556 4436 gentilium
1587 4360 1999 4432 superstitiones

403 4477 609 4537 raptus,
643 4462 941 4531 Caecilium,
995 4470 1153 4531 atque
1179 4459 1341 4514 etiam
1392 4458 1563 4527 ipsum
1597 4453 1903 4515 Minucium,
1934 4452 2002 4507 ob

403 4558 677 4613 adoratam
718 4557 786 4611 ab
812 4556 924 4618 illo,
976 4553 1113 4609 sicut
1154 4551 1405 4615 vidimus,
1454 4548 1727 4617 Serapidis
1769 4545 1999 4615 efﬁgiem

404 4657 513 4704 tam
579 4648 777 4703 acriter
847 4644 1143 4715 castigavit.

404 4744 465 4798 ni
527 4752 767 4810 tempore
824 4738 1083 4811 quosdam
1148 4737 1200 4791 in
1259 4734 1436 4791 Africa
1504 4733 1747 4788 extitisse
1795 4730 2003 4800 episcoo

406 4851 544 4908 pos,
587 4850 810 4907 quorum
876 4848 1013 4887 ttuus
1068 4829 1302 4895 Natalis,
1356 4828 1493 4882 alter
1540 4841 1670 4882 vero
1720 4825 2004 4882 Janttarius

405 4929 725 4999 appellatur.
800 4926 907 4983 Sed
970 4923 1187 4980 eosdem
1250 4921 1369 4976 illos
1424 4935 1576 4987 esse,
1642 4919 1730 4990 qui
1796 4919 1847 4974 in
1906 4917 2008 4971 hoc

406 5021 621 5078 Minucii
693 5019 828 5075 libro
886 5018 1179 5087 disputant,
1236 5014 1557 5085 quicumque
1610 5010 1875 5076 dixerint,
1952 5009 2008 5063 hi

408 5115 557 5171 nulla
605 5126 825 5182 prorsus
870 5110 955 5166 vel
996 5108 1215 5165 minima
1266 5106 1473 5162 ratione
1522 5103 1670 5167 fulti,
1727 5118 1824 5173 pro
1855 5101 2009 5157 libito

408 5206 755 5263 divinabunt.

482 5298 655 5353 Porro
680 5305 857 5351 autem
874 5295 1134 5351 Minucius
1159 5293 1381 5363 hujusce
1408 5289 1529 5345 libri
1562 5288 1718 5344 initio
1747 5288 2014 5358 significa-

409 5406 471 5449 re
524 5390 739 5446 videtur
781 5388 1061 5445 Octavium
1089 5402 1155 5441 ex
1198 5385 1297 5439 hac
1337 5382 1441 5437 vita
1483 5380 1814 5451 migravisse,
1846 5393 2015 5448 quan-

411 5485 485 5541 do
537 5483 845 5540 ltuucillius
894 5496 1016 5537 cum
1071 5478 1286 5535 Carcilio
1338 5474 1605 5544 dialogum
1646 5471 1864 5541 scriptis
1906 5480 2013 5523 tra-

413 5578 569 5635 didit.
646 5578 817 5646 Quam
849 5586 994 5648 grata
1019 5573 1215 5630 etenim
1242 5569 1340 5625 sibi
1374 5578 1517 5623 esset
1568 5566 1709 5620 illius
1737 5564 2013 5629 memoria,

415 5684 790 5743 quantumque
836 5670 1043 5725 intimis
1070 5667 1180 5722 suis
1234 5660 1481 5719 sensibus
1545 5658 1633 5713 ille
1708 5656 2017 5724 inhaereret,

422 5763 499 5820 ibi
558 5764 819 5834 explicat,
875 5762 1234 5830 continuoque
1281 5752 1471 5808 addit:
1514 5769 1531 5803 ‹
1599 5748 1707 5805 Nec
1759 5749 2022 5805 immerito

414 5856 705 5920 discedens
757 5856 839 5911 vir
894 5853 1121 5913 eximius
1169 5858 1224 5908 et
1273 5856 1511 5912 sanctus,
1562 5843 1881 5900 immensum
1940 5842 2021 5898 sui

2106 1944 2191 1999 isti
2224 1957 2437 2012 quoque
2489 1942 2688 1997 nullam
2720 1944 2939 1997 omnino
2987 1942 3309 2012 conjecturae
3361 1959 3473 1998 Sute
3521 1946 3698 2015 profe—

2097 2046 2222 2091 runt
2253 2036 2333 2090 vel
2382 2034 2707 2089 levissimam
2752 2036 3235 2090 confirmationem.
3312 2035 3489 2091 Nescii
3536 2053 3697 2106 porro

2097 2144 2203 2183 non
2250 2142 2435 2181 sumus
2463 2126 2659 2197 saepius
2688 2142 2719 2180 a
2774 2128 2934 2181 variis
2977 2127 3347 2198 scriptoribus,
3399 2144 3467 2184 ex
3502 2129 3698 2200 quibus

2097 2217 2235 2273 hanc
2255 2226 2443 2272 auctor
2472 2227 2657 2272 noster
2686 2217 2878 2287 dialogi
2913 2215 3141 2272 formam
3171 2218 3334 2273 dubio
3364 2220 3545 2287 procul
3576 2237 3665 2275 mu
3684 2250 3697 2259 -

2097 2318 2275 2364 tuatus
2301 2320 2403 2375 ρει,
2448 2310 2559 2363 suis
2606 2310 2656 2363 in
2709 2309 2859 2363 libris
2890 2310 3173 2365 simulatos
3216 2310 3523 2380 hujusmodi
3553 2314 3697 2368 viros

2102 2406 2302 2460 induci.
2350 2405 2420 2459 At
2472 2403 2631 2474 hujus
2682 2403 2913 2458 ﬁctionis
2943 2415 3036 2459 aut
3084 2407 3353 2475 expreSsis
3387 2410 3699 2479 plerumque

2097 2496 2274 2552 verbis
2317 2496 2669 2565 lectoresipsi
2688 2510 2816 2550 suos
2839 2495 3148 2562 admonent,
3192 2508 3283 2552 aut
3319 2498 3370 2553 id
3399 2516 3465 2555 ex
3510 2516 3697 2556 eorum

2097 2604 2346 2645 sermone
2377 2588 2531 2643 facile
2558 2587 2895 2659 intelligitur.
2930 2590 3125 2643 Contra
3150 2606 3278 2644 vero
3300 2592 3350 2644 in
3382 2591 3482 2648 hoc
3511 2603 3696 2650 aucto-

2097 2684 2173 2737 ris
2199 2682 2366 2736 nostri
2398 2680 2533 2735 libro
2556 2682 2687 2736 nihil
2715 2682 3002 2752 quidquam
3029 2684 3300 2750 occurrit,
3340 2700 3447 2753 quo
3476 2702 3575 2741 nec
3611 2702 3698 2742 ve-

2098 2788 2187 2829 ros
2216 2772 2461 2828 homines
2486 2772 2810 2843 disputasse,
2858 2789 2956 2828 nec
2997 2788 3060 2828 ea
3105 2774 3304 2838 omnia,
3330 2791 3451 2845 qua:
3477 2792 3699 2830 narran-

2100 2875 2202 2934 tur,
2228 2883 2351 2921 vera
2380 2865 2513 2922 esse'
2537 2866 2838 2923 credamus.
2882 2865 3148 2922 Caeterum
3172 2868 3429 2940 quidquid
3456 2884 3516 2924 ea
3542 2868 3608 2923 de
3638 2885 3699 2925 rc

2098 2958 2317 3019 dixeris.
2354 2960 2556 3030 integra
2599 2975 2831 3028 semper,
2883 2970 2935 3013 et
2957 2960 3198 3029 ejusdem
3248 2962 3501 3031 ponderis
3540 2972 3699 3018 erunt

2096 3050 2307 3105 Minucii
2344 3062 2528 3107 contra
2551 3052 2824 3122 gentilium
2849 3053 3005 3119 ritus,
3046 3068 3108 3108 ac
3137 3067 3233 3124 pro
3261 3053 3567 3110 christiana;
3612 3071 3698 3110 re-

2097 3144 2309 3214 ligionis
2340 3146 2655 3202 defensione
2684 3156 3018 3217 argumenta.

2729 3280 2957 3339 CAPUT
2997 3282 3061 3337 ll.

2100 3411 2166 3451 DE
2228 3411 2386 3451 HUIUS
2417 3412 2554 3451 LIBRI
2607 3410 2819 3461 ΕΤΑΤΕ,
2866 3412 3050 3461 ετγιο,
3093 3414 3309 3466 τιτυιο,
3355 3415 3697 3471 ΛΚϐυΗΕΝΤΟ,

2173 3503 2532 3555 DIVISIONIBUS,
2564 3505 2945 3546 HANUSCRIPTIS
2994 3505 3287 3559 CODICIBUS,
3322 3510 3389 3548 ΕΤ
3434 3510 3701 3551 EDITIONI-

2173 3597 2301 3645 BUS,
2353 3598 2419 3636 DE
2459 3596 2733 3637 VABIORUM
2788 3598 2839 3637 IN
2893 3598 3002 3639 EUM
3062 3599 3576 3652 OBSERVATIONIBUS,
3634 3603 3701 3643 DE

2173 3689 2466 3728 CORRUPTIS
2517 3690 2685 3750 LOCIS,
2747 3690 2815 3729 ET
2863 3693 2986 3739 QUID
3028 3692 3274 3734 MINUCIUS
3322 3695 3392 3733 EX
3420 3695 3573 3750 Αιιις,
3631 3696 3701 3735 ΕΤ

2176 3783 2312 3823 ALllS
2348 3784 2420 3823 ex
2460 3783 2575 3825 IPSO
2609 3748 3022 3825 astipulantur.

2613 3920 2906 3961 ARTICULUS
2944 3918 3155 3959 PRIMUS.

2391 4035 2505 4103 Quo
2528 4045 2751 4107 tempore
2783 4038 2863 4091 hic
2891 4037 3016 4092 liber
3055 4039 3220 4093 editus
3245 4040 3417 4108 fuerit.

2184 4170 2301 4238 Quo
2348 4176 2592 4239 tempore
2636 4169 2765 4224 illud
2813 4170 3009 4225 Czrcilii
3035 4180 3089 4225 et
3135 4170 3338 4226 Octavii
3379 4170 3703 4241 colloquium

2117 4262 2313 4318 litteris
2341 4262 2603 4318 Minucius
2657 4264 3011 4330 mandaverit,
3045 4265 3097 4319 in
3117 4280 3362 4335 eamque,
3406 4280 3563 4336 quam
3598 4281 3705 4336 pra:

2105 4370 2166 4413 se
2197 4355 2317 4422 fert,
2368 4355 2491 4410 libri
2518 4355 2741 4411 formam
2786 4357 3070 4427 redegerit,
3109 4372 3196 4413 res
3240 4358 3477 4414 estinter
3503 4357 3705 4413 doetis-

2105 4449 2271 4503 sitnos
2299 4447 2455 4517 hujus
2499 4449 2675 4503 aetatis
2723 4449 3017 4520 scriptores
3057 4458 3422 4505 controversa.
3478 4450 3705 4517 Quidam

2106 4542 2249 4597 enim
2275 4540 2416 4596 hunc
2444 4540 2637 4595 librum
2666 4556 2693 4594 a
2722 4540 2954 4596 Minucio
2979 4542 3118 4597 circa
3146 4558 3344 4597 annum
3366 4541 3564 4597 Christi
3598 4542 3703 4598 160

1227 4643 1438 4698 Scimus
1502 4639 1717 4709 quidem
1782 4637 2082 4709 Cypria-D
2108 4634 2367 4703 scriptum
2407 4633 2569 4688 fuisse
2599 4633 2907 4703 opinantur.
2959 4632 3067 4689 Sed
3091 4634 3143 4689 hi
3170 4636 3313 4689 nulla
3354 4634 3455 4690 alia
3497 4635 3703 4691 ducun-

2107 4737 2194 4783 tur
2224 4729 2463 4795 ratione,
2513 4742 2673 4799 quam
2706 4728 2828 4797 quia
2877 4728 2929 4781 iu
2960 4728 3198 4782 animum
3241 4729 3339 4784 sibi
3385 4729 3713 4785 induxerunt

2107 4821 2437 4879 Frontonem
2454 4821 2756 4877 Cirtensem
2778 4829 3067 4887 oratorem,
3094 4836 3251 4889 quem
3272 4819 3339 4873 M.
3379 4820 3581 4875 Aurelii
3611 4820 3709 4875 itu—

2109 4915 2369 4985 pcratoris
2398 4915 2709 4985 magistrum
2746 4911 2949 4974 dicunt,
2984 4913 3085 4968 hoc
3113 4913 3167 4966 in
3193 4912 3329 4966 libro
3370 4912 3542 4968 citari.
3604 4914 3711 4970 Sed

2115 5009 2379 5065 incertum
2427 5008 2648 5063 omnino
2672 5016 2755 5063 est
2775 5022 2842 5060 an
2886 5006 3086 5062 Fronto
3118 5021 3145 5059 a
3189 5005 3421 5060 Minucio
3464 5007 3712 5061 laudatus

2114 5101 2317 5157 Aurelii
2360 5116 2545 5156 revera
2585 5099 2745 5154 fuerit
2768 5107 3083 5169 praeceptor.
3140 5098 3343 5154 Deinde
3372 5100 3497 5169 quid
3529 5100 3708 5169 prohi-

2117 5194 2226 5257 bet,
2273 5193 2559 5263 quominus
2609 5192 2834 5257 Fronto,
2877 5199 3033 5246 antea
3065 5199 3330 5257 mortuus,
3383 5191 3450 5247 ab
3494 5200 3715 5249 auctore

2118 5294 2312 5342 nostro
2337 5284 2676 5354 postmodum
2706 5284 2855 5339 citari
2887 5284 3155 5353 potuerit?
3187 5284 3422 5355 Denique
3454 5285 3717 5358 llierony.

2119 5392 2238 5432 mus
2263 5377 2314 5430 in
2343 5375 2601 5446 Catalogo
2646 5377 2981 5446 Scriptorum
3012 5376 3512 5433 Ecclesiasticorum
3556 5379 3718 5443 (llic-

2120 5486 2322 5540 ronym.
2357 5467 2590 5538 Catalog.
2636 5467 2664 5539 §
2719 5468 2790 5523 55
2814 5466 3015 5538 81584)
3054 5468 3404 5537 Tertulliano,
3436 5487 3592 5542 quem
3624 5474 3721 5530 Se-

2123 5577 2249 5617 vero
2276 5574 2323 5616 et
2349 5560 2620 5633 Caraealla
2651 5561 3034 5631 imperantibus
3060 5576 3332 5631 regnasse,
3360 5565 3495 5618 sicut
3526 5575 3581 5619 et
3606 5566 3719 5634 alii,

2124 5653 2393 5727 perhibet,
2448 5653 2606 5725 longe
2660 5654 3015 5724 antiquiorem
3066 5668 3225 5724 quam
3268 5653 3499 5711 Minucio
3544 5656 3719 5712 locum

2125 5746 2384 5815 assignat.

2189 5838 2415 5907 Quidam
2445 5855 2475 5895 e
2512 5841 2783 5897 contrario
2832 5840 3032 5913 Opinati
3060 5850 3184 5899 sunt
3214 5838 3504 5899 Minucium
3546 5849 3726 5916 poste-
