4230 6242
591 273 698 336 ’587

1881 273 1966 336 DE
2007 266 2267 335 MlNUCll
2301 269 2603 332 OCTAVIO

3801 281 3907 340 388

593 395 790 450 riorem
830 406 948 447 esse
975 387 1262 463 Cypriane,
1289 392 1378 462 qui
1409 405 1550 446 anno
1575 391 1775 448 Christi
1805 391 1909 451 258
1929 395 2185 467 martyrio
2213 394 2266 452 A
2291 400 2342 446 et
2373 389 2641 445 Adrianus
2667 388 2935 461 cogitasse
2966 385 3156 457 fertur,
3201 389 3292 460 qui
3325 390 3522 461 templa
3553 391 3606 446 in
3649 395 3905 451 omnibus

594 489 759 542 vitam
802 485 989 540 linivit.
1031 483 1387 556 Hieronymus
1429 486 1610 552 enim,
1667 487 1942 558 inquiunt,
1998 491 2051 544 in
2104 506 2199 546 sua

603 578 866 633 adversus
887 575 1224 631 devinianum
1261 579 1535 648 Apologia,
1572 579 1682 634 sive
1704 581 1768 633 ad
1799 581 2196 637 l‘amtnachium

593 669 847 740 Epistola,
869 665 1153 723 Minucium
1184 679 1424 724 nostrum
1455 671 1838 740 postenmdrm
1861 671 2194 745 Cyprianum

595 764 916 819 nominavit.
984 763 1108 817 lnde
1153 773 1330 818 autem
1380 763 1488 819 duo
1542 767 1727 822 confici
1776 783 1933 837 posse
1978 777 2193 838 putant,

591 869 654 911 ac
679 855 853 926 primo
881 855 1118 924 quidem,
1147 857 1212 911 ab
1241 857 1356 926 ipso
1384 856 1633 923 Minucio,
1666 857 1834 914 ubide
1865 859 2198 916 Christiano-

590 967 708 1006 rum
729 947 1283 1020 vexationedisptttat,
1311 951 1380 1006 ibi
1430 953 1714 1008 excitatam
1761 970 1790 1008 a
1833 955 1994 1009 Det-io
2022 954 2196 1025 Impe-

591 1054 772 1102 ratore
827 1042 1256 1112 persecutionem
1288 1041 1550 1099 indicari:
1600 1045 1856 1111 seettndo,
1907 1045 2194 1101 Minucium

591 1139 693 1195 hoc
739 1141 790 1193 in
835 1135 972 1192 libro
999 1135 1148 1208 plura
1191 1151 1255 1192 ex
1306 1139 1556 1209 Cypriani
1596 1139 1866 1196 delibasse
1916 1155 2194 1196 commen-

591 1233 898 1289 tationibus.

667 1327 868 1383 Verum
901 1335 1009 1384 tota
1044 1327 1159 1384 haec
1198 1328 1586 1399 argumentatio
1618 1327 1668 1380 in
1700 1325 1812 1380 sola
1852 1325 2038 1380 nititur
2070 1325 2194 1381 Hie-

587 1425 798 1494 ronymi
830 1425 1111 1493 Apologia.
1155 1423 1260 1480 Sed
1309 1423 1379 1478 ibi
1415 1423 1504 1476 ille
1534 1423 1711 1474 varios
1754 1421 2057 1488 Scriptores
2091 1435 2188 1490 ap-

588 1515 840 1586 pellando
867 1559 881 1583 ,
927 1527 1227 1587 temporum
1281 1532 1386 1571 non
1417 1514 1656 1586 sequitur
1693 1516 1956 1569 ordinem.
1990 1513 2190 1568 Everso

585 1609 745 1680 igitur
774 1610 932 1680 hujus
961 1611 1230 1677 opinionis
1275 1607 1639 1672 fundamento,
1677 1608 1788 1675 ipsa
1819 1617 2032 1677 quoque
2070 1613 2190 1660 ruat

587 1719 809 1759 necesse
838 1712 938 1759 est.
970 1702 1152 1772 Neque
1190 1702 1351 1758 etiam
1407 1699 1670 1754 Minucius
1722 1693 1787 1752 de
1816 1697 2188 1768 persecutione

2303 484 2608 538 civitatibus
2634 483 2751 537 sine
2774 481 3076 537 simulacris
3123 483 3356 552 iusserat
3385 484 3522 540 ﬁeri.
3559 504 3577 537 ι
3610 485 3904 557 (Lamprid.

2300 577 2354 631 in
2387 575 2501 630 Vita
2530 577 2676 631 Alex.
2712 576 2833 631 Seu.
2891 586 3004 646 post
3053 576 3214 649 tired.)
3245 577 3532 632 Christiani
3567 579 3726 649 igitur
3751 582 3906 638 obla-

2305 680 2411 725 tam
2469 671 2567 725 sibi
2608 669 2918 726 Alexandro
2957 672 3303 726 construendi
3358 673 3617 727 ecclesias
3667 676 3908 731 oceasio-

2303 781 2423 820 nem
2452 766 2636 835 procul
2665 765 2826 819 dubio
2869 781 2976 818 non
3014 765 3334 819 amiserunt.
3381 765 3488 821 Sed
3537 783 3653 831 cur,
3695 783 3901 837 quaeso,

2299 859 2477 914 datam
2505 860 2605 913 sibi
2639 860 2789 929 prius
2819 859 2886 914 ab
2909 859 3168 926 Adriano,
3203 860 3276 914 uti
3301 861 3497 915 ibidem
3531 872 3714 917 narrat
3743 864 3904 920 Lam-

2300 951 2526 1021 pridius.
2549 951 2780 1004 similem
2805 951 3147 1006 occasionem
3182 952 3529 1008 amisissent?
3555 953 3714 1008 Nutat
3746 957 3903 1026 igitur

2299 1041 2415 1095 haec
2444 1042 2860 1111 argumentatio,
2898 1041 3139 1114 nihilque
3168 1057 3236 1098 ex
3263 1059 3326 1099 ea
3357 1044 3490 1100 certi
3518 1048 3740 1103 omnino
3767 1066 3902 1104 con-

2297 1132 2382 1188 ﬁci
2415 1144 2612 1204 potest.

2369 1225 2574 1296 Urgent
2595 1236 2773 1282 tamen
2803 1227 3077 1282 Caecilium
3118 1229 3373 1284 audacter
3409 1231 3710 1288 asseruisse
3738 1230 3899 1288 Chri-

2295 1321 2500 1376 stianos
2529 1337 2591 1376 ex
2621 1323 2810 1377 ultima
2851 1322 2982 1378 l'a'ce
3033 1323 3207 1392 plebis
3250 1322 3417 1380 fuisse
3463 1324 3729 1404 homines,
3756 1344 3903 1382 sunt-

2297 1414 2506 1483 misque
2535 1417 2767 1470 miseriis
2811 1431 2874 1470 ac
2903 1424 3216 1486 paupertate
3266 1416 3464 1486 ubique
3491 1433 3797 1487 oppressos.
3834 1424 3902 1476 At

2295 1504 2398 1562 hoc
2425 1509 2530 1562 dici
2563 1523 2667 1562 non
2699 1509 2903 1578 potuit,
2950 1511 3052 1564 nisi
3089 1510 3246 1578 paulo
3287 1521 3415 1566 ante
3453 1511 3734 1581 imperium
3771 1516 3901 1570 Alc-

2294 1599 2483 1654 xandri
2520 1597 2741 1666 Severi,
2771 1601 2926 1668 cujus
2969 1601 3223 1670 palatium
3269 1601 3590 1658 Christianis
3633 1605 3898 1672 repletum

2291 1702 2428 1757 erat,
2463 1695 2551 1763 qui
2598 1695 2759 1748 vitam
2788 1693 2973 1763 procul
3009 1693 3170 1749 dubio
3201 1695 3250 1749 in
3299 1697 3522 1751 suimnis
3566 1697 3799 1753 miseriis
3836 1712 3900 1755 ac

587 1793 814 1852 Deciana
835 1838 849 1859 ,
884 1789 976 1849 sed
1007 1796 1108 1847 alia
1136 1791 1437 1863 antiquiore
1459 1791 1603 1861 loqui
1636 1790 1862 1844 videtur.
1893 1787 2192 1860 Cyprianus
2222 1785 2269 1847 B
2300 1796 2615 1856 paupertate
2642 1801 2746 1840 non
2775 1785 3024 1854 agebant.

587 1889 747 1945 etiam
796 1903 892 1942 sua
921 1904 952 1942 a
978 1885 1210 1940 Minucio
1235 1928 1249 1949 ,
1302 1887 1476 1956 potius
1516 1898 1675 1954 quam
1721 1877 1983 1937 Minucius
2021 1881 2088 1936 ab
2123 1895 2188 1936 eo

585 1979 725 2033 haud
757 1977 918 2033 dubie
945 1977 1235 2047 excerpsit.

655 2069 1017 2137 Quamobrem
1065 2068 1156 2122 alii
1183 2076 1405 2123 censent
1459 2066 1600 2121 hunc
1640 2063 1852 2120 Minucii
1904 2065 2072 2120 nostri
2119 2065 2184 2119 li-

585 2165 740 2220 brum
764 2163 966 2218 editum
1009 2163 1176 2217 fuisse
1203 2163 1357 2217 initio
1385 2161 1524 2216 tertii
1551 2158 1805 2214 Ecclesim
1832 2158 2034 2220 saeculi,
2065 2171 2184 2213 cum

582 2266 710 2328 post
757 2255 879 2311 data
921 2272 949 2310 a
1002 2255 1204 2310 Severo
1248 2254 1572 2324 imperatore
1616 2251 1828 2318 edicta,
1859 2252 2088 2323 gentiles
2135 2253 2185 2305 in

579 2348 918 2404 Christianos
957 2347 1269 2404 sarviebant.
1299 2345 1432 2401 Nam
1461 2345 1821 2416 Hieronymus
1851 2345 1903 2398 in
1931 2345 2185 2414 Catalogo

581 2439 916 2511 Scriptorum
946 2437 1448 2493 Ecclesiasticorum
1495 2433 1689 2507 (Idem,
1719 2435 1953 2507 Catalog.
1988 2436 2181 2506 Script.

579 2530 780 2586 Eccles.
830 2531 858 2603 §
893 2529 962 2587 58
995 2542 1048 2586 et
1080 2529 1197 2600 59),
1232 2530 1318 2585 ubi
1347 2528 1591 2584 ordinem
1635 2537 1934 2598 temporum
1961 2544 2182 2583 accura-

577 2623 682 2677 titts
704 2623 974 2688 observat,
1001 2623 1290 2676 Minucium
1315 2629 1559 2675 nostrmn
1591 2621 1766 2688 posuit
1794 2621 2036 2689 proxime
2059 2629 2183 2676 ante

578 2714 785 2775 Caium,
821 2724 878 2767 ut
906 2713 957 2766 in
992 2713 1245 2767 omnibus
1277 2711 1417 2766 illius
1458 2711 1695 2783 Catalogi
1724 2713 2064 2780 editionibus,
2098 2709 2182 2769 vel

575 2805 823 2871 proxime
857 2813 976 2873 post
1004 2805 1203 2874 ipsum,
1229 2814 1285 2857 ut
1314 2804 1364 2857 in
1391 2805 1754 2858 vetustissimo
1784 2803 1969 2860 codice
1998 2816 2181 2859 nostro

573 2897 1048 2970 Sangermanensi,
1081 2897 1504 2968 Longobardicis
1535 2898 1729 2953 litteris
1766 2908 1890 2954 ante
1913 2898 2056 2952 mille
2086 2911 2180 2952 an-

575 3005 675 3043 nos
703 2990 1005 3058 descripto.
1048 2992 1115 3044 At
1161 2991 1212 3043 in
1265 2989 1514 3044 omnibus
1546 2990 1702 3061 hujus
1731 2990 1847 3045 libri
1881 2991 1993 3044 sive
2023 2989 2180 3045 editis

575 3083 692 3138 sive
713 3083 925 3137 ineditis
939 3081 1214 3138 codicibus
1232 3081 1530 3153 Cyprianus
1549 3083 1705 3152 longe
1723 3091 1841 3153 post
1867 3091 2176 3150 utrumque,

2365 1877 2471 1931 Sed
2505 1876 2668 1947 hujus
2693 1877 3180 1946 argumentationis
3211 1893 3317 1932 non
3347 1880 3521 1948 majus
3548 1879 3791 1949 profecto
3817 1892 3899 1938 est

2292 1968 2499 2038 pondus
2531 1978 2586 2024 et
2630 1969 2810 2022 robur.
2842 1967 2958 2022 .lam
2987 1970 3130 2022 enim
3171 1969 3475 2024 audivimus
3505 1970 3896 2028 Tertulli-anum

2290 2067 2560 2122 dicentem
2607 2067 2786 2132 urheS,
2820 2067 3062 2132 castella,
3089 2067 3286 2132 forum,
3334 2077 3602 2132 senatum,
3637 2069 3892 2136 palatium

2290 2158 2505 2228 Oppleta
2541 2157 2704 2212 fuisse
2751 2159 3092 2225 Christianis,
3121 2161 3208 2229 qui
3235 2161 3527 2229 gentilibus
3562 2161 3693 2215 nihil
3711 2161 3889 2228 aliud,

2289 2268 2446 2323 quam
2483 2251 2738 2306 falsiirum
2767 2252 2990 2307 deorum
3035 2254 3229 2322 templa
3263 2252 3610 2323 reliquerant.
3639 2253 3767 2321 Quis
3793 2271 3891 2310 au-

2291 2356 2396 2400 tem
2427 2346 2741 2400 dil‘titebitur
2769 2345 2889 2409 hos,
2915 2346 3054 2400 sicut
3081 2344 3349 2411 ethnicos,
3375 2363 3481 2400 non
3508 2362 3696 2402 omnes
3727 2348 3891 2404 sortis

2288 2440 2508 2504 intimae,
2543 2439 2636 2492 sed
2665 2437 2950 2508 cujuslibet
2979 2436 3140 2492 fuisse
3166 2438 3489 2493 conditionis
3514 2438 3536 2491 ?

2360 2531 2492 2598 Quid
2538 2546 2700 2596 vero,
2749 2529 2890 2599 quod
2943 2531 3168 2600 ipsemet
3239 2529 3498 2584 Minucius
3546 2541 3732 2584 noster
3773 2540 3893 2601 post

2286 2623 2589 2678 christiana:
2613 2623 2883 2692 religionis
2917 2622 3298 2691 professionem
3330 2638 3431 2675 non
3460 2622 3702 2687 minoris,
3730 2639 3889 2692 quam

2285 2726 2438 2772 antea
2483 2715 2807 2770 conditionis
2853 2714 2950 2767 fuit
2995 2713 3138 2768 :sed
3170 2714 3391 2783 insignis
3438 2723 3572 2779 erat,
3606 2719 3679 2767 uti
3729 2729 3888 2784 supra

2286 2822 2313 2860 a
2343 2807 2497 2861 nobis
2527 2807 2866 2861 observatum
2893 2845 2908 2871 ,
2954 2819 3233 2860 causarum
3289 2806 3587 2874 patrOttus?
3636 2806 3888 2871 Quamvis

2291 2913 2470 2956 autem
2495 2901 2834 2967 chilius,et
2857 2901 2943 2954 alii
2971 2901 3150 2967 etiam,
3171 2900 3457 2954 utinlet'ius
3480 2901 3887 2968 explicabimus,

2286 2993 2519 3049 dixerint
2569 2994 2744 3062 plures
2797 3010 2860 3047 ex
2919 2992 3240 3047 Christianis
3287 3007 3551 3061 pauperes
3580 3007 3889 3063 egenusque

2283 3085 2465 3153 fuisse,
2501 3101 2606 3140 non
2638 3094 2836 3153 negant
2868 3095 3046 3139 tamen
3097 3101 3203 3137 non
3233 3097 3432 3153 paucos
3475 3100 3538 3138 ex
3583 3085 3687 3138 illis
3717 3085 3888 3140 abun—

575 3173 822 3256 videlicet
881 3185 1001 3242 post
1056 3184 1262 3243 septem
1325 3174 1461 3228 alios
1502 3175 1812 3240 scriptores,
1867 3174 2175 3228 collocatur.
2206 3176 2252 3239 C
2287 3176 2445 3232 das-se
2498 3177 2706 3247 magnis
2752 3175 2950 3229 divitiis
2997 3190 3060 3229 ac
3110 3175 3471 3229 facultatibus.
3525 3175 3884 3244 Quamobrem

572 3266 764 3323 Nonne
789 3277 967 3322 autem
1000 3267 1123 3322 inde
1149 3267 1400 3336 colligere
1431 3267 1556 3322 licet
1581 3267 1866 3320 Minucium
1896 3277 1950 3320 ct
1987 3266 2173 3321 Caium

573 3361 739 3415 fuisse
786 3370 1091 3417 coaetaneos
1122 3402 1136 3425 ,
1189 3369 1243 3414 et
1287 3359 1556 3434 Cypriano
1605 3357 1968 3414 vetustiores?
2016 3357 2174 3429 Atqui

579 3472 597 3504 ι
635 3453 796 3509 Caius
849 3455 949 3509 sub
1015 3453 1323 3525 Zephyrino
1375 3453 1627 3509 l‘tomanze
1672 3454 1816 3510 urbis
1862 3454 2110 3523 episcopo
2147 3473 2166 3505 ι

571 3546 742 3616 inquit
773 3547 912 3601 idem
947 3547 1322 3620 Hieronymus,
1356 3565 1375 3598 ‹
1414 3546 1464 3600 id
1489 3558 1591 3613 est,
1622 3546 1721 3600 sub
1751 3545 2043 3612 Antonino,
2071 3545 2171 3600 Sc-

575 3639 688 3693 veri
735 3641 862 3706 lilio,
894 3639 1310 3709 disputationem
1360 3638 1643 3696 adversum
1686 3628 1987 3706 Proculum,
2023 3639 2172 3694 Illon-

570 3731 681 3785 tani
707 3740 1028 3786 sectatorem
1062 3732 1215 3785 valde
1261 3731 1522 3800 insignem
1551 3730 1758 3786 habuit.
1798 3749 1816 3782 ›
1851 3729 2002 3784 Prius
2043 3745 2170 3786 vero

567 3827 832 3881 Eusebius
861 3828 1030 3882 semel
1051 3836 1105 3882 et
1132 3827 1324 3880 iterum
1347 3825 1560 3880 dixerat
1589 3825 1732 3880 hunc
1761 3825 1946 3879 (Iaium
1973 3825 2170 3880 vixisse

567 3919 666 3974 sub
720 3918 1010 3991 Zephyrini
1066 3918 1380 3989 pontiﬁcatu
1435 3915 1675 3989 (Euseb.
1710 3917 1828 3972 libr.
1875 3933 1910 3971 ιι
1964 3916 2164 3971 Histor.

566 4009 766 4066 Eccles.
821 4027 937 4082 cap.
973 4011 1077 4078 25,
1107 4022 1154 4066 et
1186 4011 1276 4066 lib.
1304 4026 1376 4077 v1,
1406 4027 1526 4081 cap.
1555 4006 1668 4082 20).
1701 4012 1768 4064 At
1800 4009 1884 4063 hic
1911 4011 2166 4064 Romanae

573 4104 831 4160 Ecclesiae
859 4105 926 4159 ab
956 4121 1096 4159 anno
1117 4103 1217 4160 201
1269 4114 1361 4160 aut
1385 4103 1492 4160 202
1533 4103 1808 4174 ρι’ωῐιιίεεθ
1834 4104 2162 4172 perhibetur.

563 4195 754 4254 Severi
785 4208 964 4252 autem
998 4197 1160 4262 lilius,
1190 4198 1304 4253 sive
1349 4196 1646 4260 Caracalla,
1694 4194 1846 4264 cujus
1895 4189 2163 4265 Hierony-

563 4305 682 4345 mus
731 4292 1060 4345 mentionem
1111 4289 1258 4355 facit,
1303 4298 1423 4357 post
1463 4286 1719 4342 Severum
1755 4295 1956 4355 patrem
2005 4301 2161 4340 suum

563 4381 629 4438 ab
657 4395 798 4435 anno
817 4381 917 4435 211
953 4379 1016 4435 ad
1049 4395 1246 4433 annum
1275 4379 1380 4434 217
1407 4377 1706 4448 imperavit.
1755 4377 1941 4432 Nonne
1981 4387 2160 4432 autem

557 4474 686 4528 inde
717 4473 962 4528 concludi
994 4482 1166 4543 potest
1199 4470 1412 4526 Minucii
1448 4472 1614 4526 nostri
1648 4469 1840 4525 librum
1873 4470 2072 4525 editum
2105 4470 2156 4525 in

2279 3267 2532 3324 Octavius
2549 3269 2791 3334 Caecilio,
2825 3268 3259 3323 Christianorum
3305 3279 3698 3338 paupertatem,
3727 3271 3884 3338 igno-

2279 3365 2561 3431 bilitatem,
2610 3375 2665 3420 et
2707 3365 3062 3419 humilitatem
3114 3365 3502 3434 exprobranti,
3551 3366 3880 3434 respondet:

2285 3476 2302 3509 ι
2340 3458 2455 3512 Non
2484 3458 2551 3513 de
2579 3459 2761 3511 ultima
2792 3459 2973 3512 statim
3005 3457 3164 3528 plebe
3185 3459 3551 3524 consistimus,
3574 3459 3618 3512 si
3647 3459 3883 3513 honores

2277 3559 2484 3604 vestros
2536 3559 2589 3603 et
2639 3565 2943 3620 purpuras,
2985 3567 3004 3600 ι
3055 3549 3270 3618 quando
3320 3550 3527 3606 scilicet
3568 3550 3881 3606 christiana

2277 3644 2545 3698 sanctitati
2577 3645 2967 3713 repugnabant,
3004 3658 3338 3698 recusamus.

2346 3736 2482 3802 Quid
2513 3751 2661 3805 ergo,
2693 3736 2898 3805 inquiet
2951 3736 3162 3805 aliquis,
3213 3736 3417 3790 nihilne
3447 3736 3579 3791 certi
3615 3735 3683 3790 de
3714 3736 3877 3806 hujus

2275 3827 2395 3882 libri
2438 3836 2597 3882 a-tate
2649 3827 2859 3881 deliniri
2913 3829 3131 3897 potest?
3180 3828 3644 3898 Respondebimus
3695 3829 3874 3884 Miuu-

2271 3920 2413 3974 cium
2455 3918 2592 3973 haud
2639 3919 2866 3974 obscure
2897 3919 3119 3974 inficiari
3154 3920 3416 3988 publicas,
3445 3937 3564 3976 cum
3595 3921 3709 3976 hazc
3737 3923 3873 3976 scri-

2271 4011 2442 4078 beret,
2471 4026 2500 4064 a
2527 4011 2850 4067 Christianis
2891 4011 3184 4066 aedilieatas
3222 4015 3501 4078 ecclesias,
3532 4023 3624 4068 aut
3669 4022 3727 4067 ut
3756 4015 3872 4081 ipse

2271 4103 2529 4173 loquitur,
2563 4102 2670 4156 ulla
2727 4103 2892 4159 fuisse
2929 4103 3124 4173 templa
3157 4104 3388 4174 publica,
3422 4105 3474 4158 in
3525 4121 3642 4175 qua:
3693 4105 3870 4174 palam

2268 4198 2560 4251 convenire
2607 4197 2899 4267 potuerint.
2953 4197 3022 4252 At
3050 4197 3173 4252 inde
3226 4214 3330 4252 non
3373 4198 3556 4266 inepte
3596 4197 3869 4267 colligitur

2268 4288 2414 4344 hunc
2443 4290 2636 4342 librum
2667 4289 2817 4358 prius
2855 4288 3056 4342 editum
3083 4289 3265 4356 fuisse,
3297 4304 3456 4359 quam
3500 4289 3866 4344 Romanorum

2267 4381 2492 4449 imperio
2521 4382 2782 4450 potiretur
2799 4381 3102 4434 Alexander
3128 4381 3388 4447 Severus,
3405 4382 3559 4450 cujus
3586 4380 3861 4449 palatium,

2265 4471 2422 4525 sicuti
2453 4472 2942 4541 diximus,plenum
2970 4480 3084 4526 erat
3109 4469 3447 4538 Christianis,
3479 4487 3711 4542 quorum
3749 4471 3863 4526 Deo

563 4563 740 4620 lucem
790 4565 952 4620 fuisse
1001 4563 1102 4619 sub
1125 4565 1417 4620 Caracallce
1445 4564 1692 4635 imperio,
1727 4572 1780 4618 et
1807 4578 1926 4619 cum
1955 4562 2157 4619 ethnici
2182 4555 2236 4628 Β
2263 4567 2378 4638 ipse
2409 4569 2666 4637 templum
2693 4577 3008 4623 construere
3035 4565 3370 4621 decreverat.
3405 4566 3522 4634 Quo
3548 4576 3726 4620 autem
3761 4580 3860 4634 po-

558 4657 612 4712 in
643 4655 980 4714 Christianos
1006 4656 1180 4712 adhuc
1196 4657 1574 4727 grassabantur
1599 4656 1622 4710 ἲ

631 4749 739 4807 Sed
769 4749 1030 4816 obiiciunt
1059 4751 1252 4807 eruditi
1284 4752 1383 4806 viri
1423 4749 1695 4806 Caecilium
1747 4749 2157 4817 exprobravisse

559 4841 784 4898 Octavio
835 4845 980 4899 nulla
1013 4855 1137 4900 tunc
1176 4844 1337 4899 fuisse
1377 4842 1697 4898 Christianis
1725 4842 1945 4910 templa,
1977 4857 2075 4897 nec
2103 4843 2156 4898 id

557 4935 739 5005 utique
781 4935 850 4990 ab
901 4935 1122 4992 Octavio
1173 4943 1443 5006 negatum.
1504 4934 1661 5004 Atqui
1722 4933 2015 5004 Origenes,
2074 4935 2156 4988 iit-

552 5030 762 5101 quiunt,
794 5031 845 5084 in
877 5031 1144 5101 suis,qua:
1173 5029 1420 5100 Philippo
1447 5037 1728 5099 regnante,
1747 5027 1851 5082 hoc
1880 5037 1983 5095 est,
2011 5030 2153 5083 circa

551 5137 751 5178 annum
791 5122 898 5178 2M
926 5123 1296 5193 composuisse
1333 5121 1526 5185 fertur,
1561 5122 1612 5175 in
1644 5121 1948 5176 Matthaeum
1999 5137 2150 5176 com-

551 5218 832 5272 mentariis
883 5215 1127 5288 (Origen.
1164 5212 1336 5270 Tract.
1391 5216 1444 5269 in
1486 5215 1678 5270 Matth.
1737 5231 1856 5285 cap.
1909 5213 2152 5285 28),"!-

548 5317 749 5363 statum
782 5309 936 5363 nobis
967 5308 1092 5363 fecit
1123 5311 1370 5363 incensas
1396 5307 1560 5363 fuisse
1597 5307 2022 5362 Christianorum
2053 5321 2146 5361 ec-

545 5404 760 5460 clesias.
793 5405 963 5458 Antea
991 5419 1120 5475 ergo
1167 5401 1391 5473 publicis
1421 5405 1472 5458 in
1526 5403 1659 5458 locis
1689 5411 1976 5456 exstructa:
2026 5404 2143 5455 fue-

541 5506 694 5561 rant,
747 5497 842 5551 sed
885 5510 992 5551 non
1045 5498 1262 5568 longum
1307 5507 1431 5552 aute
1485 5505 1718 5566 tempus,
1749 5513 1809 5550 ac
1867 5493 2145 5548 dumtaxat

537 5603 657 5645 cum
687 5589 1000 5648 AleXander
1023 5590 1276 5656 Severus,
1310 5592 1450 5647 circa
1502 5605 1704 5646 annum
1738 5579 1867 5654 222,
1891 5587 2146 5642 Romanis

531 5683 848 5752 imperabat.
899 5682 1030 5743 Nam
1070 5689 1136 5753 is,
1192 5695 1331 5741 teste
1359 5685 1686 5759 l.autpridio,
1731 5705 1748 5735 «
1778 5683 1989 5736 Christo
2015 5696 2147 5736 tem-

519 5769 661 5842 plum
683 5774 876 5840 facere
911 5775 1105 5847 valuit,
1127 5790 1361 5851 eumque
1386 5777 1528 5833 inter
1553 5774 1691 5850 deos
1721 5776 1982 5849 recipere,
2002 5775 2148 5848 quod

2263 4661 2526 4716 tissimum
2551 4671 2792 4730 tempore
2815 4660 2950 4714 liber
2964 4659 3053 4713 ille
3075 4658 3377 4729 divulgatus
3401 4659 3491 4724 sit,
3518 4673 3624 4713 non
3644 4657 3864 4714 aliunde

2259 4753 2480 4816 certius,
2509 4753 2666 4806 sicuti
2705 4751 3005 4821 Opinamur,
3037 4749 3215 4820 colligi
3258 4759 3430 4820 potest
3490 4766 3650 4820 quam
3679 4765 3743 4805 ex
3776 4749 3860 4804 ci-

2259 4852 2372 4899 tato
2409 4844 2720 4916 Hieronymi
2763 4843 2830 4898 de
2859 4843 3224 4914 Scriptoribus
3251 4842 3642 4900 Ecclesiasticis
3693 4841 3860 4898 Cata-

2258 4938 2399 5009 lego.
2431 4938 2684 5006 Quamvis
2727 4938 2869 4992 enim
2905 4937 3224 5006 probaretur
3266 4953 3375 4992 non
3407 4953 3592 4993 omnes
3633 4938 3859 4994 omnino

2259 5039 2588 5085 memoratos
2617 5029 2683 5084 ab
2731 5045 2798 5084 eo
2839 5031 3128 5098 scriptores
3159 5030 3227 5083 ibi
3257 5039 3476 5085 servato
3499 5030 3564 5084 ad
3596 5030 3858 5085 amussim
3953 5065 3958 5068 -

2258 5132 2499 5193 tempore
2539 5124 2806 5178 recenseri
2836 5140 2849 5188 ;
2880 5123 3057 5193 plures
3076 5123 3421 5178 nihilominus
3463 5141 3489 5177 a
3519 5123 3856 5182 Tertulliano

2253 5217 2317 5269 ad
2350 5211 2633 5270 Minucium
2667 5223 2933 5281 nostrum,
2961 5225 3012 5270 et
3059 5215 3126 5268 ab
3159 5218 3349 5270 eodem
3391 5215 3614 5271 Minucio
3649 5215 3713 5270 ad
3746 5215 3854 5286 Cy-

2249 5309 2499 5378 prianum
2550 5321 2955 5373 enumerantur,
2989 5325 3146 5377 quam
3176 5319 3232 5363 ut
3265 5309 3388 5362 inde
3414 5309 3662 5363 com-ludi
3703 5307 3852 5364 hattd

2250 5401 2479 5456 absurde
2499 5415 2602 5455 non
2633 5403 2797 5470 possit
2820 5401 3205 5457 huucliln-uma
3225 5400 3455 5456 Municio
3471 5401 3673 5455 editum
3701 5415 3846 5468 ess",

2251 5508 2371 5566 post
2417 5495 2734 5551 Tertulliani
2779 5506 2832 5549 et
2872 5507 2995 5550 autc
3041 5495 3288 5567 Cypriani
3343 5495 3531 5550 eodem
3577 5496 3642 5549 dc
3685 5508 3854 5564 argu-

2251 5601 2433 5645 mcnto
2501 5591 2897 5644 lu(.'tti)rationes
2953 5587 3305 5657 (llierongm.
3359 5588 3590 5655 Cutalog.
3643 5587 3848 5656 δοτῆρι.

2251 5680 2470 5736 ΕσσΙρδ.“
2503 5682 2528 5752 §
2567 5683 2646 5750 53
2675 5725 2686 5746 ,
2741 5698 2862 5752 pug.
2898 5681 3040 5746 “5;
3077 5680 3103 5749 ς
3151 5681 3241 5744 58,
3279 5697 3399 5750 pag.
3452 5681 3574 5745 H7,
3614 5691 3660 5733 et
3697 5679 3846 5749 §67,

2253 5793 2370 5850 pag.
2409 5776 2553 5846 tta).
2586 5776 2742 5848 Atqui
2793 5775 3158 5832 Tertullianus
3201 5773 3608 5847 Apologeticum
3658 5787 3846 5849 suum,
