4248 6264
359 346 465 402 389

1752 349 2223 408 DlSSERTATlO.

3557 364 3661 426 390

357 459 424 513 dc
451 471 559 528 quo
582 457 713 512 infra
741 456 1142 526 disputandum.
1177 458 1226 514 in
1251 459 1423 514 lucem
1448 463 1668 530 protulit
1697 465 1836 518 circa
1857 481 1953 519 an-
1982 469 2029 526 Α
2059 466 2267 533 ginibus
2297 469 2537 536 apposita
2560 479 2703 525 sunt.
2733 472 2839 528 Sed
2878 472 2960 528 hac
2989 473 3279 531 divisiones
3302 479 3498 547 saepius
3530 485 3660 538 satis

357 550 625 605 ttutt1200
669 567 684 613 ;
722 548 1024 619 Cyprianus
1055 566 1184 606 vero
1241 567 1395 606 suum
1439 553 1504 607 ad
1559 555 1955 611 Demetrianum

355 643 496 698 circa
529 658 728 696 annum
774 641 880 695 257
916 643 1204 712 scripsisse
1233 645 1563 714 perhibetur.
1594 645 1768 700 Medio
1796 648 1957 716 igitur

354 739 495 792 intra
520 738 617 791 ltus
645 751 817 791 annos
866 736 1148 792 intervallo
1181 738 1439 793 Minucius
1472 740 1660 793 librum
1689 741 1826 795 hunc
1855 757 1955 810 pu-

356 830 482 885 bliri
509 831 645 901 juris
672 831 863 886 fecisse
891 830 1151 885 dicendus
1180 842 1282 887 est.
1344 832 1543 886 Deinde
1597 849 1724 888 vero
1774 835 1816 887 si
1865 833 1955 890 ille

353 939 566 992 revera,
610 925 749 978 sicut
781 925 940 993 paulo
991 932 1114 980 ante
1153 925 1484 990 direbamus,
1529 936 1737 980 asserat
1781 927 1954 982 nullas

357 1027 483 1074 tunc
513 1019 678 1073 luisse
707 1013 948 1086 publicas
971 1017 1394 1071 Christianorum
1416 1019 1688 1085 ecclesias,
1710 1019 1831 1073 inde
1861 1018 1955 1072 ad-

356 1111 463 1167 huc
487 1111 804 1166 conficietur
833 1112 975 1165 hunc
1008 1111 1204 1164 librttm
1236 1114 1286 1164 in
1314 1111 1507 1181 vulgus
1539 1112 1799 1181 prodiisse
1828 1122 1954 1166 ante

356 1221 556 1260 annum
578 1204 704 1268 220.
729 1220 836 1275 quo
859 1205 1164 1259 Alexander
1183 1205 1419 1259 Severus
1440 1205 1505 1259 ad
1526 1208 1804 1276 imperium
1828 1220 1955 1259 eve-

354 1310 472 1356 ctus
501 1311 599 1355 est.
633 1301 702 1354 At
755 1301 870 1354 ltzec
916 1315 1077 1369 porro
1109 1298 1282 1353 otnnia
1312 1300 1354 1352 si
1387 1313 1568 1354 secum
1625 1315 1956 1368 componan-

354 1407 461 1465 tur,
491 1414 668 1452 nonne
710 1398 1036 1468 probabilius
1073 1398 1174 1451 dici
1209 1408 1380 1466 potest
1425 1398 1564 1452 hunc
1592 1399 1779 1451 librtttn
1805 1413 1832 1449 a
1857 1397 1954 1451 Mi-

353 1491 512 1545 nueio
549 1492 752 1545 editum
779 1505 899 1544 esse
925 1491 1065 1544 circa
1096 1504 1294 1543 annum
1320 1488 1519 1544 Cht-isn
1551 1489 1679 1555 217,
1714 1505 1819 1558 quo
1845 1488 1951 1542 Ca-

353 1584 550 1639 racalla
583 1584 795 1638 occisus
841 1583 938 1637 fuit
987 1584 1069 1636 vel
1096 1599 1218 1638 cum
1248 1594 1496 1653 regnaret
1549 1583 1948 1651 Heliogabalus,

357 1691 424 1731 ac
455 1691 549 1746 per
572 1677 745 1729 varias
779 1676 1002 1730 Romani
1038 1676 1244 1744 imperii
1295 1685 1640 1745 tempestates
1668 1677 1952 1730 Christiani

352 1767 421 1823 ab
450 1768 678 1822 ethnicis
718 1767 934 1837 impune
984 1769 1383 1822 divexarentur.
1427 1767 1535 1823 Nos
1587 1779 1764 1822 tamen
1811 1769 1954 1840 peri-

370 1862 491 1916 tiori
516 1876 621 1915 non
645 1861 941 1916 invidemus
967 1863 1055 1932 qui
1077 1862 1297 1916 tneliota
1315 1864 1658 1933 suggesserit.

946 1990 1238 2031 ABTICULUS
1276 1993 1336 2032 ιι.

356 2093 516 2164 Cujus
550 2095 724 2154 verbis,
758 2108 915 2164 quove
940 2093 1070 2164 stylo
1119 2093 1199 2146 hic
1237 2095 1362 2147 liber
1398 2094 1703 2164 compositus
1734 2095 1820 2162 sit,
1847 2094 1956 2162 quis

426 2189 536 2256 ejus
583 2187 776 2252 titulus,
819 2189 932 2256 quis
985 2187 1196 2240 Minucii
1226 2185 1417 2240 Felicis
1471 2189 1524 2240 in
1569 2204 1626 2241 eo
1675 2204 1878 2256 scapus,
1910 2195 1956 2240 et

424 2291 594 2333 utrum
641 2281 727 2334 ille
753 2278 1157 2336 Christianorum
1201 2298 1404 2334 causam
1449 2281 1594 2350 plene
1643 2285 1958 2352 perfectaque

425 2375 755 2444 peroraverit.

427 2509 539 2564 Etsi
569 2509 828 2562 Minucius
851 2507 999 2561 Felix
1030 2507 1368 2577 apertissime
1397 2506 1634 2562 declaret
1681 2506 1887 2562 editum
1916 2521 1946 2561 a

354 2616 415 2657 se
443 2603 606 2656 fuisse
642 2601 782 2655 hunc
831 2601 1022 2655 librum
1052 2616 1116 2655 ex
1162 2601 1403 2654 instituta
1437 2641 1451 2665 ,
1498 2601 1953 2669 quemadmodum

353 2695 599 2764 superius
627 2694 828 2748 dictum
863 2704 983 2760 est,
1017 2694 1156 2747 inter
1195 2692 1468 2747 Ca-cilium
1492 2703 1542 2747 et
1570 2693 1852 2747 Octavium
1874 2692 1956 2746 di-

352 2788 695 2856 sputatione;
749 2787 946 2840 nemini
991 2797 1167 2839 tamen
1212 2786 1430 2839 dubium
1459 2800 1581 2841 esse
1622 2786 1801 2845 debet.
1827 2786 1954 2854 quin

353 2895 474 2934 eum
500 2895 606 2932 non
632 2888 735 2932 lant
769 2878 1003 2942 illorum,
1035 2893 1197 2948 quam
1230 2879 1340 2931 suis
1369 2879 1543 2932 verbis
1571 2879 1952 2946 Composuerit.

353 2973 485 3039 Quae
514 2973 656 3025 enim
690 2971 756 3024 ab
790 2971 894 3025 illis
926 2973 1265 3040 pronuntiata
1300 2983 1443 3037 sunt,
1472 2986 1536 3026 eo
1563 2970 1828 3024 tlithcilius
1857 2986 1955 3040 po-

356 3069 466 3122 tuit
493 3069 804 3122 memoriter
835 3070 1087 3133 retinere,
1114 3068 1253 3136 quod
1288 3083 1392 3120 non
1426 3068 1625 3132 statim,
1659 3065 1751 3120 sed
1775 3067 1956 3134 elapso

354 3161 584 3230 quodam
634 3169 895 3230 tempore,
928 3169 977 3214 et
1024 3170 1142 3228 post
1171 3160 1374 3214 Oetavii
1420 3173 1448 3212 a
1477 3175 1536 3214 se
1571 3159 1869 3212 discessum
1903 3160 1952 3212 in

2061 570 2324 614 accuratae
2353 578 2457 616 non
2495 563 2759 619 videntur.
2825 565 2880 620 ln
2938 568 3107 636 majus
3146 579 3324 623 autem
3371 571 3660 640 legentium

2061 653 2401 708 commodum
2451 664 2590 710 totus
2646 657 2782 713 liber
2811 661 2862 712 in
2893 661 3035 715 varia
3067 663 3240 732 capita
3283 673 3460 733 potest
3507 666 3662 723 facile

2059 742 2330 815 dismtgtti.

2091 837 2306 896 'Verus
2356 849 2534 895 autem
2576 852 2629 897 et
2673 844 2935 914 genuinus
2968 845 3125 915 hujus
3174 847 3294 903 libri
3345 849 3530 905 titulus
3577 858 3662 906 est

2062 928 2322 993 Octavius,
2350 949 2508 1001 quem
2564 936 2636 988 illi
2676 937 2743 990 ab
2793 939 3022 1008 ipsemet
3067 939 3299 996 Minucio
3346 944 3656 1013 impositum

2057 1022 2201 1076 citati
2231 1040 2260 1077 a
2290 1026 2445 1079 nobis
2477 1026 2882 1097 locupletissimi
2916 1041 3079 1086 testes
3111 1033 3420 1088 Lactantius
3454 1046 3507 1090 et
3534 1036 3657 1092 Ilie-

2057 1130 2313 1186 ronymus
2363 1120 2698 1187 apertissime
2748 1128 3113 1192 pronuntiant.
3163 1125 3296 1180 Eum
3343 1138 3522 1181 autem
3561 1128 3659 1184 Mi-

2058 1209 2245 1263 nucius
2279 1210 2350 1264 ita
2398 1212 2762 1281 inscribenda,
2794 1217 3094 1277 Platonem.
3125 1217 3571 1290 Ciceronemque,
3601 1231 3657 1278 et

2056 1301 2192 1355 alios
2239 1304 2476 1358 imitatus
2525 1309 2742 1376 ρει,ᾳυί
2786 1309 3113 1376 ejuseemodi
3170 1312 3341 1376 libris,
3378 1313 3426 1366 in
3458 1314 3655 1385 dialogi

2058 1392 2283 1448 formam
2337 1399 2670 1466 compositis,
2726 1401 2869 1455 illius
2920 1418 3115 1458 nomen
3161 1407 3532 1474 praelixerunt,
3563 1407 3656 1476 qui

2059 1491 2350 1558 praecipuas
2382 1491 2432 1543 in
2457 1492 2534 1545 eis
2552 1494 2658 1562 agit
2695 1504 2888 1558 partes.
2915 1495 3059 1549 Talis
3089 1507 3265 1550 autem
3292 1499 3341 1551 in
3373 1498 3474 1553 hoc
3504 1499 3643 1553 libro

2057 1582 2309 1638 Octavius
2357 1596 2791 1653 reprzesentatur,
2825 1587 2912 1657 qui
2956 1588 3022 1642 de
3078 1604 3176 1642 suo
3210 1589 3537 1653 adversario,
3571 1591 3654 1644 tti-

2058 1677 2254 1731 mirum
2305 1679 2561 1744 Cteeilio,
2611 1681 2981 1750 triumphavit,
3027 1697 3196 1751 coque
3233 1685 3446 1738 tandem
3505 1683 3654 1741 illum

2056 1769 2256 1837 adegit,
2294 1778 2347 1822 ut
2377 1785 2536 1838 qttatn
2571 1772 2912 1841 itupngnabat
2941 1773 3291 1829 christianum
3317 1777 3650 1846 religimem,

1981 1862 2030 1922 Β
2059 1875 2237 1914 veram
2309 1877 2429 1916 esse
2473 1875 2828 1932 agnosceret,
2882 1866 3136 1936 illamque
3198 1868 3479 1923 confestim
3541 1885 3656 1924 atu-

2059 1953 2385 2022 plcxaretur.

2132 2047 2246 2101 Non
2299 2049 2434 2101 alius
2482 2063 2644 2118 porro
2673 2049 2885 2104 Minucii
2924 2059 3037 2104 toto
3069 2051 3170 2106 hoc
3200 2052 3251 2105 in
3276 2053 3414 2108 libro
3437 2069 3654 2124 scopns,

2063 2139 2288 2208 ﬁnisque
2318 2139 2438 2205 fttit,
2467 2156 2626 2210 quam
2661 2151 2718 2195 ttt
2768 2142 3050 2197 falsitatem
3089 2143 3319 2198 etltnicm
3359 2146 3652 2216 religionis,

2059 2223 2114 2286 et
2143 2233 2449 2288 Christianae
2495 2235 2772 2290 veritatem
2802 2237 3218 2292 demonstraret.
3245 2238 3350 2293 Sed
3390 2243 3511 2307 quia
3543 2240 3658 2295 haec

2060 2322 2448 2380 demonstratio
2505 2329 2668 2382 variis
2716 2331 3070 2397 argumentis,
3121 2330 3456 2401 diversisque
3482 2333 3656 2388 modis

2060 2415 2171 2469 ﬁeri
2199 2426 2393 2484 potest,
2416 2417 2676 2473 Minucius
2701 2420 2752 2473 itt
2782 2436 2840 2473 se
2869 2421 3141 2476 dumtaxat
3173 2423 3506 2492 probandum
3539 2440 3658 2480 sus-

2057 2510 2198 2576 cepit
2247 2509 2411 2562 falsos
2454 2513 2960 2581 commentitiosqtte
3009 2530 3130 2569 esse
3169 2517 3450 2586 gentilium
3501 2518 3654 2583 deos,

2058 2603 2253 2671 impios
2301 2605 2521 2657 omnino
2561 2613 2616 2659 et
2665 2605 2928 2659 absurdos
2969 2607 3179 2660 illorum
3227 2609 3442 2672 cultus,
3490 2625 3657 2665 unum

2061 2697 2430 2749 tantummodo
2475 2711 2595 2751 esse
2629 2697 2817 2760 Deum,
2847 2699 3042 2768 ubique
3067 2711 3410 2768 praesentem,
3439 2712 3495 2755 et
3538 2718 3657 2756 om-

2061 2787 2216 2838 nihns
2243 2801 2307 2840 ac
2354 2787 2576 2856 singulis
2605 2790 3012 2858 providentem;
3043 2803 3279 2851 sanctos.
3319 2793 3659 2863 illibatosqtte

2060 2877 2488 2932 Christianm-um
2530 2895 2711 2934 mores
2745 2892 2800 2937 et
2844 2893 3162 2948 conventus,
3197 2884 3441 2939 ethnicos
3471 2900 3658 2942 eorum

2058 2971 2341 3024 criminum
2373 2987 2492 3026 reas
2542 2988 2682 3036 esse,
2713 2991 2939 3044 quorum
2971 2978 3102 3030 falso
3131 2979 3459 3033 accusabant
3496 2978 3658 3034 Chri-

2058 3064 2282 3127 stianos,
2304 3080 2544 3134 quosque
2571 3078 2760 3122 contra
2778 3068 2868 3138 jus
2889 3085 3049 3124 omne
3069 3081 3119 3124 et
3152 3072 3228 3125 fas
3261 3082 3477 3139 pr0pter
3503 3087 3660 3127 suum

2059 3155 2230 3209 solum
2290 3171 2486 3210 nomen
2533 3157 2776 3225 quoltbet.
2828 3159 3105 3214 dirissima
3145 3161 3532 3230 suppliciorum
3569 3178 3660 3231 ge-

355 3254 491 3309 hanc
511 3299 527 3324 ,
556 3271 716 3324 quam
767 3255 1029 3320 videmus,
1067 3255 1186 3308 lihri
1241 3254 1464 3307 formam
1490 3269 1548 3308 se
1575 3253 1845 3323 redegisse
1874 3263 1949 3306 te-
1978 3250 2023 3313 C
2059 3261 2191 3301 nere
2219 3247 2674 3302 excarnificabant
2701 3259 2756 3303 et
2788 3250 3145 3306 trucidabant.
3177 3255 3306 3319 Quae
3345 3254 3562 3322 quidem
3592 3254 3661 3310 ab

355 3351 636 3404 stilicetur.
671 3347 939 3402 Pra‘terea
984 3347 1124 3401 idem
1155 3347 1308 3415 plane
1334 3356 1413 3401 est
1443 3349 1605 3401 totius
1646 3347 1801 3416 hujus
1831 3345 1956 3422 libri

353 3441 546 3514 stylus.
593 3440 724 3508 Quis
771 3450 947 3492 autem
999 3438 1154 3493 facile
1208 3439 1440 3507 patietur
1489 3439 1590 3492 sibi
1643 3437 1952 3507 persuaderi

354 3535 626 3590 Caetliutn
657 3543 711 3587 et
738 3531 1038 3587 Octavium.
1072 3547 1138 3586 ex
1181 3537 1424 3599 tempore
1461 3531 1817 3600 disputantes,
1859 3543 1954 3583 eo-

355 3627 476 3682 dem
535 3640 756 3696 prorsus
819 3624 978 3678 modo
1033 3638 1151 3677 esse
1215 3624 1466 3678 locutos?
1519 3624 1598 3677 Ad
1657 3623 1770 3676 Itaac
1823 3633 1952 3675 vero

355 3718 498 3772 idem
529 3731 740 3786 quoque
779 3727 861 3770 est
899 3715 952 3768 itt
996 3713 1308 3783 praefatione
1353 3717 1473 3769 ltttic
1498 3715 1954 3784 diSpntationi,ab

359 3811 585 3879 ipsotnet
637 3808 866 3862 Minucio
921 3809 1247 3877 praeposita,
1296 3822 1358 3860 ac
1401 3817 1512 3862 toto
1559 3808 1611 3860 in
1647 3808 1780 3860 libro
1833 3821 1952 3860 mo-

360 3904 467 3958 dus
503 3903 751 3973 loquendi
783 3945 796 3967 ,
838 3904 1135 3972 eademque
1178 3903 1389 3957 dicendi
1423 3904 1576 3956 ratio.
1610 3902 1713 3957 Sed
1747 3903 1893 3956 illum
1924 3919 1952 3957 a

358 3993 590 4048 Minucio
639 3992 938 4047 confectum
987 3994 1019 4046 ii
1060 3993 1216 4063 longe
1259 3993 1462 4046 facilius
1507 3993 1824 4057 concedent,
1864 3995 1951 4062 qui

357 4086 626 4141 Cmcilium
654 4096 707 4141 et
735 4087 1008 4141 Oetavium
1035 4094 1352 4154 personatos
1384 4084 1625 4139 homines
1676 4083 1839 4140 fuisse
1867 4099 1953 4139 ar-

360 4178 639 4234 bitrautur.

429 4270 630 4326 Omnes
655 4287 818 4340 porro
865 4285 1058 4341 magno
1081 4272 1240 4340 plane
1270 4287 1557 4337 consensu,
1591 4285 1804 4339 unaque
1826 4286 1958 4326 voce

363 4361 614 4427 fatentur,
647 4362 863 4415 Minucii
906 4362 958 4415 in
1009 4363 1107 4416 ltoc
1141 4363 1358 4431 Dialogo
1397 4362 1608 4416 dicendi
1640 4377 1809 4430 genus
1838 4377 1960 4435 esse

360 4469 540 4522 grave,
568 4465 843 4524 argutum.
892 4454 1132 4522 elegans,
1163 4455 1421 4521 politum,
1476 4470 1620 4519 acre,
1644 4455 1957 4521 vehemens,

371 4561 641 4616 pressum,
681 4546 980 4608 eottt-isum,
1009 4547 1279 4613 prirclaris
1303 4545 1658 4615 gravibusque
1681 4546 1960 4600 sententiis

2056 3356 2122 3395 eo
2179 3342 2260 3396 vel
2301 3343 2651 3410 argumentis,
2699 3351 2755 3395 ut
2801 3343 2986 3407 aiunt,
3017 3344 3082 3397 ad
3117 3344 3533 3410 homiuem,hoc
3554 3354 3657 3411 est,

2062 3431 2400 3488 ethnicorum
2458 3435 2810 3503 ipsorummet
2840 3438 3160 3505 scriptorum
3220 3423 3548 3504 testimonio,
3578 3436 3662 3492 vel

2054 3524 2173 3578 aliis
2202 3526 2270 3579 ab
2312 3527 2424 3596 ipsa
2455 3529 2683 3581 naturali
2727 3530 2939 3583 ratione
2967 3538 3019 3582 et
3061 3529 3313 3600 aequitate
3346 3532 3544 3600 petitis,
3575 3531 3660 3585 in-

2057 3620 2351 3675 VlCllSslnle
2379 3621 2695 3689 probantur.

2129 3711 2200 3767 At
2227 3713 2268 3766 si
2301 3728 2386 3766 res
2416 3714 2484 3766 ita
2513 3730 2572 3769 se
2601 3713 2813 3777 habeat,
2841 3731 2965 3785 qua,
2989 3716 3192 3785 inquiet
3218 3717 3432 3787 aliquis,
3456 3719 3665 3778 ratione

2057 3800 2370 3855 Lactantius
2403 3803 2690 3857 Minucium
2735 3817 2977 3859 nostrum
3005 3822 3067 3862 ex
3100 3807 3182 3862 his
3219 3809 3529 3866 christiana:
3577 3827 3666 3868 re-

2058 3893 2273 3960 ligionis
2303 3894 2680 3950 defensoribus
2713 3913 2876 3951 unum
2921 3911 3038 3950 esse
3083 3897 3234 3961 dicit,
3289 3901 3382 3968 qui
3417 3919 3435 3951 ι
3473 3901 3663 3956 defen-

2060 3983 2197 4038 sioni
2248 3985 2366 4053 ejus
2409 4001 2516 4039 non
2559 3986 2926 4040 suffecerunt?
2955 4006 2973 4038 )
3013 3986 3278 4058 (Lactant.
3313 3990 3402 4044 lib.
3431 4007 3463 4045 v
3487 3991 3660 4049 Divin.

2061 4075 2237 4130 quit.
2280 4093 2399 4145 cap.
2431 4079 2454 4132 l
2490 4077 2530 4150 ).
2563 4077 2674 4132 Cur
2719 4080 2879 4132 etiam
2909 4078 3050 4133 baud
3079 4079 3388 4136 dubitanter
3444 4097 3664 4139 asseve-

2060 4176 2142 4222 rat
2169 4169 2269 4220 hoc
2314 4167 2457 4221 illius
2499 4183 2663 4236 opere
2691 4169 2950 4224 declarari
2974 4187 2992 4220 t
3027 4185 3186 4240 quam
3217 4170 3443 4225 idoneus
3468 4173 3664 4228 verita-

2064 4260 2131 4313 tis
2161 4271 2398 4313 assertor
2429 4259 2637 4325 fuisset,
2668 4261 2716 4316 si
2771 4277 2829 4316 se
2863 4272 3030 4316 totutn
3073 4263 3138 4317 ad
3167 4263 3215 4317 id
3248 4263 3481 4318 studium
3529 4280 3663 4321 con-

2065 4353 2327 4408 tulisst-t?
2363 4373 2381 4406 ι
2428 4353 2616 4408 Nonne
2667 4355 2752 4409 his
2777 4357 2955 4410 verbis
2984 4357 3113 4410 satis
3159 4366 3344 4426 aperte
3398 4359 3667 4430 significat

2063 4444 2166 4497 hoc
2195 4455 2572 4514 argumentum
2601 4463 2629 4499 a
2658 4446 2910 4510 Mtnucio,
2941 4457 3033 4502 aut
3059 4447 3350 4516 levissime,
3380 4461 3470 4503 aut
3498 4449 3664 4504 animi

2062 4536 2338 4591 dumtaxat
2399 4538 2674 4592 relaxandi
2715 4541 3099 4610 recreandique
3149 4542 3319 4610 gratia
3369 4551 3666 4610 pertracta-

363 4641 558 4708 passitn
608 4638 805 4707 ubique
880 4639 1168 4708 repletum.
1238 4639 1294 4692 Itt
1349 4654 1415 4693 eo
1471 4640 1630 4694 etiam
1691 4642 1964 4709 elegantes
1988 4643 2041 4704 D
2069 4638 2179 4683 ml“
2209 4631 2231 4682 3'
2261 4630 2475 4684 Μίηίιιιθ
2500 4631 2738 4700 (Ιυίάεῐηο
2776 4631 2850 4684 Ea
2881 4631 3077 4702 ‘lUiPl’e
3105 4633 3398 4702 dlSPUlallO
3430 4645 3534 4689 ιίδηι
3577 4650 3667 4691 53'

365 4731 630 4800 qumdam,
656 4732 954 4797 concinna;
981 4741 1034 4784 et
1067 4733 1179 4800 ipsa
1228 4748 1319 4786 stta
1363 4734 1619 4789 brevitate
1641 4737 1963 4805 gratissimae

363 4820 754 4890 descriptiones
777 4833 1086 4887 occurrunt,
1121 4835 1278 4893 atque
1306 4841 1367 4877 ea
1414 4826 1468 4878 in
1501 4829 1703 4894 primis,
1739 4838 1962 4882 cuncto-

363 4929 482 4968 rum
535 4930 629 4969 ore
671 4915 939 4969 celebrata
974 4958 988 4979 ,
1034 4931 1137 4985 qua
1201 4931 1485 4986 puerorum
1537 4933 1658 4974 sese
1704 4927 1960 4973 testarum

364 5009 419 5063 in
451 5023 597 5063 mare
633 5009 1051 5080 jaculationibus
1100 5009 1486 5065 oblectantium
1535 5011 1690 5066 ludus
1750 5011 1960 5067 descri-

367 5102 528 5157 bitur.

433 5193 605 5248 Nemo
626 5203 710 5249 est
740 5193 925 5261 etiam,
955 5197 1045 5266 qui
1092 5212 1197 5252 non
1223 5195 1399 5250 videat
1443 5195 1584 5252 hunc
1611 5195 1803 5251 librum
1828 5195 1961 5250 duas

364 5289 674 5345 distinctum
703 5306 825 5346 esse
849 5295 906 5345 in
940 5301 1139 5362 pattes,
1168 5308 1391 5362 quarunt
1423 5293 1590 5361 prima
1619 5292 1816 5346 Caecilii
1867 5305 1962 5359 pro

366 5384 616 5443 ethnicis.
651 5394 706 5439 et
754 5387 986 5439 secunda
1037 5385 1239 5440 Uetavii
1287 5402 1384 5454 pro
1414 5384 1735 5439 Christianis
1762 5383 1964 5438 oratio-

365 5489 488 5528 nem
531 5477 928 5541 complectitur.
956 5477 1154 5532 Vernm
1211 5477 1388 5532 omnia
1421 5479 1472 5530 in
1505 5492 1570 5530 eo
1597 5477 1956 5540 continenter,

366 5575 422 5622 et
448 5568 551 5621 ulla
583 5570 786 5639 absque
827 5573 1092 5626 sermonis
1127 5571 1494 5634 dislinrlione,
1530 5585 1652 5622 cum
1697 5570 1746 5621 in
1777 5567 1964 5622 codice

365 5665 757 5732 ﬂlaIIlIaCl'iplO,
789 5675 898 5718 tttm
945 5667 996 5720 in
1039 5664 1198 5720 editis
1227 5665 1424 5731 scripta
1466 5677 1679 5730 semper
1720 5661 1959 5715 fuerunt.

368 5751 426 5805 In
478 5753 659 5810 ultima
701 5757 966 5826 siquidem
1012 5767 1216 5811 tantum
1267 5755 1408 5808 illius
1451 5754 1686 5808 editione
1717 5754 1964 5823 qua-dam

370 5855 549 5903 textus
587 5848 638 5906 itt
671 5851 844 5925 capita
892 5851 1164 5908 dividendi
1210 5861 1352 5906 nota:
1375 5864 1468 5906 seu
1501 5847 1709 5904 numeri
1737 5847 1789 5904 in
1819 5862 1964 5904 mar-

2069 4723 2170 4790 rio,
2205 4733 2460 4794 tantoqtte
2483 4723 2661 4778 studio
2684 4724 2753 4779 ab
2793 4724 2910 4794 ipso
2941 4727 3181 4779 instituta
3213 4735 3315 4794 est,
3339 4737 3395 4780 ut
3435 4728 3524 4780 illa
3553 4726 3668 4782 sola

2065 4819 2317 4873 Ctecilius
2338 4834 2396 4872 se
2425 4820 2647 4883 victum,
2673 4828 2833 4888 atque
2883 4819 2949 4874 ad
2975 4820 3252 4889 gentilium
3295 4833 3508 4873 errores
3551 4819 3667 4889 eju-

2067 4911 2288 4977 randos,
2313 4912 2835 4982 amplexandatnque
2850 4912 3199 4967 christianum
3231 4910 3543 4979 religionem
3571 4927 3668 4966 co-

2065 5012 2240 5058 actum
2291 5002 2455 5058 fuisse
2481 5005 2657 5073 palam
2707 5003 2980 5072 professus
3005 5004 3096 5058 sit.
3128 5001 3274 5057 Nibil
3318 5002 3500 5071 itaque
3521 5001 3666 5056 aliud

2066 5095 2166 5150 sibi
2199 5096 2508 5150 Lactantius
2549 5097 2781 5152 voluisse
2824 5096 3051 5159 videtur,
3084 5097 3185 5149 nisi
3238 5095 3546 5149 christiana:
3576 5109 3666 5150 re-

2067 5185 2278 5256 ligionis
2304 5185 2672 5242 defensionem
2710 5188 2813 5241 hoc
2859 5187 3072 5242 Minucii
3104 5189 3154 5241 in
3212 5186 3349 5240 libro
3376 5198 3559 5252 totam,
3585 5188 3668 5244 in-

2068 5291 2293 5352 tegram,
2327 5291 2486 5350 atque
2509 5283 2676 5344 omni,
2708 5297 2808 5351 qua
2853 5293 3088 5350 poterat,
3116 5293 3265 5350 parte
3301 5281 3591 5352 perfectam
3611 5290 3667 5338 et

2066 5377 2366 5430 absolutam
2401 5391 2505 5428 non
2561 5375 2825 5430 exhiberi.
2856 5375 3179 5430 Christianae
3214 5378 3491 5430 enimvero
3537 5376 3666 5449 reli-

2064 5471 2240 5540 gionis
2284 5468 2486 5522 veritas
2531 5467 2710 5533 variis,
2743 5469 2816 5521 uti
2864 5471 2973 5538 jam
3023 5469 3330 5524 monuimus
3375 5478 3429 5524 et
3479 5483 3668 5526 omnes

2070 5564 2207 5618 ttltro
2229 5562 2462 5616 fatentur
2491 5563 2838 5633 argumentis,
2873 5579 2988 5634 quae
3019 5564 3132 5618 sola
3182 5573 3535 5634 separataque
3556 5561 3667 5619 suf-

2071 5657 2273 5723 ficiunt,
2307 5656 2666 5711 demonstrari
2697 5667 2893 5725 potest.
2928 5657 3158 5712 Minucio
3182 5659 3360 5727 itaque
3383 5658 3559 5712 nullus
3590 5656 3666 5714 vi-

2070 5752 2142 5807 tio
2173 5765 2422 5819 umquam
2458 5749 2579 5819 jure
2627 5752 2819 5807 merito
2869 5757 3112 5815 verterit,
3140 5750 3276 5820 quod
3319 5750 3385 5805 ad
3427 5749 3668 5806 funditus

2068 5842 2393 5903 evertendas
2442 5843 2722 5914 gentilium
2759 5860 2995 5918 errores,
3025 5844 3092 5902 ad
3120 5841 3508 5918 propulsandae
3545 5843 3669 5910 illo-
