4230 6242
624 288 724 345 591

1910 280 1995 335 DE
2050 276 2309 334 MINUCII
2350 275 2649 331 OCTAVIO

3817 278 3925 332 592

623 420 741 460 rum
774 402 824 457 in
861 400 1197 457 Christianos
1228 400 1541 457 falsissimas
1572 401 1999 465 criminationes,
2031 415 2093 453 ac
2115 407 2219 454 sta-
2249 397 2299 456 A
2329 386 2468 448 imeii
2490 393 2705 447 nomine
2744 390 3088 460 inscriptum,
3131 388 3339 481 curavit
3391 386 3757 460 llcidelberga:
3791 394 3930 462 typis

623 495 913 551 bilicndatn
938 492 1246 549 christiana:
1268 494 1545 564 religionis
1566 494 1870 559 veritatem,
1894 508 1960 547 ex
1981 492 2222 560 pluribus

624 589 953 660 argumeulis
989 604 1052 643 ea
1086 588 1367 657 selegerit,
1403 588 1594 658 quibus
1626 589 1740 643 hare
1787 589 1917 644 satis
1956 601 2222 655 superque

626 679 1089 735 demonstrantur.
1123 680 1195 734 Ita
1241 696 1371 736 sane
1399 682 1560 751 aliqui
1602 680 1740 735 haud
1785 681 1939 751 plane
1967 679 2224 749 ignobiles

623 772 933 827 christiana:
966 772 1240 843 religionis
1268 772 1603 838 defensores,
1644 774 1789 827 illius
1818 773 2094 827 veritatem
2124 771 2222 827 de-

625 875 999 920 monstrarunt
1035 881 1102 921 ex
1134 866 1438 936 adimpletis
1487 867 1789 920 divinorum
1840 865 2221 936 prophetarum

623 960 879 1023 oraculis,
906 960 995 1013 alii
1027 976 1091 1014 ex
1120 958 1319 1015 ChriSti
1370 958 1860 1029 discipulorumque
1914 959 2031 1026 ejus
2063 958 2225 1011 mira-

622 1052 779 1118 culis,
808 1052 896 1105 alii
926 1066 1056 1105 vero
1083 1052 1203 1105 aliis
1232 1052 1587 1120 argumentis,
1614 1068 1732 1121 qua:
1758 1050 1844 1105 hic
1881 1050 2223 1105 dinumerare

623 1144 753 1198 nihil
794 1159 1019 1199 necesse
1084 1154 1207 1210 est,
1254 1145 1373 1214 quis
1421 1156 1595 1199 t:unen
1654 1145 1771 1198 illos
1826 1161 1922 1198 suo
1969 1145 2222 1199 defenso-

622 1238 697 1294 ris
728 1254 949 1295 munere
978 1255 1083 1293 non
1134 1240 1235 1294 rite
1290 1238 1598 1308 perfunctos
1623 1238 1806 1293 dicere
1838 1253 2087 1308 umquam
2124 1253 2223 1292 att-

622 1343 715 1385 sus
740 1338 820 1385 est
844 1330 868 1385 ἲ

1234 1483 1524 1524 ARTICULUS
1555 1484 1633 1523 lll.

621 1577 701 1635 De
744 1580 896 1647 huius
939 1580 1056 1635 libri
1106 1582 1464 1651 manuscriptis
1502 1581 1760 1637 codicibus
1810 1583 2060 1653 variisque
2116 1583 2223 1637 cdi-

1305 1676 1543 1730 tionibus.

2329 485 2580 541 Ludovici
2627 484 2775 538 Lucii
2825 481 3037 537 excudi.

2400 577 2677 632 Tredecim
2707 583 2883 630 tamen
2908 586 3093 644 postea
3118 574 3294 641 annis,
3318 573 3571 628 nimirutn
3599 589 3741 628 anno
3765 575 3927 641 1585,

2328 687 2462 726 nova
2511 670 2668 736 hujus
2716 669 2835 724 libri
2889 684 3011 723 cum
3067 679 3272 737 septem
3320 668 3644 723 Arnobianis
3690 670 3855 724 editio
3897 688 3928 725 a

2328 763 2516 817 Fulvio
2572 760 2768 816 Ursino
2820 760 3001 814 Romae
3028 760 3285 814 adornata
3342 772 3461 825 est,
3517 761 3569 814 in
3598 777 3698 829 qua
3750 761 3836 817 ille
3860 764 3929 818 ab

2328 855 2411 909 his
2441 856 2511 908 ita
2541 854 2815 923 sejunctus
2846 852 2975 919 fuit,
3013 864 3280 923 tamquam
3324 852 3555 908 Ursinus
3614 855 3665 908 id
3714 856 3929 911 fecisset

2327 949 2563 1002 omnium
2623 949 2855 1016 primus,
2906 962 3003 1001 nec
3035 947 3174 1001 ullus
3205 946 3274 1002 de
3324 946 3426 1003 hoc
3454 947 3667 1003 Minucii
3693 950 3833 1004 libro
3857 952 3926 1006 ab

2328 1042 2649 1096 Arnobianis
2675 1042 3010 1111 sejungendo
3040 1042 3299 1096 hactenus
3324 1044 3631 1111 cogitasset.
3664 1043 3769 1099 Sed
3804 1045 3928 1100 Bal—

2327 1132 2472 1187 duini
2514 1132 2805 1187 editionem
2825 1134 2868 1186 si
2916 1131 3158 1195 viderat,
3213 1133 3406 1187 bonam
3460 1133 3603 1188 illius
3634 1134 3828 1201 fidem;
3883 1137 3927 1192 si

2329 1241 2433 1279 non
2483 1235 2748 1294 noverat,
2792 1224 3122 1296 diligentiam
3156 1225 3301 1280 haud
3334 1226 3489 1297 plane
3544 1228 3815 1285 immerito
3838 1230 3929 1286 dc-

2328 1317 2609 1372 siderabis.

2403 1410 2663 1479 Deinceps
2689 1424 2818 1463 vero
2844 1426 2875 1463 a
2904 1410 3114 1465 caeteris
3144 1410 3393 1464 omnibus
3426 1410 3513 1466 hic
3533 1412 3669 1468 liber
3712 1414 3928 1470 Minucii

2328 1503 2544 1557 nomine
2606 1502 2780 1557 editus
2832 1512 2931 1557 est.
2996 1501 3126 1555 Nam
3178 1502 3419 1571 posthzec
3462 1504 3643 1558 studio
3695 1516 3749 1560 et
3799 1522 3927 1561 cura

2330 1594 2592 1649 Johannis
2622 1612 2651 1649 a
2674 1595 2894 1650 Wower
2922 1595 3142 1649 Basilea:
3168 1610 3231 1649 ex
3279 1594 3525 1650 Frobenii
3581 1602 3929 1670 typographia

2330 1702 2473 1741 anno
2524 1688 2664 1742 1605
2719 1688 2932 1756 prodiit.
2978 1687 3085 1741 Nos
3129 1693 3306 1739 autem
3338 1687 3427 1742 ille
3476 1689 3729 1745 admonet
3759 1708 3815 1746 se
3837 1692 3928 1747 Mi-

696 1785 846 1842 Unus
874 1786 1153 1857 nobisjam
1208 1803 1238 1841 a
1277 1788 1435 1857 longo
1468 1797 1708 1858 tempore
1746 1798 1949 1843 tantum
1979 1797 2225 1859 superest
2254 1793 2301 1852 Β
2329 1782 2540 1835 nuciani
2572 1792 2745 1838 textus
2773 1792 2945 1837 errata
2973 1785 3273 1842 correxisse
3301 1802 3367 1839 ex
3397 1786 3483 1839 illa
3529 1784 3702 1840 Fulvii
3750 1786 3927 1843 Ursini

624 1877 786 1949 hujus
810 1879 930 1933 libri
984 1882 1381 1947 manuscriptus
1432 1881 1625 1944 codex,
1661 1884 1985 1952 octingentis
2030 1883 2225 1938 abhinc

624 1973 779 2025 anuis
841 1973 1073 2043 eleganti
1128 1989 1258 2028 sane
1308 1974 1648 2039 charactere,
1704 1976 1796 2029 sed
1854 1978 1921 2030 ab
1978 1978 2223 2047 imperito

621 2062 844 2117 librario
873 2063 1197 2134 descriptus.
1224 2066 1443 2121 Arnobii
1477 2076 1655 2123 autem
1690 2069 1907 2121 nomine
1956 2079 2074 2135 post
2096 2083 2220 2136 scp-

621 2164 728 2210 tem
756 2157 895 2211 illius
922 2157 1182 2213 adversus
1202 2170 1392 2229 gentes
1413 2161 1579 2214 libros
1608 2160 1709 2215 hoc
1733 2162 1882 2214 titulo
1905 2163 2218 2214 exhibetur:

620 2253 835 2307 Arnobii
861 2252 986 2307 liber
1024 2250 1128 2305 VII
1160 2254 1404 2322 explicit:
1435 2252 1629 2323 Incipit
1661 2255 1786 2307 liber
1817 2253 1957 2307 VIII
1984 2254 2217 2323 feliciter.

618 2346 871 2400 Summus
917 2356 1095 2400 autem
1144 2346 1395 2402 Pontifex
1448 2348 1587 2401 hunc
1625 2347 1900 2411 codicem,
1957 2348 2139 2403 [{oiute
2168 2350 2218 2402 in

617 2437 946 2495 bibliotheca
1013 2440 1265 2496 Vaticana
1338 2450 1643 2509 repertum,
1712 2440 2000 2495 Fraucisco
2050 2443 2220 2509 primo

618 2531 916 2589 Galliarum
982 2535 1093 2604 regi
1166 2549 1288 2589 cum
1358 2551 1465 2589 uno
1526 2536 1711 2604 prima:
1775 2535 1917 2589 illius
1968 2535 2218 2590 editionis

616 2626 911 2693 exemplari
966 2625 1109 2681 dono
1161 2626 1343 2681 dedit:
1370 2626 1589 2697 jamque
1615 2628 1667 2682 in
1712 2629 1854 2697 regia
1898 2628 2217 2683 bibliotheca

617 2717 837 2774 Parisiis
881 2718 1013 2773 olim
1051 2734 1275 2775 numero
1301 2720 1474 2787 1514,
1522 2736 1663 2776 nunc
1684 2720 1858 2788 5975,
1892 2729 2106 2775 notatus
2126 2736 2213 2776 as-

617 2820 882 2865 SCI‘Vlelll‘.

688 2901 846 2957 Falso
875 2903 1034 2973 hujus
1051 2904 1249 2960 codicis
1281 2904 1435 2958 titulo
1460 2904 1718 2975 deceptus
1742 2905 1971 2959 Faustus
1996 2905 2216 2959 Sabirus

617 2994 905 3049 Brixiauus
925 3037 938 3058 ,
967 3012 1110 3049 anno
1140 2997 1279 3051 1542
1309 3012 1428 3051 Cum
1459 2997 1679 3051 Arnobii
1713 2999 1959 3060 nomine,
1990 3007 2045 3052 et
2077 3008 2214 3051 tant-

615 3103 775 3157 quam
803 3098 1051 3142 oetavum
1083 3088 1227 3143 illius
1254 3089 1447 3144 librum
1483 3090 1623 3160 typis
1652 3089 1737 3143 edi
1765 3091 1989 3142 curavit.
2017 3090 2214 3158 Elapso

614 3178 741 3233 inde
793 3179 1060 3247 triennio,
1110 3181 1210 3235 hoc
1264 3190 1375 3243 est,
1430 3196 1573 3235 anno
1624 3180 1786 3246 1545,
1846 3180 2289 3250 SigismuudusC

614 3269 867 3326 Gelenius
910 3288 1100 3326 novam
1153 3273 1311 3342 hujus
1344 3272 1501 3339 libri,
1564 3272 1753 3327 eodem
1804 3273 1961 3327 titulo
2018 3284 2073 3329 et
2118 3291 2216 3329 no-

612 3366 788 3432 mine,
840 3366 1063 3423 Basilea:
1110 3367 1250 3438 typis
1299 3365 1555 3422 Frobenii
1594 3366 1885 3423 editionem
1931 3368 2066 3438 juris
2093 3369 2218 3424 fecit

612 3457 829 3528 publici.

686 3552 887 3607 Eodem
939 3563 1123 3623 postea
1150 3568 1338 3609 errore
1381 3552 1523 3608 ducti
1562 3562 1720 3620 sunt,
1771 3554 1806 3609 ii
1851 3570 1881 3608 a
1908 3556 2099 3625 quibus
2130 3555 2217 3611 hic

610 3644 748 3700 liber
773 3644 963 3699 eodem
1020 3645 1182 3701 modo
1228 3648 1421 3702 iterum
1468 3647 1520 3701 in
1553 3648 1841 3704 Germania
1873 3664 2127 3718 excusus,
2160 3659 2215 3705 et

609 3736 913 3809 divulgatus
935 3747 1036 3793 est.

689 3828 779 3884 Sic
823 3828 982 3898 igitur
1014 3828 1100 3883 hic
1130 3829 1282 3895 liber,
1308 3830 1544 3887 Arnobio
1586 3843 1914 3902 prrcpostere
1931 3834 2212 3902 ascriptus,

610 3920 817 3977 tamdiu
877 3924 1092 3978 nemine
1152 3924 1649 3992 animadvertente,
1705 3928 1867 3981 variis
1926 3928 1978 3980 in
2033 3926 2215 3980 mundi

608 4016 871 4085 partibus,
903 4016 1076 4079 Italia,
1104 4016 1294 4083 Gallia,
1328 4018 1614 4074 Germania
1644 4021 2216 4077 volutabatur.0mnes

610 4124 829 4179 quoque
889 4110 1026 4164 alios
1075 4111 1236 4165 etiam
1287 4110 1559 4165 doctiores
1611 4110 1857 4166 homines
1919 4112 2005 4167 hic
2064 4128 2217 4167 error

610 4199 747 4255 adeo
776 4202 1072 4265 invaserat,
1127 4213 1186 4256 ut
1217 4202 1473 4257 Erasmus
1518 4204 1663 4273 ipse,
1699 4204 1749 4256 in
1786 4202 2025 4272 legendis
2056 4218 2213 4259 sanc-

613 4304 791 4349 torum
849 4297 1107 4350 Ecclesia:
1163 4295 1383 4349 Patrum
1426 4296 1574 4349 libris
1625 4298 1981 4360 exercitatus,
2030 4314 2214 4352 verum

610 4386 828 4443 Minucii
893 4387 1159 4441 Octavium
1216 4403 1322 4441 non
1378 4388 1606 4457 amplius
1650 4399 1862 4443 exstare
1905 4392 2211 4445 asseruerit.

610 4478 717 4533 Sed
751 4480 793 4531 si
838 4479 1115 4533 attentiori
1144 4478 1234 4532 ille
1261 4480 1441 4533 animo
1472 4488 1527 4533 et
1570 4478 1711 4535 hunc
1741 4481 1980 4535 auctoris
2011 4482 2213 4549 nostri,

2330 1876 2599 1938 editione,
2662 1888 2823 1946 atque
2870 1892 2937 1931 ex
2979 1877 3085 1930 alio
3136 1878 3369 1947 quodam
3400 1879 3571 1945 libro,
3601 1879 3751 1949 cujus
3784 1897 3922 1935 tuar-

2328 1968 2433 2037 gini
2469 1968 2741 2021 variantes
2774 1968 3031 2023 lectiones
3059 1986 3121 2023 cx
3167 1973 3530 2041 tuanuscripto
3562 1972 3739 2042 regio,
3770 1982 3929 2043 atque

2328 2059 2446 2113 aliis
2476 2075 2542 2113 ex
2594 2061 2744 2115 libris
2774 2060 2965 2114 Petrus
3021 2061 3202 2117 Daniel
3253 2063 3561 2131 collegerat.

2399 2151 2688 2222 llamhurgi
2736 2168 2863 2207 vero
2912 2154 3077 2209 semel
3136 2166 3189 2210 et
3237 2157 3428 2211 iterum
3480 2156 3634 2210 annis
3691 2156 3829 2211 1610
3868 2166 3926 2213 et.

2328 2246 2465 2300 1612
2520 2246 2657 2300 idem
2714 2246 2803 2301 ille
2852 2246 3064 2302 Minucii
3114 2250 3284 2303 nostri
3335 2250 3474 2304 liber
3522 2250 3586 2305 ab
3646 2250 3926 2306 Gebharto

2326 2338 2722 2393 Elmcnltorstio
2777 2356 2898 2395 cutn
2948 2350 3158 2411 septem
3226 2343 3448 2398 Arnobii
3503 2344 3650 2399 libris
3683 2344 3924 2416 publica-

2326 2439 2409 2484 tus
2450 2430 2564 2483 fuit.
2872 2488 2881 2495 κ

2394 2522 2563 2575 Simili
2587 2538 2799 2593 quoque
2826 2523 2986 2579 modo
3013 2526 3115 2579 alia
3141 2525 3287 2580 illius
3312 2526 3479 2581 editio
3530 2526 3751 2581 Parisiis
3774 2542 3918 2582 anno

2324 2616 2464 2670 1615
2511 2632 2539 2670 a
2574 2618 2847 2673 Desiderio
2902 2618 3155 2686 lleraldo,
3207 2620 3301 2675 sed
3350 2621 3471 2675 ullis
3499 2621 3706 2691 absque
3740 2623 3789 2675 in
3818 2624 3925 2677 Uc-

2324 2708 2520 2761 tavium
2571 2710 3073 2778 observationibus,
3111 2712 3188 2766 uti
3219 2728 3344 2767 mox
3373 2712 3599 2781 dicetur,
3641 2712 3924 2778 adornata,

2321 2800 2372 2854 in
2432 2800 2695 2869 publicant
2741 2801 2912 2857 lucem
2951 2805 3145 2858 emissa
3174 2814 3276 2859 est.

2394 2891 2565 2945 Aliam
2622 2892 2777 2962 illtjUs
2826 2893 2945 2946 libri
3006 2894 3335 2961 editionem,
3399 2896 3465 2951 ab
3522 2896 3915 2952 Oxoniensium

2323 2988 2777 3051 typographorutn
2809 2983 3025 3039 officina
3050 2986 3365 3054 profectam,
3391 2985 3485 3041 sed
3509 2988 3576 3042 ab
3591 2989 3710 3043 aliis
3737 3005 3921 3059 parum

2320 3076 2711 3145 discrepantem
2769 3078 2924 3131 nobis
2974 3078 3469 3134 indieatOuzelius.

2396 3168 2587 3223 l‘osrea
2628 3183 2754 3222 vero
2806 3168 3056 3225 Nieolans
3101 3171 3359 3239 lligaltius
3410 3172 3557 3226 illum
3605 3171 3670 3225 ad
3724 3173 3926 3228 codicis

2329 3258 2482 3329 Regii
2534 3260 2689 3315 [idem
2737 3261 2914 3316 denuo
2950 3262 3288 3332 castigatum,
3343 3264 3609 3334 variisque
3655 3265 3706 3318 in
3762 3265 3922 3333 locis,

2310 3342 2382 3406 ἰιι
2445 3353 2558 3419 ipse
2639 3353 2733 3418 ait,
2802 3366 3105 3409 correcunn
3169 3365 3223 3409 et
3290 3356 3631 3411 emendatum
3700 3356 3927 3414 Lutetia:

2322 3445 2649 3501 Parisiorum
2681 3447 2818 3515 apud
2868 3446 3081 3501 viduam
3111 3447 3402 3502 Mathurini
3456 3449 3655 3519 Dupuis
3704 3452 3927 3520 protulit.

2321 3538 2375 3592 in
2424 3539 2630 3608 vulgus.
2662 3540 2724 3594 Et
2761 3550 2908 3595 certe
2937 3541 2987 3594 iu
3042 3540 3145 3595 hoc
3171 3543 3321 3612 regio
3351 3540 3536 3597 codice
3560 3545 3925 3612 manuscripto

2321 3630 2779 3702 deprehendimus
2812 3634 3025 3704 Rigaltii
3057 3645 3243 3699 notas,
3282 3635 3476 3705 quibus
3521 3635 3729 3689 Minucii
3752 3637 3923 3692 verba

2320 3729 2587 3793 separavit
2634 3728 3011 3797 correxitque,
3080 3742 3143 3782 ac
3204 3728 3377 3781 varias
3427 3728 3918 3799 inter-punctiones,

2319 3817 2511 3888 quibus
2563 3831 2827 3873 commata
2875 3830 2929 3875 et
2982 3820 3207 3889 phrases
3254 3820 3481 3875 credidit
3530 3837 3652 3877 esse
3725 3824 3915 3877 distin-

2319 3910 2549 3981 guenda.
2594 3912 2674 3966 Ex
2723 3912 2825 3967 hac
2878 3923 3055 3968 autem
3115 3914 3351 3969 editione
3402 3915 3542 3969 idem
3596 3915 3731 3970 liber
3758 3915 3920 3971 Ams-

2322 4005 2572 4060 telodatni
2604 4022 2746 4061 anno
2779 4008 2918 4063 1645
2940 4049 2952 4071 ,
3005 4018 3058 4062 et
3105 4009 3245 4064 inter
3272 4009 3523 4080 Cypriani
3560 4009 3735 4079 Opera
3778 4027 3922 4066 anno

2324 4098 2463 4152 1666
2510 4100 2851 4169 postmodum
2907 4115 3139 4155 excusus
3184 4111 3288 4155 cst.
3323 4100 3518 4156 Verum
3564 4102 3788 4157 editioa
3819 4103 3918 4158 Ri-

2318 4198 2480 4267 galtio
2555 4198 2812 4254 adornata
2881 4200 3114 4270 plurium
3164 4202 3613 4271 vituperationem
3680 4204 3925 4276 effugere

2320 4305 2426 4344 non
2480 4292 2669 4358 potuit.

2391 4381 2647 4448 Quamvis
2694 4384 2837 4439 enim
2881 4384 3115 4441 Jacobus
3178 4387 3431 4443 Ouzelius
3495 4405 3604 4444 non
3677 4391 3925 4447 minimis

2322 4474 2465 4530 illam
2520 4478 2744 4532 extollat
2795 4479 3073 4545 laudibus;
3121 4480 3279 4534 aliam
3308 4493 3525 4546 tamen,
3575 4482 3649 4535 uti
3678 4484 3925 4551 putabat,

610 4577 773 4639 atque
825 4569 963 4623 alios
1007 4571 1230 4625 Arnobii
1258 4570 1423 4626 libros
1454 4570 1671 4641 legisset
1699 4614 1712 4638 ,
1746 4588 1850 4626 non
1882 4574 2058 4627 minus
2088 4573 2211 4643 ipsi,
2240 4577 2293 4636 D
2323 4569 2600 4624 meliorem
2646 4572 2758 4642 ipse
2807 4571 2981 4627 adhuc
3029 4572 3344 4627 adolescens
3399 4588 3541 4627 anno
3592 4573 3731 4629 1052
3779 4574 3928 4646 Lug-

610 4678 770 4734 quam
799 4663 926 4718 olim
951 4663 1272 4734 Nepotiane,
1300 4675 1356 4721 nt
1396 4666 1751 4737 Hieronymus
1793 4675 2018 4721 testatur
2063 4666 2213 4737 (Hie-

609 4770 813 4826 rongm.
866 4756 1015 4823 epist.
1047 4756 1139 4824 55,
1184 4757 1251 4810 ad
1304 4756 1513 4811 Heliod.
1552 4775 1605 4827 ρ.
1649 4756 1802 4829 271),
1834 4758 1986 4813 facile
2029 4774 2210 4828 prom-

609 4854 835 4920 tumque
884 4849 1101 4914 fuisset,
1149 4849 1417 4907 diversam
1466 4850 1625 4920 plane
1670 4851 1944 4921 utriusque
2008 4850 2211 4906 discer-

608 4955 741 4997 nere
770 4940 983 4998 dicendi
1026 4944 1314 4998 rationetn.
1367 4944 1433 4998 Et
1460 4959 1588 4998 vero
1609 4984 1621 4996 .
1654 4944 1781 5013 quid
1811 4944 2034 4999 Erasmn
2056 4956 2213 5002 easte-

608 5037 790 5107 risquc
816 5037 1067 5092 omnibus
1091 5037 1321 5103 facilius,
1352 5054 1511 5109 quam
1542 5039 1681 5092 hunc
1702 5038 1895 5093 librum
1923 5039 2207 5108 volvendo,

608 5130 891 5184 confe~tim
928 5129 1338 5200 deprehendere
1377 5130 1601 5185 Arnobii
1631 5131 1796 5184 libros
1834 5146 1941 5186 non
2002 5132 2054 5186 in
2099 5133 2212 5187 dia-

603 5220 710 5291 logi
763 5221 1023 5286 formam,
1058 5223 1199 5277 sicut
1248 5222 1335 5277 hic
1386 5221 1601 5278 Minucii
1657 5222 1927 5289 Octavius,
1965 5223 2211 5294 styloquc

604 5316 765 5389 longe
816 5318 1034 5374 diverso
1085 5334 1205 5374 esse
1244 5318 1592 5389 compositos.

674 5414 743 5467 At
791 5416 993 5485 Optime
1034 5412 1250 5483 quidem
1299 5412 1349 5467 id
1402 5412 1671 5469 intellexit
1729 5412 2048 5467 Franciscus
2091 5412 2208 5467 Bal-

600 5504 838 5573 duinus,
889 5517 1053 5577 atque
1112 5508 1210 5561 hac
1262 5505 1375 5575 ipsa
1428 5505 1496 5561 de
1527 5521 1719 5569 causa,
1774 5506 2055 5571 Lactantii,
2087 5505 2208 5560 ilic-

596 5600 950 5671 ronymique,
983 5616 1123 5670 quos
1151 5614 1310 5668 supra
1344 5598 1649 5663 cilavimus,
1685 5598 2207 5663 auctoritatefretus,

596 5691 861 5761 Octavium
902 5687 1046 5756 hunc
1105 5692 1340 5762 genuino
1391 5704 1489 5745 suo
1544 5693 1750 5760 parenti
1785 5690 2016 5744 Minucio
2047 5689 2211 5745 Felici

585 5781 831 5841 restituit.
882 5774 1265 5858 Quamobrem
1321 5797 1465 5839 anno
1518 5782 1659 5845 1560
1724 5781 1900 5847 illum,
1948 5782 2065 5853 ipso
2117 5779 2211 5835 Mi-

2315 4661 2442 4716 duni
2496 4663 2817 4718 Batavorum
2877 4665 3017 4735 apud
3075 4665 3373 4722 Johannem
3453 4667 3501 4721 le
3571 4666 3737 4722 Maire
3791 4683 3923 4738 pro.

2317 4755 2590 4825 mulgavit.
2657 4754 2789 4809 Nam
2839 4756 2891 4810 in
2946 4757 3089 4811 illius
3140 4757 3452 4827 praefatione
3499 4758 3762 4813 monitum
3812 4760 3925 4816 lec-

2318 4854 2488 4901 torem
2531 4846 2656 4901 facit
2700 4862 2759 4901 se
2811 4848 3045 4903 auctoris
3077 4850 3260 4915 verba,
3309 4848 3377 4904 ab
3405 4849 3527 4904 aliis
3547 4865 3611 4904 ex
3641 4849 3791 4917 regio
3820 4867 3923 4906 co-

2317 4938 2437 4995 dice
2497 4950 2643 4995 recte
2692 4940 2999 5005 emendata,
3069 4941 3375 5009 retinuisse,
3444 4942 3577 4996 alias
3644 4944 3921 5013 vulgatam

2315 5034 2615 5104 praztulisse
2654 5034 2962 5090 lectionem.
2989 5034 3335 5105 Conjccturas
3365 5050 3492 5090 vero
3514 5051 3658 5099 suas,
3689 5052 3922 5107 easque,

2316 5136 2373 5179 ut.
2422 5128 2533 5195 ipse
2580 5127 2676 5193 ait,
2724 5128 3057 5183 certissimas
3109 5129 3277 5184 semel
3326 5138 3530 5183 tantum
3559 5140 3653 5185 aut
3685 5131 3768 5185 bis
3818 5131 3924 5187 Mi-

2316 5218 2545 5271 nuciano
2614 5219 2842 5274 inseruit
2910 5220 3112 5285 textui,
3190 5230 3416 5276 czcteras
3475 5223 3585 5277 suis
3643 5224 3927 5279 commisit

2315 5310 2891 5367 animadversionibus.
2951 5313 3189 5383 Denique
3230 5314 3472 5383 plurima
3522 5314 3574 5368 itt
3603 5329 3763 5383 prava
3797 5330 3928 5370 ver-

2311 5402 2501 5457 borum
2534 5404 2968 5474 intcrpunctione
3003 5421 3067 5461 ac
3108 5405 3457 5462 distinctione
3486 5421 3545 5461 se
3598 5406 3930 5465 immutasse

2314 5496 2653 5553 testificatur.

2385 5593 2462 5648 Ea
2499 5604 2676 5649 autem
2726 5594 2929 5650 Oazelii
2978 5596 3142 5652 editio
3202 5610 3390 5651 recusa
3444 5605 3528 5650 est
3591 5595 3643 5650 in
3690 5594 3923 5653 officina

2315 5685 2588 5742 Hackiana
2638 5687 2883 5757 Lugduni
2935 5688 3255 5743 Batavorum
3307 5687 3639 5755 annol672;
3671 5687 3765 5743 sed
3809 5703 3927 5758 quo

2316 5789 2557 5847 auctore,
2612 5781 2831 5852 cojusvc
2888 5782 3064 5839 studio
3108 5794 3161 5840 et
3190 5781 3391 5851 labore,
3438 5785 3654 5857 penitus
3685 5792 3925 5845 tacetur.
