4248 6264
388 314 495 370 393

1785 321 2255 381 DISSEBTATIO.

3582 341 3689 397 ’594

387 422 547 520 Brevi
596 422 796 478 etenim
844 429 1049 479 tantum
1097 425 1303 481 monito
1332 425 1606 483 declarant
1647 435 1984 504 typograpbi,
2014 439 2064 498 A
2093 439 2159 493 ab
2207 453 2390 494 earum
2419 448 2594 496 tamen
2660 442 3184 500 animadversionum
3232 450 3585 520 scriptoribus
3611 457 3692 514 in-

387 529 448 570 se
501 513 697 569 dubios
757 517 1055 587 anxiosque
1122 517 1382 586 harsisse,
1435 521 1588 590 cujus
1653 525 1987 592 potissimum

392 607 678 678 scriptoris
739 622 902 677 opera
959 613 1112 664 novis
1172 611 1311 682 typis
1382 613 1657 678 cnderint,
1707 616 1986 672 ductorum

389 698 606 754 tandem
657 700 894 754 virormn
973 702 1202 758 consilio
1277 703 1418 760 hunc
1494 705 1730 764 edidisse
1777 709 1990 764 Minucii

391 791 586 848 Felicis
630 793 930 857 Octavium,
962 797 1236 863 onmibus,
1271 799 1343 852 uti
1391 800 1558 865 aiunt,
1591 802 1830 857 numeris
1877 803 1991 858 suis

389 884 726 950 absolutum,
785 902 848 941 ac
878 887 1208 956 quibuslibet
1275 891 1568 958 variorum,
1627 909 1746 963 qua:
1811 894 1995 952 hacte-

390 993 494 1033 nus
547 977 882 1049 prodierant,
934 983 1074 1038 notis
1139 991 1193 1038 et
1228 983 1791 1043 animadversionibus
1836 989 1988 1045 illus-

392 1078 613 1125 tratum.

465 1167 535 1217 At
588 1162 892 1232 Gronovio,
949 1168 1106 1224 sicuti
1155 1169 1314 1239 paulo
1359 1181 1480 1241 post
1537 1171 1765 1240 «licetur,
1827 1176 1988 1248 longe

402 1255 559 1310 aliter
606 1257 776 1311 visum
827 1265 930 1313 est.
960 1258 1168 1314 Nullam
1197 1262 1476 1319 enimvero
1506 1280 1628 1320 esse
1671 1277 1854 1336 putat,
1893 1269 1993 1324 hac

393 1345 506 1416 ipsa
559 1358 776 1416 propter
820 1350 1043 1405 easdem
1083 1349 1285 1407 Ouzelii
1319 1364 1474 1409 notas
1522 1356 1759 1424 pejorcm
1791 1359 1992 1414 minus-

399 1455 504 1509 que
553 1441 910 1510 probandam.
969 1443 1140 1500 Porro
1167 1455 1348 1501 autem
1398 1449 1610 1503 tametsi
1641 1449 1730 1503 illa
1779 1450 1993 1522 elegan-

395 1534 643 1600 tioribus,
695 1551 853 1604 quam
925 1548 1137 1593 caetera:
1189 1554 1415 1607 omnes,
1470 1542 1610 1614 typis
1668 1558 1864 1599 excusa
1912 1545 1992 1600 vi-

396 1623 609 1692 deatur,
674 1625 822 1696 phtra
877 1627 1226 1684 nihilominus
1265 1646 1330 1685 ac
1359 1631 1694 1700 potiSsitnunt
1720 1633 1773 1687 in
1803 1635 1988 1691 obser-

400 1717 708 1772 vationibus
762 1729 816 1773 et
859 1721 1036 1788 notis,
1079 1721 1168 1776 ubi
1231 1732 1507 1778 auctorum
1547 1724 1667 1779 libri
1727 1727 1991 1794 citantur,

2096 540 2231 586 tacta
2277 533 2525 598 omnino,
2581 548 2642 589 ac
2670 539 3032 606 przetcrtnissa
3063 536 3298 595 fuerunt.

2165 623 2233 678 At
2285 636 2430 680 certe
2476 642 2581 680 non
2632 628 2738 681 alio
2786 627 3090 685 Gronovius
3130 633 3312 689 animo
3342 635 3528 693 barum
3557 641 3691 697 alia-

2093 732 2318 788 rumque
2343 720 2633 774 editionum
2691 722 2815 776 vitia
2867 738 3194 795 exaggerare
3232 728 3463 798 videtur,
3511 735 3693 791 nisiut

2094 809 2378 880 unicuique
2409 812 2724 878 persuadeat
2770 829 2920 869 suam
2967 819 3176 872 caeteris
3221 799 3340 875 aliis
3380 837 3499 878 esse
3528 840 3693 894 praes-

2096 901 2400 964 tantiorem,
2441 902 2798 974 omnibusque
2837 909 3073 962 numeris
3100 909 3423 966 absolutam.
3462 915 3690 972 Verum-

2095 999 2272 1046 tamen
2323 1009 2440 1061 qua:
2496 995 2548 1047 in
2597 994 2812 1051 Minucii
2846 999 3015 1052 nostri
3070 1007 3216 1055 textu
3263 1005 3470 1060 mendis
3516 1009 3693 1066 adhuc

2094 1083 2334 1151 pluribus
2369 1084 2582 1152 fcedata,
2633 1098 2725 1142 aut
2765 1089 3072 1146 obscuriora
3131 1108 3252 1149 esse
3319 1109 3524 1165 censet,
3577 1099 3696 1156 hinc

2096 1177 2291 1232 nullius
2346 1180 2692 1248 manuscripti
2742 1183 2944 1236 codicis
3017 1186 3357 1250 auctoritate,
3429 1190 3525 1245 sed
3579 1193 3691 1248 suis

2099 1270 2490 1338 tantummodo,
2532 1271 2617 1327 vel
2644 1272 2878 1327 aliorum
2923 1275 3250 1345 conjecturis
3275 1281 3580 1346 enucleare,
3609 1285 3698 1338 vel

2096 1365 2238 1434 quod
2272 1365 2444 1420 rarius
2475 1377 2578 1431 est,
2619 1370 2908 1424 emendare
2938 1373 3250 1429 conuititur.
3305 1376 3514 1444 Quanti-
3537 1394 3697 1448 porro

2097 1457 2183 1511 ba:
2228 1458 2553 1528 Conjeclttr.u
2595 1461 2703 1515 sint
2731 1465 3009 1529 momenti,
3061 1467 3198 1522 infra
3230 1485 3329 1522 suo
3354 1471 3474 1524 loco
3513 1483 3696 1528 osten-

2097 1549 2306 1605 demus.
2366 1552 2647 1623 palamque
2693 1570 2815 1610 mox
2846 1555 3101 1613 faciemus
3131 1559 3280 1614 illum
3309 1564 3422 1616 suis
3461 1563 3511 1616 in
3557 1565 3699 1619 notis

2099 1641 2152 1695 in
2207 1641 2396 1697 eadem
2435 1643 2686 1700 incidisse
2731 1647 2882 1714 vitia,
2937 1664 3055 1718 qua:
3110 1649 3161 1704 in
3207 1651 3324 1707 aliis
3368 1661 3511 1709 tanta
3569 1671 3699 1712 con-

2099 1732 2316 1789 ﬁdentia
2376 1736 2697 1807 redarguere
2749 1755 2909 1795 ausus
2962 1751 3062 1794 est.

409 1811 862 1880 typographorum
905 1821 1083 1866 errata
1131 1812 1609 1884 deprehendimus.
1664 1816 1818 1884 Quod
1871 1820 1994 1889 qui-

2177 1827 2582 1885 Obscrvaudum
2631 1831 2808 1888 adhuc
2853 1844 2938 1888 est
2981 1837 3240 1906 quasdam
3309 1855 3374 1895 ex
3438 1841 3701 1901 hactenus

398 1898 523 1955 dem
582 1902 782 1958 idcirco
822 1903 1147 1959 monendum
1186 1920 1308 1961 esse
1361 1906 1636 1976 duximus,
1669 1924 1734 1962 ne
1761 1910 1881 1980 quis
1939 1912 1988 1966 in

403 2005 707 2065 posterum,
758 1996 824 2050 iis
866 2012 974 2051 non
1029 1997 1161 2053 satis
1207 1996 1495 2069 diligenter
1547 2001 1895 2067 examinatis,
1942 2002 1995 2056 in

402 2102 641 2144 errorem
672 2088 970 2145 inducatur.

470 2183 647 2238 Aham
695 2192 954 2252 przeterea
1002 2183 1226 2255 hujusce
1273 2184 1557 2241 Minuciani
1615 2186 1739 2242 libri
1805 2185 1999 2242 editio-

400 2291 523 2332 nent
574 2274 998 2347 Cltristophorus
1046 2276 1312 2333 Cellarius
1365 2279 1417 2333 in
1465 2280 1773 2334 chri~tianm
1806 2279 2001 2350 juven-

401 2369 528 2422 tutis
552 2368 776 2436 gratiam
802 2371 1027 2431 curavit,
1063 2368 1228 2422 Hallte
1253 2384 1395 2422 anno
1427 2370 1600 2436 1699,
1637 2371 1838 2438 perfici.
1869 2370 1999 2428 Haec

401 2462 544 2517 enim
587 2462 752 2528 illius,
809 2463 1013 2516 utinam
1054 2471 1108 2517 et
1165 2463 1426 2528 omnium,
1503 2462 1605 2518 fuit
1680 2466 1944 2519 sententia
1978 2505 1997 2534 ,

402 2555 634 2624 Optimos
685 2553 966 2608 latinitatis
1009 2563 1276 2620 auctores,
1315 2552 1657 2621 Ciceronem,
1725 2557 1992 2626 aliosque,

399 2647 488 2717 qui
515 2646 644 2701 nihil
665 2646 764 2700 nisi
785 2646 1032 2715 pudicum
1049 2655 1103 2700 et
1120 2647 1399 2702 honestum
1413 2649 1690 2715 exhibent,
1706 2648 1774 2703 ab
1786 2649 2000 2704 adoles-

400 2738 647 2794 centibus
689 2736 998 2793 christianis
1044 2739 1302 2809 legendos
1333 2755 1482 2804 sane,
1539 2740 1633 2795 sed
1683 2741 1746 2796 iis
1777 2740 2001 2807 conjun-

400 2832 602 2903 gendos
665 2831 973 2886 chriStiana:
1015 2832 1275 2887 Ecclesia:
1305 2833 1712 2903 antiquissimos
1737 2844 1788 2888 et
1820 2835 2003 2905 purio-

402 2927 480 2982 ris
515 2925 798 2981 latinitatis
845 2927 1154 2995 scriptorcs.
1219 2925 1539 2982 Persuasum
1593 2927 1857 2997 siquidem
1913 2927 2003 2984 ille

404 3033 505 3074 nec
534 3019 802 3073 immerito
827 3017 1028 3081 habuit,
1055 3017 1155 3072 hac
1175 3019 1408 3073 lectione
1433 3018 1806 3074 adolescentes
1837 3033 1998 3089 posse

407 3112 556 3166 latini
602 3115 870 3168 sermonis
910 3113 1087 3168 nitore
1128 3123 1182 3168 et
1219 3113 1506 3184 elegantia,
1555 3129 1620 3169 ac
1646 3114 1770 3168 fidei
1802 3125 2000 3169 nostra:

2101 1922 2387 1976 recensitis
2435 1922 2660 1991 hujusce
2712 1925 2996 1980 Minuciani
3051 1928 3170 1983 libri
3219 1931 3548 1990 cditionibns
3593 1952 3700 1991 non

2099 2014 2298 2078 semel,
2355 2014 2448 2068 sed
2499 2016 2757 2083 secundo,
2815 2019 2995 2086 tertio,
3046 2031 3206 2090 atque
3255 2026 3415 2079 etiam
3470 2029 3703 2098 amplius

2103 2109 2242 2178 typis
2269 2122 2495 2166 excusas
2523 2110 2706 2166 fuisse.
2740 2111 2843 2168 Sed
2873 2114 2995 2180 quia
3029 2113 3160 2169 nihil
3187 2119 3267 2172 eis
3295 2119 3419 2173 novi
3451 2123 3703 2191 accessit,

2100 2201 2220 2256 illas
2261 2201 2348 2258 hic
2390 2219 2748 2260 annnmerare
2793 2216 2846 2260 et
2894 2222 3179 2265 recensere
3209 2227 3395 2281 parum
3432 2215 3582 2284 utile,
3613 2227 3706 2273 aut

2103 2295 2280 2365 potius
2312 2297 2469 2368 plane
2511 2313 2901 2370 supervacuum
2934 2302 3088 2358 nobis
3116 2302 3345 2360 videtur.

2670 2471 2966 2511 ARTICULUS
3010 2473 3084 2512 IV.

2103 2587 2183 2644 De
2227 2589 2482 2646 variorum
2528 2591 2582 2644 in
2655 2591 2788 2645 hunc
2862 2591 3050 2645 librum
3102 2594 3235 2649 notis
3285 2605 3332 2650 et
3376 2597 3704 2656 animadver-

2784 2681 3028 2737 sionibtts.

2177 2839 2256 2895 Ex
2311 2842 2377 2897 iis
2412 2841 2681 2907 omnibus,
2705 2857 2930 2912 quorum
2964 2856 3127 2912 opera
3173 2842 3312 2898 hunc
3340 2843 3533 2900 librum
3569 2850 3708 2919 typis

2104 2935 2307 2990 editum
2359 2935 2616 2999 diximus,
2681 2935 2832 3004 pauci
2882 2945 3027 3002 sunt,
3081 2935 3168 3006 qui
3231 2937 3427 2992 multas
3471 2939 3522 2992 in
3582 2958 3706 2996 eum

2105 3036 2260 3082 notas
2311 3038 2362 3080 et
2410 3026 2816 3082 observationes
2856 3041 2963 3080 non
2998 3026 3404 3095 publicaverint.
3457 3029 3708 3098 Quazita—

2105 3136 2228 3188 que,
2261 3121 2516 3190 qualesve
2566 3135 2629 3175 ac
2685 3120 2837 3190 cujus
2881 3121 3096 3190 generis
3149 3121 3279 3186 sint,
3308 3122 3417 3191 jam
3465 3140 3494 3178 a
3553 3126 3708 3182 nobis

403 3205 777 3274 documentis,
852 3222 1061 3261 morum
1126 3207 1444 3274 sanctitate,
1517 3222 1581 3262 ac
1635 3207 1857 3263 historia
1912 3224 2072 3293 ec-C
2105 3213 2479 3283 explicandum
2530 3222 2632 3268 est.
2681 3213 2863 3268 Primo
2891 3214 3106 3284 quidem
3162 3214 3398 3271 Joannes
3444 3217 3708 3274 Meursius

403 3298 700 3355 clesiastica
746 3299 907 3354 simul
954 3299 1119 3354 imbui
1167 3309 1222 3355 et
1271 3301 1567 3355 inlormari.

473 3394 716 3463 Denique
762 3393 849 3449 hic
905 3393 1041 3449 liber
1087 3409 1230 3449 anno
1289 3394 1430 3450 i709
1496 3394 1736 3466 Lugduni
1783 3396 2004 3452 Batavo-

403 3506 523 3544 rum
560 3507 578 3542 ‹
613 3505 680 3544 ex
725 3490 1041 3544 recensione
1076 3488 1262 3545 Jacobi
1312 3488 1568 3544 Gronovii
1598 3509 1617 3542 ι
1667 3490 1806 3562 typis
1851 3506 2002 3546 man~

403 3581 560 3636 datus
601 3591 704 3636 est.
757 3581 963 3650 Quibus
1015 3592 1194 3636 autem
1229 3580 1528 3635 rationibus
1563 3581 1629 3635 ad
1659 3597 1782 3637 eum
1818 3598 2002 3637 rursus

405 3673 786 3743 publicandum
823 3674 1082 3729 adductus
1131 3674 1329 3738 fuerit,
1374 3673 1452 3729 sic
1479 3673 1569 3728 ille
1607 3673 1676 3728 ab
1719 3674 1838 3742 ipso
1866 3689 2005 3744 prae-

408 3763 626 3819 fationis
680 3780 791 3820 suae
855 3765 1079 3820 exordio
1125 3764 1386 3832 explicat:
1439 3783 1460 3817 ‹
1515 3764 1823 3835 Repetenda
1888 3774 2003 3821 erat

407 3856 463 3912 in
514 3856 614 3910 hac
669 3858 800 3911 urbe
839 3857 1004 3912 editio
1056 3856 1119 3910 M.
1182 3855 1399 3911 Minucii
1441 3855 1666 3922 Felicis,
1705 3873 1826 3912 cum
1854 3859 2002 3912 vario

407 3963 660 4004 sermone
688 3949 753 4004 ad
785 3950 1124 4005 librariorum
1157 3950 1404 4004 notitiam
1438 3949 1713 4005 venitmea
1746 3949 2002 4021 frequens

406 4041 569 4113 hujus
635 4041 800 4096 libelli
859 4041 1290 4106 commendatio,
1359 4050 1413 4095 ct
1489 4040 1616 4095 olim
1670 4055 1732 4096 ac
1786 4057 2004 4111 semper

405 4135 586 4201 lectio,
625 4143 682 4189 ut
726 4133 841 4189 ﬁeri
890 4134 1155 4204 nequiret,
1205 4134 1332 4202 quin
1363 4133 1534 4187 iretur
1573 4133 1637 4186 ad
1671 4149 1778 4189 me.
1813 4153 1832 4186 ι
1867 4134 2002 4189 Mul-

406 4229 474 4284 tis
526 4230 705 4300 itaque
746 4228 1053 4283 nominibus
1103 4227 1153 4282 ei
1203 4228 1388 4297 procul
1419 4227 1584 4282 dubio
1632 4227 1890 4283 obstricta
1921 4238 2005 4284 est

406 4320 762 4377 litteratorum
812 4319 1138 4391 respublica,
1181 4320 1322 4389 quod
1355 4335 1507 4374 suam
1552 4319 1702 4375 hisce
1747 4319 1998 4388 librariis,

409 4429 503 4471 seu
534 4416 712 4485 potius
747 4411 1119 4484 typographis,
1145 4427 1252 4466 non
1294 4412 1569 4482 negaverit
1598 4427 1842 4481 operum.
1875 4412 2002 4468 Sine

404 4523 466 4566 ea
515 4510 794 4565 enimvero
842 4518 1019 4561 actum
1062 4517 1179 4561 erat
1220 4505 1286 4561 de
1328 4521 1465 4560 nova
1514 4505 1712 4560 Octavii
1741 4506 1998 4573 editione,

2107 3304 2392 3359 nonnullas
2445 3305 2496 3359 in
2531 3305 2673 3358 hunc
2720 3303 3000 3359 Octavium
3037 3307 3276 3373 protulit,
3305 3322 3440 3376 quas
3483 3308 3534 3361 in
3569 3326 3704 3378 quo-

2105 3395 2228 3451 dam
2277 3395 2554 3466 opusculo,
2601 3394 2967 3466 Ilypacrilicus
3013 3395 3360 3462 Minucianus,
3408 3400 3512 3452 sive
3556 3399 3712 3457 Criti-

2104 3509 2194 3546 cus
2240 3492 2549 3554 subsccivus,
2595 3492 2870 3560 inscripto,
2917 3505 3142 3545 excusas
3212 3491 3489 3546 habemus.
3538 3492 3593 3548 ln
3642 3495 3708 3550 iis

2106 3595 2284 3637 autem
2342 3581 2602 3637 nonnulla
2637 3582 2874 3637 auctoris
2921 3583 3116 3644 nostri,
3153 3597 3274 3651 quae
3323 3594 3570 3653 corrupta
3605 3585 3707 3655 ipsi

2104 3673 2445 3736 videbantur,
2501 3673 2618 3728 loca
2685 3672 3011 3741 coniecturis
3076 3671 3188 3727 suis
3261 3673 3552 3745 corrigere,
3612 3676 3708 3731 sed

2107 3781 2250 3836 sa-pe
2301 3767 2498 3837 sapius
2551 3765 2728 3820 minus
2775 3764 3003 3820 feliciter
3066 3775 3121 3820 et
3171 3767 3414 3834 appOsite
3481 3778 3708 3824 conatus

2105 3867 2208 3914 est.
2267 3857 2384 3913 Alia
2440 3873 2572 3912 vero
2618 3856 2862 3927 quaedam
2917 3871 3084 3924 pauca
3125 3855 3352 3910 aliorum
3379 3859 3706 3929 scriptorum

2104 3948 2288 4003 verbis
2317 3947 2550 4017 explicat
2595 3956 2651 4001 et
2694 3948 3096 4014 interpretatur.

2180 4040 2500 4095 Francisi'us
2529 4046 2708 4092 autem
2742 4037 3033 4090 Balduinus
3059 4034 3112 4089 in
3132 4036 3244 4089 suis
3267 4037 3316 4090 in
3347 4037 3488 4092 hunc
3510 4039 3706 4094 librum

2106 4131 2530 4203 Prolegomenis,
2585 4137 2865 4198 postquam
2922 4127 3067 4180 illum
3111 4127 3342 4182 Minucio
3396 4128 3558 4182 Felici
3591 4131 3708 4183 vin-

2106 4227 2322 4290 dicavit,
2373 4222 2618 4295 quzedam
2689 4221 2754 4276 de
2815 4221 2934 4289 ejus
2995 4227 3171 4283 aetate,
3233 4218 3452 4284 familia,
3503 4221 3704 4286 patria,

2106 4318 2464 4392 professione,
2514 4313 2818 4379 causidicis,
2873 4312 3219 4380 Romanoque
3281 4309 3399 4365 foro
3426 4311 3699 4380 praefatur.

2105 4413 2240 4470 Tum
2266 4411 2461 4467 deinde
2490 4409 2705 4464 disserit
2736 4407 2801 4462 de
2834 4405 2990 4476 hujus
3021 4405 3139 4459 libri
3171 4405 3331 4474 stylo.
3364 4414 3701 4476 argumento,

2107 4505 2251 4560 varia
2293 4483 2492 4560 Caecilii
2514 4500 2830 4570 Octaviique
2856 4497 3160 4567 disputandi
3200 4497 3428 4560 ratione,
3463 4512 3524 4552 ac
3554 4496 3703 4566 plura

407 4612 501 4657 aut
545 4604 722 4657 minus
775 4601 950 4655 doctis
1006 4600 1251 4655 manibus
1307 4599 1580 4670 inquinata
1613 4600 1810 4670 potius,
1841 4615 2000 4671 quant
2026 4623 2082 4683 Ι)
2109 4600 2266 4671 hujus
2317 4597 2694 4667 diSpntationis
2726 4595 2897 4662 capita
2950 4591 3187 4646 breviter
3215 4591 3455 4661 exponit.
3487 4589 3562 4646 Ea
3605 4608 3703 4647 au-

407 4706 691 4766 repnrgata
734 4694 1036 4764 prodiisset.

482 4788 681 4842 Omnes
729 4803 858 4842 vero
899 4787 1165 4852 vituperat
1205 4786 1511 4856 superiores
1540 4785 1698 4856 hujus
1748 4785 1870 4840 libri
1890 4784 2006 4841 edi-

416 4885 615 4951 tiones,
660 4884 970 4955 nullamque
1019 4899 1141 4940 esse
1189 4883 1412 4946 asserit,
1461 4882 1512 4936 in
1567 4897 1670 4952 qua
1719 4881 1871 4951 plura
1903 4895 2007 4934 non

409 4977 801 5032 desiderentur.
851 4976 916 5031 At
963 4975 1083 5030 illas
1124 4975 1178 5029 in
1219 4975 1406 5044 primis
1437 4973 1695 5028 infamare
1756 4982 2001 5038 conatur,

409 5086 530 5142 qua:
579 5068 736 5124 annis
797 5066 958 5133 1645,
1033 5066 1194 5132 1652,
1250 5075 1304 5121 et
1357 5065 1528 5131 1672,
1579 5079 1608 5118 a
1675 5065 1904 5135 Rigaltio
1951 5070 2007 5118 et

409 5160 629 5215 Ouzelio
657 5159 995 5216 concinnata:
1053 5167 1196 5213 sunt.
1251 5156 1394 5211 Nihil
1451 5155 2003 5226 tamenalindreprc-

411 5251 618 5317 hcndit,
662 5251 762 5306 nisi
795 5251 938 5317 quod
963 5251 1192 5322 vulgatae
1220 5251 1272 5304 in
1315 5251 1379 5304 iis
1417 5251 1792 5303 annotationes
1826 5267 1844 5299 ι
1900 5248 2008 5302 sint

410 5345 590 5407 nimis,
609 5345 796 5414 inquit,
823 5345 1056 5412 copiosa:
1073 5352 1128 5398 et
1154 5342 1424 5412 loquaces,
1452 5352 1540 5395 aut
1566 5341 1724 5395 nimis
1746 5355 1948 5410 partem.
1983 5359 2001 5392 ι

410 5439 766 5509 Longioribus
819 5439 1015 5509 quippe
1069 5454 1173 5490 non
1211 5437 1385 5490 solum
1434 5437 1752 5489 obscuratur
1801 5444 2008 5488 eleva-

411 5523 583 5590 nescit
627 5543 735 5589 tota
767 5533 1054 5587 Minuciani
1111 5531 1376 5587 sermonis
1441 5541 1714 5594 venustas,
1761 5528 1853 5584 sed
1895 5528 2012 5597 ejus

411 5629 573 5684 etiam
608 5637 783 5683 textus
808 5669 824 5693 ,
869 5627 920 5681 in
947 5628 1050 5681 illis
1083 5642 1289 5682 mersus
1313 5668 1326 5690 ,
1374 5640 1568 5696 magno
1589 5623 1705 5676 sine
1735 5622 1892 5676 ιιιξιιίο
1924 5622 2010 5676 vix

413 5735 446 5774 a
497 5735 764 5790 quoquam
805 5719 1004 5790 perlegi
1055 5727 1252 5784 potest.
1299 5719 1456 5774 Plura
1493 5717 1713 5785 insuper
1744 5714 1857 5768 inea
1917 5729 2012 5768 su-

416 5827 638 5884 pereSsc
686 5823 834 5884 putat
873 5828 994 5880 qua:
1060 5814 1268 5865 tameisi
1324 5817 1657 5868 correctione
1706 5805 2009 5878 indigeant,

859 5908 1140 5971 Puncta
1171 5905 1282 5969 lll.

2109 4703 2214 4750 tem
2244 4706 2309 4745 ex
2353 4690 2471 4744 aliis
2498 4687 2813 4758 quibusdam
2855 4683 3240 4753 scriptoribus,
3277 4699 3338 4736 ac
3370 4685 3702 4753 potissimum

2106 4799 2171 4838 ex
2225 4781 2532 4837 christiana:
2578 4777 2852 4847 religionis
2877 4773 3274 4838 defensoribus,
3302 4773 3512 4827 .lustino
3557 4790 3705 4828 mar-

2107 4887 2244 4950 tyre,
2283 4875 2640 4943 Athenagora,
2674 4869 2973 4938 TheOphilo
3015 4865 3372 4928 Antiocheno,
3425 4864 3706 4921 Clemente

2108 4970 2501 5031 Alexandrino,
2542 4966 2800 5029 Arnobio,
2834 4961 3132 5023 Lactantio,
3164 4956 3472 5021 Ambrosio,
3499 4961 3705 5027 Augus-

2109 5067 2223 5120 tino
2268 5062 2585 5124 confirmat;
2637 5057 2731 5111 sed
2785 5045 2971 5109 n'ullibi
3034 5053 3146 5106 fere
3194 5049 3390 5104 indicat
3433 5050 3706 5118 quibusin

2109 5155 2281 5219 libris,
2335 5155 2416 5207 vel
2449 5167 2552 5220 qua
2594 5149 2852 5204 librorum
2895 5146 2945 5198 in
3001 5151 3151 5212 parte
3190 5140 3305 5195 bzec
3353 5156 3473 5209 quae
3521 5140 3711 5196 citavit

2110 5247 2227 5302 loca
2280 5243 2636 5313 reperiantur.
2694 5237 2935 5306 Denique
2975 5234 3042 5289 ad
3108 5231 3435 5302 pratfationis
3502 5233 3706 5288 calcem

2111 5337 2445 5395 Christianos
2499 5331 2564 5387 ad
2616 5325 2937 5384 venerandae
2999 5322 3313 5380 cohortatur
3380 5323 3710 5392 antiquitatis

2113 5426 2494 5488 ecclesiasticae
2547 5421 2804 5479 studium.

2185 5520 2472 5578 Wowerus
2517 5531 2646 5572 vero
2691 5515 2742 5569 in
2787 5511 2899 5565 suis
2954 5509 3093 5564 notis
3143 5506 3388 5562 brevitati
3421 5508 3552 5564 Satis
3579 5523 3713 5565 con-

2117 5616 2301 5672 suluit.
2356 5612 2448 5666 His
2491 5617 2668 5663 autem
2719 5605 2802 5660 vel
2849 5609 3023 5658 textus
3079 5601 3270 5656 menda
3312 5615 3581 5670 corrigere
3629 5601 3714 5655 tti-

2121 5713 2270 5777 titttr,
2329 5707 2410 5760 vel
2468 5701 2680 5760 Minucii
2735 5697 2926 5754 Felicis
2963 5695 3124 5751 verba
3174 5708 3238 5748 ac
3292 5693 3430 5747 dicta
3493 5693 3718 5764 quibus-

2118 5805 2242 5862 dam
2293 5802 2516 5857 aliortun
2583 5795 2906 5866 scriptorum
2953 5788 3272 5848 testimoniis
3320 5789 3588 5859 explicare
3629 5795 3726 5846 aut

3167 5881 3243 5942 13
