4230 6242
576 227 684 288 595

1853 215 1943 271 DE
1982 209 2238 270 MlNUCll
2273 210 2578 268 OCTAVIO

3781 183 3887 263 396

580 341 927 402 conﬁrmare.
973 335 1173 393 Verum
1233 332 1496 402 majorem
1547 332 1600 386 in
1647 331 1713 386 iis
1783 329 2010 386 citandis
2040 328 2181 398 'jure
2205 329 2258 390 Α
2285 329 2378 383 illo
2404 332 2624 382 omnino
2648 321 3044 396 praetermissa,
3069 335 3190 392 qum
3218 332 3326 374 non
3355 316 3563 385 minus,
3595 330 3754 389 quam
3782 334 3886 374 eaa-

583 447 732 495 certe
787 432 981 489 merito
1043 427 1371 498 diligentiam
1440 424 1507 480 ab
1556 425 1672 494 ipso
1731 423 1990 492 requiras.
2044 420 2178 475 Nam

589 528 787 587 alicubi
832 523 1068 596 appellat
1097 530 1300 576 tantum
1332 515 1611 588 scriptoris
1639 530 1856 577 nomen,
1887 513 1982 566 sed
2039 513 2182 567 illius

579 626 802 685 librum,
842 618 926 673 vel
979 615 1099 670 libri
1151 614 1345 677 locum,
1398 610 1488 664 ubi
1537 610 1696 664 citata
1757 605 1824 660 ab
1873 605 1966 658 illo
2018 603 2181 659 verba

586 721 893 776 occurrant,
939 709 1177 766 indicare
1219 722 1326 760 non
1367 712 1539 758 curat.
1586 700 1740 769 Quod
1770 697 1982 769 quidem
2013 697 2080 750 ab
2117 711 2182 751 eo

584 815 640 870 in
683 810 871 884 primis
911 806 1209 861 faetitatum
1255 799 1748 860 animadvertimus,
1805 793 1893 848 ubi
1951 791 2018 846 ad
2047 791 2182 846 Ter-

586 904 794 964 tulliani
845 901 1010 957 libros
1036 907 1195 967 atque
1250 896 1301 950 in
1354 893 1541 964 primis
1594 891 1733 945 illius
1776 885 2181 956 Apologelicum

585 1016 686 1058 nos
733 996 912 1053 mittit.
951 989 1250 1062 Aliquando
1291 988 1452 1042 etiam
1495 992 1718 1055 vagatur
1762 989 1911 1036 extra
1985 991 2182 1047 propo-

585 1095 774 1151 situm.
803 1087 1062 1156 Exemplo
1083 1085 1152 1140 sit
1199 1082 1478 1144 illelocus,
1502 1079 1592 1133 ubi
1620 1075 1873 1132 Octavius
1905 1083 1934 1127 a
1963 1071 2184 1127 Caecilio

593 1206 614 1239 ι
650 1186 910 1257 pistorum
965 1176 1299 1250 pratcipuus,
1339 1193 1357 1226 ι
1395 1189 1502 1229 non
1543 1171 1659 1226 sine
1706 1169 1947 1225 convicio
2001 1163 2185 1235 appel-

583 1279 746 1334 latur.
819 1274 896 1330 lbi
947 1272 1091 1328 enim
1159 1267 1446 1324 Wowerus
1495 1263 1700 1328 multa,
1753 1276 1870 1331 qua:
1933 1257 1999 1312 ad
2057 1270 2185 1311 auc-

588 1370 725 1425 toris
791 1364 1122 1437 propositum
1176 1358 1310 1415 nihil
1355 1357 1565 1428 penitus
1631 1351 1855 1416 faciunt,
1905 1361 2185 1420 perperam

587 1460 875 1519 congessit.

661 1478 875 1534 ngessn.

661 1549 1047 1610 Elmenhorstii
1075 1557 1250 1603 autem
1304 1552 1445 1598 notae
1469 1538 1832 1596 Wowerianis
1860 1535 2187 1607 prolixiores

589 1655 734 1712 sunt,
786 1654 946 1714 atque
996 1642 1047 1696 in
1111 1640 1175 1693 iis
1247 1635 1416 1690 multo
1469 1630 1775 1688 accuratius
1852 1642 2010 1698 quam
2055 1624 2187 1680 Wo-

2289 431 2398 476 tera
2421 462 2436 484 ,
2469 418 2845 489 explanatione
2871 417 3048 485 aliqua
3078 429 3239 485 egere
3269 411 3572 468 videantur.
3608 411 3886 469 Postremo

2283 512 2512 584 quilibet
2538 527 2606 566 ex
2641 520 2828 580 postea
2858 507 3102 563 dicendis
3132 520 3426 575 agnoscere
3453 502 3687 574 poterit,
3727 519 3886 575 quam

2287 607 2496 663 levibus
2539 620 2683 675 saepe
2723 602 3051 673 coniecturis
3095 609 3297 656 textum
3343 597 3559 653 Minucii
3595 598 3890 654 emendare

2286 699 2542 754 voluerit.

2358 793 2613 862 Quamvis
2641 790 2972 862 longissima:
3002 789 3243 859 profecto
3262 789 3378 846 sint
3406 784 3610 842 Ouzelii
3653 785 3705 840 in
3748 783 3892 840 hunc

2287 887 2482 943 librum
2508 884 3038 946 animadversiones,
3065 896 3158 937 eas
3188 890 3365 936 tamen
3393 895 3424 934 a
3449 895 3508 933 se
3535 878 3892 946 «juvenilibus

2288 979 2471 1044 anuis,
2501 997 2518 1030 ι
2546 993 2610 1033 ac
2643 996 2660 1028 ι
2682 986 2932 1031 currente
2961 974 3128 1044 praelo
3154 993 3172 1026 ι
3205 971 3531 1042 compositas
3562 970 3776 1027 fatetur.
3808 968 3892 1026 Ad

2289 1072 2404 1126 haec
2433 1085 2562 1125 vero
2590 1069 2828 1124 declarat
2858 1068 2908 1122 in
2939 1067 3002 1121 iis
3023 1082 3080 1121 se
3103 1067 3170 1120 ab
3197 1065 3424 1120 aliorum
3449 1064 3660 1120 tametsi
3688 1063 3892 1119 doetis-

2289 1163 2548 1218 simorum
2580 1161 2818 1215 virorum
2851 1157 3117 1214 sententia
3150 1171 3581 1225 nonnumquam,
3625 1153 3720 1208 sed
3759 1155 3892 1209 citra

2290 1251 2715 1316 contumeliam,
2771 1250 3109 1305 discessisse.
3168 1247 3372 1304 Verum
3423 1261 3517 1302 eas
3569 1245 3893 1316 prolixiores

2291 1359 2414 1401 esse
2459 1360 2618 1400 nemo
2663 1358 2793 1399 sane
2837 1343 3128 1414 negaverit.
3163 1339 3319 1410 Siepe
3354 1343 3497 1397 enim
3543 1355 3572 1394 a
3615 1339 3893 1409 proposito

2294 1439 2528 1494 anetoris
2559 1447 2709 1494 textu
2741 1453 2963 1508 prorsus
3004 1435 3306 1504 digreditur
3326 1475 3341 1499 ,
3373 1444 3426 1488 et
3457 1433 3604 1502 plura
3636 1473 3649 1493 .
3681 1447 3802 1501 qua»
3825 1429 3893 1485 ad

2293 1531 2440 1585 illum
2473 1531 2604 1585 nihil
2635 1531 2846 1600 penitus
2885 1529 3120 1592 faciunt,
3160 1527 3226 1582 ad
3265 1541 3522 1582 nauseam
3564 1539 3732 1594 usque
3759 1539 3893 1578 con-

2291 1624 2449 1694 gerit.
2479 1624 2639 1678 Visne
2667 1622 2910 1692 quaedam
2940 1621 3195 1676 harumce
3223 1618 3616 1691 digressionum
3651 1617 3742 1671 tibi
3771 1632 3896 1685 pro-

593 1754 771 1796 werus
801 1743 1020 1790 annotat
1066 1739 1347 1787 auctorum
1393 1742 1423 1781 a
1454 1742 1512 1781 se
1539 1725 1826 1780 citatorum
1862 1721 1994 1775 loca.
2023 1718 2186 1773 Frus-
2213 1723 2262 1782 B
2291 1716 2418 1772 ferri
2459 1715 2747 1786 exempla?
2782 1715 2949 1779 Vide,
2994 1729 3212 1783 quasso,
3245 1722 3502 1782 quantum
3543 1726 3572 1764 a
3617 1709 3894 1780 preposito

591 1844 671 1888 tra
703 1843 881 1887 tamen
928 1825 1218 1897 quidquam
1250 1823 1302 1874 in
1359 1829 1465 1874 tam
1498 1817 1668 1888 longis
1724 1811 2186 1869 observationibus

598 1940 832 1998 qumres,
879 1919 1018 1990 quod
1047 1917 1112 1972 ad
1151 1913 1437 1970 Miuuciani
1483 1919 1662 1965 textus
1702 1907 2060 1978 integritatem
2095 1911 2187 1957 aut

587 2013 1022 2074 emendationem
1069 2007 1377 2081 pertineat;
1438 2018 1559 2057 nam
1616 2000 1671 2054 in
1704 1999 1807 2054 illis
1861 2013 1926 2052 eo
1981 2005 2182 2050 tantum

586 2111 879 2175 collineat,
931 2116 990 2160 ut
1063 2103 1216 2172 plura
1269 2114 1388 2169 qua:
1435 2097 1504 2150 ab
1553 2102 1772 2150 auctore
1825 2091 1963 2146 dicta
2015 2098 2181 2155 sunt,

582 2204 808 2258 aliorum
837 2195 1154 2254 testimoniis
1181 2199 1490 2247 asserautur
1517 2229 1530 2254 ,
1565 2199 1618 2242 et
1676 2186 2038 2241 stabili-antur.
2072 2183 2182 2237 De-

587 2310 732 2350 mum
782 2304 878 2346 nos
923 2285 1210 2357 aliquando
1242 2283 1310 2336 ad
1355 2295 1481 2336 suas
1522 2278 1685 2333 mittit
1737 2279 1788 2331 in
1824 2275 2066 2340 Arnobii,
2097 2273 2188 2328 aut

588 2384 833 2442 Woweri
878 2383 928 2436 in
976 2380 1116 2433 hunc
1151 2373 1364 2430 Minucii
1395 2371 1565 2427 uestri
1589 2371 1787 2425 librum
1840 2366 2183 2421 animadver-

586 2479 791 2534 siones.
823 2473 1026 2529 Omnes
1080 2482 1243 2540 porro
1274 2466 1389 2519 illas
1431 2460 1820 2518 Elinenhorstii
1863 2469 2017 2512 notas
2045 2456 2185 2512 Gro-

590 2569 782 2625 novius
827 2564 988 2619 solito
1041 2574 1192 2615 more
1237 2571 1337 2610 suo
1377 2553 1694 2616 contemnit,
1729 2564 2023 2619 verumque
2056 2547 2184 2601 illud

586 2678 709 2720 esse
738 2664 1035 2719 asseverat,
1085 2649 1228 2722 quod
1270 2648 1337 2704 de
1362 2647 1425 2701 iis
1455 2662 1484 2700 a
1513 2645 1787 2715 Scaligero
1814 2652 1970 2697 antea
2013 2641 2187 2694 fuerat

585 2753 988 2829 pronuntiatum
1016 2745 1292 2820 (Scaliger.
1331 2740 1498 2811 Epist.
1541 2737 1650 2792 260
1695 2746 1740 2791 et
1791 2734 1948 2829 261).

653 2850 786 2918 Quae
821 2858 953 2900 vero
990 2841 1058 2894 ab
1095 2834 1329 2892 Heraldo
1361 2831 1612 2904 profectae
1642 2835 1799 2892 sunt,
1835 2827 1886 2879 in
1919 2823 2187 2894 plerisque

585 2916 695 3000 illis
741 2940 810 2995 de
856 2931 1177 2998 emendato,
1233 2921 1587 2990 manuscripti
1642 2918 1773 2989 regii
1829 2916 2185 2977 auctoritate,

587 3032 824 3089 auctoris
872 3023 1041 3082 nostri
1094 3029 1285 3084 textu,
1334 3017 1415 3071 vel
1467 3014 1533 3069 de
1585 3028 1650 3066 eo
1699 3008 2026 3079 conjecturis
2079 3005 2190 3060 suis

2290 1809 2464 1864 aliena
2496 1810 2603 1863 sint
2623 1851 2639 1874 ,
2667 1825 2788 1879 qua:
2819 1808 2886 1862 ad
2917 1807 3131 1862 Minucii
3163 1806 3232 1862 de
3259 1805 3532 1876 lapidibus
3561 1803 3811 1874 effigiatis
3842 1811 3897 1856 et

2292 1908 2468 1960 unctis
2509 1920 2813 1960 sermonem
2858 1902 3238 1974 explicandum
3280 1901 3493 1967 retulit,
3535 1898 3604 1953 de
3641 1897 3800 1952 idolis
3842 1896 3894 1949 in

2293 1997 2546 2052 Meceano
2575 1997 2872 2051 'l‘urcarum
2901 1995 3102 2067 templo
3131 1993 3478 2050 constitutis?
3503 1989 3645 2059 Quid
3671 2003 3801 2044 vero
3827 1987 3894 2042 ad

2290 2087 2504 2144 Minucii
2537 2089 2868 2157 propositum
2899 2087 3151 2142 conducit
3186 2086 3397 2156 longior
3435 2082 3641 2139 Ouzelii
3687 2079 3893 2150 disqui-

2291 2181 2418 2235 sitio
2443 2181 2509 2234 de
2537 2196 2700 2249 opera
2733 2197 2759 2232 a
2790 2180 3048 2234 Romanis
3081 2180 3132 2233 in
3158 2178 3401 2233 delubris
3430 2173 3738 2231 dedicandis
3758 2214 3774 2238 ,
3806 2170 3895 2226 vel

2279 2276 2358 2330 ab
2385 2275 2502 2328 aliis
2531 2273 2849 2343 quibusdam
2894 2275 2945 2326 in
2985 2271 3341 2327 observandis
3376 2269 3610 2340 auguriis
3647 2266 3766 2320 data
3787 2306 3802 2328 ,
3830 2277 3896 2317 ac

2290 2369 2358 2422 de
2399 2368 2573 2435 primo
2612 2367 2956 2435 auguriorum
3002 2365 3319 2429 inventore,
3349 2362 3499 2418 etde
3541 2357 3750 2415 delubri
3777 2366 3895 2426 ety-

2291 2461 2560 2532 mologia?
2587 2459 2656 2515 Ut
2680 2459 2806 2529 quid
2835 2460 2996 2513 etiam
3027 2458 3150 2521 ille,
3198 2456 3379 2511 oblata
3422 2453 3523 2510 sibi
3569 2451 3639 2505 de
3673 2449 3896 2504 deorum

2289 2563 2494 2610 tantum
2537 2553 2800 2608 natalibus
2829 2551 3044 2607 dicendi
3071 2551 3357 2604 oceasione
3383 2588 3398 2613 ,
3430 2545 3498 2600 ad
3529 2541 3897 2614 explauandos

2279 2648 2567 2703 hominum
2595 2657 2716 2701 tam
2750 2647 3051 2716 principum
3075 2685 3088 2706 ,
3121 2658 3282 2713 quam
3327 2640 3652 2711 privatorum
3679 2678 3694 2704 ,
3737 2645 3901 2704 atque

2290 2740 2450 2793 etiam
2491 2739 2704 2793 urbium
2746 2737 2952 2792 natales
2991 2736 3142 2797 dies,
3184 2735 3472 2802 variosque
3510 2745 3698 2786 eorum
3748 2726 3897 2781 cele-

2292 2830 2616 2886 brandorttm
2649 2833 2784 2885 ritus
2807 2870 2822 2894 ,
2859 2843 3114 2899 perquam
3147 2827 3459 2897 longissime
3487 2820 3764 2879 excurrit?
3792 2819 3902 2874 Nec

2293 2926 2534 2980 minores
2574 2932 2700 2979 sunt
2741 2923 2880 2977 illius
2907 2922 3275 2992 digressiones
3303 2919 3371 2972 de
3401 2915 3651 2973 Mercurii
3681 2913 3904 2968 nomine

2294 3028 2349 3072 et
2374 3017 2602 3082 officiis,
2637 3017 2726 3072 ubi
2756 3033 2783 3068 a
2825 3016 3053 3071 Minucio
3091 3014 3404 3083 simpliciter
3442 3011 3637 3065 dicitur
3677 3007 3904 3077 pedibus

588 3119 914 3192 corrigendo
957 3116 1218 3184 disputat.
1263 3108 1319 3163 ln
1369 3107 1488 3162 aliis
1536 3120 1664 3160 vero
1707 3117 1806 3156 nos
1856 3101 1945 3154 ille
1991 3098 2075 3153 vel
2123 3094 2188 3150 ad

2299 3110 2455 3164 alatis
2485 3110 2762 3179 depictus:
2803 3107 2871 3162 de
2910 3106 3337 3166 stcrnutatione,
3383 3103 3473 3158 ubi
3514 3099 3754 3157 Socratis
3791 3096 3906 3151 da:-

591 3232 719 3274 suas
745 3190 972 3269 remittit
1000 3217 1154 3261 notas
1185 3204 1236 3257 in
1270 3198 1493 3255 Arnobii
1527 3197 1724 3260 libros,
1757 3194 1842 3248 vel
1873 3190 2190 3246 Tertulliani

595 3303 1033 3378 Apologeticum,
1076 3294 1231 3364 cujus
1263 3301 1442 3345 tamen
1482 3289 1571 3342 vix
1613 3287 1717 3339 ulla
1763 3283 1910 3338 ullibi
1942 3283 2071 3338 citat
2099 3295 2191 3335 ca-

591 3402 722 3471 pita.
754 3397 812 3451 ltt
853 3391 1066 3449 czcteris
1105 3387 1316 3443 tandem
1358 3383 1500 3438 notis
1539 3379 1833 3436 sententias
1874 3378 2087 3433 Minucii
2129 3392 2195 3432 ex

595 3470 713 3548 aliis
742 3485 1096 3557 scriptoribus
1147 3479 1469 3535 confirmare
1505 3484 1750 3530 conatur.
1793 3473 1898 3528 Sed
1944 3472 2049 3526 illa:
2091 3470 2194 3542 pri.

592 3603 735 3644 mam
767 3584 924 3651 hujus
950 3579 1066 3634 libri
1095 3583 1324 3646 partem,
1351 3571 1604 3625 nimirum
1628 3567 1826 3623 Caecilii
1857 3580 2192 3631 sermonem,

595 3691 651 3734 et
671 3677 813 3731 illius
837 3675 889 3728 in
913 3669 1244 3727 Christianos
1271 3662 1566 3719 calumnias
1593 3661 1760 3730 magis
1781 3668 2041 3728 spectant.
2066 3658 2201 3712 Pau-

599 3769 829 3824 cissima:
860 3772 1035 3819 autem
1079 3755 1344 3830 ejusmodi
1384 3763 1508 3810 sunt
1550 3753 1602 3808 in
1643 3752 1851 3807 Octavii
1896 3750 2201 3818 responsio-

601 3877 753 3929 nem,
788 3869 842 3916 et
871 3858 924 3912 in
956 3855 1186 3925 rejectos
1224 3859 1389 3922 atque
1429 3848 1726 3918 exagitatos
1765 3845 1833 3900 ab
1872 3843 1964 3898 illo
2007 3843 2201 3913 impios

602 3954 941 4010 ethnicorum
975 3951 1135 4004 ritus.

673 4042 1004 4113 Quibusdam
1047 4048 1226 4094 autem
1265 4033 1672 4091 observationes
1713 4031 1927 4103 Rigaltii
1970 4030 2023 4085 in
2060 4029 2204 4085 hunc

599 4137 795 4193 librum
823 4133 1050 4190 erudita:
1076 4145 1175 4186 nec
1203 4143 1388 4198 parum
1416 4127 1643 4181 curiosze
1668 4125 1935 4178 videntur.
1965 4121 2033 4177 Ut
2060 4123 2202 4177 enim

602 4230 739 4285 alios
783 4227 1130 4286 omittamus,
1183 4219 1436 4275 Ouzelius
1483 4216 1536 4270 in
1582 4229 1675 4270 sua
1722 4214 1786 4268 ad
1837 4229 1959 4268 eum
2008 4212 2201 4266 librum

606 4322 919 4394 prmfatione
963 4318 1157 4370 fatetur
1188 4314 1350 4366 multa
1383 4313 1432 4363 in
1466 4311 1544 4363 eis
1573 4307 1826 4378 pricclara
1855 4305 2122 4370 inveniri,
2151 4313 2206 4360 et

2300 3207 2538 3260 monium
2574 3211 3064 3264 commemoratur;
3105 3211 3266 3270 atque
3306 3210 3362 3250 ut
3399 3197 3502 3250 alia
3549 3195 3688 3250 bene
3736 3190 3907 3246 multa

2287 3298 2802 3368 praetermittamus,
2851 3296 2920 3350 de
2968 3309 3102 3349 cane
3147 3293 3374 3362 aliisque
3420 3287 3737 3344 animalibus
3783 3299 3910 3354 quze

2298 3389 2542 3461 Egyptii
2574 3389 2862 3452 colebant,
2893 3402 3124 3457 qttorum
3165 3383 3426 3439 Minucius
3463 3380 3662 3436 nullam
3705 3378 3911 3432 fecerat

2301 3483 2648 3538 mentionem.
2682 3481 2788 3536 Sed
2831 3481 2947 3534 haec
2978 3480 3205 3533 fortasse
3234 3475 3553 3547 quibusdam
3584 3471 3912 3527 videbuntur

2304 3575 2512 3630 facilius
2533 3571 2888 3630 condonanda
2911 3570 3274 3634 adolescenti,
3303 3570 3390 3638 qui
3415 3583 3535 3622 cum
3563 3559 3749 3620 vanam
3777 3577 3912 3617 eru-

2303 3668 2559 3723 ditionem
2589 3681 2740 3722 suam
2773 3675 3047 3720 ostentare
3078 3664 3270 3729 vellet,
3300 3661 3704 3718 observationes
3742 3673 3909 3723 suas,

2311 3779 2329 3812 ι
2353 3761 2516 3830 prtelo
2535 3800 2547 3822 ,
2577 3783 2596 3812 ι
2629 3769 2684 3813 ut
2713 3759 2826 3828 ipse
2853 3758 2960 3822 ait,
2995 3776 3014 3808 ί
3038 3765 3286 3812 currente
3313 3775 3332 3807 ι
3363 3753 3566 3818 editas,
3603 3767 3707 3806 non
3741 3753 3920 3821 potuit.

2305 3854 2481 3909 facere
2511 3851 2801 3907 breviores.
2833 3849 2940 3906 Sed
2970 3850 3171 3904 nullam
3201 3856 3381 3903 tamen
3410 3844 3715 3902 Gronovius
3743 3844 3792 3899 ei
3821 3857 3921 3899 ve-

2306 3949 2449 4003 niam
2476 3947 2605 4002 dare
2633 3947 2820 4017 potuit.
2852 3944 2983 3997 Nam
3015 3943 3164 3997 illum
3195 3941 3430 4011 appellat
3453 3941 3628 3995 virum
3657 3938 3831 3992 ferum
3860 3945 3924 3992 et

2309 4041 2540 4096 ferreum
2563 4081 2578 4104 ,
2607 4054 2669 4093 ac
2699 4044 3181 4092 commentatorcm
3212 4034 3467 4104 impium,
3493 4032 3584 4101 qui
3615 4029 3753 4084 falso
3779 4044 3929 4082 veno

2309 4133 2442 4188 ditat
2479 4131 2977 4186 animadversiones
3015 4129 3116 4182 sibi
3159 4127 3323 4181 tuisse
3360 4144 3378 4175 ‹
3401 4122 3864 4194 -ριιωιοιευτωιιιε
3899 4139 3924 4171 ι

2310 4232 2483 4278 natas.
2515 4223 2818 4278 Scelestum
2851 4222 3159 4284 enimvero,
3191 4218 3358 4286 inquit
3393 4216 3516 4281 ille,
3549 4223 3678 4269 sunt
3715 4228 3932 4283 recep-

2311 4319 2577 4383 taculum,
2625 4334 2731 4387 quo
2777 4332 2871 4372 sua
2911 4315 3152 4370 condidit
3191 4312 3364 4380 furta,
3406 4326 3525 4380 quae
3564 4310 3697 4364 diris
3738 4309 3940 4376 potius

606 4419 730 4489 plus
759 4413 971 4470 caeteris
997 4408 1248 4465 omnibus
1276 4405 1462 4459 abillo
1488 4403 1791 4458 restitutam
1822 4401 2032 4456 Octavio
2056 4401 2201 4455 sani-
2309 4413 2670 4476 debebam"...
2725 4411 2828 4465 nisi
2882 4411 3060 4480 aliqua
3099 4423 3164 4464 ex
3211 4407 3291 4460 sui
3339 4405 3618 4474 ipsiusme;
3653 4401 3944 4458 διιοηονίί

606 4517 794 4562 tatem.
827 4501 1114 4572 Rigaltium
1149 4507 1325 4552 tamen
1359 4507 1639 4565 prapterea
1669 4495 1873 4564 arguit,
1906 4494 2046 4564 quod
2078 4509 2188 4549 con

2309 4517 2458 4576 patre
2480 4548 2492 4569 ,
2526 4503 2851 4570 Boxhornio,
2889 4502 3078 4558 Vossio
3106 4513 3160 4556 et
3192 4501 3303 4555 Elia
3334 4498 3563 4554 Schevio
3592 4495 3938 4565 accepisset.

603 4596 831 4668 jecturis
859 4595 972 4650 suis
999 4592 1220 4647 nituium
1253 4589 1558 4658 indulgeat,
1589 4601 1787 4658 easque
1826 4586 2040 4641 Minucii
2083 4602 2188 4642 ver-

2308 4599 2412 4654 Sed
2442 4599 2561 4668 quis
2591 4612 2695 4651 non
2730 4595 2981 4650 fatebitur
3010 4595 3351 4665 graviorem,
3383 4601 3436 4647 et
3469 4590 3571 4644 viri
3602 4587 3775 4658 magis
3821 4590 3947 4644 feri

611 4693 692 4748 bis
723 4685 1173 4748 lmermiscendoo
1207 4684 1355 4737 illum
1401 4697 1464 4736 ⁸³
1505 4681 1813 4751 ιοψιεηιειη
1858 4678 2045 4746 radi",
2091 4693 2208 4748 (Ιυίθ
2309 4707 2372 4747 ac
2403 4689 2590 4755 ferrei,
2624 4705 2782 4759 quam
2812 4687 2952 4758 tequi
2979 4687 3170 4755 judicis
3201 4685 3343 4740 hanc
3369 4699 3488 4740 esse
3514 4698 3829 4738 censuram.

615 4793 667 4845 in
695 4796 928 4844 mentem
955 4784 1056 4855 ipsi
1081 4797 1189 4838 non
1213 4787 1493 4836 venerant.
1528 4777 1800 4833 Gronovio
1823 4785 2002 4832 autem
2030 4775 2073 4830 si
2097 4789 2211 4829 cre-
2383 4785 2646 4839 cena-rius
2685 4800 2814 4838 νθιιυ
2850 4783 2948 4836 ma
2989 4783 3040 4836 ίη
3084 4781 3196 4835 suis
3238 4781 3379 4834 ..οιίε
3405 4794 3465 4834 se
3497 4777 3820 4847 ρτίιιειίιίεεε
3861 4779 3957 4834 εί,

607 4885 741 4950 das,
784 4881 900 4935 hinc
938 4877 1151 4932 Minucii
1181 4874 1378 4929 Felicis
1415 4871 1704 4939 disputatio
1745 4869 2069 4935 merebatur,
2105 4886 2123 4918 t
2155 4883 2186 4921 u

2311 4878 2550 4950 gnificat.
2594 4877 2775 4932 Primo
2810 4875 3072 4930 redditam
3107 4883 3282 4930 textus
3306 4888 3334 4925 a
3365 4888 3424 4927 se
3453 4869 3719 4926 emendati
3754 4871 3962 4927 ratio-

611 4978 926 5050 procederet
956 4973 1292 5030 reverentius
1311 5013 1325 5036 ,
1356 4980 1408 5024 et
1439 4964 1614 5024 acrius
1645 4966 1878 5036 expolita
1904 4980 1967 5018 ac
1990 4963 2212 5018 meliore
2315 4988 2459 5027 nem,
2494 4971 2746 5027 Secundo
2775 4969 3028 5025 historias
3057 4977 3111 5022 et
3129 4966 3378 5030 fabulas,
3409 4964 3454 5018 si
3483 4979 3604 5032 quae
3631 4963 3961 5018 obscurio-

610 5074 666 5128 in
695 5073 896 5129 lumine
927 5072 1127 5139 posita,
1155 5085 1174 5118 ι
1211 5081 1368 5137 quam
1401 5064 1454 5117 in
1485 5062 1572 5116 illa
1605 5060 1815 5131 Rigaltii
1847 5058 2098 5120 editione.

2313 5081 2402 5120 res
2430 5075 2580 5129 sunt,
2614 5061 2906 5128 illustrari,
2947 5077 3009 5115 ac
3039 5059 3254 5114 tendent
3283 5057 3445 5112 latina
3475 5055 3687 5110 Minucii
3711 5057 3915 5112 verba
3940 5099 3960 5124 ,

689 5167 759 5222 Λῑ
783 5173 932 5221 cene
970 5162 1217 5234 quisquis
1265 5160 1421 5228 “ullis
1463 5156 1867 5212 Observationes
1909 5153 2124 5222 Ιθςθτῑι,
2169 5151 2215 5206 ίε
2313 5160 2356 5213 si
2399 5157 2615 5228 quando
2655 5157 2833 5210 minus
2877 5155 3069 5210 usitata
3114 5163 3205 5209 aut
3245 5150 3548 5206 difﬁciliora
3592 5162 3964 5219 occurrant,

613 5260 906 5316 manifesto
935 5253 1264 5324 comperiet.
1298 5253 1350 5306 in
1385 5251 1488 5304 illis
1517 5246 1788 5304 emendati
1830 5255 2004 5300 textus
2044 5244 2212 5298 ratio-
2313 5251 2508 5305 clarius
2548 5248 2842 5303 enucleari.
2883 5247 2953 5301 At
2988 5246 3042 5300 in
3084 5245 3165 5298 bis
3201 5241 3802 5307 altltltadvel‘slonlbtls,
3847 5256 3973 5301 aut

613 5367 740 5408 nem
797 5346 1086 5419 aliquando
1114 5345 1328 5408 alferri,
1361 5344 1536 5413 aliqua
1567 5341 1876 5398 obscuriora
1926 5340 2087 5394 verba
2124 5355 2216 5394 ex-
2317 5345 2466 5414 plura
2503 5342 2571 5396 ab
2612 5341 2730 5395 aliis
2767 5339 2908 5393 dicta
2950 5338 3174 5407 repetit,
3217 5347 3309 5390 aut
3350 5335 3513 5389 multa
3560 5333 3713 5387 tacita
3750 5335 3972 5392 relin-

612 5445 823 5517 planari
847 5484 862 5507 ,
896 5457 956 5495 ac
987 5443 1136 5508 plura
1163 5439 1379 5494 Minucii
1412 5439 1525 5492 loca
1556 5437 1784 5490 aliorum
1813 5445 2088 5491 auctorum
2124 5434 2214 5489 lir-
2314 5439 2466 5509 quit,
2489 5453 2610 5508 qua:
2633 5433 2762 5490 nihil
2785 5434 2998 5488 ueteris
3017 5432 3196 5486 minus
3220 5430 3558 5499 expositione
3585 5426 3971 5497 indigebant.

608 5538 746 5592 mari
779 5534 1114 5589 auatoritate.
1161 5532 1276 5589 Non
1307 5532 1486 5586 minus
1517 5539 1695 5584 tamen
1736 5529 1881 5584 clare
1928 5529 2214 5599 perspiciet
2389 5530 2649 5585 Pra-terea
2675 5527 2905 5583 Jacobus
2927 5525 3228 5580 Gronovius
3250 5523 3386 5578 hanc
3409 5521 3648 5577 omnium
3667 5561 3682 5585 ,
3711 5521 3786 5576 de
3817 5528 3982 5596 qui-

602 5631 792 5685 horum
832 5640 976 5695 saepe
1020 5642 1116 5688 nec
1161 5627 1369 5693 libros,
1415 5641 1514 5680 nec
1557 5625 1818 5680 librorum
1863 5625 2071 5691 capita,
2116 5621 2211 5678 sed
2314 5623 2413 5678 bus
2442 5622 2701 5676 hactenus
2727 5621 2964 5691 egimus,
3000 5626 3246 5674 notarum
3276 5612 3986 5688 auimadversionumque

587 5723 764 5778 Solum
809 5729 1013 5778 nomen
1051 5720 1245 5791 Citati.
1291 5718 1454 5774 Multa
1497 5732 1711 5789 quoque
1746 5715 2118 5790 deprehendet
2148 5716 2216 5772 ab
2317 5715 2690 5773 collectionem
2725 5712 2855 5767 nihil
2887 5710 3032 5767 aliud
3061 5725 3183 5767 esse
3210 5710 3434 5776 asserit,
3466 5705 3568 5764 nisi
3601 5703 3994 5780 indigestam
