4248 6264
345 314 454 374 597

1719 316 2190 384 DISSERTATIO.

3556 358 3664 417 598

344 429 582 537 molem.3
612 425 903 530 colluviem
929 424 1196 537 ipﬁnitam
1219 467 1232 494 ,
1262 435 1423 500 alque
1447 430 1666 486 insanas
1688 447 1717 487 a
1745 432 1958 490 Minucii
1985 437 2038 496 A
2067 439 2336 500 Gronovio
2356 489 2370 511 ,
2420 449 2471 504 id
2524 453 2704 507 animo
2755 458 3126 528 percepisset?
3173 461 3416 537 Denique
3463 470 3659 528 Janum

347 531 498 576 textu
527 519 908 592 digressiones.
939 520 1010 572 At
1034 526 1182 574 certe
1208 521 1453 588 quamvis
1481 522 1707 576 fateatur
1730 524 1958 579 absurda

345 613 435 669 illa
477 623 532 669 et
568 613 741 667 inutili
779 610 1306 665 animadversionum
1340 611 1547 667 luxurie
1577 613 1822 667 eumdem
1858 614 1956 668 Mi-

345 708 492 762 nucii
524 715 724 761 textum
755 705 976 757 omnino
1008 712 1335 772 praepostere
1365 703 1517 758 obrui
1549 719 1612 758 ac
1643 706 1914 776 submergi
1938 748 1952 771 ,

345 800 504 870 plura
555 809 729 852 tamen
780 798 832 851 in
875 798 953 851 eis
1001 797 1199 850 omissa
1243 796 1404 851 fuisse
1441 796 1721 866 deplorat,
1764 801 1957 869 quibus

344 892 674 958 Salmasius,
720 891 1104 955 Brummerus,
1154 889 1463 956 Ernestius,
1512 906 1575 945 ac
1619 893 1954 962 potissimum

341 980 618 1037 Johannes
648 981 884 1034 Pricarus
915 979 1104 1034 alienis
1137 980 1189 1034 in
1231 980 1394 1046 locis,
1437 982 1662 1036 obscura
1702 984 1948 1054 quaedam

341 1073 580 1126 auctoris
626 1071 797 1126 nostri
827 1070 944 1126 loca
987 1070 1278 1126 emendare
1322 1087 1415 1125 aut
1449 1073 1735 1129 enucleare
1779 1084 1953 1130 tenta-

344 1173 565 1221 verunt.

413 1259 777 1326 Quamobrem
808 1259 852 1314 is
883 1259 996 1329 ipse
1023 1258 1360 1325 Gronovius,
1393 1260 1445 1314 in
1490 1276 1585 1315 sua
1628 1260 1786 1332 hujus
1829 1262 1950 1317 libri

342 1355 585 1409 omnium
615 1354 802 1408 ultima
829 1354 1099 1421 editione,
1131 1355 1499 1424 superioribus
1542 1356 1645 1410 illis
1688 1357 1948 1411 observa-

343 1447 581 1503 tionibus
601 1489 614 1512 ,
645 1449 690 1503 si
717 1448 976 1517 quasdam
1005 1447 1210 1501 Ouzelii
1239 1449 1550 1518 exceperis,
1581 1447 1677 1502 has
1702 1449 1948 1504 Salmasii

342 1540 710 1611 aliorumque,
741 1549 796 1595 et
826 1556 953 1594 suas
979 1539 1198 1610 adjecit.
1229 1539 1428 1594 Verum
1461 1542 1512 1595 in
1545 1541 1786 1607 easdem,
1817 1558 1950 1612 quas

343 1635 397 1690 in
425 1636 543 1689 aliis
575 1644 717 1689 tanta
738 1634 1064 1690 confidentia
1091 1634 1433 1700 condemnat,
1461 1635 1829 1690 aberrationes
1862 1637 1952 1688 im-

343 1729 636 1798 prudenter
653 1731 872 1783 omnino
888 1727 1162 1783 dilabitur.
1182 1728 1539 1797 Longioribus
1557 1731 1755 1785 etenim
1780 1729 1949 1799 ipsius

342 1820 697 1890 aliorumque,
728 1836 861 1890 quas
888 1823 1254 1891 transcripsit,
1284 1824 1740 1889 annotationibus,
1773 1833 1950 1877 textus
1981 1819 2028 1879 B

346 1911 562 1967 Minucii
607 1913 764 1985 longe
811 1915 978 1984 magis
1029 1929 1187 1985 quam
1238 1914 1291 1968 in
1341 1915 1709 1985 superioribus
1759 1915 1952 1971 editio-

344 2005 508 2060 nibus
533 2007 690 2075 plane
719 2007 992 2077 mergitur.
1021 2006 1216 2061 Plures
1247 2006 1510 2076 siquidem
1544 2007 1725 2064 videre
1756 2016 1839 2062 est
1864 2023 1955 2078 pa-

346 2099 522 2174 ginas,
545 2101 597 2153 in
619 2101 811 2170 quibus
832 2100 1034 2154 nullum
1059 2109 1237 2154 exstat
1253 2099 1465 2154 Minucii
1485 2100 1738 2164 verbum;
1761 2101 1811 2153 in
1834 2102 1953 2154 aliis

346 2206 477 2248 vero
499 2209 600 2247 tina
627 2202 862 2260 tantum,
887 2202 980 2248 aut
1003 2193 1123 2247 duze
1148 2193 1232 2248 vel
1258 2202 1397 2259 tres,
1427 2194 1477 2247 in
1502 2194 1714 2250 carteris
1741 2195 1953 2262 paucis-

347 2285 496 2340 sim.e
518 2287 684 2356 ipsius
708 2297 882 2342 textus
907 2287 1081 2340 linere.
1107 2285 1236 2354 Quis
1261 2286 1418 2355 igitur
1439 2285 1756 2340 diffitebitur
1778 2287 1952 2356 ipsum

347 2376 620 2433 Ouzelium
642 2420 658 2446 ,
687 2379 839 2448 cujus
861 2389 1016 2432 notas
1037 2379 1339 2434 Gronovius
1367 2387 1514 2432 tanto
1535 2378 1832 2448 despicatui
1854 2379 1955 2434 du-

348 2470 551 2527 cendas
577 2471 888 2535 arbitratur,
916 2472 1069 2541 longe
1091 2470 1253 2526 fuisse
1279 2470 1676 2540 prudentiorem
1701 2514 1715 2537 ,
1740 2474 1829 2542 qui
1857 2489 1953 2528 sua

349 2563 404 2618 in
432 2563 665 2618 editione
695 2573 863 2618 totum
889 2565 1262 2634 integrumque
1282 2564 1496 2620 Minucii
1524 2575 1728 2619 textum
1758 2579 1957 2635 reprae-

349 2665 526 2712 sentat
543 2699 558 2722 ,
589 2672 884 2728 omnesque
910 2672 1033 2712 suas
1057 2656 1554 2714 animadversiones
1581 2656 1645 2711 ad
1675 2657 1816 2712 illius
1842 2658 1955 2714 cal-

353 2761 471 2803 cem
505 2748 693 2816 rejecit
718 2748 742 2801 ?

424 2839 616 2907 Quanti
659 2846 839 2894 autem
877 2839 1167 2904 momenti,
1212 2847 1265 2894 et
1301 2847 1503 2910 quanto
1541 2839 1753 2894 caeteris
1794 2854 1960 2910 pries—

356 2932 616 2988 tantiores
647 2932 756 2985 sint
783 2931 1026 3002 ejusdem
1048 2931 1302 2987 Gronovii
1336 2943 1506 2997 noue,
1530 2933 1574 2988 si
1602 2932 1742 2988 scire
1771 2947 1956 2995 aveas.

358 3022 413 3078 id
455 3023 548 3077 tibi
586 3023 899 3094 quibusdam
943 3025 1205 3095 exemplis
1235 3023 1668 3093 patefaciendum
1699 3035 1802 3080 est.
1837 3026 1956 3080 Pri-

357 3132 505 3173 mum
533 3117 712 3187 itaque
740 3126 962 3172 annotat
985 3117 1069 3172 his
1093 3117 1304 3172 Minucii
1330 3119 1536 3173 verbis:
1571 3138 1590 3171 ‹
1614 3119 1668 3172 ltt
1694 3117 1961 3188 praeterita

2062 535 2496 607 Brouxhusium,
2547 546 2636 613 qui
2685 559 2809 604 ante
2853 567 3038 607 vocem
3091 535 3393 616 «horarum
3428 581 3448 615 ι
3497 567 3660 623 scribi

2061 630 2228 726 voluit
2260 651 2278 683 α
2301 649 2626 706 paucarum,
2661 659 2677 686 ι
2709 643 2908 699 acriter
2932 647 3185 718 castigat,
3219 652 3473 726 additque
3503 674 3562 714 se
3587 663 3657 716 ab

2062 719 2153 776 illo
2183 726 2327 780 omni
2371 730 2770 786 mendaciorum
2813 738 3308 814 calumniarumque
3335 719 3534 817 genere
3566 769 3656 810 ve-

2060 825 2263 872 xatum.
2308 820 2519 878 Siccine
2563 841 2691 896 ergo
2734 829 2780 883 ei
2827 832 3030 899 potius,
3065 852 3222 905 quam
3254 840 3407 904 aliis,
3442 844 3518 898 fas
3559 847 3658 902 fuit

2060 909 2200 962 notis
2241 910 2572 982 longioribus
2610 935 2718 973 non
2756 923 2929 978 solum
2961 925 3165 996 digredi
3198 932 3264 986 ab
3292 938 3528 992 auctoris
3569 940 3652 996 sui

2058 1003 2334 1068 proposito
2355 1045 2368 1066 ,
2401 1007 2492 1060 scd
2529 1010 2760 1077 privatas
2792 1029 3004 1085 quoque
3037 1019 3256 1089 injurias
3286 1026 3509 1081 ulcisci?

2130 1091 2236 1146 Sed
2283 1095 2542 1165 agedum,
2586 1102 2703 1170 quis
2746 1104 2795 1157 in
2839 1105 2998 1176 hujus
3035 1110 3152 1165 libri
3184 1113 3509 1173 editionibus
3533 1123 3653 1176 ani-

2057 1183 2488 1282 madversionem
2530 1192 2762 1261 aliquam
2806 1200 3025 1265 protulit
3062 1219 3124 1257 ea
3168 1204 3496 1276 longiorem,
3532 1229 3653 1282 quae

2055 1275 2122 1330 ab
2165 1277 2256 1331 illo
2304 1282 2500 1350 scripta
2547 1297 2628 1340 est
2670 1289 2720 1341 in
2766 1288 2880 1344 haec
2922 1308 3088 1362 pauca
3127 1275 3338 1354 Minucii
3370 1301 3436 1356 de
3471 1275 3653 1359 Dianae

2055 1369 2347 1428 simulacro
2389 1377 2582 1433 verba:
2633 1397 2652 1430 ι
2678 1381 2920 1439 Mammis
2949 1388 3162 1456 multis,
3206 1403 3260 1445 et
3301 1395 3532 1450 verubus
3559 1412 3654 1451 ex—

2055 1467 2296 1520 structa?
2319 1467 2424 1522 Sex
2453 1471 2594 1524 enim
2621 1473 2760 1527 illius
2787 1475 2906 1530 libri
2937 1487 2989 1530 et
3013 1483 3239 1549 amplius
3265 1484 3379 1538 hmc
3406 1498 3531 1542 nota
3561 1504 3655 1557 pa-

2053 1558 2205 1625 ginas
2244 1559 2454 1628 implet,
2500 1572 2554 1617 et
2593 1565 2798 1636 integra
2827 1568 2898 1622 ibi
2930 1570 3187 1627 llolstcnii
3217 1576 3476 1645 Epistula.
3511 1580 3653 1636 haud

2053 1653 2220 1706 semel
2266 1654 2440 1721 edita,
2493 1660 2885 1714 transcribitur.
2937 1662 3126 1719 Nonne
3167 1679 3375 1735 poterat
3413 1687 3566 1739 eam,
3607 1677 3652 1730 si

2054 1760 2275 1800 necesse
2303 1758 2478 1815 esset,
2512 1760 2603 1804 aut
2634 1752 2682 1804 in
2718 1753 2833 1806 libri
2864 1757 3066 1811 calcem
3101 1761 3395 1817 amandare
3416 1805 3430 1829 ,
3461 1777 3552 1820 aut
3582 1783 3649 1822 ex

2057 1836 2145 1890 illa
2186 1840 2635 1907 quemadmodum
2674 1860 2738 1898 ex
2772 1844 3044 1912 Woweri,
3075 1850 3455 1909 Elmenhorstii
3479 1899 3492 1921 ,
3520 1858 3654 1912 alio-

2056 1945 2282 2000 rumque
2313 1933 2776 1991 observationibus
2795 1980 2808 1998 .
2853 1941 3094 2008 quaedam
3133 1943 3371 2000 delibare
3393 1989 3406 2011 ,
3435 1966 3557 2019 quae
3582 1952 3649 2007 ad

2055 2025 2292 2079 anetoris
2319 2028 2488 2082 nostri
2514 2031 2922 2099 explicationem
2952 2035 3120 2105 magis
3147 2037 3538 2096 conducebant.

2130 2113 2328 2170 Verum
2374 2127 2430 2172 et
2469 2134 2568 2174 nos
2607 2120 2709 2189 ipsi
2754 2123 3022 2194 longiores
3066 2127 3246 2196 utique
3289 2144 3558 2200 essemus,
3606 2137 3652 2191 si

2055 2207 2185 2262 alias
2211 2207 2467 2264 Gronovii
2498 2210 2580 2265 his
2607 2213 2810 2269 similes
2843 2228 2996 2272 notas
3024 2218 3334 2290 singillatim
3367 2238 3650 2282 recensere

2056 2298 2352 2364 vellemus,
2395 2310 2554 2371 atque
2595 2304 2712 2358 illas
2755 2307 2805 2360 in
2845 2308 3062 2375 primis,
3101 2312 3296 2382 quibus
3336 2318 3653 2373 recentioris

2057 2390 2333 2457 cujusdam
2362 2395 2641 2464 scriptoris
2673 2399 2974 2454 testimonia
3005 2402 3195 2472 gallico
3226 2405 3478 2464 idiomate
3520 2411 3653 2464 scri-

2060 2491 2146 2552 pta
2182 2484 2481 2553 interserit,
2524 2499 2684 2558 atque
2722 2491 2923 2547 Ouzelii
2968 2494 3105 2549 furta
3151 2506 3205 2552 et
3248 2504 3654 2571 compilationes

2059 2576 2257 2642 passim
2288 2576 2481 2646 ubique
2512 2579 2728 2632 indicat.
2759 2584 2918 2647 Quasi
2949 2601 3094 2651 vero,
3131 2588 3212 2643 his
3243 2597 3652 2662 praetermissis,

2063 2672 2237 2719 textus
2265 2665 2481 2721 Minucii
2514 2667 2736 2739 intelligi
2768 2686 2872 2725 non
2906 2674 3177 2741 potuerit?

2133 2757 2313 2828 Neque
2338 2769 2512 2814 tamen
2542 2760 2574 2813 ii
2600 2775 2807 2829 sumus,
2833 2763 2924 2835 qui
2949 2767 3175 2821 aliorum
3201 2770 3438 2826 omnium
3458 2813 3472 2837 ,
3499 2773 3656 2829 sicuti

2063 2847 2394 2913 Gronovius,
2427 2860 2579 2906 notas
2617 2862 2672 2907 et
2709 2855 3200 2914 animadversiones
3247 2861 3659 2932 adspernemur,

2063 2952 2154 2996 aut
2183 2958 2402 3012 prorsus
2437 2945 2800 3016 explodendas
2838 2963 2959 3004 esse
2991 2965 3325 3007 censeamus.
3360 2954 3657 3011 Fatendum

2064 3034 2206 3087 enim
2238 3044 2320 3088 est
2350 3034 2552 3090 variam
2581 3038 2632 3090 in
2664 3039 2742 3092 eis
2771 3054 2890 3094 cum
2922 3040 3201 3111 ipsiusmet
3227 3043 3514 3114 Gronovii,
3545 3057 3658 3104 tum

2064 3125 2289 3181 aliorum
2332 3128 2689 3184 eruditionem
2735 3131 3024 3188 identidem
3067 3135 3436 3206 deprehendi,
3485 3141 3658 3212 iisque

359 3209 535 3264 TCdire
556 3251 570 3274 9
607 3229 626 3261 ι
661 3208 1093 3264 θῖίῖετιοίδδῖῐηθηι
1127 3210 1370 3264 eXhibel‘i
1400 3227 1540 3266 Vera?
1575 3211 1959 3281 jucundilalis.
1989 3204 2034 3268 C
2067 3219 2320 3288 explicari
2351 3221 2635 3276 nonnullos
2657 3221 2870 3278 Minucii
2896 3204 3237 3283 obscuriores
3265 3229 3515 3300 loquendi
3542 3204 3660 3288 mo-

359 3303 645 3373 praeteritis
693 3301 902 3372 gaudiis
955 3310 1262 3372 perceptaa,
1317 3302 1758 3372 descriptionem.
1807 3302 1962 3370 Quod

361 3395 575 3466 quidem
607 3395 696 3450 ille
727 3395 884 3450 Tullii
911 3403 964 3450 et
995 3395 1307 3466 Vespasiani
1339 3398 1631 3466 exemplis,
1677 3396 1808 3451 nihil
1851 3413 1964 3451 ma-

360 3490 471 3561 gis,
502 3505 660 3560 quam
689 3489 791 3544 alia
818 3492 1122 3555 innumera,
1153 3489 1217 3544 ad
1247 3491 1579 3560 prepositum
1606 3489 1923 3545 facientibus
1944 3530 1958 3558 ,

361 3584 590 3653 probare
644 3592 887 3637 conatur.
944 3582 1098 3637 Tunc
1148 3582 1404 3636 continuo
1458 3582 1536 3636 sic
1587 3583 1960 3652 prosequitur:

370 3695 387 3728 ί
417 3675 574 3731 Certe
605 3676 744 3746 quod
776 3676 864 3731 hic
892 3677 1028 3731 oculi
1050 3717 1063 3742 ,
1097 3676 1148 3729 in
1181 3675 1300 3729 aliis
1342 3684 1521 3744 potest
1558 3676 1774 3730 efﬁcere
1813 3678 1961 3745 cogi-

365 3770 533 3832 tatio;
563 3768 726 3823 immo
753 3785 820 3822 ne
845 3769 1037 3834 vivam,
1064 3769 1108 3822 si
1133 3782 1240 3822 non
1258 3768 1371 3821 haec
1395 3767 1619 3821 felicitas
1643 3782 1729 3821 me
1755 3783 1847 3836 per
1871 3783 1966 3820 an-

367 3875 471 3914 nos
516 3874 664 3915 meos
705 3863 1016 3924 comitetur;
1063 3870 1122 3914 ut
1166 3871 1221 3916 et
1268 3860 1560 3914 domestica
1608 3876 1693 3914 me
1737 3859 1965 3915 felicitas

368 3953 699 4017 consoletur,
753 3961 809 4007 et
860 3952 1214 4024 Cantabrigiaa
1265 3952 1436 4008 vivam
1479 3969 1599 4008 cum
1624 3952 1709 4007 .lo.
1739 3954 1968 4008 Pearso-

367 4048 480 4112 nio,
511 4047 738 4102 Lutetia:
763 4062 882 4101 cum
907 4047 1073 4102 Henr.
1095 4045 1346 4111 Valcsio,
1370 4045 1660 4101 Florentiae
1687 4060 1807 4099 cum
1836 4047 1963 4100 Ant.

366 4138 757 4210 Magliabequio
777 4179 792 4201 ,
822 4139 952 4193 viris
981 4138 1049 4192 ab
1079 4137 1243 4192 ommi
1275 4137 1530 4192 doctrinae
1571 4136 1725 4191 laude
1767 4137 1965 4191 beatis-

368 4231 518 4287 simis
560 4231 614 4286 in
652 4240 934 4286 internum.
966 4250 986 4283 ι
1027 4230 1219 4299 Papae,
1263 4244 1421 4299 quam
1469 4227 1762 4297 prmclara,
1808 4242 1969 4295 quam

372 4323 576 4378 erudita
599 4364 613 4390 ,
657 4339 815 4392 quam
846 4322 1150 4376 necessaria
1181 4331 1294 4375 erat
1322 4320 1438 4376 haec
1469 4319 1805 4375 observatio!
1840 4320 1968 4386 Quis

369 4435 644 4489 umquam,
674 4434 736 4473 ea
763 4416 1141 4488 praatermissa,
1175 4416 1461 4470 Minucium
1491 4415 1633 4470 clare
1661 4415 1881 4469 omnino
1910 4423 1970 4469 et

367 4513 651 4582 perspicue
678 4511 986 4581 loquentem
1020 4510 1204 4563 audire
1235 4510 1542 4578 potuisset?

2065 3311 2196 3378 dos,
2224 3328 2285 3367 ac
2308 3314 2468 3367 verba
2501 3315 2740 3384 quaedam
2773 3331 2802 3368 a
2835 3317 3053 3372 librario
3089 3320 3228 3376 [ωδε
3254 3333 3526 3394 corrupta.
3551 3325 3659 3381 Sed

2066 3404 2169 3458 alia
2199 3405 2373 3460 adhuc
2399 3419 2716 3476 supersunt,
2749 3426 2870 3480 quae
2912 3412 3175 3468 medicam
3217 3431 3432 3472 manum
3471 3429 3663 3489 postu-

2065 3498 2208 3568 lant,
2235 3509 2289 3555 et
2315 3518 2432 3572 qua:
2462 3504 2816 3571 explicatione
2839 3521 2996 3576 egere
3022 3522 3180 3563 nemo
3206 3525 3335 3566 sane
3365 3515 3660 3583 negaverit.

2066 3591 2212 3647 Nova
2257 3610 2384 3665 ergo
2424 3594 2581 3666 hujus
2622 3597 2740 3652 libri
2785 3598 2949 3653 editio
2979 3603 3189 3657 caeteris
3221 3607 3386 3675 magis
3412 3617 3663 3664 accurata

2067 3693 2120 3738 et
2160 3685 2422 3753 perfecta,
2465 3687 2533 3740 ab
2570 3689 2750 3758 aliquo
2792 3691 3002 3746 erudito
3053 3693 3372 3768 sinceroque
3425 3700 3664 3756 veritatis

2067 3786 2338 3844 amatore,
2384 3793 2483 3833 nec
2523 3781 2762 3850 partibus
2809 3783 2920 3838 suis
2949 3784 3171 3840 nimium
3199 3789 3467 3859 studenti,
3499 3792 3661 3847 ador-

2069 3869 2182 3922 nari
2213 3870 2395 3939 procul
2424 3870 2586 3927 dubio
2616 3882 2811 3942 potest.

2675 4043 2970 4085 ARTICULUS
3001 4045 3056 4083 ν.

2143 4154 2221 4207 De
2255 4156 2508 4224 corruptis
2533 4167 2621 4211 aut
2650 4162 2991 4228 corruptionis
3020 4167 3264 4234 suspectis
3292 4167 3592 4238 quibusdam

2619 4252 2773 4321 hujus
2801 4254 2917 4306 libri
2945 4254 3088 4308 locis.

2143 4408 2274 4463 Cum
2298 4425 2436 4464 unus
2458 4419 2662 4466 tantum
2691 4412 2845 4467 nobis
2874 4415 3107 4483 supersit
3135 4415 3294 4488 hujus
3325 4419 3443 4477 libri
3475 4439 3661 4482 manu-

2071 4502 2300 4571 scriptus
2327 4503 2500 4558 codex
2531 4506 2742 4576 regius,
2783 4523 2888 4560 non
2928 4508 3118 4564 mirum
3159 4526 3320 4578 sane,
3376 4518 3418 4572 si
3463 4518 3513 4574 in
3560 4535 3659 4574 au-

441 4603 544 4660 Ubi
583 4620 712 4658 vero
754 4603 1002 4658 Cmcilius
1042 4603 1176 4658 dixit
1223 4622 1241 4654 ε
1271 4603 1493 4657 nebulas
1534 4617 1748 4674 semper
1787 4601 1966 4658 adole-
1993 4596 2047 4656 D
2073 4593 2234 4647 eloris
2262 4604 2404 4648 textu
2433 4595 2574 4648 varia
2599 4608 2880 4651 occurrant
2908 4599 3134 4668 imperiti
3162 4611 3211 4655 et
3242 4605 3402 4662 latine
3428 4612 3666 4668 nescien-

370 4709 543 4761 scere,
571 4715 588 4748 ι
639 4693 710 4750 ibi
737 4695 882 4765 plura
913 4694 980 4752 de
1004 4695 1194 4765 graecis
1217 4693 1518 4750 nominibus
1543 4704 1737 4766 ρνεφέλη
1764 4705 1816 4751 et
1843 4704 1970 4768 νξρος

374 4786 499 4843 ideo
528 4787 797 4856 congerit,
828 4803 933 4842 non
966 4797 1023 4841 ut
1060 4789 1302 4841 auctoris
1330 4788 1412 4843 sui
1455 4797 1664 4843 textum
1702 4789 1934 4857 exiilicet
1955 4831 1969 4854 ,

372 4881 469 4937 sed
503 4893 556 4935 ut
583 4881 872 4947 Pricaeum,
905 4891 959 4936 et
990 4879 1252 4936 Gallicum
1285 4880 1442 4951 hujus
1471 4879 1589 4935 libri
1623 4881 1969 4950 interpretem

374 4975 506 5033 reda
516 4985 690 5047 rguat.

443 5067 547 5123 Sed
593 5068 802 5138 longius
839 5067 1012 5123 adhuc
1053 5077 1238 5139 postea
1280 5077 1552 5140 evagatur,
1597 5067 1686 5123 ubi
1722 5067 1972 5123 Caecilius

372 5159 694 5216 ChriStianis
738 5159 936 5228 obiecit
973 5161 1177 5216 nullum
1226 5177 1296 5217 ex
1339 5161 1526 5216 inferis
1569 5161 1652 5215 vel
1695 5159 1974 5215 Protesilai

373 5261 521 5308 sorte
567 5266 875 5318 remeasse,
924 5252 1227 5308 «horarum
1276 5254 1468 5308 saltem
1519 5253 1781 5323 permisso
1827 5265 1975 5307 com-

372 5357 572 5402 meatu.
602 5363 619 5396 ι
655 5345 892 5401 Primum
940 5347 1082 5401 enim
1131 5362 1228 5400 nos
1265 5345 1354 5400 ille
1402 5346 1655 5400 admonet
1698 5343 1825 5398 nihil
1874 5342 1976 5396 hac

371 5439 536 5494 latina
569 5437 937 5493 enuntiatione
967 5455 1087 5494 esse
1115 5448 1206 5493 aut
1237 5440 1510 5494 venustius
1533 5479 1549 5505 ,
1583 5447 1672 5490 aut
1702 5435 1841 5506 qttod
1876 5435 1976 5505 ipsi

370 5532 542 5602 magis
585 5530 867 5600 placuerit.
912 5531 1118 5586 Deinde
1159 5546 1286 5586 vero
1328 5529 1443 5584 fuse
1489 5530 1702 5597 lateque
1744 5525 1970 5595 prohat,

371 5620 480 5676 hoc
517 5621 636 5676 solo
665 5632 720 5676 et
750 5621 978 5693 eleganti
1019 5623 1256 5693 genitivo
1292 5641 1310 5672 ι
1343 5622 1593 5676 horarum
1629 5637 1646 5670 ι
1683 5615 1974 5686 significari

374 5712 622 5781 exiguam
647 5713 905 5783 temporis
933 5723 1171 5784 partem,
1197 5728 1316 5784 quae
1340 5727 1444 5764 non
1475 5711 1612 5764 ultra
1642 5725 1804 5762 unum
1830 5708 1974 5763 diem

377 5806 721 5880 processerit.
756 5807 887 5876 Quis
919 5823 1208 5880 umquam,
1242 5805 1437 5861 amabo
1469 5812 1520 5860 te
1545 5846 1558 5873 ,
1593 5804 1692 5859 nisi
1726 5812 1976 5860 monente

2074 4687 2138 4739 tis
2169 4685 2364 4741 librarii
2407 4698 2612 4752 errata,
2658 4706 2776 4760 qua:
2819 4700 2896 4744 tot
2937 4693 3264 4750 scholiorum
3310 4712 3665 4775 notat-umque

2074 4780 2305 4834 editores
2348 4782 2434 4835 vel
2477 4783 2667 4838 intacta
2717 4785 3052 4853 prietericre,
3094 4788 3176 4843 vel
3216 4793 3536 4861 conjecturis
3572 4808 3667 4853 aut

2075 4890 2260 4946 parum
2289 4874 2450 4928 certis
2479 4884 2570 4929 aut
2601 4876 2746 4930 falsis
2777 4876 3065 4932 emendare
3095 4882 3269 4933 conati
3302 4893 3446 4938 sunt.
3480 4887 3555 4941 De
3585 4889 3666 4943 his

2074 4966 2253 5036 itaque
2279 4967 2410 5020 locis
2431 4969 2695 5036 corruptis
2720 4976 2810 5021 aut
2832 4972 3190 5037 corruptionis
3217 4977 3500 5043 suspectis,
3531 4995 3666 5048 pra:-

2079 5067 2157 5112 tcr
2185 5074 2244 5112 ea
2265 5100 2278 5124 ,
2309 5073 2426 5128 qua:
2455 5056 2678 5112 inferius
2699 5101 2712 5122 ,
2746 5059 2832 5111 ubi
2867 5061 3078 5112 occasio
3109 5067 3458 5129 opportunior
3487 5084 3544 5122 se
3570 5071 3664 5125 de-

2077 5148 2253 5209 derit,
2287 5148 2551 5211 dicentur,
2586 5148 2669 5202 hic
2697 5148 2896 5216 aliquid
2930 5153 3310 5219 promendum,
3343 5165 3396 5210 et
3424 5158 3624 5213 medica
3646 5201 3662 5229 ,

2076 5241 2120 5294 si
2157 5240 2266 5293 lieri
2302 5239 2503 5308 possit,
2536 5254 2725 5292 manus
2753 5239 2831 5292 eis
2859 5239 3182 5294 adhibenda.

2150 5333 2384 5386 Primum
2445 5331 2603 5400 igitur
2657 5331 3028 5399 suspiCabatur
3082 5332 3376 5402 Meursius,
3434 5339 3485 5393 in
3562 5340 3663 5398 hoc

2077 5426 2280 5482 Octavii
2321 5426 2470 5488 loco,
2505 5425 2590 5476 ubi
2630 5424 2888 5478 Minucius
2915 5425 3084 5479 dixit:
3123 5447 3140 5478 ε
3169 5426 3300 5483 Cuut
3332 5431 3568 5487 diluculo
3599 5437 3667 5492 ad

2077 5535 2224 5574 mare
2272 5517 2679 5583 inambulando,
2727 5526 2830 5572 etc.
2865 5537 2882 5569 ι
2937 5517 3131 5574 Caecilii
3180 5523 3406 5580 aliorum
3457 5532 3670 5586 comitis

2079 5627 2272 5667 nomen
2304 5611 2582 5665 omissum.
2627 5609 2730 5664 Sed
2764 5627 3069 5681 perperam.
3100 5613 3230 5667 Nam
3266 5632 3386 5670 mox
3419 5634 3538 5673 eum
3570 5621 3668 5675 Mi-

2078 5708 2266 5761 nucius
2307 5703 2519 5756 nomine
2559 5717 2658 5756 suo
2685 5704 2950 5774 appellat;
2995 5714 3047 5758 et
3085 5707 3245 5776 paulo
3277 5721 3393 5777 post
3420 5710 3672 5768 Octavius

2079 5800 2224 5855 illum
2258 5807 2411 5854 vocat
2445 5816 2462 5849 ς
2495 5797 2765 5852 hominem
2801 5797 2951 5852 domi
2986 5799 3219 5871 lorisque
3250 5821 3267 5853 ›
3305 5802 3514 5858 Minucii
3551 5826 3566 5859 ‹
3599 5807 3676 5863 la~
