4230 6242
584 291 690 351 599

587 407 688 465 teri

588 500 753 557 facile
767 491 964 551 Czecilii
996 503 1190 542 nomen
1221 485 1289 538 ab
1315 480 1564 535 omnibus
1596 490 1753 547 posse
1780 475 2039 542 suppleri.

662 584 979 645 Observavit
1008 579 1270 650 Rigaltius
1297 573 1616 636 Minucium,
1645 569 1712 625 de
1741 566 1991 623 [luctibus
2024 565 2187 620 maris

591 683 976 739 disserentem,
1005 671 1237 727 dixisse:
1270 687 1287 718 ο
1314 666 1516 735 Crispis
1547 662 1847 731 torosisque
1877 658 2071 712 ibidem
2099 673 2188 711 er-

587 772 804 828 roribus
833 764 1102 823 delectati.
1131 782 1149 814 ›
1179 761 1378 816 Verum
1413 759 1464 812 in
1497 753 1862 821 manuscripto
1893 751 2078 807 codice
2105 764 2190 804 re-

587 867 676 936 gio
706 864 877 934 prima
906 859 1100 930 prioris
1130 853 1364 912 nominis
1405 850 1586 921 crispis
1630 849 1808 902 littera
1837 845 1876 900 C
1898 887 1911 912 ,
1944 853 2188 899 eorrccla

586 958 724 1020 fuit,
757 965 810 1009 et
848 953 949 1007 alia
993 967 1112 1022 quae
1155 948 1295 1003 hanc
1333 943 1706 1016 pr:ecedebat,
1745 941 1919 996 deleta
1949 938 2186 1003 videtur,

589 1043 1038 1120 quemadmodum
1066 1049 1120 1095 et
1144 1041 1228 1094 illa
1255 1053 1374 1108 qua:
1399 1037 1452 1091 in
1477 1050 1610 1089 voce
1639 1033 1819 1087 torosis
1848 1029 2022 1086 media
2051 1037 2184 1084 erat.

591 1137 952 1209 Quamobrem
995 1133 1208 1204 quidant
1241 1131 1308 1185 ibi
1337 1127 1618 1198 legendum
1646 1131 1896 1195 putarunt
1930 1121 2190 1184 tortuosis;

589 1233 680 1287 alii
727 1231 862 1285 bene
898 1243 925 1279 a
970 1225 1188 1280 librario
1229 1231 1532 1278 correctum
1577 1218 1782 1272 torosis.
1815 1216 1944 1283 Quae
1973 1213 2189 1285 quidem

588 1324 750 1379 lectio
782 1319 1036 1391 probatur
1068 1316 1313 1388 Rigaltio.
1351 1314 1481 1368 Nam
1513 1328 1755 1367 venarum
1777 1353 1789 1374 ,
1821 1309 2020 1379 inquit,
2055 1319 2192 1362 toros

590 1417 773 1470 medici
824 1415 1029 1478 dixere,
1078 1421 1122 1466 et
1162 1410 1407 1480 jubarunt
1454 1419 1590 1462 toros
1637 1417 1816 1479 poetic.
1867 1405 1972 1460 Sed
2022 1403 2191 1473 magis

591 1509 659 1563 ad
705 1505 918 1562 Minucii
963 1503 1298 1575 propositum
1339 1501 1506 1566 citare
1550 1507 1758 1570 poterat
1800 1497 1944 1552 hunc
1983 1493 2191 1566 Virgilii

591 1614 840 1656 versum:

684 1714 1018 1775 Riparumque
1054 1717 1203 1771 toros,
1234 1714 1286 1759 et
1311 1713 1447 1772 prata
1471 1705 1694 1756 recentia
1730 1704 1852 1755 rivis

687 1775 967 1826 lncolimus.

1155 1833 1350 1896 (Virgil.
1377 1832 1410 1878 Ι.
1433 1831 1498 1880 Vl
1526 1827 1722 1878 ίΕηείά.
1755 1843 1802 1878 v.
1824 1825 1975 1888 674.)

595 1963 789 2018 Postea
813 1975 939 2016 vero
962 1959 1013 2013 in
1037 1957 1221 2014 codice
1247 1956 1394 2026 regio
1418 1953 1675 2025 legimus:
1706 1971 1724 2004 ‹
1747 1951 1978 2007 Facilius
2000 1950 2050 2004 in
2074 1965 2196 2005 con-

602 2051 974 2111 tubernalibus
1000 2049 1273 2119 diSputare
1295 2088 1309 2111 ,
1353 2062 1512 2117 quam
1544 2059 1831 2100 censerere
1873 2043 2192 2112 sapientium

597 2145 762 2201 ntodo
794 2145 845 2198 itt
878 2143 1022 2208 istis,
1055 2151 1158 2197 etc.
1186 2160 1204 2192 ι
1232 2140 1361 2207 Qua:
1389 2139 1605 2210 quidem
1637 2137 1925 2207 depravata
1958 2135 2197 2206 pluribus

598 2249 881 2311 apparent.
914 2235 1272 2305 Quamobrem
1303 2234 1469 2305 aliqui
1497 2233 1698 2304 opinati
1729 2239 1857 2286 sunt
1889 2230 2194 2300 legendum,

604 2352 624 2386 ι
647 2348 808 2402 quant
835 2346 1123 2387 conserere
1150 2329 1377 2399 sapienti
1411 2343 1660 2382 manum:
1689 2345 1708 2378 ι
1731 2325 1818 2379 alii
1846 2340 1972 2378 vero
1997 2341 2014 2374 ‹
2037 2338 2196 2392 qttant

596 2441 888 2482 conserere
910 2424 1232 2496 sapientium
1263 2421 1455 2487 modo,
1484 2441 1503 2474 ι
1533 2421 1584 2475 id
1612 2428 1695 2476 est
1714 2462 1729 2485 ,
1762 2419 1902 2474 sicut
1928 2419 2199 2486 sapientes

595 2521 738 2575 inter
764 2534 823 2574 se
848 2517 1082 2583 colloqui
1111 2525 1163 2572 et
1189 2515 1468 2582 disputare
1495 2513 1689 2565 solent.
1719 2509 1788 2566 At
1812 2511 1934 2581 quia
1961 2509 2063 2564 hoc
2089 2524 2200 2563 ver-

601 2607 731 2662 bum
768 2626 786 2658 r
811 2622 1132 2671 conserere,
1160 2624 1179 2658 ι
1211 2603 1384 2660 solum
1409 2645 1424 2672 ,
1454 2618 1518 2658 ac
1542 2604 1658 2658 sine
1687 2601 1868 2657 addito
1899 2602 2075 2671 aliquo
2103 2615 2200 2655 no-

598 2701 780 2765 mine,
826 2710 949 2769 puta
990 2714 1233 2764 manum,
1277 2712 1539 2766 pugnam,
1580 2695 1796 2756 bellum,
1839 2703 1928 2746 aut
1967 2692 2091 2761 quid
2131 2690 2201 2745 si—

604 2794 766 2851 mile.
799 2793 883 2848 viv
929 2807 1180 2862 tnnquam
1221 2806 1250 2844 a
1292 2790 1446 2845 bonis
1485 2788 1838 2859 scriptoribus
1877 2785 2197 2852 adhibetur,

610 2885 742 2940 nihil
789 2884 969 2953 procul
1011 2883 1172 2937 dubio
1213 2881 1382 2947 certi,
1431 2880 1547 2935 sine
1594 2879 1813 2935 alterius
1853 2877 2203 2947 manuscripti

610 2977 812 3035 codicis
843 2977 1039 3032 auxilio
1069 2975 1278 3031 deﬁniri
1311 2983 1508 3044 potest.

670 3071 839 3125 Paulo
868 3077 985 3138 post
1010 3068 1256 3123 Caecilius
1280 3084 1308 3121 a
1339 3066 1567 3122 Minucio
1597 3066 1758 3137 petit,
1789 3073 1846 3119 ut
1873 3065 1924 3120 in
1954 3080 2049 3120 sua
2078 3078 2200 3120 cum

1871 268 1958 322 DE
1996 231 2262 322 MINUClt
2290 256 2585 318 ocravto

738 401 1111 458 inhatrentent.
1147 411 1165 445 t
1203 393 1269 446 At
1308 387 1435 446 inde
1476 385 1607 440 satis
1651 382 1821 454 liquet
1861 381 2025 451 priori
2067 380 2186 434 loco
2214 378 2265 437 A
2291 373 2565 431 subaudiri
2596 371 2793 429 debent
2817 371 2932 425 haec
2957 367 3063 424 duo
3088 365 3252 423 verba
3273 405 3286 430 ,
3320 380 3340 416 ι
3362 375 3456 417 sua
3484 359 3738 458 materia,
3766 378 3785 411 ι
3814 368 3894 415 at-

3788 241 3896 303 400

2294 485 2400 538 que
2422 484 2492 522 ex
2518 468 2600 522 bis
2622 464 2889 536 suppleri,
2910 478 3029 533 qum
3052 461 3138 515 illa
3162 459 3239 514 sic
3264 456 3617 511 antecedunt:
3644 471 3661 502 t
3684 449 3894 508 leum

2293 559 2418 613 licet
2444 556 2782 626 suspenderit
2807 569 2902 609 sua
2931 551 3151 608 materia
3172 593 3185 614 ,
3217 550 3340 604 licet
3369 560 3565 602 terram
3597 543 3897 598 fundaverit

2294 651 2562 720 pondere:
2591 667 2609 700 ι
2644 648 2694 703 id
2728 657 2841 714 est,
2876 645 3072 702 cmlum
3111 641 3334 698 materia
3374 655 3474 696 sua
3514 635 3891 706 susliendcrit,

2293 752 2348 798 et
2378 752 2577 798 terram
2609 756 2702 797 sua
2735 754 2944 810 quoque
2975 737 3229 804 materia,
3259 749 3379 806 quae
3406 745 3587 790 crassa
3615 739 3670 787 et
3697 728 3901 800 ponde-

2293 848 2416 888 rosa
2446 843 2563 897 est,
2599 831 2837 902 pondere
2868 827 3192 883 fundaverit.

2364 925 2812 995 Corruptissimus
2840 937 2969 979 vero
2999 931 3081 977 est
3110 921 3197 975 hic
3227 919 3406 983 locus,
3441 917 3494 972 in
3525 913 3899 985 manuscripto

2294 1020 2442 1091 regio
2468 1020 2653 1076 codice
2683 1021 2752 1074 ita
2783 1017 3116 1087 descriptus:
3152 1033 3171 1068 t
3197 1014 3266 1070 At
3295 1013 3460 1070 etiam
3501 1010 3669 1082 κρῖαηὶ
3705 1014 3900 1079 quanta

2296 1122 2392 1166 ηΥᾶ
2411 1156 2423 1180 ,
2451 1127 2570 1182 quae
2596 1121 2842 1183 portenta
2864 1108 3213 1180 conﬁngunt?
3235 1126 3252 1160 ι
3278 1105 3418 1173 Quid
3438 1103 3580 1159 enim
3606 1104 3720 1157 htcc
3740 1101 3901 1157 verba

2295 1204 2594 1270 signiﬁcent
2613 1245 2628 1269 ,
2652 1202 2796 1258 dictu
2823 1201 3222 1257 difficillimum.
3249 1197 3511 1268 Rigaltius
3534 1205 3710 1250 autem
3733 1209 3798 1249 ea
3825 1193 3903 1249 sic

2296 1295 2560 1350 reddidit:
2588 1314 2605 1348 ι
2631 1293 2700 1350 At
2721 1295 2883 1350 etiant
2906 1292 3199 1349 Christiani
3223 1307 3322 1362 qua
3346 1289 3399 1345 in
3425 1300 3530 1344 tant
3554 1298 3760 1352 nostra,
3783 1301 3904 1357 qua:

2296 1399 2540 1460 portenta
2569 1387 2916 1458 contingunt?
2944 1406 2961 1440 ι
2983 1400 3154 1456 eaque
3182 1385 3249 1439 ab
3278 1386 3396 1454 ipso
3424 1383 3503 1437 sic
3531 1382 3900 1451 explicantur:

2305 1498 2322 1533 (
2349 1480 2639 1536 Christiani
2672 1495 2775 1550 qua
2808 1487 2934 1534 sunt
2964 1479 3018 1532 in
3049 1477 3211 1532 urbes
3247 1475 3444 1540 ltalire,
3488 1474 3538 1528 itt
3575 1471 3754 1542 populi
3794 1470 3904 1525 Ro-

2298 1573 2441 1629 mani
2471 1574 2800 1643 provincias,
2832 1574 2884 1628 iu
2917 1582 3022 1627 tam
3053 1580 3233 1625 nostra
3259 1567 3437 1624 dill‘asi
3459 1608 3473 1632 ,
3503 1582 3622 1638 qua:
3653 1573 3902 1635 portenta

2297 1667 2646 1736 confingunt?
2673 1684 2691 1717 t
2725 1665 2922 1721 Verum
2953 1663 3090 1719 hanc
3119 1663 3400 1719 lectionem
3441 1670 3496 1716 et
3534 1659 3904 1730 conjecturam

2223 1771 2273 1830 Β
2301 1773 2458 1812 nemo
2487 1769 2700 1814 secutus
2726 1766 2825 1813 est.
2868 1757 3229 1825 Quamobrem
3267 1755 3358 1809 alii
3393 1769 3583 1810 omnes
3624 1751 3904 1807 emendari

2297 1852 2613 1906 voluerunt:
2642 1870 2659 1902 ‹
2684 1852 2940 1920 Quaenam
2971 1859 3212 1906 monstra
3231 1891 3246 1917 ,
3278 1864 3398 1918 qua;
3429 1856 3673 1918 portenta
3700 1844 3907 1900 conlin-

2299 1943 2469 2012 gunt?
2493 1960 2512 1994 ι
2541 1941 2610 1996 Ει
2650 1942 2765 1997 hazc
2803 1944 3018 2013 quidem
3059 1941 3429 2012 superioribus
3469 1949 3524 1995 et
3563 1937 3904 2008 subsequen-

2305 2034 2448 2089 tibus
2480 2033 2646 2105 magis
2678 2035 3005 2090 conveniunt
3033 2035 3230 2089 verbis.
3263 2032 3368 2088 Sed
3399 2030 3525 2102 quid
3558 2030 3785 2085 delinire
3811 2045 3909 2085 aus

2302 2128 2460 2192 deas,
2492 2127 2578 2182 ubi
2607 2129 2793 2182 unicus
2815 2138 2898 2183 est
2922 2127 3316 2197 mattttscriptus
3336 2125 3505 2181 codex
3525 2165 3541 2193 ,
3575 2125 3721 2194 isque
3749 2122 3909 2194 plane

2302 2228 2621 2290 corruptus,
2656 2221 2756 2275 nisi
2785 2222 2950 2276 alittnt
2979 2221 3260 2277 meliorem
3290 2217 3598 2274 inveneris?

2374 2313 2478 2370 Ubi
2520 2330 2646 2369 vero
2689 2313 2951 2370 Minucius
2986 2330 3056 2369 ex
3093 2315 3357 2370 creaturis
3399 2311 3566 2367 Deum
3606 2319 3912 2367 creatorem

2303 2409 2536 2464 existere
2563 2408 2822 2475 ostendit,
2852 2409 2922 2462 ibi
2952 2408 3119 2464 dixit:
3151 2427 3169 2459 ‹
3202 2407 3448 2479 Hyberna
3477 2406 3686 2460 olivitas
3716 2419 3908 2461 neces-

2304 2502 2466 2556 saria.
2496 2519 2514 2553 ›
2543 2500 2648 2554 Sed
2680 2516 2937 2571 quorsum
2969 2500 3083 2556 haec
3113 2499 3178 2555 ad
3207 2500 3418 2555 Minucii
3461 2500 3797 2565 institutum,
3829 2499 3913 2553 in-

2303 2595 2416 2664 quit
2462 2593 2760 2664 lligaltitts?
2800 2595 3080 2666 Plerisque
3124 2595 3268 2651 enim
3314 2596 3364 2649 in
3408 2594 3716 2664 regionibus
3756 2593 3915 2649 oliva:

2305 2702 2410 2741 non
2455 2689 2798 2758 proveniunt.
2854 2689 3075 2753 Melius,
3122 2689 3295 2758 pergit
3340 2686 3467 2752 ille,
3519 2685 3682 2742 scribi
3727 2686 3919 2743 debuit

2311 2796 2329 2829 ι
2355 2778 2593 2850 hyberna
2621 2779 2821 2849 uligo,»
2845 2796 2949 2850 qua
2977 2778 3174 2834 humus
3205 2779 3417 2848 hyeme,
3444 2779 3588 2832 velut
3614 2778 3756 2833 olivo
3783 2792 3914 2848 per-

2304 2870 2457 2938 fusa,
2490 2873 2734 2941 quiescit.
2780 2873 2851 2926 At
2892 2873 3023 2927 satis
3063 2873 3152 2927 ille
3195 2887 3299 2928 non
3343 2872 3722 2928 animadvertit
3761 2871 3914 2942 quod

2305 2965 2444 3034 apud
2471 2965 2822 3020 Columellam
2868 2966 3123 3038 legimus:
3162 2985 3180 3018 ι
3211 2965 3382 3022 Media
3421 2977 3504 3021 est
3543 2966 3756 3022 olivitas
3799 2967 3918 3036 ple-

2305 3072 2528 3128 rumque
2560 3058 2768 3112 initium
2803 3059 3003 3113 mensis
3035 3059 3372 3126 Decembris;
3403 3075 3524 3114 nam
3555 3071 3608 3115 et
3647 3068 3774 3114 ante
3811 3058 3922 3114 hoc

602 3162 825 3221 Octavio
852 3160 1216 3231 disputatione
1243 3158 1431 3213 libram
1462 3165 1642 3212 teneat
1667 3158 1957 3225 :equissiml
1981 3157 2197 3227 judicis.
2231 3161 2275 3224 ο
2310 3157 2524 3220 tempus
2561 3151 2815 3206 acerbum
2849 3152 3023 3206 oleum
3055 3151 3341 3206 conﬁcitur
3398 3151 3638 3223 (Colum.
3673 3151 3762 3206 lib.
3800 3166 3878 3206 xu
3900 3193 3919 3218 ,

605 3276 624 3310 ι
647 3258 723 3312 Ac
750 3256 877 3310 tnihi
909 3255 1058 3325 quasi
1086 3253 1324 3323 ignarus,
1350 3270 1368 3303 ι
1393 3250 1461 3304 ita
1491 3264 1614 3304 eum
1642 3249 1962 3318 alloquitur:
1996 3268 2014 3302 ε
2038 3250 2202 3320 partis

598 3351 879 3420 utriusque
906 3346 1181 3404 considas.
1212 3365 1230 3397 ι
1267 3344 1466 3398 Verum
1495 3341 1748 3397 Onzelius
1773 3350 1960 3396 contra
2001 3339 2202 3395 codicis

599 3441 733 3511 regii
779 3439 938 3494 [idem
980 3438 1086 3497 ibi.
1128 3437 1264 3490 sicut
1312 3435 1363 3488 itt
1406 3433 1695 3488 Oxoniensi
1734 3431 2006 3498 editione,
2036 3430 2206 3484 corri-

599 3531 836 3604 gendum
867 3538 1084 3585 censet:
1122 3547 1140 3580 ε
1167 3526 1387 3582 Mihi....
1419 3525 1692 3592 coiilidas;
1720 3545 1737 3578 ι
1770 3524 2202 3596 quandoquidem

600 3622 970 3696 grannnaticis
1001 3621 1145 3676 dictn
1177 3621 1485 3674 inusitatum
1515 3628 1627 3674 est:
1667 3637 1686 3670 ι
1710 3617 1880 3674 Judex
1914 3617 2042 3671 mihi
2075 3633 2205 3671 con-

604 3718 761 3774 ﬁdas.
791 3737 808 3769 t
839 3720 906 3770 At
935 3729 1116 3770 nonne
1143 3713 1286 3784 apud
1318 3713 1594 3782 Virgilium
1625 3726 1769 3780 smpe
1800 3711 1990 3781 legitur
2019 3710 2163 3764 arvis
2186 3751 2200 3775 ,

609 3811 844 3876 mensis,
891 3809 1138 3864 transtris
1179 3807 1499 3863 considere?
1539 3804 1647 3861 Cur
1685 3821 1814 3875 ergo
1858 3804 1936 3858 fas
1976 3803 2205 3860 Minucio

601 3921 710 3961 non
752 3903 850 3958 fuit
890 3902 1160 3959 scribere:
1206 3919 1224 3951 ι
1254 3899 1423 3955 Iudex
1470 3899 1598 3953 mihi
1637 3898 1920 3960 considas;
1951 3917 1968 3950 ι
2011 3913 2133 3952 cum
2174 3912 2205 3952 a

603 3995 868 4052 Cicerone
912 3995 1072 4049 etiam
1113 3993 1341 4062 aliisque
1382 3991 1713 4062 politissimis
1743 3991 2096 4062 scriptoribus
2122 3991 2204 4047 di-

601 4098 746 4146 ctum
781 4089 970 4149 fuerit.
1005 4107 1023 4139 ι
1050 4086 1173 4142 Mihi
1205 4086 1405 4142 assidet
1430 4127 1443 4148 ,
1478 4085 1596 4141 ,ιυνί
1627 4086 1846 4142 assidet.
1877 4105 1895 4138 ι

677 4184 831 4255 Quod
861 4184 1078 4251 insuper
1109 4181 1160 4235 itt
1193 4180 1558 4249 manuscripto
1584 4179 1770 4233 codice
1800 4179 2056 4248 scriptum
2086 4186 2203 4237 est:

614 4295 634 4328 ι
666 4276 794 4342 Qua:
818 4288 977 4343 supra
1006 4286 1134 4336 nos,
1162 4270 1301 4324 cmlo
1326 4284 1615 4340 suspensa,
1648 4269 1853 4323 sublata
1883 4278 2039 4334 sunt,
2070 4288 2089 4320 ι
2119 4285 2204 4324 er-

605 4365 746 4424 roris
769 4373 1080 4436 suspectum
1104 4361 1424 4432 quibusdam
1450 4360 1678 4416 videtur.
1707 4361 1810 4415 Pro
1832 4361 2028 4415 sublato
2049 4362 2207 4431 igitur

604 4457 999 4516 restituendum
1026 4464 1213 4526 putant
1236 4453 1557 4519 sublimata;
1585 4453 1724 4523 quod
1752 4454 1966 4523 quidem
1995 4463 2051 4508 ut
2076 4469 2205 4508 eon-

2307 3260 2422 3315 cap.
2455 3245 2544 3300 50.
2570 3245 2683 3298 init.
2715 3263 2835 3316 pag.
2860 3242 3043 3314 -l8i).t
3069 3245 3326 3313 Quamvis
3351 3256 3531 3300 autem
3565 3244 3615 3299 id
3645 3244 3924 3314 aliquibus

2312 3346 2518 3392 tantum
2549 3339 2600 3392 itt
2630 3339 2942 3409 regionibus
2962 3341 3266 3410 contingat,
3292 3339 3408 3394 haec
3436 3339 3784 3394 nihilominus
3808 3337 3922 3394 Co-

2308 3429 2545 3503 lumella;
2574 3433 2735 3486 verba
2766 3430 2832 3485 ad
2865 3433 3100 3488 auctoris
3134 3432 3301 3487 nostri
3345 3431 3673 3504 probandam
3718 3431 3924 3487 lectio-

2306 3537 2429 3578 nem
2473 3524 2628 3592 plane
2667 3524 3024 3582 sufﬁciebant.
3067 3525 3122 3581 Si
3164 3527 3308 3581 enint
3349 3525 3564 3580 olivitas
3600 3537 3679 3582 est
3721 3541 3928 3582 mense

2308 3619 2587 3673 Decembri
2613 3660 2625 3684 ,
2661 3636 2842 3675 nonne
2871 3620 3111 3692 hyberna
3148 3621 3252 3676 dici
3296 3621 3501 3692 potuit?
3534 3621 3612 3676 Ad
3642 3621 3754 3676 haec
3782 3636 3929 3679 vero

2306 3711 2497 3768 Cicero
2536 3728 2604 3767 ex
2641 3713 2838 3769 vitibus
2876 3726 2930 3769 et
2967 3715 3213 3784 olivetis,
3257 3731 3378 3786 qua:
3419 3732 3524 3772 non
3564 3715 3617 3771 in
3659 3717 3928 3774 Omnibus

2311 3814 2471 3860 terra:
2503 3805 2742 3875 partibus
2767 3819 3050 3875 crescunt,
3079 3809 3272 3864 eodem
3302 3810 3456 3878 plane
3477 3851 3492 3874 ,
3518 3825 3625 3881 quo
3657 3810 3934 3868 Minucius

2308 3898 2470 3952 modo
2500 3909 2900 3970 argumentatur
2935 3899 3077 3972 (Cic.
3110 3901 3197 3954 lib.
3256 3917 3294 3957 tt
3348 3903 3411 3957 de
3441 3900 3568 3956 Nat.
3603 3902 3756 3957 Deor.
3791 3921 3930 3976 pag.

2307 3991 2432 4057 258,
2466 3993 2564 4048 lin.
2598 3993 2662 4048 16
2683 3995 2756 4066 ).t
2786 3994 2854 4049 At
2881 3993 3187 4051 Gronovius
3215 3995 3472 4050 ariolatur
3499 3997 3565 4052 ab
3595 3996 3787 4052 eodem
3826 3997 3944 4052 Mi-

2311 4086 2469 4139 nucio
2494 4086 2752 4155 scriptum
2781 4085 2946 4142 fuisse
2975 4086 3186 4158 hyberni
3204 4130 3219 4153 ,
3251 4088 3303 4144 id
3334 4098 3416 4143 est
3444 4088 3655 4160 ltyemis
3683 4088 3899 4142 olivitas
3919 4103 3945 4154 ;

2309 4177 2401 4232 sed
2456 4176 2591 4232 futili
2640 4193 2858 4247 prorsus
2899 4195 3176 4250 vanaque,
3223 4195 3286 4237 ac
3327 4191 3517 4238 contra
3563 4180 3949 4252 manuscripti

2308 4267 2509 4324 codicis
2545 4267 2701 4323 Iidem
2731 4269 3069 4337 conjectura.

2381 4359 2512 4413 Post
2531 4359 2643 4413 haec
2665 4359 2716 4414 in
2736 4360 2893 4416 editis
2909 4361 3137 4432 legimus
3156 4362 3271 4420 haec
3292 4363 3496 4422 Oetavii
3521 4366 3718 4424 verba:
3745 4369 3958 4430 «Aves

2309 4450 2426 4506 sine
2452 4451 2774 4521 patrintonio
2799 4455 3018 4520 vivunt,
3046 4463 3102 4510 et
3127 4456 3179 4510 itt
3201 4456 3344 4513 diem
3371 4473 3533 4528 pecua
3561 4473 3902 4531 pascuntur.
3922 4478 3945 4518 δ

607 4555 787 4609 ﬁrmet
819 4549 1081 4622 Rigaltius
1103 4590 1116 4615 ,
1149 4548 1278 4603 citat
1307 4547 1422 4603 haec
1454 4547 1575 4601 libri
1607 4546 1885 4617 cujusdam
1912 4589 1927 4611 ,
1961 4563 2202 4618 praepos-
2231 4552 2284 4612 D
2311 4543 2380 4599 At
2409 4545 2459 4598 in
2489 4543 2677 4600 codice
2707 4547 2854 4616 regio
2885 4551 3142 4617 scriptum
3171 4560 3255 4604 est
3289 4568 3309 4602 ι
3336 4566 3532 4621 pascua
3565 4565 3902 4623 pascuntur.
3924 4577 3949 4608 ι

606 4655 725 4702 tere
755 4643 1040 4699 Ambrosio
1069 4640 1355 4711 adscripti,
1391 4640 1582 4702 verba,
1617 4658 1635 4690 ι
1662 4639 1904 4708 ριιιιίιρι
1930 4649 2076 4694 esset
2107 4639 2206 4694 hoc

605 4739 802 4795 coelum
831 4751 1012 4799 omne,
1042 4733 1182 4804 quod
1211 4733 1517 4796 cernimus,
1546 4730 1712 4786 ardua
1739 4732 2068 4786 sublimitate
2092 4745 2208 4785 sus-

603 4844 830 4902 pcnsnnt
853 4827 1001 4901 (Lib.
1027 4827 1089 4880 de
1107 4825 1383 4880 Salomone
1405 4824 1710 4894 append.).t
1741 4822 1846 4878 Sed
1872 4823 2061 4892 potiori
2086 4819 2208 4892 jure

607 4938 710 4993 pro
739 4918 1088 4989 ntanusmipti
1123 4919 1251 4988 regii
1296 4918 1525 4971 lectione
1557 4932 1842 4987 possumus
1872 4932 2054 4969 verum
2098 4916 2211 4970 lau-

602 5017 734 5073 dare
765 5014 1112 5079 Ciceronem,
1143 5011 1233 5081 qui
1261 5023 1448 5064 contra
1480 5009 1691 5064 Rullum
1723 5025 1817 5078 pro
1846 5010 1961 5078 lege
1989 5009 2208 5077 Agraria

602 5109 768 5164 dixit:
805 5126 823 5158 t
849 5106 1074 5162 Romam
1114 5105 1165 5158 itt
1203 5103 1474 5157 montibus
1512 5101 1738 5172 positam
1781 5113 1834 5157 et
1875 5103 2206 5158 convallibus

607 5202 904 5261 cwnaculis
925 5199 1188 5254 sublatam
1212 5208 1372 5267 atque
1396 5211 1711 5265 suspensam
1739 5195 1759 5267 (
1790 5193 1954 5250 Cicer.
1981 5194 2129 5251 Orat.
2148 5193 2202 5264 2,

600 5312 696 5365 pro
725 5295 832 5365 lege
859 5292 1042 5363 Agrar.
1075 5306 1194 5360 pag.
1228 5288 1334 5343 509
1356 5286 1430 5359 ).ι

669 5388 728 5442 ltt
777 5385 1046 5440 nonnullis
1093 5381 1421 5438 editionibus
1471 5381 1587 5437 lucc
1638 5383 1800 5437 verba
1851 5383 2029 5454 legere
2077 5391 2199 5439 est:

601 5500 622 5534 ι
655 5480 805 5534 Licet
849 5489 1046 5532 terram
1090 5475 1431 5532 l'undaverint
1471 5476 1727 5543 pondera.
1757 5497 1776 5530 ι
1801 5474 1858 5531 Itt
1888 5473 2007 5531 aliis
2035 5493 2195 5534 vero:

597 5591 617 5625 α
645 5571 794 5626 Licet
833 5579 1032 5626 terram
1073 5567 1384 5628 fundaverit
1426 5566 1652 5635 pondus.
1685 5588 1702 5621 ι
1736 5567 1842 5625 Sed
1884 5570 2044 5624 meris
2071 5586 2202 5626 con-

578 5661 804 5728 jecturis
832 5662 1103 5721 innnutari
1129 5673 1249 5722 non
1273 5657 1455 5713 debuit
1488 5659 1599 5711 lucc
1621 5659 1826 5720 codicis
1850 5661 2200 5732 manuscripti

575 5749 768 5806 lcetio:
798 5746 995 5810 (Licet
1022 5757 1252 5828 ten-am
1284 5750 1586 5810 fundaverit
1616 5756 1884 5830 pondere.
1909 5773 1928 5808 ι
1964 5753 2098 5812 Nam
2127 5753 2202 5812 ibi

2311 4636 2440 4704 Qua:
2470 4647 2618 4693 certe
2647 4639 2880 4694 auctoris
2911 4639 3072 4694 lectio
3109 4657 3215 4696 non
3246 4642 3434 4699 debuit
3473 4655 3618 4700 tanta
3655 4647 3959 4706 facilitate

2310 4733 2600 4788 immutari.
2636 4727 2837 4789 Pascua
2868 4734 3012 4789 enim
3040 4745 3166 4790 sunt
3193 4736 3307 4791 loca
3328 4779 3342 4800 ,
3375 4735 3428 4791 in
3459 4738 3652 4808 quibus
3682 4741 3967 4810 pecudes

2312 4837 2621 4896 pascuntur.
2672 4825 2780 4881 Cur
2829 4843 2958 4899 ergo
3007 4828 3076 4883 ab
3125 4826 3349 4885 Octavio
3397 4828 3503 4885 dici
3549 4847 3656 4886 non
3709 4835 3968 4902 potuit,

2317 4935 2335 4969 ι
2365 4933 2556 4988 pascua
2589 4927 2916 4988 pascuntur,
2946 4938 2965 4973 ι
3000 4919 3452 4991 quemadmodum
3485 4937 3515 4976 a
3551 4921 3776 4994 Virgilio
3804 4943 3824 4979 :

2502 5032 2779 5084 Pascuntur
2795 5047 2914 5100 vero
2929 5033 3172 5100 sylvaset
3189 5049 3376 5100 summa
3394 5035 3573 5100 Lycaei.

2817 5105 2820 5108 '
2844 5093 3053 5159 (Virgil.
3083 5096 3164 5147 lib.
3192 5113 3244 5148 ιιι
3269 5093 3451 5163 θεον·θῖ
3473 5113 3522 5151 v.
3545 5100 3654 5149 5H.
3680 5100 3698 5163 )

2381 5199 2512 5257 Tam
2539 5202 2804 5258 obscurus
2831 5202 3009 5260 adhuc
3047 5221 3206 5277 quam
3241 5205 3566 5277 deprat-atus
3596 5213 3680 5260 est
3713 5205 3818 5262 ltic
3876 5207 3988 5266 lo—

2307 5308 2437 5359 cus,
2470 5310 2630 5364 queat
2664 5295 3059 5362 manuscriptus
3086 5293 3257 5351 codex
3289 5297 3368 5350 sic
3395 5295 3645 5351 exhibet:
3681 5313 3700 5346 ‹
3729 5294 3796 5350 ιιι
3843 5299 3989 5359 hoc

2302 5384 2438 5442 adeo
2479 5385 2694 5452 quidam
2737 5386 2978 5456 imperiis
3025 5402 3090 5442 ac
3120 5387 3578 5443 dominationibus
3606 5387 3986 5460 eriguntur,

2302 5487 2359 5533 ut
2384 5479 2654 5549 ingenium
2679 5494 2865 5534 eorum
2893 5480 3119 5549 perdita:
3141 5481 3339 5536 utentis
3367 5480 3600 5536 licentia:
3633 5489 3998 5551 petestatis

2303 5573 2470 5631 libere
2500 5575 2884 5631 nundinentur.
2916 5595 2935 5630 t
2966 5576 3092 5634 Haec
3119 5587 3297 5633 autem
3322 5591 3446 5632 cum
3477 5575 3642 5631 ullum
3675 5577 3772 5632 vix
3813 5596 3999 5638 sen-

2303 5683 2420 5725 sum
2457 5668 2657 5725 habere
2686 5667 3018 5737 viderentur,
3055 5670 3132 5726 sic
3163 5671 3215 5724 in
3247 5667 3408 5726 editis
3434 5668 3719 5725 emendata
3758 5685 3948 5732 sunt
3977 5694 3999 5733 -.

2309 5777 2330 5818 ‹
2357 5761 2415 5819 In
2467 5764 2569 5821 hoc
2615 5763 2752 5820 adeo
2797 5763 3018 5836 quidam
3061 5763 3304 5836 imperiis
3347 5779 3409 5821 ac
3455 5762 4006 5832 dominationibus
