4248 6264
427 238 525 294 401
579 227 588 233 ”

1805 229 2276 288 DISSERTATIO.

3634 253 3740 309 40:2

423 354 726 423 eriguntur,
759 358 816 406 ut
847 348 1118 421 ingenium
1159 365 1347 407 eorum
1379 351 1598 422 perdita
1626 362 1835 410 mentes
1865 354 2030 408 licen-
2061 350 2116 412 A
2141 359 2314 413 tetur;
2348 364 2410 404 ea
2456 358 2658 406 tantum
2704 367 2824 424 quae
2872 354 2937 409 ad
2985 355 3126 412 illam
3176 361 3478 432 faciebant,
3527 375 3741 430 caeteris

425 447 496 502 tia
530 443 810 515 potestatis
839 443 1007 499 libere
1051 444 1434 499 nundinentur.
1462 465 1480 496 ›
1515 445 1775 516 Rigaltius
1814 453 1991 500 autem
2013 487 2028 511 ,

429 556 450 593 ι
487 537 710 606 perdita:
761 547 998 602 mentes,
1023 555 1042 589 ι
1078 536 1218 592 idem
1269 536 1572 608 signiﬁcare
1621 543 1838 603 censet,
1871 545 2031 604 atque

426 630 870 694 calumniatores,
898 628 1206 682 adulatores
1224 670 1236 687 ,
1262 638 1315 681 et
1338 627 1638 698 hujusmodi
1662 627 1792 681 alias
1816 628 2030 697 generis

423 722 641 777 humani
687 731 883 792 pestes.
930 719 1042 775 Nec
1089 719 1240 790 plura
1296 720 1510 789 quidem
1540 719 1629 774 ille
1656 719 1726 774 ibi
1757 721 2024 775 observat.

419 817 635 872 Minucii
667 834 828 884 porro
854 815 1014 872 verba
1033 857 1048 881 ,
1076 817 1155 870 sic
1180 827 1420 873 correcta
1439 860 1453 884 ,
1480 817 1623 873 hunc
1645 817 1880 874 efficiunt
1904 834 2028 873 sen-

418 923 572 964 sum:
607 909 935 964 Adulatores
956 950 970 975 ,
1006 908 1090 962 vel
1122 908 1535 964 calumniatores
1570 909 1840 980 ingenium
1871 909 2023 979 prin-

417 1001 599 1070 cipum
648 1011 704 1056 et
752 1016 972 1071 regunt,
1021 1000 1235 1055 licentia
1278 1000 1590 1071 potestatis,
1632 1017 1790 1071 quam
1834 1003 1883 1056 in
1928 1017 2024 1057 eos

420 1093 655 1158 habent,
686 1094 852 1149 libere
879 1093 1261 1147 nuudiuantur.
1294 1093 1397 1147 Alii
1424 1109 1550 1149 vero
1578 1093 1862 1163 legendum
1893 1096 2022 1149 mal-

417 1185 562 1242 lent:
598 1204 618 1238 ‹
649 1185 718 1242 Ut
748 1185 1017 1255 ingenium
1050 1201 1237 1240 eorum
1271 1185 1492 1255 perditae
1523 1187 1716 1242 meutis
1746 1187 2018 1243 licentiam

416 1279 704 1352 potestatis
751 1278 920 1333 libere
961 1278 1312 1333 nundinetnr:
1344 1297 1362 1330 ι
1396 1278 1446 1333 id
1478 1289 1591 1347 est,
1628 1281 1746 1335 ideo
1773 1281 2017 1336 evehun-

419 1379 537 1437 tur,
572 1381 627 1425 ut
672 1371 944 1441 ingenium
992 1371 1213 1440 perditae
1252 1386 1437 1426 eorum
1469 1374 1664 1428 mentis
1693 1375 2019 1430 nundinetur

417 1461 701 1534 potestatis
743 1461 925 1518 liberte
968 1461 1260 1517 licentiam.
1304 1461 1606 1519 Gronovius
1645 1465 1888 1534 tandem,
1929 1484 2015 1521 re-

417 1553 579 1609 tentis
605 1553 824 1608 vocibus
852 1554 1108 1609 «licentia
1127 1597 1142 1621 ,
1169 1565 1222 1610 et
1249 1555 1432 1610 libera:
1459 1559 1769 1625 petestatis,
1798 1580 1818 1612 ›
1847 1570 2014 1615 letum

417 1645 562 1702 hunc
604 1647 778 1702 locum
824 1648 902 1703 sic
941 1647 1204 1718 explicat:
1254 1648 1654 1706 Dominationes
1693 1661 1748 1706 et
1794 1653 2013 1723 imperia

417 1739 782 1796 nuudiuantur
811 1756 996 1796 eorum
1030 1741 1298 1812 ingenium
1331 1741 1554 1811 perditae
1585 1744 1777 1798 mentis
1798 1785 1812 1809 ,
1845 1745 2009 1800 licen-
2043 1745 2090 1805 B

417 1833 491 1888 tia
545 1833 729 1889 libera:
778 1834 1076 1904 potestatis.
1131 1833 1238 1890 Sed
1289 1835 1408 1904 quis
1459 1850 1770 1892 asseverare
1822 1838 2015 1894 audeat

418 1933 567 1980 tanta
621 1925 998 1997 perspicuitate
1042 1936 1092 1982 ct
1146 1927 1412 1997 elegantia
1462 1928 1658 1999 ubique
1706 1929 2011 1999 loquentem

420 2017 745 2086 Minucium,
795 2020 844 2074 in
889 2030 1086 2075 tantam
1133 2022 1441 2091 prolapsum
1473 2037 1593 2077 esse
1622 2024 1886 2078 sermonis
1915 2025 2013 2078 ob-

415 2112 764 2166 scuritatem?
792 2111 970 2170 Satius
1000 2113 1159 2182 igitur
1188 2122 1270 2166 est
1309 2113 1375 2167 ad
1423 2112 1564 2168 hunc
1605 2115 1776 2169 locum
1815 2131 2012 2171 sanan-

418 2203 544 2259 dum
590 2205 830 2260 melioris
873 2216 1013 2261 nota:
1053 2205 1254 2261 codicis
1294 2221 1449 2274 opem
1497 2219 1806 2278 expectare,
1853 2225 2012 2281 quam

418 2300 568 2357 vanis
600 2300 913 2372 levibusque
943 2302 1217 2373 indulgere
1247 2302 1588 2370 coujecturis.

490 2390 621 2446 Tum
651 2391 844 2447 deinde
868 2393 1203 2447 continenter
1229 2392 1509 2447 Octavius:
1541 2413 1559 2445 ι
1589 2393 1802 2464 Absque
1829 2395 2012 2449 notitia

415 2486 542 2550 Dei,
595 2488 787 2558 inquit,
831 2503 951 2558 qua:
997 2497 1174 2558 potest
1215 2503 1336 2544 esse
1380 2489 1550 2545 solida
1596 2490 1858 2556 felicitas,
1893 2507 2013 2547 cum

414 2592 563 2634 mors
594 2579 663 2633 sit
694 2578 906 2634 Somnio
936 2580 1166 2634 similis?
1199 2585 1498 2649 Antequam
1535 2590 1779 2637 teneatur
1799 2625 1812 2644 ,
1845 2583 2012 2638 elabi-

415 2676 518 2726 tur.
545 2687 563 2720 ι
596 2668 952 2740 Suspicantur
977 2670 1190 2740 quidam
1226 2671 1294 2726 ibi
1330 2686 1547 2737 vocem,
1581 2691 1738 2739 mors,
1771 2689 1892 2730 esse
1921 2691 2013 2730 su-

415 2775 827 2832 pervacaneam.
859 2763 958 2817 Alii
988 2777 1085 2834 pro
1112 2778 1172 2818 ea
1200 2779 1393 2820 nomen
1422 2783 1502 2819 res
1528 2765 1777 2821 substitui
1808 2768 2011 2822 volunt.

416 2853 486 2908 At
514 2853 804 2924 prudenter
833 2855 964 2909 nihil
996 2855 1047 2909 iu
1078 2864 1228 2912 textu
1260 2867 1540 2911 mutatum.
1565 2857 1708 2914 Satis
1734 2859 1875 2914 enim
1906 2860 2016 2928 pla-

418 2959 517 2997 nus
564 2959 626 2999 ac
672 2947 981 3014 perspicuus
1029 2955 1111 3001 est
1161 2947 1244 3002 hic
1291 2949 1526 3004 auctoris
1571 2952 1740 3004 nostri
1784 2966 2013 3006 sensus:

415 3035 632 3104 Absque
676 3036 766 3091 Dei
815 3038 1000 3091 notitia
1033 3053 1138 3092 non
1173 3049 1347 3108 potest
1376 3055 1496 3095 esse
1536 3042 1704 3096 Solida
1752 3041 2011 3106 felicitas,

2145 443 2550 510 prastermissis,
2597 445 2798 513 putavit
2839 461 2956 502 esse
2999 453 3285 508 narranda.
3335 457 3572 530 Denique
3603 463 3739 518 Ter-

2141 535 2398 592 tullianus
2437 538 2598 591 simili
2638 537 3000 595 Christianum
3033 543 3172 598 inter
3198 555 3252 600 et
3281 552 3608 626 proselytum
3638 555 3736 610 Ju-

2135 627 2310 682 dmum
2355 630 2720 700 disputatione
2762 640 2929 687 totum
2975 635 3117 690 diem
3162 638 3227 691 ad
3260 656 3537 710 vesperam
3569 661 3737 718 usque

2136 718 2463 785 insumptum
2515 721 2678 776 fuisse
2723 723 2805 778 his
2850 726 3034 791 primis
3081 728 3198 783 libri
3227 733 3306 785 sui
3352 734 3613 792 adversus
3639 739 3736 795 Ju-

2131 810 2279 866 dreos
2309 814 2489 868 verbis
2517 825 2703 884 aperte
2731 817 3008 873 declarat:
3037 839 3055 871 ‹
3085 821 3335 879 Proxime
3368 830 3591 894 accidit,
3625 832 3736 887 dis-

2136 905 2342 972 putatio
2376 903 2553 958 habita
2583 917 2662 958 est
2688 905 3000 963 Christiano
3029 921 3082 965 et
3111 915 3381 987 proselyto
3405 918 3610 976 Judwo.
3641 924 3734 977 Al-

2131 995 2297 1047 ternis
2324 995 2530 1050 vicibus
2560 999 2900 1053 contentioso
2932 1000 3055 1057 fune
3087 1013 3311 1074 uterque
3340 1009 3480 1064 diem
3512 1013 3563 1067 iu
3607 1030 3731 1070 ves-

2129 1101 2311 1154 peram
2347 1095 2624 1141 traxcrunt
2679 1089 2937 1158 (Tertull.
2974 1093 3059 1147 lib.
3095 1095 3292 1152 advers.
3323 1097 3566 1168 Iudaeos,
3609 1121 3726 1175 cap.

2124 1177 2160 1232 2
2186 1175 2229 1249 ).
2264 1197 2281 1228 ι
2315 1179 2480 1233 Nemo
2509 1190 2685 1236 tamen
2720 1183 2842 1238 inde
2873 1197 2959 1239 aut
2991 1199 3176 1242 contra
3211 1191 3368 1261 hujus
3400 1204 3580 1252 textus
3617 1198 3730 1252 siu-

2127 1269 2433 1337 ceritatem,
2467 1283 2555 1324 aut
2599 1284 2786 1328 contra
2827 1276 3204 1343 disputationis
3245 1287 3523 1339 veritatem
3569 1303 3728 1356 argu.

2123 1363 2350 1416 mentari
2396 1379 2646 1432 umquam
2688 1381 2850 1420 ausus
2889 1377 2990 1422 est.
3035 1369 3089 1424 Si
3131 1387 3248 1441 qua:
3287 1391 3444 1444 porro
3474 1377 3577 1431 alia
3619 1379 3728 1432 sint

2123 1451 2410 1520 depravata
2439 1454 2653 1510 Minucii
2682 1458 2843 1511 verba
2864 1501 2878 1524 ,
2922 1469 3013 1512 aut
3045 1467 3403 1533 corruptionis
3433 1479 3679 1537 suspecta
3707 1513 3723 1536 ,

2121 1543 2189 1600 de
2218 1546 2282 1600 iis
2310 1545 2395 1600 ubi
2423 1548 2633 1602 occasio
2661 1563 2720 1603 se
2749 1548 2968 1617 oll‘eret,
2997 1551 3132 1608 infra
3161 1555 3577 1625 diSpntahiiuus.

2716 1701 3008 1743 ARTICULUS
3049 1705 3124 1744 Vl.

2121 1799 2259 1866 Quid
2296 1801 2556 1856 Minucius
2595 1819 2656 1856 ea:
2681 1804 2796 1857 aliis
2825 1807 3154 1876 scriptoribus
3185 1808 3451 1876 Cicerone,
3485 1811 3681 1868 Seneca
3706 1857 3720 1880 ,

2187 1891 2536 1956 Tertulliano,
2569 1909 2630 1945 ac
2655 1895 2874 1948 vicissim
2900 1914 2962 1950 ea:
2993 1901 3087 1950 hoc
3116 1902 3344 1968 ejusdem
3383 1903 3605 1960 Minucii
3645 1907 3701 1959 liv

2190 1982 2278 2036 bro
2310 1979 2598 2052 Cyprianus
2628 1983 2816 2054 aliique
2844 1985 3192 2042 delibaverint.

2190 2113 2654 2182 Quemadmodum
2689 2117 2837 2186 plura
2874 2119 2924 2172 in
2959 2119 3059 2175 hoc
3090 2120 3302 2177 Minucii
3334 2124 3470 2178 libro
3501 2141 3567 2182 ex
3599 2127 3719 2182 aliis

2123 2207 2506 2274 scriptoribus,
2550 2216 2674 2278 puta
2714 2209 3004 2276 Cici-rone,
3039 2212 3275 2280 Seneca,
3308 2227 3364 2272 et
3390 2216 3718 2275 Tertulliauo

2117 2301 2380 2366 delibata;
2416 2301 2484 2354 ita
2516 2304 2674 2355 etiam
2707 2304 2872 2358 multa
2901 2319 2966 2359 ex
3000 2305 3088 2359 illo
3126 2321 3155 2359 a
3197 2307 3468 2378 Cypriano
3498 2311 3738 2366 tetidem

2116 2394 2324 2456 verbis,
2359 2394 2410 2446 in
2440 2409 2591 2448 suum
2637 2397 2933 2464 praisertim
2984 2397 3047 2451 de
3076 2397 3346 2454 ldolorum
3386 2401 3616 2457 Vanitate
3646 2404 3716 2458 li-

2118 2484 2308 2549 brum,
2344 2485 2599 2536 translata
2633 2487 3128 2544 animadvertimus.
3177 2489 3439 2547 Nonnulla
3479 2510 3610 2550 vero
3649 2512 3718 2550 cx

2118 2577 2224 2633 illis
2267 2592 2405 2631 nunc
2450 2576 2776 2646 seligemns;
2817 2587 3010 2632 ea-tera
3057 2593 3125 2632 ne
3175 2583 3361 2634 eadem
3403 2598 3716 2649 repetantur

2118 2669 2230 2724 suis
2257 2668 2406 2731 locis,
2441 2669 2527 2722 ubi
2554 2683 2673 2736 qua)
2697 2667 2956 2723 Minucius
2979 2669 3162 2734 docet,
3186 2671 3506 2728 excutienda
3534 2685 3715 2742 erunt,

2118 2761 2454 2817 commodius
2485 2761 2830 2816 reservaturi.

2191 2855 2427 2909 Primum
2459 2855 2634 2925 itaque
2666 2855 2926 2910 Minucius
2956 2872 3118 2910 unum
3149 2858 3315 2912 Deum
3351 2873 3536 2913 revera
3567 2860 3713 2914 exis-

2121 2955 2233 3002 tere
2274 2947 2373 3000 hoc
2404 2946 2590 3017 probat
2628 2960 2974 3016 argumento:
3009 2968 3028 3000 ι
3056 2949 3191 3015 Quid
3233 2960 3412 3019 potest
3448 2965 3568 3006 esse
3607 2961 3714 3005 tam

2121 3053 2363 3111 apertum
2385 3084 2400 3107 ,
2438 3049 2542 3094 tam
2574 3040 2878 3095 confessum
2899 3082 2913 3106 ,
2949 3053 3161 3112 tamque
3190 3043 3560 3113 perspicuum,
3593 3060 3713 3098 cum

414 3128 509 3184 sed
555 3127 696 3182 lluxa
743 3137 944 3184 tantum
991 3139 1048 3185 et
1089 3146 1251 3198 vana;
1285 3133 1716 3203 quandoquidem
1747 3134 1861 3189 haec
1892 3135 2006 3190 feli-
2037 3129 2083 3194 C
2116 3135 2301 3188 oculos
2343 3133 2394 3186 in
2438 3133 2635 3187 malum
2674 3136 3016 3202 suSpexeris,
3051 3143 3106 3188 et
3134 3151 3251 3203 qua:
3282 3145 3404 3190 sunt
3434 3136 3570 3191 intra
3599 3136 3707 3190 cir-

414 3220 547 3277 citas
591 3236 732 3276 mors
774 3231 881 3288 est,
927 3240 1086 3294 quam
1124 3227 1366 3291 somnio,
1405 3228 1518 3283 sive
1556 3241 1747 3282 somno
1776 3229 2007 3286 similem

413 3317 550 3385 apud
595 3315 1005 3386 Xenophontem
1048 3319 1222 3388 Cyrus
1261 3320 1503 3375 dicebat:
1544 3326 1779 3393 ἰῃύτερον
1819 3333 1905 3390 μὲν
1945 3336 2011 3394 τῲ

413 3414 684 3480 ἀνθρωπίνῳ
711 3416 900 3481 Θανάτῳ
931 3415 1057 3467 οὖδὲν
1087 3421 1209 3470 ἐστιν
1240 3417 1381 3468 ὕπνου
1438 3412 1718 3485 (Xenoplt.
1776 3415 1864 3469 lib.
1918 3432 2010 3470 VIII

413 3500 477 3563 de
505 3502 744 3572 Expedit.
776 3501 896 3574 Cyr.
930 3521 1050 3576 pag.
1080 3505 1186 3559 ‘257
1207 3508 1249 3576 ).

485 3595 776 3666 SnSpectus
816 3597 1030 3654 tandem
1073 3597 1392 3668 quibusdam
1437 3599 1678 3654 fortassis
1723 3599 1826 3655 erit
1870 3615 2012 3656 unus-

415 3701 482 3743 ex
513 3687 595 3741 liis
618 3689 827 3744 duobus
856 3687 1017 3755 locis,
1044 3706 1272 3761 quorum
1303 3691 1448 3763 prior
1472 3691 1594 3746 libri
1626 3692 1779 3746 initio
1805 3694 1882 3748 sic
1909 3692 2008 3747 ha-

416 3778 609 3836 betur:
664 3798 682 3831 ‹
720 3779 900 3851 Itaque
943 3797 1061 3838 cum
1112 3781 1348 3837 diluculo
1399 3782 1779 3836 inambulando
1831 3783 2011 3837 littore

419 3884 802 3943 pergeremus,
825 3881 964 3926 etc.»
991 3871 1194 3941 Quibus
1221 3873 1404 3928 verbis
1432 3871 1694 3927 Minucius
1723 3872 2007 3941 signiﬁcat,

414 3977 476 4019 se
498 3979 712 4021 summo
730 3981 886 4021 mane
905 3981 1024 4021 cum
1043 3967 1249 4023 duobus
1270 3967 1429 4022 sociis
1451 3967 1560 4020 suis
1581 3966 1648 4021 ad
1670 3982 1818 4021 mare
1836 3969 2011 4022 inam-

415 4056 653 4113 bulando
685 4061 1020 4130 perrexisse,
1048 4075 1110 4115 ac
1140 4069 1260 4131 post
1299 4075 1404 4114 non
1445 4061 1657 4130 longam
1695 4059 2008 4113 deambula-

415 4152 614 4207 tionem
633 4193 648 4218 ,
678 4165 866 4208 omnes
898 4152 962 4207 ad
993 4152 1369 4224 disputandum
1400 4153 1452 4207 in
1484 4152 1673 4211 eodem
1702 4152 2012 4208 consedisse

416 4242 555 4298 loco.
590 4243 741 4299 Alter
767 4260 897 4300 vero
926 4246 1073 4301 locus
1094 4286 1110 4314 ,
1139 4245 1226 4316 qui
1268 4244 1394 4300 huic
1435 4260 1736 4316 repugnare
1778 4244 2007 4312 videtur,

414 4334 468 4390 in
501 4334 620 4390 libri
651 4335 756 4391 line
785 4337 865 4392 sic
893 4337 1146 4393 habetur:
1178 4356 1196 4388 ι
1225 4337 1397 4392 Etiam
1439 4352 1581 4393 nunc
1619 4350 1794 4394 tamen
1834 4338 2009 4409 aliqua

413 4429 799 4485 consubsrdunt
825 4473 838 4487 .
859 4471 872 4486 .
896 4471 908 4485 .
934 4473 946 4487 .
971 4473 981 4487 .
1004 4431 1071 4486 de
1101 4432 1295 4500 quibus
1323 4433 1587 4500 crastino;
1622 4431 1763 4502 quod
1790 4431 1899 4502 jam
1931 4432 2010 4486 sol

414 4527 627 4582 occasui
657 4526 876 4581 declivis
905 4535 1006 4580 est.
1033 4545 1050 4580 ι
1077 4524 1344 4596 Numquid
1368 4529 1508 4580 enim
1527 4566 1540 4588 ,
1567 4525 1769 4596 inquiet
1794 4524 2008 4595 aliquis,

416 4612 615 4669 Cmcihi
643 4614 959 4687 Octaviique
984 4615 1297 4679 ambulatio,
1326 4630 1391 4670 ac
1419 4614 1731 4684 disputatio,
1763 4631 1879 4684 qua:
1907 4614 2010 4669 hoc

418 4719 584 4776 parvo
611 4705 819 4760 Minucii
851 4706 988 4761 libro
1014 4709 1340 4774 continetur,
1369 4722 1463 4778 per
1491 4717 1654 4762 totam
1681 4705 2010 4762 duraverunt

418 4797 597 4854 diem?
623 4797 885 4870 Numquid
919 4809 1110 4869 praeter
1140 4799 1276 4855 hanc
1303 4800 1720 4871 disputationem
1740 4841 1754 4863 ,
1787 4810 1842 4854 et
1871 4800 2009 4854 haud

416 4888 631 4960 longam
660 4890 1180 4958 deauibulationetn,
1225 4891 1357 4946 nihil
1400 4892 1542 4947 aliud
1588 4893 1848 4946 Minucius
1887 4906 2008 4946 cum

415 4985 576 5040 Sociis
601 4985 739 5055 egit,
768 5001 1062 5057 omnesque
1088 4986 1286 5057 pariter
1312 4995 1476 5040 totam
1510 4985 1650 5039 diem
1692 4994 1784 5039 aut
1823 4985 2010 5038 ambu-

415 5077 617 5140 lantes,
671 5088 762 5132 aut
814 5079 1178 5148 disputantes,
1230 5087 1388 5150 atque
1432 5078 1686 5150 impransi
1741 5087 1794 5133 et
1838 5077 2010 5148 jejuni

415 5172 760 5242 transegere?
819 5172 1051 5226 Delenda
1105 5173 1318 5242 itaque,
1368 5171 1621 5236 forsitan,
1672 5170 1855 5224 ultima
1908 5169 2010 5223 loci

417 5262 578 5336 hujus
605 5265 917 5335 posterioris
946 5265 1108 5321 verba
1133 5307 1147 5331 ,
1183 5265 1269 5319 vel
1301 5265 1351 5318 in
1384 5263 1588 5333 priore,
1621 5278 1722 5318 vox
1762 5261 2006 5315 diluculo.

486 5357 592 5412 Sed
634 5358 738 5412 hoe
775 5355 986 5412 dicendi
1023 5371 1194 5427 genus
1233 5355 1297 5410 ad
1337 5356 1506 5425 juris,
1535 5362 1595 5407 ut
1623 5354 1801 5416 aiunt,
1832 5353 2012 5420 apices

418 5466 525 5506 non
555 5466 776 5522 prorsus
801 5452 1168 5522 accipiendum
1198 5460 1296 5505 ρει.
1327 5448 1585 5502 Minucius
1611 5445 1871 5514 siquidem
1907 5460 2011 5499 non

417 5547 598 5600 omnia
628 5546 830 5614 scripto
863 5545 1114 5608 tradidit,
1147 5559 1266 5615 qua:
1297 5557 1362 5597 co
1391 5541 1477 5595 dic
1505 5539 1571 5592 ab
1604 5540 1716 5607 ipso
1747 5538 2016 5606 sociisque

421 5637 532 5690 suis
562 5647 675 5691 acta
708 5648 852 5693 sunt.
890 5638 954 5693 Et
985 5654 1143 5702 vero,
1175 5652 1296 5692 cum
1329 5633 1414 5688 ille
1444 5633 1581 5685 hanc
1605 5631 2017 5700 disputationem

419 5724 559 5794 alio,
591 5743 748 5796 quam
781 5729 959 5785 habita
991 5735 1107 5792 est,
1145 5737 1383 5797 tempore
1412 5737 1470 5779 se
1499 5722 1884 5792 conscripsisse
1912 5730 2018 5777 tes-

2113 3240 2280 3295 Caque
2312 3223 2649 3286 lustraveris,
2681 3239 2838 3295 quam
2889 3240 3008 3279 esse
3049 3226 3264 3296 aliquod
3308 3243 3503 3282 numen
3546 3242 3712 3298 pecs-

2116 3316 2427 3371 tantissinun
2481 3317 2715 3382 mentis,
2771 3332 2876 3387 quo
2927 3318 3101 3372 omnis
3152 3331 3339 3374 natura
3395 3320 3706 3390 inspiretur,

2113 3418 2410 3477 moveatur,
2452 3409 2644 3474 alatur,
2687 3412 3097 3480 gubernetur?»
3123 3412 3315 3469 Cicero
3352 3425 3529 3470 autem
3572 3417 3713 3471 idem

2114 3513 2488 3575 argumentum
2535 3504 2724 3559 eodem
2769 3505 2928 3575 plane
2973 3506 3164 3572 modo,
3213 3507 3305 3561 sed
3348 3507 3591 3573 brevius,
3637 3510 3716 3564 sic

2114 3605 2295 3666 urget:
2327 3615 2344 3647 ι
2373 3595 2510 3663 Quid
2539 3605 2712 3665 potest
2755 3611 2876 3651 esse
2919 3607 3024 3650 tam
3069 3609 3313 3668 apertum
3346 3607 3560 3670 tamque
3591 3616 3714 3670 per-

2114 3688 2356 3756 Spicuum
2377 3728 2391 3751 ,
2422 3701 2544 3741 cum
2574 3687 2769 3742 coelum
2798 3688 3138 3757 suspeximus
3157 3731 3173 3756 ,
3207 3692 3550 3762 caelestiaque
3579 3707 3710 3747 con-

2117 3781 2356 3851 templati
2384 3795 2599 3847 sumus,
2631 3796 2790 3851 quam
2818 3797 2939 3836 esse
2967 3782 3182 3851 aliquod
3217 3799 3414 3839 numen
3456 3793 3714 3853 priestan-

2117 3873 2337 3928 tissimus
2377 3873 2602 3936 mentis,
2664 3887 2772 3942 quo
2831 3872 2946 3927 haec
3006 3881 3265 3942 reguntur
3296 3873 3501 3946 (Cicer.
3545 3875 3633 3928 lib.
3677 3892 3713 3929 ιι

2114 3965 2177 4019 de
2203 3963 2327 4017 Nat.
2353 3963 2507 4016 Deor.
2534 3963 2645 4016 init.
2695 3979 2813 4033 pag.
2859 3963 2987 4029 $2M,
3013 3963 3105 4017 lin.
3132 3964 3260 4033 10)?
3291 3983 3309 4014 ›
3336 3964 3571 4021 Videsne
3599 3966 3714 4036 ple—

2115 4072 2281 4126 raque
2311 4055 2498 4110 eadem
2525 4053 2801 4111 Ciceronis
2828 4055 3024 4123 verba,
3057 4071 3176 4126 quae
3219 4057 3287 4112 ab
3330 4057 3559 4112 Minucio
3599 4074 3714 4113 am-

2114 4150 2345 4221 pliﬁcata
2373 4149 2539 4204 sunt?

2185 4242 2319 4296 Tum
2341 4241 2535 4296 deinde
2556 4241 2846 4296 Minucius:
2877 4258 2896 4291 ι
2925 4240 3296 4311 Relinquenda
3324 4258 3455 4299 vero
3482 4244 3710 4298 astrolo-

2112 4339 2192 4408 gis
2223 4336 2481 4406 prolixior
2509 4335 2576 4390 de
2606 4335 2872 4390 sideribus
2901 4335 3195 4391 oratio.....
3214 4351 3334 4406 qua:
3361 4337 3567 4408 singula
3601 4352 3708 4392 non

2116 4427 2276 4484 modo
2317 4437 2374 4482 ut
2414 4437 2745 4495 crearentur,
2793 4427 3017 4494 fierent,
3050 4427 3484 4497 disponerentur.
3513 4432 3710 4485 summi

2039 4521 2090 4581 D
2117 4521 2337 4577 artiﬁcis
2363 4530 2418 4576 et
2447 4522 2695 4590 perfecta:
2727 4523 2952 4577 rationis
2992 4533 3285 4592 eguerunt;
3317 4541 3505 4580 verum
3548 4526 3710 4581 etiam

2111 4615 2329 4679 sentiri,
2364 4613 2622 4684 perspici,
2655 4613 2876 4683 intelligi
2913 4615 3028 4669 sine
3056 4630 3262 4670 summa
3293 4617 3510 4672 solertia
3540 4629 3593 4672 et
3622 4633 3712 4672 ra.

2111 4707 2257 4761 tione
2284 4721 2387 4759 non
2419 4715 2659 4774 possunt.
2688 4724 2706 4756 ι
2742 4704 2949 4759 Tullius
2979 4720 3138 4761 vero:
3181 4725 3200 4757 ‹
3233 4707 3357 4764 Haec
3382 4709 3558 4762 omnis
3589 4708 3714 4762 des-

2111 4799 2306 4869 criptio
2335 4798 2602 4853 siderum.
2627 4836 2640 4852 .
2660 4837 2706 4853 ..
2734 4799 2836 4854 alia
2863 4814 2981 4867 quae
3003 4810 3192 4855 natura
3212 4842 3227 4866 ,
3259 4803 3453 4855 mentis
3479 4817 3672 4873 carpers
3694 4846 3709 4870 ,

2116 4894 2230 4947 huic
2259 4891 2474 4948 efficere
2505 4891 2705 4961 potuit,
2737 4907 2856 4962 quae
2884 4907 2987 4946 non
3037 4891 3196 4946 modo
3238 4902 3294 4946 ut
3342 4892 3536 4950 flerent
3558 4937 3570 4957 ,
3620 4911 3711 4949 ra-

2115 4986 2258 5039 tione
2281 4992 2569 5054 eguerunt,
2603 4983 2697 5038 sed
2726 4983 2950 5052 intelligi
2979 4983 3153 5054 qualia
3181 4983 3322 5051 sint,
3355 4985 3474 5038 sine
3501 5001 3710 5040 summa

2115 5079 2322 5132 ratione
2374 5091 2479 5130 non
2534 5083 2758 5146 possunt
2836 5072 2985 5144 (Cic.
3031 5073 3208 5128 eodem
3273 5074 3362 5129 lib.
3412 5092 3530 5146 pag.
3580 5075 3710 5141 25L

2114 5167 2207 5222 litt.
2240 5167 2304 5220 41
2323 5165 2369 5238 )?
2393 5186 2412 5217 ι

2189 5259 2419 5312 Rursum
2479 5257 2775 5314 Minucius:
2818 5277 2836 5311 ‹
2870 5258 3076 5326 Quidve
3122 5260 3472 5314 animantium
3528 5261 3717 5331 loquar

2115 5350 2374 5405 adversus
2413 5365 2533 5403 sese
2574 5350 2791 5403 tutelam
2832 5347 3254 5404 multiformem?
3299 5351 3430 5405 alias
3480 5363 3714 5409 armatas

2117 5443 2399 5506 cornibus,
2433 5444 2564 5497 alias
2593 5442 2844 5496 dentibus
2870 5454 3080 5511 soptas,
3117 5452 3170 5497 ct
3199 5442 3446 5498 fundatas
3476 5445 3710 5512 ungulis,

2119 5546 2174 5593 et
2198 5537 2427 5605 spicatas
2456 5535 2688 5599 aculeis,
2718 5545 2808 5589 aut
2838 5535 3028 5605 pedum
3060 5535 3336 5591 celeritate
3362 5537 3556 5591 liberas
3578 5579 3592 5601 ,
3623 5546 3716 5590 aut

2120 5629 2354 5685 elatione
2393 5627 2748 5698 spinarum?»
2787 5627 3117 5696 Εκιιιῐεειιίυε
3157 5626 3377 5682 Cicero:
3415 5645 3433 5678 ‹
3467 5627 3583 5681 Jam
3622 5627 3716 5680 illa

2124 5719 2427 5786 cernimus,
2475 5728 2532 5776 ut
2573 5729 2758 5776 contra
2805 5731 3006 5776 metum
3051 5728 3103 5777 et
3150 5718 3298 5787 vim,
3329 5719 3439 5774 suis
3465 5732 3524 5774 se
3555 5717 3720 5772 armis
