4248 6264
370 327 378 333 .
441 282 547 340 403

1813 285 2283 343 DISSER'I'ATIO.

3646 295 3758 354 ιοσ

439 407 546 455 tur.
570 396 929 469 Frequentius
949 395 1181 468 denique
1201 397 1252 451 in
1281 397 1595 453 :cdituorum
1624 397 1849 463 cellulis,
1879 417 2039 472 quam
2066 401 2121 461 Α
2145 401 2461 471 quibusdam
2520 404 2728 474 punctis
2789 413 2989 473 notata,
3046 407 3321 464 brevitatis
3389 408 3528 464 haud
3593 411 3756 468 dubie

437 493 492 548 in
549 494 679 562 ipsis
731 491 1097 560 lupanaribus,
1154 490 1387 562 ﬂagrans
1438 491 1602 546 libido
1663 492 2038 562 defungitur.»

435 585 571 641 Nam
599 586 954 640 'l‘ertullianus
980 585 1141 640 simili
1175 585 1329 655 plane
1381 584 1538 639 modo
1579 584 1766 640 iisdem
1815 584 2044 640 ethnicis

441 678 590 746 prius
616 678 890 746 olijccerat
915 696 928 726 τ
960 696 977 727 ι
1013 675 1367 731 Conscientia:
1393 677 1630 730 onmium
1659 688 2043 747 recognoscent

437 769 490 824 in
525 769 738 838 templis
789 769 1051 824 adulteria
1093 770 1365 837 componi,
1426 769 1565 825 inter
1615 784 1736 824 aras
1776 770 2038 825 lenocinia

440 863 679 925 tractari,
701 863 752 916 in
785 863 917 932 ipsis
947 863 1262 933 plerumque
1285 863 1602 918 aedituorum
1627 873 1679 918 et
1702 863 2036 918 sacerdotum

436 956 820 1023 tabernaculis,
852 957 951 1010 sub
980 957 1168 1010 iisdem
1216 957 1382 1019 vittis,
1433 967 1486 1012 et
1516 957 1775 1026 apicibus,
1826 968 1878 1012 et
1909 972 2028 1026 pur-

436 1051 606 1120 puris,
657 1049 810 1105 thure
861 1049 1138 1119 flagrante,
1189 1049 1461 1105 libidinem
1500 1052 1726 1122 expungi
1775 1049 2032 1123 (Tertull.

435 1141 704 1211 Apologet.
736 1158 849 1211 cap.
888 1142 978 1206 15,
1026 1159 1076 1208 p.
1107 1139 1220 1214 16).
1252 1160 1270 1192 ›

510 1233 585 1287 De
617 1233 968 1302 gladiatorum
1010 1244 1272 1303 prmterea
1318 1233 1521 1289 crudeli
1553 1247 1774 1303 prorsus
1825 1233 2035 1290 feritate

435 1325 554 1380 haec
582 1335 705 1380 sunt
744 1324 948 1380 Octavii
974 1327 1178 1381 verba:
1230 1325 1344 1381 Non
1399 1327 1686 1382 dissimiles
1735 1337 1789 1382 et
1835 1329 1924 1398 qui
1966 1327 2034 1383 de

433 1433 596 1474 arena
631 1417 770 1473 feras
802 1417 1083 1484 devorant,
1115 1419 1274 1474 illitas
1303 1429 1360 1474 et
1410 1420 1632 1474 infectas
1681 1435 1892 1486 cruore,
1951 1420 2033 1476 vel

437 1510 694 1566 membris
726 1509 962 1565 hominis
1001 1522 1052 1565 et
1092 1512 1298 1566 viscere
1342 1512 1630 1582 saginatas.
1669 1532 1687 1564 ›
1721 1512 1796 1566 De
1843 1511 2031 1567 iisdem

431 1604 794 1660 Tertullianus
826 1622 839 1658 :
876 1623 895 1656 ι
936 1604 1015 1658 Illi
1044 1605 1132 1674 qui
1159 1604 1226 1659 de
1257 1621 1419 1659 arena
1444 1605 1630 1660 ferinis
1657 1607 1896 1662 obsoniis
1923 1622 2032 1662 coe-

431 1706 581 1762 nant,
634 1698 724 1768 qui
774 1696 841 1752 de
876 1709 1026 1768 apro,
1071 1698 1160 1765 qui
1203 1696 1271 1752 de
1299 1711 1462 1752 cervo
1504 1707 1710 1768 petunt.
1756 1700 1898 1766 Aper
1942 1698 2031 1753 ille

2151 505 2310 547 causa
2344 497 2706 562 prmtermisit.

2221 587 2482 644 Minucius
2514 608 2528 645 :
2567 611 2586 642 ‹
2616 591 2725 646 Nec
2752 607 2945 647 nomen
2967 594 3077 648 Deo
3099 609 3343 664 quaeras:
3379 595 3522 650 Deus
3556 611 3751 653 nomen

2145 690 2246 734 est.
2278 681 2387 735 Illic
2414 683 2688 738 vocabulis
2713 699 2846 753 Opus
2869 693 2972 749 est,
2993 701 3111 740 cum
3138 702 3232 756 per
3257 688 3492 752 singulos
3519 691 3751 760 propriis

2145 773 2561 840 appellationum
2616 775 2914 843 insignibus
2959 778 3242 833 multitudo
3287 778 3584 833 dirimenda
3640 789 3745 836 est.

2143 865 2253 917 Deo
2278 866 2367 934 qui
2391 867 2534 920 solus
2562 876 2662 931 est,
2695 868 2785 923 Dei
2808 869 3126 924 vocabulum
3153 879 3322 925 totum
3369 880 3540 926 est....
3568 872 3744 930 Audio

2141 957 2423 1026 vulgus...
2460 960 2542 1025 Et,
2581 960 2733 1033 Deus;
2755 977 2977 1031 magnus
3027 973 3142 1028 est;
3174 976 3246 1030 et,
3282 966 3421 1020 Deus
3450 981 3607 1020 verus
3628 975 3745 1032 est;

2140 1059 2213 1114 et,
2243 1048 2296 1104 Si
2325 1051 2462 1106 Deus
2495 1051 2738 1117 dederit;
2771 1055 2911 1126 vulgi
2935 1057 3034 1112 iste
3075 1058 3331 1112 naturalis
3362 1073 3540 1112 sermo
3570 1067 3669 1113 est.
3715 1079 3734 1111 ι

2136 1144 2436 1214 Cyprianus
2466 1165 2476 1200 :
2516 1169 2534 1200 ‹
2571 1148 2680 1204 Nec
2709 1165 2906 1205 nomen
2940 1151 3031 1206 Dei
3081 1167 3325 1220 quaeras;
3364 1153 3505 1207 Deus
3544 1169 3742 1208 nomen

2139 1246 2220 1290 est
2245 1238 2338 1291 illi.
2373 1238 2481 1293 lllic
2507 1241 2781 1296 vocabulis
2808 1258 2942 1311 opus
2960 1253 3062 1309 est,
3097 1244 3184 1297 ubi
3225 1245 3455 1314 propriis
3493 1246 3740 1312 appella-

2141 1329 2340 1384 tionum
2370 1332 2665 1401 insignibus
2707 1334 2992 1388 multitudo
3021 1335 3320 1390 dirimenda
3353 1347 3454 1391 est.
3500 1336 3611 1389 Deo
3651 1336 3740 1406 qui

2136 1421 2282 1473 solus
2313 1430 2414 1485 est,
2449 1422 2586 1476 Deus
2631 1423 2950 1477 vocabulum
3007 1433 3172 1478 totmn
3230 1435 3403 1479 est....
3434 1425 3639 1496 Vulgus
3689 1427 3741 1480 in

2137 1513 2316 1567 multis
2349 1515 2511 1567 Deum
2545 1516 2858 1572 naturaliter
2881 1517 3236 1573 confitetur...
3277 1519 3386 1572 Dici
3426 1519 3735 1587 frequenter

2132 1604 2380 1659 audimus
2408 1623 2421 1661 :
2450 1605 2492 1661 Ο
2513 1607 2680 1661 Deus!
2707 1617 2778 1673 et,
2801 1609 2940 1664 Deus
2960 1609 3128 1675 videt;
3155 1619 3227 1674 et,
3253 1610 3361 1663 Deo
3383 1612 3724 1677 commendo;

2131 1709 2202 1763 et,
2234 1700 2372 1755 Deus
2405 1701 2530 1754 mihi
2584 1701 2804 1767 reddet;
2839 1713 2911 1769 et,
2964 1702 3116 1770 Quod
3165 1703 3275 1756 vult
3322 1703 3496 1769 Deus;
3548 1713 3624 1771 et,
3671 1704 3727 1760 Si

429 1805 590 1861 quem
628 1790 944 1854 cruentavit,
973 1788 1314 1844 colluctando
1340 1789 1580 1844 detersit.
1610 1789 1812 1844 Cervus
1842 1790 1932 1844 ille
1960 1791 2012 1844 in
2044 1788 2090 1847 B
2123 1791 2261 1846 Deus
2282 1793 2544 1847 dederit.»
2577 1793 2755 1865 (Cypr.
2798 1794 2924 1850 ibid.
2983 1813 3101 1865 pag.
3152 1794 3268 1866 15.)
3324 1795 3559 1851 Videsne
3605 1813 3739 1866 quo-

429 1882 738 1952 gladiatoris
779 1881 1036 1952 sanguine
1087 1881 1272 1950 iacuit.
1328 1880 1566 1949 Ipsorum
1601 1896 1843 1935 ursorum
1890 1881 2027 1936 alvei

429 1981 775 2043 appetuntur,
799 1973 1123 2027 cruditantes
1150 1972 1329 2027 adhuc
1354 1972 1403 2026 in
1437 1972 1731 2027 visceribus
1758 1971 2024 2026 humanis.

425 2065 687 2121 Ructatur
737 2081 896 2136 porro
942 2067 1010 2121 ab
1066 2066 1281 2120 homine
1334 2081 1460 2120 caro
1514 2065 1776 2138 pastade
1815 2066 2026 2122 homine

425 2157 664 2232 (Tertull.
696 2158 962 2230 Apologet.
992 2175 1108 2228 cap.
1139 2159 1191 2214 9.
1218 2176 1336 2229 pag.
1371 2158 1482 2227 10).
1516 2178 1535 2211 ι
1682 2139 1694 2159 ’

483 2252 563 2307 Ad
587 2252 703 2306 h:ec
717 2267 848 2306 vero
869 2250 1153 2306 Octavius:
1179 2269 1197 2302 ‹
1220 2251 1324 2306 Nec
1353 2250 1582 2313 factiosi,
1605 2251 1795 2321 inquit,
1815 2266 2021 2319 sumus,

419 2344 467 2399 si
495 2357 682 2398 omnes
713 2359 876 2398 unum
921 2344 1120 2398 bonum
1172 2343 1428 2412 sapimus,
1481 2341 1669 2398 eadem
1719 2344 2024 2412 congregati

422 2438 623 2507 quiete,
675 2451 777 2506 qua
823 2435 1039 2506 singuli.
1075 2453 1094 2486 ι
1149 2434 1512 2490 Tertullianus
1559 2443 1786 2489 autem:
1843 2453 1861 2486 ί
1901 2433 2025 2490 H:ec

419 2530 580 2584 coitio
627 2527 1222 2583 Christianorum....si
1272 2527 1390 2597 quis
1440 2528 1506 2581 de
1563 2542 1625 2582 ea
1680 2527 1924 2597 queritur
1959 2542 2024 2583 eo

421 2622 595 2688 titulo,
619 2638 726 2693 quo
749 2621 816 2677 de
844 2620 1163 2676 factionibus
1189 2621 1406 2691 querela
1449 2631 1530 2676 est
1559 2637 1573 2674 :
1612 2622 1664 2674 in
1695 2621 1849 2690 cujus
1898 2636 2022 2691 per-

419 2717 610 2771 niciem
626 2716 908 2788 aliquando
937 2715 1322 2772 convenimus?
1344 2713 1456 2770 Hoc
1472 2729 1656 2769 sumus
1683 2713 2008 2784 congregati,

421 2809 562 2881 quod
580 2818 632 2865 et
647 2809 892 2880 diSpersi,
916 2807 1019 2863 hoc
1035 2809 1262 2862 universi
1280 2807 1417 2877 quod
1439 2816 1491 2862 et
1512 2806 1724 2878 singuli,
1749 2807 2019 2860 neminem

423 2902 697 2967 iazdentes,
759 2902 1031 2956 neminem
1081 2900 1462 2955 contristantes
1511 2896 1748 2970 (Tertull.
1798 2897 2018 2969 Apolog.

421 3010 534 3063 cap.
562 2992 648 3061 39,
669 3009 720 3063 ρ.
746 2991 859 3066 56).
892 3012 910 3045 ι

495 3087 734 3156 Denique
759 3095 814 3140 ut
841 3085 944 3140 alia
969 3085 1107 3140 bene
1138 3083 1323 3151 multa,
1362 3083 1582 3138 inferius
1619 3083 1852 3150 citanda,
1881 3099 2020 3140 nunc

2133 1883 2294 1938 niodo
2326 1885 2464 1939 inter
2491 1886 2703 1947 Minucii
2723 1888 2883 1940 verba
2913 1887 3212 1958 Cyprianus
3238 1903 3333 1943 sua
3365 1889 3735 1960 interiecerit?

2130 1976 2388 2032 Minucius
2420 1977 2638 2047 insuper
2667 1979 2733 2033 de
2789 1989 3122 2033 mortuorum
3169 1979 3446 2033 hominum
3491 1983 3738 2050 imagini.

2129 2068 2229 2122 bus
2253 2068 2369 2124 haec
2395 2068 2589 2124 litteris
2618 2071 3001 2126 mandaverat:
3039 2093 3054 2123 ι
3098 2071 3260 2128 Sacra
3286 2069 3422 2125 facta
3450 2081 3595 2132 sunt,
3615 2090 3736 2146 quq:

2128 2159 2340 2215 fuerant
2369 2173 2642 2232 assumpta
2699 2163 2908 2218 solatia.
2953 2184 2971 2216 ι
3029 2164 3100 2218 [τε
3154 2162 3343 2217 iisdem
3397 2151 3732 2234 Cyprianus:

2134 2270 2152 2302 ί
2201 2252 2363 2308 Facta
2404 2264 2529 2308 sunt
2565 2269 2736 2319 sacra,
2790 2271 2908 2326 qum
2960 2256 3146 2327 primis
3189 2254 3402 2311 fuerant
3457 2267 3732 2332 assumpta

2129 2345 2318 2400 solatia
2347 2342 2527 2416 (Cypr.
2550 2347 2674 2400 ibid.
2710 2364 2831 2417 pag.
2858 2345 2972 2418 Η).
3005 2367 3024 2401 ι
3648 2343 3650 2346 ’

2196 2434 2487 2489 Minucius:
2523 2454 2543 2487 ‹
2570 2437 2871 2492 Alexander
2905 2437 2996 2492 ille
3025 2454 3248 2508 magnus
3291 2439 3512 2494 Macedo
3537 2439 3734 2511 insigni

2124 2524 2394 2578 volumine
2439 2523 2506 2578 ad
2551 2533 2774 2579 matrem
2818 2527 3049 2594 scripsit,
3100 2525 3242 2580 metu
3287 2544 3398 2583 siue
3452 2533 3730 2595 potestatis

2125 2619 2391 2687 proditum
2434 2617 2532 2672 sibi
2564 2617 2631 2673 de
2672 2618 2773 2672 diis
2817 2617 3120 2671 hominibus
3149 2632 3179 2671 a
3230 2617 3510 2674 sacerdote
3549 2605 3730 2692 scere?

2127 2720 2256 2764 tum.
2294 2728 2312 2761 ι
2349 2709 2648 2780 Cyprianus
2679 2729 2690 2764 :
2748 2727 2766 2760 ‹
2808 2709 3112 2782 Alexander
3141 2708 3360 2779 Magnus
3405 2711 3599 2779 insigni
3625 2727 3724 2766 vo8

2124 2802 2328 2857 lumine
2357 2802 2421 2857 ad
2446 2811 2670 2857 matrem
2703 2818 2852 2856 suam
2884 2802 3091 2868 scribit,
3121 2811 3264 2856 metu
3297 2805 3574 2871 potestatis
3601 2818 3727 2872 pro-

2122 2893 2292 2948 ditum
2323 2893 2422 2948 sibi
2453 2894 2522 2948 de
2549 2893 2654 2948 diis
2699 2893 3002 2949 hominibus
3049 2911 3079 2970 a
3127 2895 3404 2951 sacerdote
3457 2906 3726 2952 secretum

2125 2984 2306 3058 (Cypr.
2341 2985 2465 3039 ibid.
2498 3003 2622 3057 pag.
2660 2985 2774 3058 12).
2813 3007 2832 3040 ›

2194 3076 2452 3132 Minucius
2477 3094 2488 3130 :
2525 3076 2806 3133 «Castores
2836 3078 3057 3134 alternis
3085 3079 3408 3148 moriuntur,
3439 3091 3495 3135 ut
3517 3081 3721 3152 vivant,

421 3179 581 3233 missa
635 3177 910 3240 faciamus,
966 3175 1094 3250 dicit
1147 3174 1399 3232 Octavius
1430 3191 1445 3229 :
1492 3194 1510 3228 ‹
1543 3175 1701 3241 Vicit,
1737 3177 1825 3247 qui
1874 3177 2015 3246 quod
2044 3173 2087 3235 C
2122 3168 2460 3237 IEsculapius
2487 3177 2544 3223 ut
2572 3169 2626 3224 in
2670 3169 2827 3224 deum
2864 3179 3068 3240 surgat,
3098 3169 3427 3226 fulminatur.
3467 3170 3728 3229 Hercules

420 3269 714 3334 contendit,
744 3268 992 3324 obtinuit.
1025 3289 1043 3320 ι
1077 3268 1440 3324 Tertullianus
1466 3279 1644 3322 autem
1672 3285 1685 3322 :
1725 3288 1743 3318 α
1776 3267 2010 3323 Victoria

423 3369 523 3425 est,
556 3376 650 3430 pro
692 3377 798 3432 quo
830 3361 1142 3427 certaveris,
1191 3361 1435 3416 obtinere
1491 3359 1741 3431 (Tertull.
1784 3361 2002 3430 Apolog.

419 3471 533 3525 cap.
564 3455 654 3520 50,
689 3472 806 3526 pag.
837 3454 949 3522 Μ).
991 3473 1008 3506 ι

491 3547 606 3602 Jam
647 3561 774 3602 vero
805 3547 868 3600 ad
902 3561 964 3602 ea
1004 3546 1277 3601 veniamus
1319 3560 1438 3614 qua:
1477 3544 1774 3617 Cyprianus
1815 3559 1879 3600 ex
1911 3544 2010 3600 Mi-

422 3639 580 3692 nucio
623 3647 805 3692 nostro
858 3639 1232 3707 transcripsit:
1289 3656 1306 3689 ‹
1341 3637 1563 3704 Quando
1615 3655 1883 3708 umquam,
1940 3637 2014 3693 ait

423 3739 610 3782 auctor
642 3737 852 3790 noster,
883 3730 1028 3799 regni
1057 3731 1286 3784 societas
1308 3737 1396 3782 aut
1421 3744 1541 3782 cum
1576 3728 1679 3782 fide
1708 3729 1895 3799 cmpit,
1921 3736 2013 3782 aut

424 3822 543 3875 sine
574 3835 765 3877 cruore
799 3821 1080 3876 discessit?
1109 3841 1127 3874 ι
1161 3822 1405 3877 Totidem
1444 3823 1624 3876 verbis
1665 3815 1960 3892 Cyprianus
1995 3839 2007 3876 :

423 3912 650 3978 Quando
678 3929 924 3982 umquam
958 3914 1105 3983 regni
1135 3914 1384 3980 societas,
1410 3924 1500 3966 aut
1525 3929 1644 3967 cum
1685 3912 1789 3968 fide
1826 3912 2009 3979 cmpit',

419 4013 510 4057 aut
555 4007 670 4058 sine
696 4019 888 4058 cruore
935 4005 1090 4059 desiit
1125 4004 1392 4076 (Cyprian.
1420 4005 1507 4058 lib.
1527 4005 1588 4058 de
1612 4004 1808 4058 ldolor.
1843 4003 2010 4058 Vanit.

419 4113 537 4166 pug.
600 4096 748 4167 M)?
790 4115 808 4148 ι
865 4096 1016 4152 Unde
1062 4092 1312 4152 'forsitan
1375 4097 1594 4168 colligas
1663 4097 1713 4150 in
1798 4096 2014 4152 Minucii

421 4195 564 4242 textu
607 4187 874 4253 similiter,
925 4204 1019 4256 pro
1048 4188 1295 4253 discessit,
1347 4188 1628 4259 legendum
1669 4187 1836 4255 desiit,
1870 4187 2013 4258 quod

421 4280 585 4334 verbo
614 4281 764 4348 coepit
798 4280 990 4334 melius
1020 4281 1330 4351 opponitur.

491 4373 748 4429 Minucius
779 4393 791 4428 :
826 4393 844 4424 ‹
876 4374 985 4429 Rex
1017 4391 1150 4429 untts
1169 4375 1377 4445 apibus,
1401 4373 1507 4429 dux
1525 4374 1722 4428 unusin
1741 4374 2010 4444 gregibus,

421 4467 472 4520 in
501 4468 758 4522 armentis
809 4477 985 4522 rector
1007 4483 1166 4521 unus.
1203 4486 1221 4519 ι
1277 4467 1574 4538 Cyprianus
1608 4484 1620 4519 :
1669 4485 1686 4519 ‹
1718 4466 1830 4521 Rex
1875 4481 2013 4521 unus

2116 3268 2173 3313 ut
2223 3259 2494 3315 hominem
2543 3270 2721 3326 exuat,
2768 3259 2956 3316 (Eteis
3000 3261 3211 3332 ignibus
3259 3274 3652 3319 concrematur.
3695 3283 3716 3318 ι

2113 3350 2412 3423 Cyprianus
2435 3353 2622 3408 iisdem
2643 3353 2816 3408 adhuc
2837 3354 3048 3412 verbis:
3089 3374 3108 3408 ‹
3142 3355 3330 3410 Castor
3354 3365 3407 3411 et
3428 3355 3615 3410 Pollux
3647 3357 3728 3412 al-

2114 3447 2280 3502 ternis
2302 3448 2620 3510 moriuutur,
2655 3461 2712 3503 ut
2741 3450 2953 3515 vivant;
2985 3449 3325 3520 Esculapius
3374 3461 3431 3506 ut
3454 3452 3516 3507 :in
3563 3453 3725 3509 deum

2111 3548 2313 3608 surgat,
2375 3538 2718 3605 fulminatur;
2774 3539 3032 3596 Hercules
3082 3551 3139 3595 ut
3207 3541 3478 3597 hominem
3539 3552 3720 3613 exuat,

2111 3629 2294 3686 OEteis
2345 3631 2553 3701 ignibus
2590 3643 2962 3689 concrematur
3008 3631 3188 3706 (Cypr.
3221 3635 3345 3688 ibid.
3389 3653 3509 3706 pag.
3541 3635 3654 3704 11).
3695 3631 3716 3689 ὸ

2185 3724 2448 3778 Minucius
2479 3741 2491 3776 :
2529 3743 2548 3776 ‹
2590 3726 2782 3793 Apollo
2811 3727 3022 3781 Admeti
3075 3743 3236 3795 pecus
3268 3726 3455 3796 pascit.
3490 3726 3721 3784 Laome-

2113 3815 2262 3869 donti
2293 3829 2475 3868 muros
2500 3815 2779 3884 Neptunus
2804 3817 3054 3880 instituit,
3081 3831 3180 3870 nec
3207 3816 3509 3871 mercedem
3541 3818 3722 3887 operis

2114 3908 2295 3964 infelix
2321 3917 2554 3962 Structor
2573 3911 2832 3978 accepit.»
2863 3909 3163 3981 Cyprianus
3196 3927 3209 3962 :
3247 3928 3266 3960 ι
3295 3909 3487 3977 Apollo
3503 3910 3726 3966 Admeti

2116 4020 2276 4074 pecus
2329 4004 2491 4072 pavit.
2526 4003 2875 4059 Laomedonti
2925 4017 3111 4058 muros
3155 4003 3434 4072 Neptunus
3475 4004 3723 4069 instituit,

2113 4114 2213 4154 nec
2241 4097 2542 4153 mercedem
2583 4097 2764 4167 operis
2803 4097 2984 4152 infelix
3021 4105 3255 4150 structor
3283 4095 3488 4164 accepit
3521 4093 3722 4165 (Cypr.

2115 4192 2298 4258 ibid.).
2335 4210 2354 4243 ι

2184 4283 2443 4340 Minucius
2468 4291 2650 4354 postea
2672 4283 2740 4338 de
2767 4282 3000 4341 Saturno
3027 4289 3082 4337 et
3106 4281 3244 4337 Jano
3270 4281 3386 4336 haec
3419 4289 3724 4337 memorat:

2122 4397 2140 4431 ‹
2177 4378 2368 4433 Docuit
2397 4377 2606 4432 litteras
2633 4377 2963 4448 imprimere,
2995 4390 3247 4430 nummos
3281 4375 3587 4445 signare...
3618 4374 3720 4440 Ita—

2116 4486 2218 4540 que
2269 4469 2528 4526 latebram
2559 4471 2739 4525 vocari
2769 4469 2956 4525 maluit
3000 4467 3376 4524 Latium....et
3418 4467 3722 4524 Janiculum

421 4568 504 4612 est
529 4561 740 4628 apibus,
773 4571 825 4614 et
851 4561 958 4613 dux
989 4575 1124 4613 tmus
1154 4561 1207 4614 in
1247 4561 1514 4631 gregibus,
1568 4567 1622 4614 et
1669 4559 1720 4613 in
1758 4559 2012 4614 armentis
2037 4561 2090 4620 D
2116 4561 2302 4618 Janus.
2343 4581 2361 4615 ι
2392 4562 2729 4633 Cyprianus:
2774 4581 2794 4614 ‹
2827 4561 2956 4617 Inde
3003 4560 3214 4616 Latium
3242 4560 3311 4618 de
3355 4560 3562 4616 latebra
3611 4559 3730 4630 ejus

425 4660 598 4702 rector
625 4667 759 4704 unus
783 4650 964 4722 (Cypr.
996 4651 1168 4722 ibid.).
1203 4671 1220 4703 ι

499 4740 756 4795 Minucius
790 4761 800 4794 :
842 4762 860 4794 ι
899 4743 998 4809 Qui
1033 4743 1278 4797 universa
1301 4757 1650 4813 quzecumque
1671 4753 1811 4810 sunt,
1852 4743 2017 4798 verbo

420 4833 592 4903 jubet,
655 4837 860 4890 ratione
893 4836 1188 4904 dispensat,
1258 4837 1453 4890 virtute
1499 4843 1856 4900 consummat,
1935 4834 2019 4890 hic

425 4941 523 4982 nec
547 4928 713 4982 videri
743 4938 936 4998 potest,
965 4930 1081 4983 visu
1105 4930 1300 4983 clarior
1330 4939 1442 4992 est;
1491 4944 1589 4983 ncc
1615 4927 2017 4997 comprehendi,

424 5029 563 5074 tactu
590 5023 769 5089 purior
790 5033 903 5088 est;
939 5039 1036 5077 nec
1065 5023 1337 5086 :cstimari,
1373 5023 1617 5076 sensibus
1645 5021 1816 5091 major
1841 5031 2016 5077 est....

423 5125 473 5168 et
495 5115 613 5170 ideo
643 5117 720 5170 sic
739 5133 860 5171 eum
892 5117 1051 5187 digne
1073 5119 1418 5173 mstimamus.
1443 5116 1566 5169 dum
1592 5116 2017 5170 inzcstimabilcm

421 5206 669 5262 dicimus.
699 5206 1032 5279 rCyprianus
1047 5223 1204 5264 vero:
1242 5227 1259 5259 ε
1284 5208 1382 5275 Qui
1407 5207 1649 5262 universa
1673 5220 2023 5276 qumcumque

423 5308 565 5358 sunt,
597 5300 765 5353 verbo
787 5300 960 5368 jubet,
986 5301 1193 5354 ratione
1221 5299 1515 5369 dispensat,
1547 5301 1741 5354 virtute
1766 5314 2021 5352 consum-

424 5401 552 5456 mat;
584 5391 672 5444 hic
698 5408 795 5447 nec
823 5394 988 5448 videri
1019 5402 1214 5464 potest,
1246 5393 1361 5447 visu
1395 5393 1591 5447 clarior
1611 5401 1724 5457 est;
1747 5407 1846 5446 nec
1875 5407 2025 5446 com-

424 5485 710 5553 prehendi,
743 5497 882 5541 tactu
912 5487 1096 5556 purior
1125 5495 1236 5550 est;
1267 5503 1365 5542 nec
1395 5485 1669 5551 aestimari,
1712 5500 1869 5539 sensu
1911 5501 2024 5538 ma-

420 5573 506 5641 j0r
532 5586 615 5629 est
639 5593 652 5630 :
677 5587 730 5631 et
760 5577 880 5633 ideo
907 5579 985 5632 sic
1014 5593 1135 5632 eum
1166 5577 1321 5647 digne
1344 5578 1688 5638 aestimamus,
1710 5576 1835 5629 dum
1871 5577 2027 5630 imus-

431 5666 723 5722 timabilem
765 5671 993 5724 dicimus
1029 5667 1210 5740 (Cypr.
1251 5670 1347 5723 loc.
1383 5665 1518 5738 cit.).
1571 5666 1650 5722 Ibi
1692 5679 1867 5723 autem
1920 5669 2026 5740 Cy-

431 5759 650 5828 prianus
698 5763 941 5832 quaedam
986 5762 1194 5817 Minucii
1241 5762 1421 5829 verba,
1478 5775 1507 5816 a
1537 5760 1689 5817 nobis
1715 5763 1932 5832 omissa,
1977 5771 2030 5819 et

2119 4672 2312 4711 nomen
2342 4655 2568 4726 accepit.
2610 4655 2707 4710 l-lic
2762 4652 2969 4709 litteras
3012 4653 3343 4722 imprimere,
3377 4653 3463 4706 hic
3514 4652 3730 4721 signare

2119 4763 2366 4803 nummos
2407 4749 2458 4801 in
2495 4745 2644 4800 Italia
2685 4747 2886 4816 primus
2923 4746 3220 4800 instituit...
3258 4747 3331 4798 De
3359 4744 3532 4813 cujus.
3578 4743 3725 4812 Janl,

2120 4843 2337 4897 nomine
2357 4839 2656 4896 laniculum
2688 4839 2888 4893 dictum
2915 4848 2997 4893 est
3039 4837 3216 4908 (συντ.
3250 4835 3423 4906 ibid.).
3457 4855 3476 4888 ›

2190 4932 2446 4987 Minucius
2477 4948 2492 4983 :
2527 4950 2545 4982 ι
2582 4929 2808 4984 Antrqu
2839 4929 2992 4984 Jovis
3033 4929 3241 4990 visitur,
3287 4934 3340 4980 et
3387 4925 3731 4996 sepulchrum

2119 5023 2238 5091 ejus
2268 5021 2592 5076 ostenditur.
2634 5039 2652 5072 ι
2683 5020 2980 5090 Cyprianus
3011 5019 3125 5071 lucc
3152 5017 3373 5072 totidem
3407 5017 3562 5086 plane
3605 5031 3726 5072 ver-

2123 5115 2207 5168 bis
2236 5115 2414 5168 retulit
2444 5132 2458 5168 :
2491 5131 2509 5164 α
2541 5117 2766 5167 Antrum
2785 5111 2934 5167 Jovis
2965 5113 3016 5166 in
3048 5109 3206 5165 Creta
3231 5111 3442 5175 visitur,
3465 5118 3520 5166 et
3547 5109 3730 5178 sepul-

2115 5206 2306 5260 chrum
2334 5205 2449 5273 ejus
2479 5205 2780 5259 ostenditur
2813 5203 2992 5275 (lfypr.
3027 5202 3204 5275 ibid.).
3253 5222 3272 5254 ι

2197 5297 2457 5352 Minucius
2492 5314 2504 5349 :
2542 5317 2561 5350 (
2596 5297 2882 5366 Pejerante
2938 5297 3165 5352 Proculo
3209 5297 3349 5352 Deus
3379 5295 3661 5351 Romulus.
3702 5315 3723 5349 ι

2127 5391 2430 5462 Cyprianus
2461 5404 2631 5444 vero:
2691 5407 2710 5441 ‹
2748 5389 2840 5444 Est
2867 5389 3152 5457 Romulus,
3195 5389 3470 5459 pejerante
3500 5387 3732 5445 Proculo

2129 5486 2262 5541 deus
2303 5486 2472 5538 factus
2502 5483 2681 5556 (Cypr.
2706 5483 2828 5537 ibid.
2863 5500 2984 5555 pag.
3016 5482 3133 5551 12).
3177 5503 3196 5536 ι

2201 5577 2461 5633 Minucius
2490 5577 2557 5631 de
2583 5576 2683 5632 diis
2712 5594 2724 5630 :
2761 5595 2779 5626 ι
2817 5578 2924 5632 Cur
2953 5578 2994 5632 si
3026 5577 3134 5631 nati
3157 5585 3301 5641 sunt,
3331 5592 3435 5631 non
3466 5576 3737 5646 hodieque

2131 5684 2443 5736 nascuntur,
2475 5671 2572 5726 nisi
2607 5671 2743 5726 forte
2767 5671 2874 5742 jam
2902 5671 3109 5742 Jupiter
3134 5671 3327 5737 senuit,
3362 5681 3416 5726 et
3450 5681 3632 5741 partus
3680 5669 3736 5726 in

2132 5765 2343 5822 lunone
2371 5762 2584 5818 defecit.
2631 5783 2650 5816 ι
2683 5763 2758 5820 De
2797 5763 2985 5822 iisdem
3025 5765 3368 5835 Cyprianus:
3418 5781 3435 5816 ‹
3480 5761 3533 5819 Si
3559 5772 3735 5818 autem
