4230 6242
529 269 636 326 407

1825 261 1913 317 DE
1954 259 2212 319 MINUCII
2249 259 2548 316 OCTAVIO

3740 255 3845 312 408

530 380 823 452 aliquando
852 380 925 437 dii
957 381 1066 436 nati
1098 388 1242 447 sunt,
1267 394 1364 435 cur
1386 394 1492 435 non
1520 378 1787 448 hodieque
1812 388 2128 443 nascuntur,
2160 379 2212 438 A
2238 385 2296 433 ut
2340 375 2407 431 ad
2441 375 2641 430 cultum
2694 374 2775 430 sui
2825 380 3039 443 cogant,
3089 382 3150 429 ut
3196 372 3384 428 nidore
3432 371 3707 439 altarium,
3762 375 3845 430 vel

536 477 638 532 nisi
663 475 801 531 forte
826 475 1034 546 Jupiter
1050 475 1246 542 senuit,
1270 483 1361 529 aut
1389 483 1571 545 partus
1614 474 1669 529 in
1707 474 1918 532 Junone
1946 475 2142 531 defecit

541 567 726 641 (Cypr.
758 567 933 638 ibid.).
976 586 994 618 ι

611 659 919 713 Minucius:
964 676 983 711 t
1044 658 1409 713 Romanorum
1448 658 1579 713 deos
1626 659 1943 713 vernaculos
1989 660 2143 714 novi-

540 770 682 811 mus.
709 753 989 816 Romulus,
1021 753 1198 819 Picus,
1223 753 1491 817 Tiberius,
1516 760 1571 805 et
1596 751 1824 817 Consus,
1863 762 1912 806 et
1944 751 2145 807 Pilum-

541 860 665 912 nus,
711 860 773 899 ac
807 844 1095 899 Picumnus
1130 844 1225 897 dii.
1260 840 1563 899 Cloacinam
1597 844 1782 898 Tatius
1822 854 1875 899 et
1921 844 2145 908 invenit,

541 947 596 993 et
625 936 809 991 coluit.
843 936 1101 991 Pavorem
1137 935 1417 1000 Hostilius,
1448 946 1606 1006 atque
1656 934 1924 991 Pallorem
1960 954 1973 990 :
2025 952 2149 992 mox

544 1045 576 1085 a
615 1030 798 1085 nescio
839 1044 944 1097 quo
987 1027 1172 1081 Febris
1220 1016 1470 1082 dedicata
1504 1038 1680 1083 est....
1724 1044 1853 1083 sane
1904 1038 1959 1083 et
2012 1029 2152 1083 Acca

545 1122 820 1187 Larentia,
848 1132 901 1177 et
933 1121 1089 1175 Flora
1147 1122 1485 1176 meretrices.
1525 1140 1543 1172 ι
1603 1122 1902 1191 Cyprianus
1935 1140 1947 1175 :
1994 1140 2011 1173 t
2050 1122 2154 1177 Ro-

547 1232 831 1271 manorum
861 1213 994 1269 deos
1032 1215 1353 1269 vernaculos
1384 1214 1647 1268 novimus.
1688 1215 1781 1269 Est
1820 1214 2152 1270 Romulus...

546 1309 730 1375 Picus,
764 1307 1107 1371 etTiberins,
1156 1317 1209 1359 et
1238 1305 1519 1358 Pilumnus
1558 1314 1611 1359 et
1656 1302 1960 1359 Consus....
1994 1305 2157 1358 Deam

551 1416 765 1471 quoque
792 1398 1099 1454 Cloacinam
1128 1398 1311 1453 Tatius
1352 1406 1406 1451 et
1442 1398 1666 1463 invenit,
1716 1409 1770 1452 et
1813 1397 1975 1451 coluit
2006 1414 2019 1450 :
2065 1397 2161 1450 Pa-

552 1509 740 1547 vorem
771 1491 1026 1547 llcstilius
1065 1501 1225 1561 atque
1258 1490 1521 1544 Pallorem
1555 1508 1567 1543 :
1603 1504 1727 1543 mox
1768 1504 1797 1542 a
1836 1491 2018 1545 nescio
2057 1503 2163 1558 quo

556 1584 749 1640 Febris
789 1584 1032 1639 dedicata
1064 1601 1078 1637 :
1106 1594 1159 1639 et
1190 1586 1325 1637 Acca
1350 1594 1403 1637 et
1428 1582 1586 1637 Flora
1611 1584 1928 1638 meretrices
1959 1581 2159 1653 (Cypr.

553 1676 681 1731 ibid.
714 1695 835 1749 pug.
876 1678 991 1745 12).
1030 1697 1048 1731 t

2247 472 2434 527 bestiis
2466 468 2729 539 pecudum
2765 468 3016 538 saginati,
3055 466 3299 523 remissis
3336 482 3454 537 qua:
3510 467 3848 521 constrinxeo

2247 574 2387 630 rant,
2411 577 2630 619 curasse
2660 562 2957 616 videantur.
2996 579 3015 612 ι
3046 562 3345 633 Cyprianus
3378 578 3391 613 :
3426 578 3445 611 ε
3487 561 3547 615 lli
3581 576 3711 631 ergo
3740 562 3853 629 Spi-

2249 660 2382 713 ritus
2418 657 2516 713 sub
2553 656 2741 710 statuis
2774 664 2935 725 atque
2965 654 3283 724 imaginibus
3312 653 3641 709 consecratis
3670 653 3858 707 delitcc

2251 759 2428 813 scunt,
2457 749 2507 803 bi
2525 748 2707 803 afflatu
2732 762 2829 801 suo
2855 740 3034 801 vatum
3060 756 3273 815 pectora
3294 745 3580 814 inspirant,
3609 754 3857 800 extorum

2254 843 2417 899 libras
2442 841 2699 900 animant.
2724 840 2901 894 avium
2944 839 3152 893 volatus
3183 837 3504 906 gubernant,
3552 845 3728 892 sortes
3771 851 3861 891 re-

2253 942 2407 1006 gunt,
2440 935 2654 989 oracula
2684 931 2941 990 efficiunt.
2968 930 3099 985 falsa
3132 930 3278 985 veris
3307 944 3524 999 semper
3559 929 3858 986 involvunt.

2257 1030 2388 1083 Nam
2417 1036 2472 1082 et
2503 1025 2759 1081 falluntur
2783 1034 2838 1078 et
2869 1024 3059 1079 fallunt
3094 1042 3107 1077 :
3146 1023 3306 1077 vitam
3362 1023 3597 1087 turbant,
3645 1037 3865 1079 somnos

2260 1120 2580 1190 inquietant.
2615 1117 2917 1189 Irrepenles
2944 1116 3104 1171 etiam
3160 1115 3211 1169 in
3260 1115 3579 1184 corporibus
3636 1117 3863 1181 occulte,

2260 1222 2472 1269 mentes
2502 1222 2726 1276 terrent,
2756 1211 2995 1266 membra
3025 1210 3461 1278 distorquent....
3482 1216 3541 1263 ut
3564 1207 3631 1262 ad
3662 1210 3867 1263 cultum

2262 1304 2343 1359 sui
2376 1317 2589 1375 c0gant,
2622 1312 2673 1356 ttt
2708 1303 2892 1356 nidore
2919 1301 3165 1355 altarium
3197 1310 3253 1354 et
3283 1299 3428 1368 rogis
3454 1314 3705 1368 pecorum
3731 1298 3871 1368 sagi-

2265 1397 2396 1458 nati.
2424 1396 2664 1450 remissis
2700 1410 2819 1465 quae
2846 1395 3300 1457 constrinxerant,
3330 1406 3553 1449 curasse
3589 1392 3871 1450 videantur

2267 1486 2449 1562 (Cypr.
2484 1487 2606 1540 ibid.
2638 1503 2758 1557 pag.
2792 1485 2901 1555 M).
2944 1504 2963 1538 ι

2338 1578 2597 1631 Minucius
2625 1593 2834 1631 rursum
2864 1577 2932 1631 de
2955 1574 3143 1630 iisdem
3182 1575 3517 1631 dznmonibus
3544 1593 3561 1631 :
3596 1595 3615 1628 t
3664 1578 3751 1633 Sic
3782 1593 3870 1634 oc-

2269 1681 2467 1741 Ctlpztnl
2493 1672 2723 1730 animos.
2755 1678 2816 1725 ut
2838 1683 2963 1725 ante
2982 1684 3079 1725 nos
3108 1670 3365 1740 incipiant
3393 1670 3642 1726 homines
3663 1671 3868 1739 odisse,

630 1771 938 1826 Minucius:
978 1790 995 1823 ‹
1044 1771 1183 1827 Mars
1204 1772 1486 1836 Thracius,
1514 1772 1597 1827 vel
1642 1770 1850 1841 Jupiter
1896 1771 2161 1839 Creticus,
2194 1770 2242 1829 B
2269 1779 2427 1835 quam
2477 1778 2675 1824 nosse;
2728 1777 2798 1816 ne
2846 1762 3090 1830 cognitos
3135 1770 3227 1815 aut
3272 1762 3465 1816 imitari
3510 1763 3735 1833 possim.
3790 1773 3881 1817 aut

561 1866 645 1923 vel
671 1866 808 1921 Juno
860 1880 1000 1921 nunc
1040 1866 1254 1937 Argiva,
1307 1882 1449 1919 nunc
1509 1866 1710 1929 Samia,
1781 1879 1921 1917 nunc
1981 1865 2167 1929 Pmna,

560 1974 703 2014 nunc
759 1958 924 2009 Diana
976 1957 1201 2009 Taurica
1247 1954 1328 2008 vel
1380 1961 1552 2008 mater
1582 1952 1745 2019 Idica,
1790 1955 1872 2009 vel
1920 1954 2169 2026 Egyptia,

566 2048 653 2102 illa
688 2064 791 2100 nott
825 2047 1178 2107 nuntina.sed
1231 2056 1496 2116 portenta.
1534 2065 1553 2098 ι
1588 2046 1890 2117 Cyprianus
1922 2066 1933 2099 :
1979 2067 1997 2099 ι
2034 2048 2173 2103 Mars

562 2138 829 2195 Thracius
850 2138 1125 2207 etJupiter
1153 2138 1417 2203 Creticus,
1449 2148 1501 2191 et
1530 2137 1671 2192 Juno
1718 2138 1805 2194 vel
1848 2139 2048 2209 Argiva
2089 2140 2175 2195 vel

565 2232 745 2288 Samia
780 2234 859 2285 vel
890 2231 1057 2287 Pmaa
1084 2240 1137 2287 et
1168 2232 1330 2285 Diana
1383 2231 1632 2297 Taurica,
1690 2241 1744 2287 et
1791 2233 1955 2287 Deunt
2010 2234 2178 2288 Mater

562 2325 705 2381 Idaea
749 2336 804 2379 et
844 2324 1097 2397 JEgyptia
1126 2332 1395 2395 portenta,
1430 2338 1534 2378 non
1566 2324 1784 2378 numina
1819 2324 2001 2397 (Cypr.
2039 2325 2166 2379 ibid.

568 2434 690 2488 pag.
728 2416 854 2487 15).
894 2435 913 2468 ι

643 2508 905 2563 Minucius
931 2525 945 2561 :
981 2526 999 2559 t
1030 2509 1169 2563 Ante
1197 2523 1312 2573 eos,
1344 2508 1455 2562 Deo
1484 2507 1850 2576 dispensante,
1880 2506 1969 2561 ditt
2020 2523 2181 2578 regna

564 2608 852 2655 tenuerunt
883 2600 1109 2671 Assyrii,
1143 2598 1300 2666 Medi,
1334 2610 1387 2654 et
1444 2601 1642 2663 Persas,
1689 2599 1861 2656 Graeci
1914 2601 2075 2656 etiam
2128 2612 2183 2657 et

570 2692 832 2764 Egyptii.
865 2712 885 2745 ι
930 2693 1274 2763 Cyprianus:
1330 2713 1348 2745 t
1389 2694 1676 2764 Imperium
1723 2704 1847 2750 ante
1892 2706 2183 2752 tenuerunt

572 2795 628 2842 et
658 2786 887 2858 Assyrii,
913 2796 966 2841 ct
996 2786 1153 2852 Medi,
1175 2800 1227 2841 et
1253 2786 1467 2853 Perse;
1496 2798 1551 2843 et
1580 2788 1799 2844 Graecos
1822 2799 1876 2844 et
1902 2788 2185 2861 [Egyptios

574 2894 831 2950 regnasse
863 2882 1212 2950 cognovimus
1256 2879 1437 2951 (Cypr.
1479 2881 1658 2949 ibid.).
1697 2900 1715 2932 ι

648 2971 938 3025 Minucius:
977 2990 996 3023 ‹
1032 2971 1167 3037 Quid
1196 2971 1467 3040 Regulus?
1484 2972 1671 3027 Nonne
1688 2973 1911 3044 auguria
1926 2974 2181 3041 servavit,

572 3074 629 3120 et
666 3076 856 3133 captus
887 3064 1003 3119 est?
1052 3064 1329 3120 Mutcinus
1376 3065 1691 3135 religionem
1735 3067 1923 3129 tenuit.
1975 3076 2029 3122 ct
2074 3067 2174 3121 sub

2276 1854 2533 1910 damnare
2576 1870 2681 1909 non
2715 1854 2939 1923 possint.
2982 1874 2999 1906 ι
3049 1855 3347 1925 Cyprianus
3384 1870 3639 1925 quoque:
3670 1873 3687 1906 t
3744 1854 3876 1911 ilinc

2280 1950 2470 2019 vulgus
2498 1949 2549 2001 in
2578 1948 2758 2002 odium
2792 1946 2961 2003 nostri
2999 1948 3229 2002 nominis
3265 1957 3482 2018 cogunt,
3514 1959 3570 2002 ttt
3606 1964 3703 2002 nos
3734 1949 3881 2002 odis-

2285 2055 2345 2096 sc
2377 2041 2635 2109 incipiant
2691 2041 2934 2096 homines
2970 2049 3256 2109 antequam
3300 2054 3499 2105 nosse;
3545 2056 3611 2094 ne
3638 2042 3883 2109 cognitos

2278 2148 2371 2193 aut
2398 2137 2595 2192 imitari
2624 2137 2865 2209 possint,
2912 2145 3005 2191 aut
3053 2134 3312 2191 damnare
3344 2151 3452 2190 non
3510 2136 3713 2205 possint
3759 2135 3883 2207 (Cy-

2283 2235 2452 2306 prian.
2489 2234 2664 2304 ibid.).
2703 2252 2721 2285 ι

2356 2326 2616 2381 Minucius
2644 2341 2663 2379 :
2708 2344 2726 2377 t
2757 2324 3039 2395 Templum
3084 2322 3227 2393 quod
3273 2322 3358 2389 ei,
3403 2322 3535 2388 Deo,
3581 2329 3883 2389 exstruam,

2286 2432 2409 2472 cum
2443 2427 2586 2472 totus
2629 2417 2714 2472 ltic
2744 2417 2997 2483 mundus,
3052 2418 3169 2484 ejus
3208 2430 3375 2485 opera
3412 2414 3721 2480 fabricatus,
3764 2428 3885 2467 eum

2286 2524 2477 2580 capere
2498 2525 2601 2565 non
2624 2512 2820 2580 possit;
2845 2520 3037 2565 etcum
3062 2509 3223 2562 ltotno
3242 2508 3401 2562 latius
3428 2520 3675 2560 maneam
3694 2548 3706 2569 ,
3749 2506 3885 2559 intra

2292 2618 2451 2657 unam
2478 2604 2757 2658 tediculattt
2782 2603 2889 2657 vim
2920 2612 3079 2657 tanta:
3104 2602 3398 2671 majestatis
3425 2600 3729 2655 includam?
3757 2598 3889 2653 Non-

2291 2711 2359 2751 ne
2382 2696 2574 2750 melins
2612 2697 2662 2749 itt
2697 2706 2877 2750 nostra
2916 2695 3245 2749 dedicandus
3272 2705 3350 2749 est
3384 2704 3584 2759 tuente,
3622 2697 3672 2746 in
3703 2701 3887 2747 nostro

2296 2787 2405 2841 imo
2452 2786 2855 2843 consecrandus
2898 2795 2984 2843 est
3028 2797 3263 2857 pectore.
3313 2804 3331 2837 ι
3381 2783 3679 2857 Cyprianus
3725 2800 3888 2839 vero:

2299 2898 2317 2931 ι
2353 2881 2505 2947 Quod
2530 2882 2785 2949 templum
2816 2882 3014 2936 habere
3048 2880 3213 2949 possit
3241 2880 3402 2943 Deus,
3433 2879 3587 2948 cujus
3622 2880 3887 2948 templum

2296 2983 2442 3031 totus
2472 2986 2555 3030 cst
2584 2974 2849 3029 mundus?
2877 2973 2945 3029 Et
2970 2989 3091 3027 cum
3122 2972 3285 3027 homo
3305 2973 3461 3028 latius
3492 2982 3724 3039 maneat,
3757 2976 3894 3025 intra

2296 3084 2454 3122 unatn
2492 3068 2772 3121 aediculam
2817 3067 2921 3120 vim
2953 3075 3112 3120 tanta?
3153 3064 3449 3135 majestatis
3488 3062 3799 3117 includam?
3839 3062 3897 3116 In

571 3155 759 3228 jugum
800 3159 996 3211 missus
1019 3168 1135 3225 est,
1169 3168 1223 3213 et
1274 3158 1510 3214 deditus.
1546 3158 1728 3214 Pullos
1768 3160 1961 3215 edaces
2007 3161 2191 3216 habuit
2217 3160 2261 3222 C
2296 3170 2476 3216 nostra
2506 3159 2831 3215 dedicandus
2858 3168 2940 3213 est
2973 3168 3174 3223 mente,
3206 3158 3256 3210 itt
3282 3166 3468 3211 nostro
3497 3153 3899 3211 consecrandus

579 3260 635 3307 et
663 3252 861 3305 Paulus
901 3250 1039 3320 apud
1075 3248 1329 3317 Cannas;
1376 3261 1554 3307 tamen
1581 3268 1704 3306 cum
1751 3254 1953 3321 majore
2007 3255 2185 3324 reipu-

582 3343 739 3399 blicae
789 3352 942 3414 parte
982 3354 1282 3415 prostratus
1309 3354 1411 3400 ρει.
1470 3344 1630 3400 Caius
1682 3345 1902 3413 Caesar,
1943 3362 2011 3402 ne
2062 3358 2185 3402 ante

582 3436 828 3491 brumam
878 3437 928 3490 itt
976 3435 1210 3492 Africam
1262 3438 1469 3506 navigia
1516 3440 1921 3505 transmitteret,
1950 3440 2186 3510 auguriis

584 3535 640 3581 et
669 3527 920 3597 auspiciis
950 3529 1326 3596 renitentibus,
1365 3530 1589 3599 sprevit,
1620 3547 1684 3585 eo
1710 3531 1916 3586 facilius
1953 3544 2006 3587 et
2035 3534 2187 3587 navi-

584 3622 727 3691 gavit
751 3630 806 3675 et
836 3622 981 3674 vicit.
1018 3642 1037 3673 ι
1068 3620 1367 3693 Cyprianus
1400 3640 1413 3677 :
1449 3642 1468 3675 ι
1509 3624 1741 3693 Regulus
1787 3627 2021 3695 auspicia
2069 3642 2187 3681 ser-

585 3714 731 3767 vavit
770 3723 825 3767 et
863 3724 1054 3783 captus
1101 3725 1206 3769 est.
1255 3715 1528 3770 Mancinus
1567 3716 1878 3786 religionem
1931 3719 2100 3773 tenuit
2138 3728 2193 3775 et

586 3806 688 3862 sub
714 3806 900 3877 jugttm
930 3811 1123 3862 missus
1156 3819 1275 3864 est:
1309 3819 1364 3864 et
1398 3810 1569 3879 pullos
1615 3811 1807 3866 edaces
1849 3812 2045 3869 Paulus
2094 3816 2189 3867 lta-

586 3898 724 3962 buit,
756 3908 809 3952 et
839 3900 979 3968 apud
1014 3898 1227 3955 Cannas
1255 3910 1432 3957 tamen
1470 3916 1640 3957 caesus
1667 3914 1768 3959 esu
1809 3902 1870 3958 C.
1896 3902 2097 3974 Caesar,
2128 3922 2193 3962 ne

591 3997 715 4043 ante
749 3989 989 4044 brumam
1020 3994 1070 4045 itt
1095 3991 1333 4047 Africam
1383 3994 1589 4063 navigia
1637 3997 2045 4063 transmitteret,
2094 4013 2194 4052 au-

593 4081 762 4150 guriis
785 4092 838 4135 et
864 4085 1120 4153 auSpiciis
1150 4086 1530 4152 renitent'bus,
1564 4091 1787 4158 sprevit,
1814 4100 1867 4145 et
1892 4104 1957 4145 eo
1988 4090 2194 4147 facilius

590 4175 862 4243 navigavit
889 4185 943 4230 et
973 4176 1098 4231 vicit
1128 4176 1309 4249 (Cypr.
1352 4179 1526 4251 ibid.).
1565 4200 1583 4235 ι

663 4266 928 4323 Minucius
971 4268 1038 4325 de
1085 4270 1462 4327 tlzetnonibns:
1514 4292 1531 4325 t
1571 4274 1799 4343 Spiritus
1850 4276 2102 4330 insinceri
2145 4285 2200 4331 et

595 4358 710 4426 vagi
738 4375 765 4409 a
788 4360 995 4414 caelesti
1026 4362 1226 4430 vigore.
1258 4364 1485 4418 terrenis
1510 4364 1715 4419 labibus
1738 4374 1791 4418 et
1820 4366 2199 4431 cupiditatibus

593 4446 1095 4518 degravati....Non
1128 4452 1374 4506 desinunt
1402 4455 1592 4524 perditi
1613 4454 1721 4523 jam
1755 4456 2000 4525 perdere,
2033 4459 2201 4513 etde-

2289 3264 2369 3309 est
2422 3262 2638 3323 pectore
2672 3249 2851 3322 (Cypr.
2885 3250 3009 3303 ibid.
3045 3266 3164 3320 pag.
3198 3249 3307 3317 15).
3347 3267 3366 3299 ι

2362 3346 2483 3401 Alia
2525 3345 2699 3400 adhuc
2741 3345 2791 3397 in
2836 3344 2937 3399 hoc
2976 3344 3189 3397 Minucii
3223 3342 3361 3396 libro
3404 3350 3720 3406 occurrunt,
3776 3356 3901 3411 qua:

2290 3439 2505 3511 quidem
2545 3440 2625 3493 bis
2652 3438 2869 3500 similia,
2914 3454 3032 3507 quae
3076 3438 3375 3509 Cyprianus
3409 3438 3489 3492 vel
3522 3436 3575 3491 in
3608 3438 3760 3501 libro,
3785 3436 3901 3505 jant

2292 3548 2321 3585 a
2365 3533 2518 3586 nobis
2557 3532 2753 3601 sarpius
2779 3532 2965 3597 citato,
3000 3532 3080 3585 vel
3112 3534 3165 3585 in
3193 3533 3304 3585 suis
3339 3530 3408 3583 ad
3450 3530 3699 3584 Donatum
3726 3540 3771 3583 ει
3795 3528 3904 3582 De-

2299 3626 2598 3678 utetriamtm
2634 3623 2805 3687 libris,
2858 3632 2913 3677 et
2956 3624 3081 3677 alibi
3124 3623 3356 3691 scripsit.
3400 3638 3521 3691 qua:
3567 3636 3701 3675 nunc
3750 3631 3903 3678 tran-

2298 3717 2538 3772 scribere
2568 3717 2773 3786 longius
2824 3715 2976 3771 foret.
3031 3715 3388 3782 Quamobrem
3416 3716 3525 3782 illa,
3559 3714 3646 3769 ubi
3677 3713 3743 3769 ad
3774 3729 3907 3770 con-

2297 3810 2613 3864 firmandam
2657 3809 2892 3865 auctoris
2928 3810 3095 3864 nostri
3139 3811 3463 3867 sentcntiam
3494 3825 3626 3880 opus
3656 3810 3784 3877 erit,
3818 3812 3907 3865 itt-

2300 3892 2466 3958 l'crius
2500 3902 2856 3974 proferemus.

2372 3998 2441 4049 At
2489 3998 2681 4050 mirum
2721 3995 2857 4049 baud
2888 3995 3048 4051 dubie
3093 3995 3359 4051 videbitur
3396 3994 3743 4067 Cyprianum,
3796 4005 3908 4051 tant

2300 4086 2561 4142 disertum
2594 4087 2969 4154 eruditumque
2996 4089 3195 4152 virum,
3226 4096 3304 4142 tot
3343 4090 3499 4142 unius
3529 4089 3716 4153 libelli,
3749 4104 3777 4142 a
3808 4089 3913 4143 Mi-

2301 4181 2459 4235 nucio
2489 4180 2794 4249 compositi,
2845 4181 2955 4236 loca
2985 4180 3053 4235 de
3094 4180 3257 4235 verbo
3302 4181 3655 4251 exscripsisse
3684 4182 3750 4237 ad
3781 4198 3913 4237 ver-

2310 4273 2453 4328 bum.
2512 4274 2732 4328 Plurimi
2772 4275 2947 4343 itaque
2990 4290 3145 4329 suum
3191 4276 3242 4329 in
3281 4276 3517 4330 animum
3560 4276 3711 4331 facile
3745 4277 3916 4332 ittdtt-

2303 4374 2427 4421 cent
2471 4365 2753 4420 Minucium
2772 4381 2836 4421 ex
2866 4366 3136 4438 Cypriane
3164 4366 3359 4436 potius,
3391 4383 3552 4436 quam
3575 4365 3920 4439 Cyprianum

2303 4472 2367 4513 ex
2393 4458 2621 4513 Minucio
2641 4472 2735 4512 sua
2761 4473 2880 4513 esse
2902 4468 3217 4513 mutuatum.
3241 4458 3344 4513 Sed
3364 4458 3409 4513 si
3429 4460 3687 4515 Minucius
3712 4462 3923 4515 librum

594 4543 803 4609 pravati
852 4556 1092 4596 errorem
1144 4546 1419 4613 pravitatis
1464 4547 1769 4604 infundere.
1812 4571 1830 4602 ι
1897 4550 2201 4623 Cyprianus
2227 4550 2279 4611 D
2307 4565 2461 4604 suum
2491 4550 2562 4603 uti
2590 4549 2695 4617 jam
2732 4549 3082 4615 ostendimus,
3116 4551 3260 4619 prior
3289 4549 3475 4616 edidit,
3507 4567 3610 4604 non
3644 4553 3732 4606 ille
3760 4564 3929 4608 certe

596 4630 760 4684 simili
791 4634 952 4687 modo
982 4651 996 4690 :
1029 4637 1262 4706 Spiritus
1285 4639 1539 4695 insinceri
1588 4651 1642 4697 et
1684 4646 1821 4715 vagi,
1866 4646 1952 4715 qui
1988 4656 2199 4715 postea-

600 4745 763 4805 quam
794 4730 1020 4785 terrenis
1048 4730 1193 4786 vitiis
1223 4734 1458 4788 immersi
1481 4745 1626 4800 sunt,
1656 4746 1708 4791 et
1730 4753 1757 4789 a
1791 4739 1973 4809 vigore
1997 4740 2204 4795 caelesti

600 4838 819 4882 terreno
848 4826 1095 4896 contagio
1146 4832 1525 4891 recesserunt,‘
1555 4844 1660 4884 non
1716 4831 1965 4885 desinunt
2014 4835 2207 4903 perditi

599 4918 850 4990 perdere.
897 4926 952 4971 et
1010 4917 1279 4986 depravati
1321 4934 1557 4975 errorem
1609 4923 1884 4991 pravitatis
1928 4924 2210 4981 infundere

598 5011 795 5083 (Cypr.
831 5009 1014 5083 ibid).
1056 5029 1074 5063 ι

668 5104 930 5159 Minucius
968 5104 1035 5159 de
1080 5105 1268 5160 iisdem
1330 5105 1550 5162 adhuc:
1599 5126 1615 5159 t
1650 5107 1741 5162 1in
1796 5108 1955 5178 igitur
2014 5110 2209 5180 impttri

595 5198 912 5268 spiritum...
932 5196 1033 5250 sub
1056 5198 1246 5252 statuis
1278 5207 1330 5253 et
1352 5200 1671 5270 imaginibus
1688 5203 1985 5256 consecrati
2014 5202 2207 5259 delite-

596 5301 777 5359 scunt,
820 5300 875 5347 et
918 5292 1101 5348 afllatu
1150 5308 1316 5348 suo...
1348 5293 1679 5362 inspirantur
1720 5297 2023 5352 vatibus....
2056 5297 2207 5353 Non.

596 5400 891 5454 numquam
952 5394 1197 5440 extorum
1251 5386 1410 5440 libras
1452 5386 1715 5452 animant,
1770 5388 1947 5443 avium
1995 5390 2206 5445 volatus

596 5477 918 5549 gubernant,
947 5490 1122 5533 sortes
1162 5488 1371 5551 regunt,
1405 5480 1620 5534 oracula
1648 5479 1888 5535 efficiunt
1911 5482 2057 5537 falsis
2082 5484 2203 5554 plu-

588 5572 741 5627 ribus
770 5570 1025 5625 involuta.
1071 5570 1204 5628 Nam
1251 5580 1303 5628 et
1343 5570 1596 5627 falluntur
1625 5583 1677 5627 et
1725 5573 2008 5630 fallunt....
2041 5575 2203 5630 vitam

590 5662 828 5723 turbant.
859 5676 1078 5721 somnos
1110 5663 1435 5741 inquietant,
1464 5666 1765 5733 irrepentes
1782 5665 1941 5722 etiam
1964 5669 2207 5735 corpori-

579 5751 679 5805 bus
708 5756 1010 5815 περιίδω.
1042 5760 1263 5824 terrent
1296 5769 1524 5821 mentes,
1562 5764 1804 5821 membra
1836 5759 2207 5829 distorquent;

2308 4656 2372 4696 ex
2426 4642 2712 4712 Cypriano,
2738 4642 2830 4695 sed
2856 4640 3150 4713 Cyprianus
3206 4657 3271 4696 ex
3329 4641 3421 4697 illo
3469 4658 3563 4697 sua
3589 4641 3927 4712 desumpsit.

2309 4734 2445 4802 Quid
2496 4750 2647 4800 vero,
2674 4735 2813 4804 quod
2842 4749 2941 4789 nec
2966 4735 3130 4789 inlitni
3175 4748 3273 4789 nec
3300 4736 3510 4789 obscuri
3555 4736 3652 4788 fuit
3675 4737 3934 4792 nominis

2312 4827 2570 4882 Minucius
2593 4839 2801 4894 noster;
2850 4830 3045 4899 quippe
3086 4843 3245 4899 quem
3278 4828 3582 4883 Lactantius
3607 4828 3935 4887 eruditione

2311 4919 2453 4974 haud
2476 4920 2732 4974 mediocri
2753 4920 3051 4989 prtutlitum,
3071 4930 3121 4973 et
3138 4921 3421 4989 insignem,
3451 4921 3523 4973 uti
3549 4934 3705 4988 supra
3722 4922 3937 4976 oltsvr-

2312 5022 2492 5067 vatum
2524 5022 2625 5079 est,
2656 5013 2979 5067 causidicum
3026 5014 3277 5083 appellat,
3325 5024 3485 5083 atque
3509 5030 3576 5067 ex
3609 5014 3726 5082 ejus
3768 5014 3939 5070 libro

2311 5106 2700 5178 plurabaurire
2720 5123 2824 5163 non
2841 5107 3119 5163 dubitavit.
3150 5106 3345 5176 Quidni
3368 5124 3495 5179 ergo
3507 5119 3561 5164 et
3577 5108 3892 5179 Cyprianus
3912 5112 3942 5165 ἓ
