4248 6264
437 280 546 334 409

1068 393 1298 454 CAPUT
1334 393 1418 452 Ill.

437 572 598 617 NOV}:
649 571 700 611 IN
748 570 948 612 IINUCII
986 569 1190 610 FELICIS
1246 571 1439 610 ιιιιιιυιι
1500 569 1942 622 ΛΝΝοτΑτιοΝεες
1978 570 2042 610 AC

511 666 671 709 PRIMO
701 664 1086 704 EXPENDUNTUR
1123 664 1462 714 ABGUIENTA,
1501 663 1686 714 QUIBUS
1721 664 1863 704 DEUM
1893 663 2041 704 EXIS'

445 808 455 815 _
513 758 652 800 TERE
681 757 934 799 ειεειιιυε
962 757 1160 808 NEGA'I',
1189 757 1256 796 ΕΤ
1286 757 1490 795 PROBA'I’
1521 755 1807 798 OCTAVIUS:

971 890 1260 930 ABTICULUS
1291 889 1502 930 PRIMUS.

444 1012 581 1083 Quid
615 1021 658 1066 et
688 1011 943 1084 quomodo
979 1012 1031 1064 in
1062 1010 1140 1066 Itis
1170 1011 1302 1063 notis
1330 1019 1527 1079 agetur,
1569 1025 1629 1062 ac
1672 1010 1835 1078 primo
1868 1011 2036 1081 inqui-

517 1108 646 1158 ritur
705 1115 875 1159 utrum
947 1102 1224 1160 Christiani
1270 1102 1332 1156 ab
1365 1103 1460 1156 Itac
1517 1101 1856 1172 disputatione
1914 1106 2036 1176 reji-

505 1197 698 1254 cieudi.

505 1353 671 1416 Nihil,
705 1363 764 1408 ut
793 1355 904 1423 jam
945 1353 1196 1420 diximus,
1241 1363 1354 1409 toto
1386 1353 1485 1412 hoc
1525 1355 1741 1411 Minucii
1776 1357 1827 1410 in
1870 1355 2029 1425 libro,

431 1449 476 1504 si
499 1448 801 1520 prologum,
837 1458 890 1504 et
920 1448 1212 1519 epilogum,
1241 1458 1400 1520 atque
1430 1451 1670 1522 ejusdem
1700 1451 1912 1522 Minucii
1941 1452 2028 1518 ju-

431 1540 630 1596 dicium
661 1519 958 1610 exceperis,
1007 1540 1149 1594 aliud
1190 1543 1442 1609 occurrit,
1486 1543 1587 1598 nisi
1645 1543 1838 1599 Caecilii
1869 1519 2030 1599 Ceta-

431 1634 614 1704 viique
657 1634 980 1704 disputatio;
1011 1650 1113 1705 qua
1145 1635 1234 1690 ille
1263 1635 1620 1705 ethnicormn,
1656 1637 1744 1693 hic
1764 1637 2027 1694 Christia-

430 1741 623 1782 norum
653 1727 964 1791 religionem
989 1729 1241 1784 omnibus
1263 1731 1460 1801 ingenii
1490 1733 1568 1786 sui
1598 1733 1799 1787 viribus
1832 1750 2027 1806 propu-

1841 279 2312 337 DISSERTATIO.
2355 280 2364 332 ἰ

2071 407 2124 466 Α
2153 396 2592 467 imperitioribus,
2639 406 2695 456 et.
2731 399 3044 458 mulieribus
3073 415 3233 458 sexus
3262 403 3346 459 sui
3394 403 3643 462 facilitate
3673 406 3747 463 la-

3643 290 3750 350 M0

2149 491 2432 556 bentibos.
2487 495 2694 564 plebem
2731 497 2964 566 profana:
3008 498 3394 569 conjnrationis
3435 500 3743 566 instituunt,

2147 587 2438 642 actaudem
2490 587 2778 652 latebrosa,
2829 591 3019 659 inquit.
3070 600 3123 647 et
3173 593 3444 666 lucifugax
3493 595 3638 650 natio
3692 594 3745 651 in

2146 678 2420 749 publicum
2454 692 2619 748 muta,
2663 683 2712 738 in
2743 683 2952 752 angulis
2992 685 3224 757 garrula.
3262 705 3280 740 ι

2214 789 2398 861 Neque
2451 809 2609 861 porro
2677 794 2922 851 Caecilius
2980 797 3126 852 solus
3192 799 3331 856 hanc
3389 799 3741 870 Christianis,

2143 883 2383 938 ultimam
2434 885 2706 942 hominum
2757 892 3026 957 onmium,
3081 895 3409 960 rusticitate,
3467 907 3522 952 et
3569 899 3741 967 impe-

2138 979 2258 1033 ritia
2293 990 2707 1048 postremorutn,
2759 985 3119 1044 conditionem
3165 991 3530 1059 exprobravit.
3608 992 3739 1048 Nam

2148 1069 2337 1127 Celsus
2403 1085 2458 1128 et
2528 1076 2754 1146 ipsemet
2802 1080 3050 1135 ethnicus
3112 1081 3254 1151 apud
3325 1083 3610 1154 Origenetn
3686 1085 3740 1140 in

2139 1183 2267 1233 eos,
2320 1179 2588 1240 tamquam
2642 1172 2928 1230 vilissimos
2975 1177 3323 1248 omniumque
3371 1178 3614 1245 infimos,
3659 1181 3742 1235 ni-

2139 1261 2324 1331 hilque
2373 1265 2475 1318 nisi
2537 1281 2716 1320 coram
2777 1270 2991 1336 pueris,
3067 1273 3398 1328 mulierculis
3465 1282 3521 1329 et
3582 1274 3741 1330 fatuis

2135 1355 2332 1411 docere
2395 1357 2595 1424 aliquid
2657 1361 2945 1430 audentes,
2999 1365 3077 1419 sic
3151 1366 3420 1422 invehitur
3478 1385 3491 1422 :
3547 1359 3740 1441 ὀρῶμεῦ

2135 1451 2192 1510 δὴ
2244 1457 2332 1505 ποῦ
2390 1457 2474 1504 rati
2537 1462 2643 1514 τοὺς
2695 1462 2740 1509 ἰν
2793 1461 2900 1519 ταῖς
2952 1463 3149 1529 ἀγοραῖς
3206 1465 3563 1532 ἔπιρῥητὸταιτιι
3626 1469 3736 1516 ὄπι-

2133 1545 2451 1610 δεικνυμενους
2470 1585 2484 1603 .
2515 1557 2596 1600 aiat!
2624 1553 2920 1618 ἀγείροντις,
2947 1555 3013 1612 εἶς
3039 1561 3124 1617 μὲν
3159 1563 3388 1624 ς’ρονίμων
3417 1557 3594 1625 ἀνδρῶν
3621 1557 3738 1608 σὺλο

2134 1642 2262 1704 λογον
2299 1640 2379 1690 οὒκ
2405 1642 2462 1689 ἄν
2488 1662 2604 1693 ποτε
2634 1643 2972 1710 παρελθόντας,
3012 1643 3109 1698 οὐδ’
3144 1651 3190 1699 ἐν
3223 1650 3404 1708 τούτοις
3446 1653 3513 1700 τὰ
3561 1653 3740 1702 ictu-risv

2131 1735 2584 1794 κατατολμνξσαντας
2625 1735 2929 1787 (maximiani:
2955 1749 2965 1762 ‘
2999 1741 3106 1786 ενοι
3147 1735 3187 1787 δ’
3216 1738 3271 1788 ἂν
3300 1742 3442 1806 ὁρῶσι
3480 1744 3732 1808 μειράκια,

431 1836 602 1890 gnare
628 1836 689 1875 ac
714 1823 846 1876 tueri
870 1823 1234 1878 connituntnr.
1259 1824 1361 1878 Sed
1392 1826 1667 1896 utriusque
1688 1840 2018 1897 argumenta,

2128 1820 2208 1868 καὶ
2263 1823 2529 1886 οἰκοτρίϐων
2578 1828 2736 1887 ὄχλον,
2769 1827 2853 1876 καὶ
2891 1827 3102 1886 ἀνοητων
3151 1831 3405 1898 ἀνθρώπων
3432 1835 3599 1897 ὅμιλον
3659 1838 3733 1884 ἰν-

430 1927 496 1968 ac
526 1914 859 1983 potissimum
877 1913 1077 1969 Octavii
1100 1915 1164 1970 ad
1185 1917 1392 1986 iniquas
1410 1915 1605 1972 Cmcilii
1623 1919 2024 1976 criminationes

429 2018 714 2073 reSpons:t,
760 2006 914 2076 longo
943 2021 1254 2062 sermonum
1299 2009 1582 2064 intervallo
1631 2025 1659 2063 a
1701 2025 1759 2065 se
1798 2012 2023 2066 invicem

426 2106 692 2168 separata,
736 2099 950 2154 lectoris
1003 2110 1236 2156 mentem
1285 2102 1353 2156 ita
1403 2103 1715 2172 perturbare
1766 2115 2022 2174 possunt;

424 2199 481 2242 ut
524 2189 735 2244 illorum
766 2191 868 2245 vim
894 2201 946 2246 et
979 2192 1204 2261 pondus,
1237 2194 1336 2249 nisi
1371 2194 1563 2250 iterum
1596 2197 1896 2268 iterumque
1927 2213 2021 2254 ea-

425 2280 546 2336 dem
577 2281 717 2351 legat
745 2293 800 2338 et
843 2283 1064 2354 relegat,
1109 2286 1195 2340 vix
1225 2286 1395 2355 possit
1418 2288 1741 2358 perspicere.
1793 2289 1874 2345 Ad
1905 2289 2019 2346 haec

424 2387 571 2439 vero,
609 2375 757 2444 plura
790 2377 840 2430 in
873 2377 953 2432 eis
975 2377 1199 2432 strictim
1227 2380 1640 2450 summatimqne
1661 2382 2020 2450 attinguntur,

424 2480 542 2536 qure
574 2470 781 2522 tametsi
812 2468 1021 2524 Minucii
1054 2480 1292 2541 tempore
1329 2481 1511 2527 essent
1546 2473 1688 2528 clara
1725 2483 1774 2528 et
1808 2477 2020 2546 ρει-δρία

423 2572 542 2623 cna,
593 2561 776 2615 multis
814 2561 922 2630 jam
950 2562 1178 2618 obscura
1218 2572 1359 2629 sunt,
1405 2573 1566 2636 atque
1595 2566 1793 2623 idcirco
1823 2567 2022 2624 debent

421 2665 451 2707 ιι
476 2653 626 2708 nobis
657 2655 934 2722 explicari.

491 2744 846 2813 Quamobrem
891 2748 989 2802 tria
1022 2749 1220 2804 nostris
1263 2751 1313 2804 in
1356 2750 1820 2808 observationibus
1848 2769 2013 2822 praes-

422 2837 578 2891 tanda
601 2852 719 2893 esse
736 2841 1043 2895 censuimus
1091 2842 1267 2896 Primo
1299 2842 1511 2912 quidem
1550 2845 1823 2910 quodlibet
1850 2846 2018 2901 Caeci-

422 2927 478 2982 lii
508 2940 898 2999 argumentum,
945 2945 996 2988 et
1029 2934 1230 2989 Octavii
1271 2935 1336 2990 ad
1380 2936 1504 2990 illttd
1538 2939 1916 3007 responsiones
1955 2955 2017 2995 ac

421 3023 831 3090 confutationes,
877 3039 906 3078 a
933 3041 992 3080 se
1024 3025 1249 3081 invicem
1288 3029 1580 3097 seiunctas,
1623 3030 1782 3084 simul
1812 3041 1862 3084 et
1886 3046 2015 3086 con-

417 3111 640 3184 junctim
685 3131 1044 3185 proponemus
1075 3120 1624 3192 examinabitnusqtte.
1659 3123 1906 3179 Secundo
1928 3139 2016 3178 os-

2124 1915 2278 1964 τιιῧθοι
2327 1917 2609 1978 ὠθουμένοῦς
2669 1936 2738 1970 τε.
2807 1920 2886 1966 καὶ
2959 1924 3418 1983 καλλωπιζομένους.
3473 1939 3491 1972 ι
3545 1921 3735 1976 CCI‘III-

2128 2017 2247 2058 mus
2322 2014 2467 2060 certe
2535 2013 2589 2060 et
2656 2006 3109 2062 circumforaneos
3185 2007 3316 2061 istos
3387 2008 3734 2064 circulatores

2126 2103 2398 2150 ostentare
2461 2096 2557 2151 ista
2625 2099 2782 2168 vulgo
2839 2099 3222 2166 jactatissima,
3280 2114 3384 2154 non
3424 2099 3562 2170 apud
3625 2115 3734 2156 caa-

2127 2195 2212 2241 tus
2244 2186 2520 2243 hominum
2570 2189 2937 2260 prudentium,
2980 2192 3121 2262 quod
3154 2192 3204 2246 id
3247 2207 3582 2264 nequaquam
3633 2208 3732 2247 att-

2126 2277 2323 2345 deant,
2400 2279 2494 2334 sed
2567 2281 2888 2352 ubicumque
2963 2283 3474 2347 animadverterint,
3543 2284 3732 2341 adole-

2124 2379 2372 2424 scentum
2431 2371 2892 2439 mediastinorum,
2948 2383 3003 2430 et
3060 2376 3323 2430 fatuornnt
3393 2376 3606 2432 turbam
3668 2393 3733 2433 eo

2123 2475 2183 2516 se
2223 2461 2486 2531 ingerere.
2527 2466 2710 2536 ibique
2757 2483 2818 2522 se
2860 2467 3160 2523 venditare.
3203 2488 3221 2521 ›
3262 2469 3327 2524 Ει
3366 2471 3524 2540 paulo
3565 2481 3718 2541 post:

2121 2547 2316 2624 ὁρῶμεν
2342 2558 2425 2607 καὶ
2465 2563 2590 2612 κατ-ἆ.
2618 2562 2703 2620 τὰς
2735 2561 2859 2617 ἰδίας
2889 2566 3042 2620 aluta;
3067 2569 3350 2628 ἕριουργοὺς,
3392 2575 3474 2614 καὶ
3501 2569 3731 2617 σκυτοτόο

2123 2669 2261 2714 μους,
2289 2653 2372 2700 καὶ
2388 2653 2592 2720 κναφεῖς,
2611 2660 2691 2702 καὶ
2705 2659 2808 2705 τοὺς
2824 2653 3264 2711 ἀπαιδςυτοτᾶτοὺς
3277 2675 3326 2704 τε
3344 2674 3406 2704 κα.
3427 2653 3703 2721 ὶᾶγροιδιοτά
3718 2678 3734 2690 -

2120 2763 2245 2802 τους.
2275 2749 2476 2795 ivx-artior
2497 2753 2581 2809 μὲν
2602 2755 2692 2799 τῶν
2722 2752 3057 2814 πρεσϐυτέρων,
3089 2747 3171 2798 καὶ
3196 2751 3546 2814 φρονιμωτξρων
3569 2748 3734 2798 δεσπο-

2121 2849 2212 2898 τῶν
2238 2837 2364 2887 οὗδίν
2388 2839 2664 2905 φοέγκεσθοιι
2686 2844 2956 2902 τολμῶντας
2977 2850 2991 2864 ⁶
3017 2840 3208 2890 ἐπειδὰν
3231 2841 3279 2889 δὲ
3309 2854 3398 2892 τῶν
3425 2842 3606 2892 παίδων
3633 2841 3733 2905 ἰδίᾳ

2120 2930 2376 2982 λάϐωνται.
2411 2930 2494 2981 καὶ
2522 2938 2751 2994 virm/nata
2791 2945 2929 2983 τινῶν
2971 2937 3050 2982 σὺν
3089 2932 3252 2989 dinei;
3275 2931 3331 2982 ἂν
3355 2934 3582 2992 ἁιοτζτων,
3610 2935 3730 2983 θοώ-

2115 3017 2250 3084 μαιᾱδ
2281 3024 2406 3074 ἄττα
2433 3022 2708 3084 διεξιόντες,
2741 3028 2799 3082 ὼς
2843 3025 2896 3074 οὗ
2945 3031 3039 3091 χρίι
3070 3030 3314 3092 προσέχειν
3356 3032 3421 3090 τῷ
3464 3024 3612 3092 πατρὶ
3643 3027 3726 3074 καὶ

2115 3115 2214 3170 τοῖς
2241 3113 2567 3177 διδασκάλοις,
2616 3122 2745 3183 cpia:
2779 3115 2828 3165 δὲ
2865 3119 3132 3167 πειθεσοαιι.
3169 3132 3188 3165 ι
3225 3111 3419 3167 Videre
3449 3113 3571 3168 licet
3600 3113 3732 3167 lani-

421 3205 690 3259 tentlimus
717 3209 840 3276 quid
875 3208 923 3261 in
973 3209 1048 3262 eis
1081 3208 1315 3276 firmum,
1349 3221 1440 3266 aut
1475 3214 1786 3280 invalidum,
1833 3231 2018 3270 verum

2128 3203 2286 3265 ficos,
2345 3214 2577 3264 sutores.
2619 3203 2851 3258 fullones
2882 3206 2934 3258 in
2981 3205 3093 3260 suis
3143 3205 3375 3270 aedibus,
3429 3216 3484 3261 et
3508 3206 3728 3262 illitera-

420 3307 515 3352 aut
553 3299 740 3354 falsum
771 3303 862 3354 sit.
920 3302 1102 3358 Tertio
1146 3321 1264 3374 qua:
1296 3307 1532 3363 strictius
1559 3319 1612 3363 et
1641 3311 2022 3380 compressius,

420 3392 502 3447 vel
531 3393 812 3447 obscurius
839 3394 977 3448 dicta
1008 3406 1152 3460 sunt,
1201 3398 1490 3465 exitlanare
1506 3401 1839 3456 conabimur.

493 3483 679 3539 Priore
706 3495 884 3540 autem
916 3498 1102 3542 contra
1133 3488 1468 3546 Christianos
1498 3505 1813 3563 argumento
1851 3492 2021 3550 Carci-

417 3579 521 3635 lius
566 3583 841 3638 contendit
888 3599 982 3638 eos
1030 3584 1095 3637 ad
1139 3584 1276 3639 hanc
1321 3585 1388 3639 de
1445 3587 1548 3643 diis
1595 3589 2020 3658 disputationem

421 3673 570 3727 nullo
616 3689 832 3742 prorsus
864 3676 1024 3729 modo
1061 3677 1420 3734 admittendos
1454 3696 1591 3748 esse,
1647 3690 1700 3736 ct
1729 3698 1758 3736 a
1809 3685 2023 3740 nemine

422 3763 738 3818 audiendos.
792 3765 952 3821 Suam
983 3784 1110 3823 vero
1152 3773 1668 3839 argumentationem
1708 3774 1826 3829 duci
1865 3791 2022 3844 posse

431 3856 725 3911 arbitratur
745 3873 808 3912 ex
840 3858 1034 3929 duplici
1063 3861 1376 3918 eornmdcm
1436 3863 1860 3920 Christianorum
1889 3883 2018 3922 con-

426 3947 652 4017 ditione,
705 3969 927 4020 quarum
969 3955 1130 4010 altera
1181 3956 1309 4027 ipsis
1351 3948 1655 4025 peculiaris,
1699 3958 1864 4013 altera
1898 3976 2018 4014 cum

418 4044 634 4096 caneris
662 4043 968 4100 hominibus
1018 4048 1318 4102 communis
1349 4057 1481 4103 erat.
1516 4049 1620 4103 Eos
1647 4050 1791 4104 enim
1843 4066 1904 4106 ex
1940 4053 2019 4106 ul-

420 4135 548 4187 tima
580 4135 749 4206 plebis
798 4138 926 4193 iit-ce
975 4139 1235 4194 collectos
1283 4140 1440 4205 dicit,
1487 4142 1678 4196 artium
1720 4142 2018 4200 liberalium

416 4224 624 4294 penitus
647 4239 914 4297 expertes,
943 4229 1249 4285 illitteratus
1279 4231 1524 4287 indoctos
1580 4233 1758 4302 plane,
1800 4249 1862 4288 ac
1893 4235 2019 4291 idio-

417 4324 517 4380 tas,
551 4326 708 4389 atque
741 4320 940 4375 idcirco
989 4323 1210 4377 omnino
1239 4324 1487 4395 indignos
1520 4324 1610 4394 qui
1645 4343 1662 4377 ι
1700 4325 1766 4380 de
1807 4340 2016 4382 summa

415 4423 615 4474 rerum,
647 4427 706 4465 ac
735 4413 1015 4481 majestate
1050 4433 1069 4466 ι
1106 4415 1154 4469 id
1187 4424 1290 4482 est,
1328 4418 1394 4472 de
1424 4417 1554 4485 Deo,
1598 4427 1772 4472 utrum
1800 4421 2012 4485 existat,

414 4514 476 4555 ac
505 4502 622 4573 quis
652 4504 893 4572 qualisve
933 4507 1019 4570 sit,
1060 4507 1395 4578 dISpntantes
1438 4525 1501 4564 ac
1527 4510 1878 4568 decernentes
1918 4529 2012 4568 au-

2134 3296 2398 3351 tissimum
2422 3313 2687 3367 quemque
2703 3306 2758 3353 et
2783 3299 3193 3354 rusticissimum
3222 3315 3402 3354 coram
3428 3300 3729 3355 senioribus

2127 3398 2182 3443 et
2221 3389 2654 3456 prudentioribus
2681 3389 3154 3461 patribusfamilias
3184 3391 3318 3446 nihil
3347 3391 3548 3447 audere
3602 3407 3728 3463 pro-

2128 3482 2292 3554 loqui.
2347 3482 2442 3538 Ubi
2473 3498 2600 3538 vero
2626 3499 2847 3540 seorsun
2877 3486 3014 3540 nacti
3049 3486 3245 3541 fuerint
3287 3501 3482 3556 pueros
3515 3500 3724 3553 eorum,

2126 3585 2183 3630 et
2233 3576 2580 3632 mulierculas
2634 3578 2931 3648 imperitas,
2986 3579 3119 3633 mira
3161 3581 3405 3650 quaedam
3436 3580 3722 3643 disserere,

2126 3684 2232 3723 non
2277 3685 2399 3723 esse
2440 3669 2737 3725 audiendos
2787 3680 3042 3741 parentes
3085 3685 3148 3725 ac
3198 3684 3577 3742 prmceptores,
3632 3671 3726 3726 sed

2126 3761 2223 3815 sibi
2256 3760 2582 3816 credendum
2615 3761 2852 3834 (Origen.
2887 3764 2975 3818 lib.
3006 3780 3085 3832 tu,
3126 3773 3305 3820 contra
3337 3763 3566 3833 Celsum,
3601 3780 3724 3836 pag.

2125 3852 2249 3910 ιιι,
2283 3853 2406 3915 ιιι,
2441 3853 2492 3907 in
2520 3853 2600 3924 ιο)
2638 3894 2650 3907 .

2195 3944 2529 4016 Quapropter
2573 3945 2864 4014 Gregorius
2911 3947 3278 4003 Nazianzenus
3323 3948 3395 4003 ita
3449 3947 3724 4004 Iulianum

2123 4035 2436 4105 Apostatam
2490 4037 2871 4105 imperatorem
2921 4038 3108 4092 irridet
3145 4057 3158 4094 :
3195 4057 3213 4090 ι
3247 4039 3339 4094 Ηειξ
3369 4050 3592 4106 nestrw,
3625 4041 3728 4095 hoc

2122 4137 2236 4194 est,
2287 4127 2649 4183 Gallilzeorum
2708 4128 2790 4184 hic
2815 4138 3245 4198 contemptorum
3296 4141 3348 4185 et
3394 4131 3722 4199 abjectortttn

2130 4217 2408 4274 hominum
2442 4221 2797 4276 narrationes.
2847 4221 2972 4276 Haec
3002 4236 3120 4282 nos,
3169 4222 3257 4292 qui
3289 4219 3560 4276 Christum
3589 4221 3722 4277 ado-

2121 4327 2320 4367 ramus.
2354 4313 2477 4368 Ha'c
2504 4314 2849 4383 piscatorum,
2876 4323 2930 4370 et
2959 4323 3018 4368 ul.
3044 4314 3324 4386 ipsiaittnl,
3357 4313 3722 4383 imperitorum

2120 4406 2388 4474 discipuli.
2423 4407 2549 4462 Haec
2577 4423 2697 4473 nos,
2730 4408 2819 4478 qui
2850 4423 2970 4462 cum
2999 4407 3192 4462 vetulis
3217 4407 3468 4463 sedemus
3498 4419 3547 4461 et
3583 4407 3724 4478 psal-

2135 4501 2314 4554 limus.
2367 4500 2494 4556 Ha'e
2539 4517 2638 4556 nos
2661 4502 2828 4572 longis
2843 4501 3063 4572 jejuniis
3107 4499 3336 4556 eonfeCti
3375 4510 3429 4556 et
3473 4500 3724 4556 semiani-

423 4591 652 4648 diantnr.
677 4595 812 4664 Quid
843 4614 990 4665 vero,
1015 4601 1153 4670 quod
1184 4617 1286 4656 non
1313 4602 1471 4657 modo
1499 4603 1772 4675 indignum
1801 4615 1900 4673 est,
1927 4607 2018 4662 sed

2129 4608 2264 4649 mes.
2291 4593 2415 4647 Haec
2437 4609 2556 4660 nos,
2575 4594 2662 4665 qui
2690 4593 2887 4649 frustra
2921 4593 3221 4664 vigilamus.
3251 4601 3413 4662 atque
3439 4593 3490 4648 in
3515 4601 3726 4647 noctur-

418 4684 598 4747 etiam,
636 4700 692 4742 ιιι
727 4691 921 4759 ipseai:
965 4709 982 4742 ι
1021 4692 1401 4761 indignandinn
1443 4713 1460 4747 ι
1508 4695 1876 4766 hujuscemodi
1917 4698 2013 4752 ho-

419 4779 573 4832 nincs
613 4795 677 4835 eo
705 4782 984 4839 devenisse
1017 4786 1280 4850 audaciae,
1323 4799 1376 4842 ut
1405 4790 1534 4843 certi
1574 4791 1770 4859 aliquid
1800 4791 1867 4845 de
1901 4792 2012 4846 Deo

416 4872 763 4940 constituant,
797 4875 864 4931 de
903 4891 1009 4947 quo
1060 4879 1501 4948 pltllttSOphm‘Ulti
1549 4880 1846 4936 doctiSsimi
1880 4882 2012 4936 nihil

415 4961 675 5020 hactenus
723 4974 960 5023 statuere
1001 4970 1116 5024 ausi
1144 4969 1410 5026 fuis-ent?
1439 4973 1603 5028 Visne
1641 4975 1872 5044 ipsamet
1918 4976 2012 5030 tibi

385 5058 641 5135 proferri
677 5057 874 5114 Caicilii
901 5063 1106 5116 Verba?
1158 5063 1296 5119 Ecce
1331 5065 1443 5119 lia-e
1473 5067 1583 5135 ipsa
1617 5077 1777 5133 sunt;
1824 5086 1842 5119 ι
1875 5068 2013 5122 lndi-

410 5149 680 5219 gnandum
747 5152 996 5208 omnibus
1041 5153 1588 5227 indolescendumque
1637 5168 1750 5225 est,
1814 5161 2014 5216 audere

409 5243 670 5314 quosdam
718 5252 772 5298 ct
815 5245 915 5300 hoc
953 5247 1250 5302 studiorum
1294 5249 1475 5313 rudes,
1507 5249 1799 5304 litterarum
1830 5239 2042 5320 profa?

408 5351 528 5398 nos,
559 5345 813 5406 expertes
840 5341 1031 5394 artium
1065 5342 1225 5396 etiam
1271 5341 1632 5404 sordidarum.
1675 5353 1880 5397 certum
1910 5345 2011 5397 ali-

407 5428 534 5496 quid
565 5428 634 5484 de
674 5445 883 5484 summa
915 5447 1120 5499 rerum,
1166 5449 1227 5488 ae
1273 5434 1554 5504 majestate
1598 5435 1909 5501 decernere,
1941 5436 2008 5492 de

407 5539 509 5594 qua
545 5534 620 5579 tot
649 5526 899 5582 omnibus
927 5531 1141 5584 saxulis
1170 5542 1436 5584 sectarum
1465 5531 1811 5600 plurimarum
1840 5548 2008 5601 usque

407 5616 583 5672 adhuc
612 5616 726 5688 ipsa
757 5619 1092 5691 philosophia
1126 5605 1405 5677 deliberat.
1449 5643 1465 5675 ι
1517 5624 1722 5678 Rursus
1763 5642 1891 5681 vero
1930 5645 2012 5681 ur-

408 5720 498 5780 get
539 5709 872 5769 Christianos
901 5714 1067 5771 fuisse
1103 5735 1122 5768 ι
1173 5715 1418 5771 homines
1449 5717 1774 5787 deplorato,
1811 5720 2006 5776 illicita:

411 5813 473 5858 ac
529 5804 831 5876 desperata:
861 5809 1133 5881 factionis,
1189 5811 1278 5882 qui
1305 5811 1372 5868 de
1393 5812 1578 5869 ultima
1609 5814 1734 5872 hcce
1765 5815 2004 5874 collectis

2115 4685 2198 4738 nis
2219 4685 2538 4739 stationibus
2566 4701 2848 4754 nugamur,
2877 4694 2932 4738 et
2964 4698 3143 4742 tamen
3183 4700 3278 4737 vos
3307 4685 3719 4754 prosternimus.

2122 4777 2224 4833 Ubi
2251 4790 2371 4833 sunt
2399 4780 2772 4850 grammatici?
2812 4779 2911 4834 Ubi
2939 4780 3268 4834 consiliarii?
3306 4779 3457 4832 Libet
3486 4778 3627 4831 enim
3657 4777 3724 4831 ab

2117 4869 2453 4924 indoctorum
2490 4871 2808 4938 nostratium
2847 4872 3097 4942 quodam,
3130 4881 3183 4924 ul
3213 4870 3428 4940 quidem
3463 4871 3613 4925 voltis
3639 4871 3719 4924 vi-

2115 4961 2292 5024 detur.
2352 4963 2734 5031 triumphalem
2783 4962 3040 5034 hymnum
3097 4961 3328 5015 mutuari
3380 4979 3398 5012 ι
3463 4959 3719 5031 (Gregor.

2121 5053 2378 5110 Nazianz.
2413 5053 2560 5108 Orat.
2593 5056 2647 5121 4,
2681 5056 2734 5108 in
2760 5053 2965 5108 Julian.
2999 5069 3122 5123 pag.
3151 5050 3259 5106 298
3289 5061 3334 5105 et
3363 5051 3490 5122 seq.)

2189 5168 2570 5223 Verumtamen
2647 5169 2874 5238 ipsemet
2937 5166 3183 5222 Julianus
3247 5166 3387 5236 apud
3461 5165 3716 5238 Cyrillum

2116 5262 2537 5317 Alexandrinum
2586 5262 2772 5316 istlncc
2829 5277 2938 5316 non
2983 5272 3089 5316 tam
3150 5277 3262 5316 sua:
3325 5263 3499 5316 :etatis
3554 5277 3714 5332 quam

2114 5355 2269 5426 primi
2313 5356 2568 5411 Ecclesia:
2615 5355 2798 5410 saeculi
2842 5355 3158 5409 Christianis
3203 5355 3332 5410 vitio
3378 5356 3534 5410 vertit
3570 5373 3583 5409 :
3620 5381 3716 5424 μην

2111 5452 2160 5502 δὲ
2193 5457 2397 5509 ἤλπισαν
2440 5451 2504 5508 εὶς
2533 5455 2669 5503 τοῦτο
2721 5453 2976 5516 ἀφίξεσθαι(
2998 5470 3113 5501 ποτε
3154 5451 3389 5513 ὂυνέμεως
3425 5453 3565 5515 ὑμᾶς.
3610 5453 3720 5511 ἡγοί-

2108 5565 2208 5594 πων
2235 5547 2324 5610 γὰρ
2351 5545 2392 5593 εἰ
2423 5547 2706 5608 ’θεραπαίνας
2745 5546 3094 5606 ἐξαπατγζσουτι
3139 5544 3222 5594 καὶ
3269 5543 3473 5604 δούλους,
3508 5543 3588 5593 καὶ
3634 5542 3717 5591 διὰ.

2106 5637 2278 5688 τούτων
2308 5638 2392 5692 τὰς
2414 5637 2658 5702 γυναῖκες,
2693 5637 2862 5703 ἄνδράς
2889 5656 2938 5687 τε
2963 5637 3088 5693 ὅιους
3112 5631 3369 5702 Κορνήλιος
3392 5639 3473 5685 κιιί
3499 5639 3709 5701 Σξργιος,

2108 5728 2167 5778 ὧν
2197 5726 2262 5785 εἷς
2291 5730 2369 5780 ἐὰν
2406 5740 2526 5799 φανῇ
2579 5740 2668 5783 τῶν
2697 5734 2960 5790 τηνικαῦτα
3003 5736 3348 5796 γνωριζομένων
3391 5732 3710 5794 ἱπιμντζσθεις,

2103 5823 2181 5872 ἰπὶ
2212 5826 2431 5891 Τιϐερίου
2457 5825 2542 5890 γὰρ
2576 5830 2682 5881 ἤτοι
2708 5819 2952 5875 Κλαυδίου
2977 5825 3133 5874 ταῦτα
3161 5825 3352 5885 ivi-iero,
3385 5821 3492 5886 περὶ
3522 5823 3709 5871 animi”
