4230 6242
514 314 618 378 Ml

1794 315 1882 374 DE
1919 316 2173 378 MINUCII
2212 319 2511 379 OCTAVIO

3716 318 3827 384 419

519 440 593 491 ὅτι
636 435 868 503 estsaepe:
896 441 1108 499 νομίζετε
1159 448 1177 482 ι
1216 428 1399 500 Neque
1442 439 1744 498 sperarunt,
1779 431 1969 503 inquit,
2018 450 2114 490 vos
2140 436 2192 497 Α
2220 447 2523 506 repertores
2551 436 2600 490 in
2631 434 2916 490 memorias
2957 435 3222 503 exierunt,
3261 435 3574 509 priusquam
3604 440 3822 500 solertia

519 543 585 584 eo
614 526 892 597 potestatis
916 532 1170 577 venturos
1201 537 1474 592 nmquam.
1505 522 1648 577 Satis
1676 524 1818 579 enim
1847 525 2118 581 habebant

522 620 643 690 ipsi,
675 619 717 672 si
749 617 990 683 ancillas,
1037 626 1128 670 aut
1173 631 1358 670 servos
1408 615 1739 685 deciperent,
1788 627 1840 671 et
1875 634 1968 688 per
2018 623 2118 675 hos

522 727 722 768 uxores
750 721 803 766 et
825 712 987 773 viros,
1020 711 1206 781 quales
1233 711 1508 765 Cornelius
1534 721 1587 765 et
1615 712 1854 782 Sergius,
1887 728 2115 783 quorum

522 821 664 861 unus
711 807 754 859 si
817 805 1051 860 illustres
1105 807 1241 858 inter
1284 806 1426 858 viros
1492 805 1610 873 ejus
1649 807 1819 859 anatis
1862 819 2120 876 appareat

525 897 694 969 (atqui
717 897 916 952 Tiberii
946 898 1025 950 vel
1049 896 1251 950 Claudii
1270 898 1598 965 temporibus
1627 897 1740 951 haec
1769 896 2028 969 fuerunt),
2051 898 2120 954 de

529 990 781 1045 omnibus
835 1004 920 1042 me
965 990 1176 1044 mentiri
1209 999 1443 1056 putatote
1494 989 1676 1061 (Cyril.
1719 990 1867 1046 Alex.
1918 992 2007 1046 lib.
2040 1008 2116 1058 vr,

527 1092 704 1136 contra
727 1079 930 1136 Julian.
959 1098 1078 1152 pag.
1111 1081 1264 1151 206).
1305 1101 1323 1133 ι
1375 1080 1620 1135 Caecilius
1646 1097 1775 1136 vero
1801 1097 2121 1140 asseverare

526 1190 635 1230 non
665 1185 877 1230 veretur
903 1173 1236 1228 Christianos
1267 1190 1359 1228 sua
1387 1174 1562 1229 adhuc
1591 1184 1748 1230 aetate
1776 1175 1941 1232 fuisse
1977 1178 2122 1231 vilis-

528 1270 677 1323 simae
707 1269 875 1338 plebis
897 1269 1196 1322 illitteratus
1227 1267 1577 1336 indoctosque
1599 1268 1864 1323 homines.

604 1364 760 1434 Atqui
791 1362 1082 1417 absurdum
1101 1371 1204 1427 est,
1223 1363 1298 1416 ait
1319 1362 1426 1425 ille,
1455 1369 1546 1417 aut
1569 1362 1614 1416 si
1639 1363 1830 1428 mavis,
1852 1362 2125 1433 indignan-

527 1456 653 1511 dum
689 1455 808 1509 illos
835 1455 901 1510 de
934 1455 1044 1508 Deo
1066 1454 1265 1522 aliquid
1305 1451 1445 1508 haud
1473 1453 1784 1510 dubitanter
1809 1455 2118 1521 decernere,

528 1549 597 1603 de
643 1565 750 1619 quo
799 1547 1099 1617 philosophi
1148 1547 1526 1618 quamplurimi
1577 1547 1753 1602 adhuc
1804 1547 2120 1606 deliberant.

528 1640 710 1710 Neque
733 1640 934 1693 dixeris
976 1639 1026 1693 id
1053 1655 1080 1692 a
1111 1637 1327 1696 Caecilio
1351 1639 1420 1694 de
1461 1648 1537 1693 tot
1576 1637 1911 1708 philosophis
1958 1638 2125 1708 gratis

529 1737 839 1790 contictmn.
896 1732 1027 1788 Nam
1070 1731 1260 1789 Cicero
1309 1749 1417 1788 non
1446 1733 1606 1788 modo
1651 1734 1826 1788 varias
1867 1749 1932 1789 ac
1969 1733 2125 1790 valde

2221 531 2416 585 mentis
2441 539 2688 599 parerent
2711 529 2944 583 nominis
2963 529 3280 595 claritatem,
3313 529 3524 585 habitos
3553 547 3674 588 esse
3703 535 3820 604 ple-

2221 624 2392 689 beios,
2428 622 2692 689 indoctos,
2723 621 3052 677 seminudos.
3107 621 3177 676 At
3217 639 3342 677 vero
3368 623 3562 681 divites
3594 625 3820 684 faculta-

2225 715 2365 768 tibus
2387 717 2501 770 suis
2526 715 2772 786 illigatos,
2806 716 2972 786 magis
2995 731 3180 769 aurum
3209 718 3483 786 suspicere
3504 734 3817 791 consuesse,

2223 823 2378 876 qttam
2409 808 2623 863 malum.
2667 807 2943 863 Nostrates
2972 823 3233 878 pauperes
3257 817 3311 862 ct
3340 819 3673 866 commentos
3697 829 3822 870 esse

2224 901 2582 969 prudentiam,
2616 908 2666 954 et
2699 899 2981 954 tradidisse
3017 901 3228 954 catteris
3253 899 3612 970 disciplinam.
3665 903 3821 961 Unde

2223 1003 2444 1062 apparet
2480 993 2748 1063 ingenium
2793 1009 2897 1046 non
2941 992 3053 1046 dari
3097 994 3459 1058 facultatibus,
3507 1011 3603 1050 nec
3643 998 3822 1055 studio

2223 1087 2421 1156 parari,
2475 1086 2567 1140 sed
2601 1101 2720 1139 cum
2774 1087 2884 1154 ipsa
2933 1086 3128 1139 mentis
3180 1085 3499 1142 formatione
3549 1091 3816 1159 generari.

2225 1179 2363 1233 Nihil
2405 1180 2581 1248 itaque
2629 1179 3004 1247 indignandum
3038 1178 3118 1233 vel
3155 1179 3464 1247 dolendum,
3505 1180 3548 1234 si
3579 1180 3821 1251 quicum-

2225 1288 2329 1342 que
2369 1271 2438 1327 de
2467 1272 2660 1325 divinis
2709 1282 2932 1340 quaerat,
2977 1272 3190 1336 sentiat,
3228 1271 3495 1341 proferat;
3537 1289 3659 1328 cum
3714 1290 3820 1330 non

2227 1365 2548 1434 disputantis
2583 1374 2893 1430 auctoritas,
2942 1365 3035 1420 sed
3087 1365 3462 1434 diaputationis
3511 1366 3677 1436 ipsius
3723 1381 3817 1423 ve-

2227 1459 2360 1515 ritas
2405 1459 2746 1527 requiratur:
2789 1469 2949 1527 atque
2973 1458 3134 1518 etiam
3161 1473 3268 1528 quo
3295 1458 3590 1528 imperitior
3618 1473 3820 1527 sermo,

2229 1549 2331 1606 hoc
2369 1550 2628 1606 illustrior
2654 1558 2774 1615 est;
2818 1549 3070 1614 quoniam
3118 1565 3227 1608 non
3266 1549 3473 1604 fucatur
3523 1566 3715 1621 pompa
3743 1551 3820 1605 la-

2229 1643 2437 1698 cundiae
2477 1651 2530 1698 et
2573 1644 2774 1714 gratia,
2826 1642 2952 1710 sed,
3009 1651 3065 1697 ut
3102 1653 3214 1710 est,
3270 1643 3400 1698 recti
3440 1644 3620 1714 regula
3661 1645 3823 1700 sustio

2229 1745 2402 1791 netur.
2445 1755 2464 1790 ι

533 1828 898 1898 discrepantes
940 1830 1133 1883 asserit
1163 1828 1326 1884 fuisse
1370 1829 1803 1884 doctissimorum
1845 1827 2122 1894 horumce,
2157 1832 2202 1891 Β
2307 1807 2476 1863 Simul
2507 1806 2659 1877 Pla'le
2699 1805 3105 1878 "‘OdOCY'iH‘“
3149 1806 3545 1861 Alexandrinus
3567 1806 3825 1862 adversus

531 1932 590 1976 ut
619 1923 731 1990 ipse
763 1922 1017 1987 loquitur,
1068 1921 1342 1971 hominum
1371 1920 1439 1971 de
1474 1918 1584 1972 Deo
1610 1921 1906 1974 sententias
1936 1938 1948 1972 :
1993 1919 2122 1987 Sed,

537 2031 556 2060 ι
591 2015 679 2077 qtll
710 2010 872 2073 deos,
927 2009 1114 2080 inquit,
1144 2023 1265 2064 esse
1290 2010 1558 2075 dixerant,
1609 2020 1751 2066 tanta
1797 2021 1922 2067 sunt
1946 2012 1998 2066 in
2035 2028 2128 2066 va-

528 2101 718 2155 rietate
756 2115 818 2156 ac
845 2100 1182 2156 dissensione
1220 2102 1533 2166 constituti;
1587 2112 1642 2157 ut
1691 2118 1877 2158 eorum
1924 2106 2125 2161 moles.

533 2202 645 2247 tum
691 2193 762 2246 sit
813 2207 1168 2248 annumerare
1216 2195 1528 2249 sententias.
1573 2213 1591 2246 ι
1645 2195 1712 2250 Ει
1763 2197 1924 2266 paulo
1960 2206 2123 2266 post:

537 2303 556 2337 ι
592 2285 838 2340 Profecto
892 2300 986 2340 eos
1036 2287 1200 2356 ipsos,
1247 2286 1335 2355 qui
1382 2301 1442 2342 se
1489 2286 1687 2356 aliquid
1741 2285 1942 2343 habere
1986 2289 2128 2344 arbi-

533 2388 762 2444 trantur,
807 2379 1124 2435 addubitare
1166 2390 1322 2449 eoget
1369 2380 1799 2435 doctissimorum
1848 2381 2124 2437 hominum

532 2473 601 2527 de
646 2473 874 2526 maxima
929 2487 988 2528 re
1045 2483 1186 2526 tanta
1228 2471 1490 2527 dubitatio
1546 2471 1670 2543 (Cic.
1707 2471 1793 2525 lib.
1822 2488 1859 2526 ιι
1899 2474 1962 2526 de
2017 2472 2128 2526 Na-

531 2576 632 2616 lur.
661 2566 812 2616 Deor.
839 2584 956 2634 pag.
995 2567 1119 2630 I95,
1148 2563 1305 2636 197).
1335 2584 1352 2616 ι

603 2653 802 2709 Verum
825 2653 1096 2720 Octavius,
1134 2671 1228 2710 seu
1263 2656 1436 2725 potius
1463 2653 1665 2710 Octavii
1706 2657 1921 2711 nomine
1948 2656 2123 2712 Minu-

531 2745 667 2810 cius,
714 2746 852 2801 hane
891 2747 1088 2802 Caecilii
1116 2747 1452 2817 aliorumque
1477 2749 1814 2802 ethnicorum
1841 2763 2126 2817 argumen-

534 2841 916 2895 mentationem
943 2841 1142 2909 duplici
1165 2842 1370 2897 ratione
1396 2843 1568 2906 diluit,
1605 2842 1951 2914 funditusque
1977 2859 2126 2898 ever-

533 2931 614 2984 tit.
685 2931 918 2986 Primum
944 2931 1086 2986 enim
1129 2933 1344 2988 Cceeilio
1387 2934 1552 3003 gratis
1596 2933 1720 3001 dat,
1775 2944 1831 2990 et
1881 2935 2126 2991 concedit

531 3023 862 3079 Christianos
887 3041 1092 3091 omnes,
1129 3027 1200 3080 uti
1234 3027 1320 3082 ille
1362 3027 1494 3081 falso
1523 3035 1697 3082 tamen
1743 3027 2120 3092 contendebat,

533 3117 696 3172 fuisse
725 3133 1007 3188 pauperes,
1035 3121 1359 3186 illitteratos,
1393 3129 1447 3175 et
1474 3121 1766 3189 imperitos.
1825 3120 1930 3176 Sed
1961 3135 2122 3190 argu-

533 3219 788 3276 mentum,
822 3209 944 3266 inde
970 3210 1037 3264 ab
1057 3226 1122 3266 eo
1142 3211 1503 3281 desumptum,
1539 3212 1750 3281 penitus
1780 3211 2048 3265 imbecille
2070 3220 2124 3265 et
2151 3223 2194 3284 ί]

532 3303 799 3356 infirmum
830 3317 950 3358 esse
994 3303 1268 3372 multiplici
1303 3303 1507 3356 ratione
1549 3302 1906 3356 demonstrat.
1957 3302 2125 3367 Quili-

532 3393 621 3448 bet
644 3396 917 3449 enimvero
947 3395 1191 3448 homines
1225 3395 1460 3462 cujusvis
1495 3395 1688 3458 mtatis,
1732 3407 1911 3455 sexus,
1958 3403 2010 3447 et
2043 3393 2125 3448 di-

532 3488 772 3554 gnitatis,
807 3489 1119 3541 naturaliter
1147 3503 1340 3541 sensus
1381 3498 1434 3541 et
1464 3487 1688 3540 rationis
1721 3502 1944 3554 capaces
1974 3495 2120 3555 sunt,

532 3578 703 3647 iisque
728 3579 985 3647 sapientia
1019 3595 1122 3633 non
1153 3589 1378 3644 temere,
1411 3583 1502 3632 sed
1535 3596 1563 3632 a
1598 3589 1783 3632 natura
1809 3580 2082 3634 inseritur.

607 3669 806 3724 Deinde
836 3671 1049 3739 ipsimet
1085 3671 1312 3740 gentiles
1351 3669 1675 3739 phil050phi,
1721 3680 1880 3739 atque
1928 3670 2016 3723 alii
2049 3685 2126 3726 ar-

533 3763 665 3816 tittnt
694 3763 1018 3826 inventores,
1065 3763 1236 3825 initio,
1273 3763 1464 3832 plebeii
1503 3761 1726 3828 indocti,
1758 3778 1820 3816 ac
1858 3762 2122 3820 seminudi

534 3857 759 3910 fuerant.
795 3857 931 3924 Quin
950 3857 1115 3912 immo
1137 3867 1423 3922 nostrates,
1453 3857 1623 3927 inquit
1651 3857 1920 3917 Octavius.
1947 3873 2126 3926 quam-

534 3949 725 4003 tutnvis
747 3963 1024 4019 pauperes,
1051 3952 1337 4005 commenti
1363 3961 1487 4005 sunt
1511 3952 1869 4019 prudentiam,
1899 3966 2126 4021 eamque

528 4044 647 4097 aliis
671 4054 853 4114 postea
899 4043 1245 4097 tradiderunt.
1306 4043 1580 4114 ingenium
1614 4059 1744 4113 ergo
1772 4058 1869 4098 nec
1906 4042 2126 4098 faculta-

531 4136 668 4188 tibus
712 4142 764 4189 et
801 4135 1000 4190 divitiis
1027 4137 1215 4200 datur,
1278 4151 1377 4190 nec
1436 4147 1652 4204 paratur
1678 4135 1855 4189 studio
1885 4145 1938 4190 et
1967 4137 2118 4189 labo-

532 4243 616 4288 re.
657 4227 751 4281 sed
809 4225 1008 4280 homini
1044 4243 1165 4282 cum
1220 4229 1331 4297 ipsa
1377 4244 1470 4280 sua
1527 4238 1703 4282 mente
1751 4228 2122 4298 ingeneratum

531 4327 631 4371 est.

607 4409 844 4475 Denique
890 4409 939 4460 in
991 4407 1464 4476 disceptationibus
1511 4417 1564 4462 et
1606 4407 1987 4463 controversiis
2017 4423 2124 4465 non

531 4510 639 4552 tam
680 4500 998 4567 diSputantis
1027 4501 1315 4554 auctoritas
1357 4502 1632 4570 quaeritur,
1670 4517 1827 4570 quant
1859 4502 2122 4556 rationum

2230 1898 2498 1953 Julianum
2539 1899 2724 1952 eadem
2753 1899 3095 1970 objieientem
3125 1908 3563 1968 argumentatur:
3613 1919 3632 1952 ι
3670 1899 3824 1966 Quod

2231 2009 2360 2048 vero
2404 1993 2728 2048 muliercula:
2773 1993 3118 2060 crediderint,
3166 2010 3228 2048 ac
3275 1994 3474 2062 famuli,
3521 2004 3573 2048 et
3610 1994 3824 2049 obseuri

2232 2085 2476 2140 [nonnulli
2507 2087 2748 2141 homines
2778 2086 2948 2139 vocali
2981 2084 3199 2148 fuerint,
3250 2086 3371 2139 inde
3395 2084 3696 2142 Servatoris
3723 2086 3825 2141 cle-

2231 2180 2483 2231 mentiam
2531 2177 2814 2248 vituperat.
2869 2178 2975 2232 Sed
3003 2177 3258 2250 numquid
3305 2178 3470 2232 satius
3499 2187 3580 2232 est
3620 2178 3824 2235 sentire

2231 2273 2522 2338 hominem,
2589 2274 2639 2328 in
2673 2284 2928 2344 quantum
2963 2285 3117 2327 natus
3153 2284 3233 2326 est
3275 2274 3455 2339 homo,
3499 2273 3641 2326 nullo
3665 2283 3825 2342 pacto

2231 2365 2430 2424 homini
2478 2365 2818 2430 anteeellerc,
2871 2366 2965 2420 sed
3003 2381 3160 2420 unam
3193 2381 3286 2434 per
3328 2380 3514 2420 omnes
3557 2367 3822 2432 rationem

2229 2457 2539 2512 substantiae
2580 2457 2888 2526 procedere.
2951 2458 3095 2514 Unus
3124 2459 3318 2530 quippe
3347 2458 3584 2512 omnium
3618 2458 3824 2528 ingrcs-

2229 2565 2320 2604 sus
2366 2551 2418 2603 in
2475 2550 2754 2615 mundum,
2798 2561 2851 2606 et
2887 2551 3106 2622 :equalis
3148 2566 3419 2622 egressus,
3465 2564 3519 2607 ut
3564 2553 3820 2623 scriptunt

2228 2651 2330 2694 est.
2353 2681 2367 2695 .
2389 2684 2399 2695 .
2422 2680 2434 2693 .
2453 2683 2466 2696 .
2519 2642 2632 2698 Una
2662 2643 2875 2711 quidem
2904 2645 3150 2700 omnibus
3173 2646 3477 2700 hominibus
3506 2657 3587 2701 est
3609 2658 3820 2704 natura.

2230 2732 2320 2786 llla
2351 2741 2528 2788 autem
2559 2735 2636 2789 sic
2662 2744 2968 2806 comparata
2999 2746 3102 2805 est,
3134 2747 3188 2791 ιιι
3215 2736 3282 2791 ad
3322 2736 3535 2808 quidvis
3565 2738 3721 2794 laude
3749 2737 3823 2794 di-

2227 2840 2388 2894 gnum
2420 2826 2487 2879 sit
2515 2826 2728 2880 idonea.
2780 2829 3003 2898 Sapiens
3033 2829 3175 2883 enim
3203 2839 3305 2894 est,
3335 2841 3389 2884 et
3409 2845 3696 2885 secernere
3725 2847 3823 2903 p0-

2230 2928 2409 2980 test‘a
2457 2920 2812 2975 deterioribus
2864 2923 3108 2978 meliora.
3164 2922 3306 2978 Nihil
3372 2939 3500 2994 ergo
3549 2923 3820 2994 prohibet,

2227 3013 2513 3084 quominus
2539 3014 2734 3069 infimae
2764 3016 2923 3071 sortis
2955 3016 3116 3070 ltomo
3151 3019 3216 3071 sit
3243 3019 3474 3088 sapiens,
3506 3029 3560 3073 ct
3586 3019 3676 3090 qui
3703 3019 3825 3080 des-

2228 3108 2415 3162 titutus
2442 3118 2523 3163 est
2553 3111 2812 3178 pecuniis,
2839 3111 3098 3180 justitiam
3135 3111 3299 3176 colat,
3330 3120 3384 3166 et
3409 3111 3500 3181 qui
3531 3112 3711 3166 servili
3743 3121 3825 3167 est

2229 3201 2556 3268 conditione,
2584 3217 2768 3272 a-quus
2791 3213 2843 3257 et
2872 3202 3130 3258 honestus
3161 3203 3420 3258 videatur.
3440 3243 3454 3258 .
3480 3243 3492 3256 .
3515 3247 3528 3257 .
3564 3203 3823 3274 Equidem

2229 3292 2455 3347 dixerim
2485 3309 2605 3363 ego,
2638 3294 2808 3348 virum
2846 3295 3083 3366 inopem,
3117 3296 3160 3349 si
3202 3304 3404 3350 rectum
3431 3297 3826 3365 honestumque

2229 3387 2439 3442 vivendi
2487 3402 2653 3457 genus
2678 3390 2995 3460 susceperit,
3028 3390 3159 3444 citra
3187 3392 3647 3459 comparationem
3688 3407 3825 3462 prte-

2227 3488 2370 3534 stare
2408 3479 2557 3533 diviti
2588 3495 2770 3543 avaro,
2803 3492 2856 3536 et
2907 3497 3120 3538 servum
3173 3483 3466 3552 sapientem
3498 3483 3629 3538 hero
3676 3483 3825 3537 insa-

2231 3588 2392 3626 no....
2430 3572 2624 3628 Videre
2651 3585 2828 3628 autem
2869 3577 2990 3630 licet
3014 3591 3127 3641 eos,
3162 3579 3248 3645 qui
3273 3576 3428 3632 laude
3453 3576 3658 3630 virtutis
3679 3575 3824 3644 apud

2229 3666 2444 3720 Griecos
2472 3670 2702 3722 maxime
2731 3672 3094 3738 praestiterunt
3137 3673 3367 3738 Ca-teris,
3413 3670 3639 3725 artifices
3666 3671 3824 3724 initio

2229 3758 2390 3812 fuiSse
2421 3761 2836 3830 popularemque
2868 3773 2919 3815 et
2970 3762 3242 3817 sordidam
3291 3773 3459 3818 artem
3492 3765 3822 3827 exercuisse,

2229 3867 2386 3919 quam
2415 3866 2444 3904 a
2477 3853 2784 3919 parentibus
2807 3854 3162 3924 accepissent,
3215 3871 3317 3908 non
3351 3856 3465 3909 sine
3493 3865 3672 3909 tamen
3722 3857 3822 3907 ad-

2229 3943 2511 3998 miratione
2548 3945 2842 4014 sapientize.
2904 3947 3092 4000 Multos
3119 3948 3485 4015 pra-termino.
3536 3947 3615 4000 Ad
3651 3948 3823 4016 ipsum

2230 4040 2386 4090 venio
2431 4037 2729 4102 Socratem,
2761 4037 3106 4107 Sopltrottisci
3141 4042 3327 4104 lilitttn,
3381 4043 3470 4110 qtti
3505 4052 3672 4093 matre
3703 4041 3826 4093 obs-

2232 4130 2416 4182 tetrice
2442 4130 2674 4197 genitus,
2710 4141 2856 4197 patre
2884 4141 3060 4183 autem
3091 4131 3371 4196 statuario,
3406 4146 3630 4200 eamque
3652 4142 3825 4186 artem

2229 4219 2470 4287 apprinte
2513 4219 2716 4285 calluit,
2753 4236 2926 4286 neque
2958 4222 3007 4274 id
3040 4221 3137 4275 sibi
3179 4221 3428 4275 dedecori
3455 4237 3577 4276 esse
3623 4223 3826 4291 putavit

2233 4310 2427 4381 (συθ-ξι.
2483 4311 2628 4364 Alex.
2686 4311 2773 4364 lib.
2843 4329 2890 4367 vt
2971 4325 3146 4366 contra
3195 4313 3396 4366 Julian.
3444 4330 3560 4383 pag.
3608 4312 3763 4382 207).
3802 4331 3819 4363 ι

2229 4403 2416 4458 Gra-ca
2443 4402 2624 4476 Cyrilli
2665 4406 2844 4469 verba,
2897 4406 3018 4474 quia
3049 4408 3256 4477 longius
3285 4419 3429 4462 esset
3472 4407 3559 4462 hic
3597 4406 3828 4473 referre.

2232 4498 2282 4550 in
2315 4497 2431 4566 ejus
2460 4498 2594 4552 libro
2627 4499 2804 4566 legere
2829 4501 3045 4568 poteris,
3077 4499 3162 4553 ubi
3195 4499 3321 4553 illud
3349 4511 3403 4554 et
3426 4501 3743 4554 auctoritate
3773 4508 3835 4556 et.

530 4602 820 4652 momenta,
849 4601 902 4646 et
929 4594 1140 4646 veritas.
1187 4593 1336 4662 Quod
1364 4595 1601 4664 quidem,
1637 4603 1693 4646 ttt
1722 4595 1771 4647 id
1794 4595 1966 4648 obiter
1988 4594 2126 4649 dica-
2149 4612 2203 4673 Β
2235 4590 2414 4643 verbis
2458 4589 2762 4659 Porphyrii,
2815 4607 2879 4644 ex
2916 4593 3071 4645 lcrliO
3115 4589 3356 4646 Historia:
3397 4590 3834 4660 Philosophorum

531 4698 667 4747 ntus,
715 4684 796 4736 bis
821 4701 847 4735 a
881 4685 1136 4739 Cicerone
1165 4689 1422 4740 asseritur
1456 4687 1635 4741 verbis
1668 4705 1680 4741 :
1719 4705 1737 4736 ι
1793 4684 1909 4741 Non
1954 4689 2121 4752 cnint,

530 4787 634 4830 tam
652 4780 981 4833 auctoritatis
1013 4780 1106 4851 (ali
1127 4797 1168 4833 is
1194 4782 1462 4851 auctores)
1494 4783 1543 4834 in
1574 4780 1914 4850 disputando,
1939 4775 2122 4850 quam,

529 4869 749 4923 rationis
808 4884 1076 4925 momenta
1127 4872 1413 4941 quzerenda
1460 4883 1583 4927 sunt
1637 4873 1780 4946 (Cic.
1837 4873 1927 4928 lib.
1994 4891 2010 4928 ι
2065 4875 2129 4929 de

527 4959 721 5014 Namr.
758 4961 926 5018 Deor.‘
953 4974 1064 5032 post
1097 4966 1212 5018 init.
1242 4982 1361 5035 pag.
1403 4965 1506 5019 197
1528 4967 1569 5034 ).
1604 4985 1622 5018 ι
1668 4967 2004 5036 Quapropter
2033 4969 2123 5038 qui

523 5054 591 5108 de
626 5054 738 5109 Deo
766 5057 1029 5126 rebusque
1064 5057 1257 5113 divinis
1284 5057 1540 5126 diSptttat,
1573 5063 1617 5114 is
1643 5075 1707 5114 eo
1737 5061 2006 5115 efficacius
2035 5078 2126 5116 vc-

525 5150 737 5202 ritatcm
760 5165 788 5201 a
817 5166 874 5204 se
901 5152 1217 5218 propugnari
1246 5152 1495 5207 omnibus
1538 5151 1840 5222 persuadet,
1880 5169 1985 5224 quo
2009 5170 2124 5206 ma-

521 5243 604 5310 gis
634 5242 749 5308 ejus
773 5256 952 5296 sermo
980 5243 1273 5310 impolitus,
1320 5245 1602 5316 minusque
1631 5263 1777 5300 tame
1804 5245 2126 5316 eloquentia:

524 5349 715 5404 pompa
747 5334 955 5390 fucatus
985 5345 1086 5390 est.
1130 5336 1234 5392 Sed
1267 5347 1477 5406 prreslat
1505 5338 1780 5392 Octavium
1811 5340 1921 5391 suis
1949 5338 2128 5394 verbis

520 5440 707 5483 contra
747 5427 1017 5486 Caecilium
1049 5431 1406 5502 disputantem
1436 5433 1659 5487 audire:
1713 5452 1731 5484 ι
1771 5433 1973 5493 Sciant,
2027 5433 2120 5499 ait,

520 5538 709 5577 ontnes
734 5524 978 5580 homines
1005 5527 1121 5581 sine
1147 5527 1355 5581 delectu
1389 5527 1580 5585 anatis.
1606 5542 1792 5587 sexus,
1825 5525 2122 5594 dignitatis,

2230 4679 2366 4733 libro
2397 4697 2423 4731 a
2458 4694 2516 4734 se
2550 4682 2903 4750 transcriptis,
2949 4681 3365 4736 luenleutissime
3395 4683 3697 4751 probatum,
3734 4681 3836 4735 Ti-

2231 4773 2348 4825 ma:i
2391 4774 2697 4827 testimonio
2721 4776 3023 4830 Confirmat.
3083 4774 3174 4828 llis
3202 4775 3320 4828 addi
3356 4785 3525 4845 potest
3554 4774 3830 4840 Laertius,

2229 4868 2316 4936 qui
2359 4868 2408 4920 itt
2458 4867 2694 4922 Socratis
2732 4867 2847 4921 Vita
2897 4867 3170 4922 Platonem
3221 4869 3367 4933 citat,
3407 4870 3494 4937 qui
3550 4868 3692 4921 illum
3727 4868 3840 4920 Si")-

2232 4961 2516 5030 phronisco
2545 4970 2692 5030 patre
2739 4961 3020 5026 lapidatio,
3064 4962 3216 5028 cujus
3262 4975 3430 5014 artem
3465 4971 3641 5028 postea
3665 4976 3841 5014 excr-

2231 5053 2360 5115 cuit,
2407 5063 2460 5106 et
2501 5064 2670 5106 matre
2704 5053 3014 5106 l’hamari-ta
3047 5053 3335 5106 obstetrice
3375 5063 3554 5106 natnnt
3584 5053 3845 5108 tradidit.

2232 5143 2442 5216 (Laert.
2500 5146 2589 5199 lib.
2675 5161 2748 5208 tt,
2804 5146 2830 5215 §
2894 5145 3023 5216 l8).
3096 5147 3153 5199 lii
3218 5157 3394 5199 autem
3465 5147 3852 5215 suffragantur

2234 5238 2475 5294 Valerius
2516 5239 2795 5302 Maximus.
2844 5240 3056 5305 Suiilas,
3100 5240 3288 5296 Timon
3331 5257 3357 5292 a
3409 5241 3559 5294 ItOl)IS
3604 5240 3863 5298 articulo

2233 5335 2478 5402 sequenti
2521 5335 2837 5400 laudandus,
2882 5346 2936 5390 et
2987 5335 3078 5389 alii
3122 5333 3337 5405 (Valer.
3386 5333 3603 5389 Maxim.
3631 5335 3717 5388 lib.
3749 5350 3864 5406 ιιι,

2232 5443 2348 5495 cap.
2384 5427 2418 5482 4
2441 5428 2482 5497 ).

2305 5522 2440 5590 Quid
2475 5536 2632 5584 vero,
2662 5520 2800 5587 quod
2849 5519 3080 5591 Cyrillus
3129 5520 3363 5586 ibidem,
3410 5519 3586 5575 adhuc
3629 5517 3862 5578 eodem

2235 5615 2531 5687 Porpbyrio
2574 5622 2736 5676 teste,
2773 5616 3107 5667 demonstrat
3136 5615 3410 5667 Platonem
3441 5611 3704 5682 palmstris
3744 5612 3886 5674 diu

2236 5709 2461 5777 primum
2489 5708 2872 5770 exercitatum,
2892 5722 2955 5760 ex
2988 5706 3254 5760 atltlelicis
3285 5705 3570 5760 sudoribus
3593 5748 3606 5772 ,
3641 5705 3750 5771 vel,
3791 5722 3895 5769 ut

2233 5801 2449 5870 quidam
2479 5798 2661 5867 aiunt,
2705 5814 2768 5854 ex
2799 5797 3034 5856 lsthmiis
3063 5809 3116 5854 ct
3150 5799 3384 5869 l’ytbiis,
3439 5799 3521 5855 vel
3563 5800 3682 5854 aliis
3711 5814 3886 5858 cer-

515 5617 739 5672 rationis
764 5631 815 5674 et
855 5632 1048 5673 sensus
1079 5635 1309 5688 capaces
1341 5629 1392 5673 et
1421 5618 1625 5674 habiles
1666 5629 1996 5690 procreatos,
2029 5635 2126 5674 nec

514 5715 724 5767 tortuua
770 5718 978 5774 nactos,
1026 5715 1132 5777 sed
1167 5723 1352 5766 natura
1395 5710 1583 5766 insitos
1625 5727 1746 5769 esse
1787 5712 2122 5778 sapientiam.

503 5796 630 5856 Qui"
676 5800 824 5866 ipsos
873 5797 1032 5868 etiam
1059 5802 1456 5889 philosophos,
1511 5803 1594 5861 vel
1615 5807 1660 5864 si
1687 5801 1780 5874 qui
1808 5799 1899 5860 alii
1929 5803 2124 5860 artium
