4248 6264
401 336 511 394 415

1836 335 2301 396 DlSSERTATlO.

3595 346 3704 411 Ml

401 450 697 505 taminibus
726 449 792 505 ad
823 449 1218 523 philosophiam
1253 452 1564 508 transivisse
1603 450 1806 524 (Cyrill.
1845 453 1993 509 Alex.
2026 457 2079 516 Α
2105 457 2256 511 sione
2286 456 2384 513 sibi
2416 457 2671 515 utendum
2711 462 3135 531 existimavisse;
3182 475 3242 520 ut
3286 481 3347 521 ea
3384 465 3603 523 lenitate
3641 485 3705 526 ac

400 543 519 598 libr.
553 559 606 597 vi
629 543 826 597 advers.
856 540 1063 596 Julian.
1097 544 1387 616 1109.208).

475 637 639 692 Addit
665 645 928 705 praiterea
959 635 1054 690 ille
1082 635 1375 691 Zalmoxim
1403 636 1662 691 Thracem
1711 635 1875 692 fuisse
1896 637 1998 708 Py-

400 731 641 800 thagora:
667 744 880 783 servum
903 771 916 793 ,
955 735 1008 782 et
1039 729 1182 781 illum
1217 730 1408 782 multas
1437 730 1706 792 mulieres,
1737 728 1997 799 quemad-

397 823 616 880 modum
687 821 838 876 Plato
895 820 1234 887 Marcellam,
1310 823 1695 892 philosophicis
1743 822 1998 877 imbuisse

396 913 716 981 disciplinis.
779 912 894 967 Huc
938 926 1098 981 porro
1149 913 1384 976 accedit,
1433 914 1573 981 quod
1620 930 1716 967 nos
1760 913 1883 967 alibi
1930 913 1997 968 de

394 1005 714 1061 mulieribus
737 1004 1092 1074 phiIOSOphis,
1130 1006 1456 1074 pictricibus,
1490 1017 1544 1061 et
1573 1006 1790 1076 poetriis
1814 1006 1998 1076 dispu-

396 1101 631 1156 tavimus
653 1099 820 1169 (Tom.
855 1117 891 1158 ι,
938 1101 1188 1173 Αρραναι.
1233 1102 1317 1158 lib.
1353 1119 1430 1164 ιιι,
1457 1102 1656 1157 dissert.
1685 1119 1743 1167 ιι,
1767 1119 1880 1171 cap.
1904 1101 1993 1170 l8,

396 1195 554 1256 artd,
585 1211 703 1262 pag.
745 1193 899 1258 H55;
931 1203 976 1247 et
996 1210 1110 1263 cap.
1143 1192 1234 1257 21,
1259 1204 1360 1248 art.
1391 1196 1453 1260 5,
1484 1212 1603 1265 pag.
1636 1193 1726 1260 25,
1760 1205 1807 1250 et
1837 1202 1991 1264 δρψ).

473 1285 710 1354 Denique
735 1285 776 1338 si
809 1286 1066 1340 Minucius
1100 1285 1202 1340 hoc
1238 1287 1485 1351 nomine,
1517 1285 1816 1354 Nastrates,
1848 1288 1994 1342 desi-

397 1378 643 1448 gnaverit
672 1378 928 1432 Hebraios
951 1423 964 1446 ,
1018 1380 1108 1448 qui
1157 1380 1386 1436 ethnicis
1417 1393 1561 1436 artes
1591 1391 1645 1436 et
1683 1381 1996 1452 disciplinas

399 1468 750 1534 tradiderint,
796 1467 848 1524 id
879 1483 909 1524 a
941 1470 1093 1524 nobis
1117 1469 1226 1539 jam
1273 1471 1555 1540 probatum
1614 1483 1696 1526 est
1752 1483 1882 1527 tom.
1940 1490 1992 1538 ι,

396 1562 656 1633 Apparat.
685 1561 781 1617 lib.
839 1577 908 1628 ιι,
945 1561 1335 1632 dissertatione
1360 1563 1395 1618 2
1415 1606 1428 1631 ,
1455 1579 1566 1634 cap.
1608 1564 1638 1617 7
1660 1606 1673 1626 ,
1711 1563 1756 1635 §.
1784 1564 1839 1618 2.
1871 1581 1989 1634 pag.

397 1653 521 1718 387,
554 1669 618 1708 ex
645 1652 859 1708 Justiuo
890 1663 1161 1725 martyre,
1217 1664 1271 1708 et
1324 1670 1387 1708 ex
1445 1656 1716 1710 Clemente
1767 1658 1995 1711 Alexan-

397 1745 576 1800 drino.
598 1745 801 1800 Ibidem
833 1746 924 1798 lib.
958 1762 1046 1814 in,
1078 1746 1294 1801 dissert.
1326 1746 1360 1799 ἓ
1381 1790 1395 1814 ,
1425 1763 1544 1818 cap.
1581 1764 1618 1811 ι,
1649 1758 1752 1802 art.
1779 1763 1826 1815 i,
1873 1765 1990 1818 pag.

2103 550 2471 607 moderatione
2499 555 2864 611 adversarium
2893 573 3047 612 suum
3076 559 3139 612 ad
3168 558 3456 628 ejurandos
3487 577 3702 616 errores

2102 657 2258 707 suos,
2284 644 2738 717 christianamque
2780 649 3090 719 religionem
3132 653 3542 722 amplexandam
3571 656 3702 710 faci-

2102 738 2202 792 lius
2233 741 2495 796 alliceret.

2171 830 2310 884 Nihil
2341 850 2501 894 porro
2534 834 2765 906 ineptius
2795 849 2930 905 erat,
2984 857 3142 910 quam
3174 842 3308 897 illud
3359 843 3500 914 quod
3545 860 3698 916 urge—

2101 922 2190 976 bat
2219 923 2466 979 Caecilius
2498 926 2834 984 Christianos
2864 933 3133 988 nationem
3173 951 3294 990 esse
3336 937 3655 991 latebrosam
3680 980 3695 1005 ,

2101 1014 2451 1085 lucifugacem
2475 1061 2488 1084 ,
2518 1029 2572 1074 et
2613 1021 2664 1074 in
2693 1023 2901 1093 angulis
2942 1027 3229 1096 garrulam.
3264 1027 3368 1083 Sua
3402 1031 3541 1082 enim
3570 1045 3699 1084 vero

2100 1107 2420 1166 documenta
2471 1113 2680 1182 publice
2730 1117 3088 1184 prtedicabant
3117 1137 3128 1171 :
3161 1120 3252 1173 sed
3302 1119 3416 1174 hinc
3458 1121 3695 1188 ethnici,

2102 1217 2168 1256 ne
2199 1220 2320 1256 vera
2353 1219 2472 1259 esse
2503 1221 2697 1275 negare
2741 1225 2842 1262 non
2874 1222 3128 1278 possent,
3179 1213 3365 1266 audire
3408 1213 3698 1269 erubesce-

2101 1294 2227 1348 bant
2259 1312 2320 1349 ac
2349 1296 2688 1352 verebantur.
2721 1300 2827 1355 Sed
2859 1302 2925 1356 de
2958 1305 3039 1356 his
3071 1305 3204 1358 intra
3235 1305 3424 1359 fusius.

2173 1389 2451 1444 Postremo
2503 1407 2564 1444 ex
2627 1393 2785 1448 dictis
2839 1396 3116 1451 evidenter
3165 1399 3340 1453 adhuc
3396 1399 3698 1454 ostenditur

2099 1486 2440 1552 quantumvis
2478 1487 2638 1539 varia:
2663 1502 2725 1541 ac
2781 1487 3148 1559 discrepantes
3204 1489 3404 1545 fuerint
3456 1491 3696 1559 philoso-

2099 1573 2328 1644 phorum
2366 1577 2644 1644 gentilium
2671 1577 2736 1632 de
2781 1579 2888 1631 Deo
2915 1581 3196 1635 sententiae
3215 1622 3228 1643 ,
3263 1582 3604 1651 quantumvis
3629 1581 3697 1638 de

2098 1665 2190 1720 illo
2216 1666 2606 1732 dubitaverint,
2655 1685 2738 1736 ac,
2785 1671 2828 1724 si
2859 1671 3020 1738 velis,
3055 1673 3267 1742 quidam
3310 1689 3433 1728 eum
3462 1673 3695 1731 existere

2099 1761 2446 1828 negaverint;
2483 1760 2815 1816 Christianos
2849 1772 3056 1829 tamen,
3087 1765 3296 1819 etiamsi
3343 1780 3601 1835 pauperes
3641 1776 3696 1819 ct

399 1837 528 1902 854,
556 1853 672 1908 cap.
711 1839 798 1904 15,
826 1848 928 1890 art.
978 1853 1026 1898 ι,
1056 1849 1108 1891 et
1157 1852 1348 1908 seqq.;
1392 1846 1551 1908 atque
1579 1855 1641 1892 ex
1677 1840 1741 1892 iis
1765 1855 1884 1908 quae
1926 1841 1993 1894 de

2101 1851 2433 1914 illitteratos.
2472 1855 2710 1920 potuisse
2741 1855 2808 1910 de
2834 1857 2949 1926 ipso
2976 1857 3253 1926 diSpntarc
3273 1900 3286 1923 ,
3340 1872 3401 1912 ac
3428 1859 3560 1913 certi
3583 1866 3696 1914 sta-

399 1931 626 1986 Thalete
651 1973 664 1996 ,
693 1945 809 2000 cap.
845 1931 930 1996 17,
961 1943 1065 1984 art.
1099 1947 1146 1998 ι,
1170 1933 1305 2002 ipag.
1338 1931 1468 1986 1121
1499 1949 1511 1995 ;
1542 1932 1609 1986 de
1650 1931 1950 2004 Pythagora
1974 1976 1989 2000 ,

403 2024 603 2079 ibidem
630 2038 750 2093 cap.
780 2024 867 2088 l7,
901 2034 1002 2078 art.
1036 2023 1105 2086 2;
1137 2024 1204 2078 de
1250 2010 1491 2090 Platone,
1537 2024 1732 2078 ibidem
1783 2033 1882 2078 art.
1915 2024 1988 2092 4,

401 2126 564 2187 atque
591 2117 1030 2187 philosophorum
1063 2133 1126 2171 ex
1159 2115 1310 2172 Sacra
1354 2128 1534 2172 nostra
1579 2117 1854 2187 Scriptura
1883 2118 1993 2172 fur-

399 2211 466 2265 tis
495 2221 548 2264 et
574 2210 988 2280 expilationibus
1014 2253 1026 2275 ,
1071 2224 1189 2279 cap.
1219 2207 1306 2276 16,
1336 2220 1436 2263 art.
1465 2210 1521 2273 2;
1554 2225 1616 2264 ac
1661 2210 1872 2264 tandem
1925 2226 1992 2265 ex

395 2303 587 2357 artium
623 2311 674 2356 et
700 2303 1041 2356 scientiarum
1083 2302 1474 2357 inventoribus.
1509 2302 1710 2357 Ibidem
1737 2318 1856 2373 cap.
1886 2303 1990 2370 51,

394 2404 496 2450 art.
528 2412 566 2462 ι,
593 2409 710 2466 pag.
744 2392 903 2458 1187,
939 2404 993 2449 et
1013 2410 1164 2465 seqq.

465 2489 718 2556 Quamvis
749 2500 926 2542 autem
977 2487 1091 2542 haec
1118 2489 1326 2543 Minucii
1379 2490 1680 2561 responsio,
1731 2505 1849 2559 qua:
1893 2490 1988 2544 fri-

394 2585 568 2637 volam
597 2581 796 2638 Caecilii
828 2585 1344 2654 argumentationem
1391 2584 1629 2639 funditus
1665 2585 1892 2648 evertit,
1936 2595 1990 2638 et

390 2675 491 2745 ipsi
522 2685 573 2728 et
616 2675 869 2740 cuilibet,
901 2676 1243 2744 quantumvis
1288 2689 1504 2730 moroso
1543 2675 1778 2738 homini,
1833 2676 1990 2744 plene

389 2770 702 2825 satisfacere
765 2770 1044 2837 debuerit;
1107 2769 1394 2824 secundam
1449 2780 1628 2824 tamen
1685 2771 1734 2824 ei
1783 2769 1985 2839 adjicit.

389 2862 554 2917 Plane
584 2863 844 2932 siquidem
878 2864 1195 2932 penitusque
1237 2872 1491 2932 pernegat
1538 2862 1676 2916 tales
1707 2877 1802 2916 suo
1855 2872 1988 2916 tem-

389 2969 523 3023 pore
547 2953 881 3009 Christianos
933 2953 1131 3018 fuisse,
1191 2954 1376 3022 quales
1433 2953 1681 3007 Caecilius
1731 2962 1836 3007 tam
1889 2970 1987 3007 au-

390 3048 578 3102 dactcr
629 3049 894 3110 asseruit,
957 3061 1220 3116 pauperes
1276 3057 1437 3116 atque
1489 3047 1685 3101 inﬁma:
1748 3048 1986 3102 omnium

389 3142 548 3197 sortis
570 3141 812 3195 homines
838 3140 1080 3195 indoctos
1106 3149 1158 3195 et
1190 3140 1510 3196 illitteratus.
1538 3139 1655 3194 Non
1683 3145 1823 3195 enim
1862 3159 1880 3191 ‹
1918 3139 1986 3196 de

391 3233 604 3299 ultima,
638 3233 840 3302 inquit,
873 3233 1050 3286 statim
1082 3231 1237 3301 plebe
1264 3233 1637 3293 consistimus,
1679 3232 1722 3286 si
1755 3233 1990 3289 honores
2015 3226 2061 3289 C

389 3335 598 3378 vestros
645 3332 700 3378 et
741 3339 1001 3393 purpuras
1041 3339 1372 3378 recusamus.
1412 3343 1430 3375 ι
1468 3327 1639 3394 Atque
1699 3325 1810 3379 huic
1857 3341 1986 3396 pro-

393 3415 530 3471 lecto
561 3432 656 3470 nee
687 3417 835 3486 plura
864 3416 1025 3470 homo
1057 3416 1512 3479 modestissimus,
1546 3417 1739 3486 quibus
1770 3417 1818 3471 id
1847 3417 1990 3486 quod

390 3507 638 3562 Caecilius
663 3519 866 3564 temere
888 3507 1216 3574 afﬁrmabat,
1261 3523 1446 3562 verum
1489 3523 1607 3565 esse
1653 3511 1990 3580 paucissimis

391 3601 569 3654 verbis
594 3599 882 3654 inﬁciatur.

461 3689 566 3744 Sed
597 3691 737 3759 quod
791 3699 933 3744 tanta
983 3690 1243 3745 modestia
1297 3699 1456 3760 negat
1509 3692 1636 3746 illud
1695 3692 1987 3762 Origenes,

394 3779 485 3834 ubi
511 3780 669 3833 Celso
713 3782 1030 3850 respondet,
1085 3784 1375 3835 maximum
1431 3784 1730 3836 convicium
1788 3797 1839 3838 et
1893 3787 1992 3838 im-

394 3873 686 3941 pudentem
741 3875 1056 3927 calumniam
1099 3890 1218 3929 esse
1261 3875 1432 3943 palam
1472 3886 1743 3929 asseverat
1801 3876 1988 3948 (Orig.

395 3962 485 4015 lib.
513 3979 590 4024 ill,
615 3975 784 4017 contr.
809 3963 941 4018 Cels.
969 3982 1087 4034 pag.
1112 3967 1233 4028 Mil,
1267 3976 1312 4018 et
1334 3966 1628 4035 seqq.).Nec
1652 3968 1844 4019 mirum
1875 3971 1992 4036 qui-

395 4055 539 4110 dein.
564 4055 696 4110 Nam
733 4057 1090 4112 Tertulliauus
1131 4059 1358 4112 Minucio
1390 4060 1546 4128 paulo
1573 4062 1842 4129 antiquior
1864 4104 1876 4123 ,
1925 4062 1992 4116 de

391 4165 468 4215 se,
495 4151 850 4219 omnibustlue
878 4155 1050 4206 uitatis
1077 4169 1188 4207 sua:
1218 4153 1538 4207 Christianis
1571 4155 1686 4208 haec
1713 4161 1992 4212 memoriae

394 4242 625 4311 prodidit
653 4261 665 4296 :
717 4263 734 4296 (
774 4243 1020 4298 Hesterni
1052 4261 1266 4307 smnus,
1299 4257 1350 4299 et
1380 4257 1552 4300 vestra
1587 4250 1763 4301 omnia
1797 4250 1991 4318 imple-

398 4335 597 4401 vimus,
645 4337 838 4398 urbes.
889 4337 1122 4403 insulas,
1158 4339 1408 4401 castella,
1457 4341 1780 4408 municipia,
1811 4343 1993 4396 conci-

393 4426 619 4491 liabula,
667 4437 844 4482 castra
897 4430 1044 4498 ipsa,
1104 4430 1306 4494 tribus,
1366 4431 1642 4495 decurias,
1701 4434 1990 4503 palatium,

391 4533 670 4587 senatum,
745 4520 918 4576 forum
973 4541 986 4576 :
1041 4524 1152 4576 sola
1203 4524 1354 4578 vobis
1398 4526 1750 4596 relinquimus
1795 4528 1992 4597 templa

2100 1951 2248 1996 tuere
2275 1943 2493 2012 aliquid,
2527 1959 2816 2014 veramque
2846 1948 2987 1999 ferre
3017 1952 3358 2004 sententiam.

2169 2034 2386 2090 Frustra
2442 2051 2570 2105 ergo
2626 2035 2874 2091 Camillus
2923 2051 3018 2091 eos
3073 2038 3174 2092 sub
3223 2038 3482 2093 orationis
3534 2043 3694 2092 linem

2098 2125 2358 2194 hortatur,
2413 2127 2664 2182 desinant
2699 2147 2717 2179 ι
2755 2133 2875 2184 caeli
2910 2128 3124 2200 plagas,
3175 2138 3228 2183 et
3276 2129 3458 2183 mundi
3510 2125 3612 2183 fata
3643 2135 3698 2185 et

2095 2232 2301 2274 secreta
2336 2221 2537 2275 rimari.
2576 2222 2721 2276 Satis
2747 2223 2889 2276 enim
2923 2233 3007 2276 est
3031 2238 3126 2291 pro
3157 2221 3384 2292 pedibus
3431 2221 3693 2291 aSpicere,

2097 2312 2327 2367 maxime
2373 2313 2624 2378 indoctis,
2676 2313 2934 2384 impolitis
2971 2323 3025 2368 et
3055 2314 3296 2368 rudibus.
3339 2333 3358 2365 ι
3394 2314 3545 2380 Quod
3576 2314 3696 2386 qui-

2094 2403 2217 2458 dem
2266 2421 2332 2458 ex
2381 2405 2719 2470 Democrito,
2779 2407 2931 2475 cujus
2985 2407 3130 2462 fonte
3158 2409 3422 2478 Epicurus
3454 2407 3696 2461 hortulos

2094 2510 2220 2548 suos
2263 2498 2413 2548 vanis
2464 2496 2718 2565 falsisque
2764 2499 3104 2567 opinionibus
3161 2498 3384 2568 rigavit,
3442 2497 3691 2553 haustum

2096 2586 2282 2650 fuisse,
2339 2587 2494 2640 docet
2542 2587 2623 2641 his
2675 2589 2852 2640 verbis
2880 2589 3106 2642 Cicero:
3146 2608 3164 2638 ι
3207 2587 3541 2642 Democritus
3587 2607 3692 2640 non

2096 2679 2283 2732 inscite
2341 2688 2597 2747 nugatur,
2657 2691 2715 2732 ut
2769 2679 3054 2750 physicus,
3128 2694 3233 2749 quo
3308 2694 3504 2747 genere
3560 2677 3696 2732 nihil

2094 2771 2432 2840 arrogantius
2466 2789 2477 2824 :
2518 2769 2699 2838 «Quod
2731 2779 2853 2824 ante
2889 2771 3073 2840 pedes,
3106 2785 3264 2824 nemo
3295 2778 3533 2840 spectat;
3569 2769 3692 2824 coeli

2093 2873 2360 2916 scrutatur
2402 2863 2602 2932 plagas.
2639 2882 2656 2915 ι
2710 2863 2727 2933 (
2760 2861 2891 2928 Cic.,
2924 2865 3014 2918 lib.
3045 2879 3080 2916 ιι
3112 2863 3173 2916 de
3198 2860 3426 2916 Diuinat.
3470 2881 3523 2932 p.
3549 2861 3682 2926 282,

2094 2955 2186 3008 lin.
2221 2954 2338 3023 50.)
2385 2953 2516 3008 Nam
2547 2956 2645 3008 hoc
2675 2955 2888 3024 superbi
2934 2955 3196 3017 hominis,
3248 2954 3441 3008 litteris
3482 2961 3536 3007 et
3581 2953 3694 3007 otio

2093 3047 2516 3116 intemperanter
2559 3049 2854 3111 abutentis,
2897 3055 3273 3117 argumentum
3316 3061 3384 3100 ex
3434 3043 3697 3101 hactenus

2093 3139 2249 3196 dictis
2275 3155 2496 3211 prorsus
2528 3155 2776 3195 eversum
2805 3149 2906 3194 est.

2703 3337 2995 3379 ARTICULUS
3035 3340 3092 3379 ll.

2097 3460 2469 3532 Expenduntur
2484 3471 2782 3533 argumenta
2809 3461 2988 3533 quibus
3019 3459 3252 3515 Caecilius
3279 3459 3492 3530 probare
3517 3458 3696 3514 nititur

2167 3555 2246 3625 {as
2272 3551 2574 3608 Christianis
2601 3565 2646 3607 et
2677 3553 2792 3606 aliis
2817 3570 2919 3607 non
2946 3568 3052 3606 esse
3077 3553 3139 3605 de
3174 3551 3280 3606 Deo
3309 3552 3594 3620 disputare.

2165 3689 2496 3744 Christianos
2523 3691 2590 3744 ab
2617 3691 2760 3744 omni
2789 3691 2856 3745 de
2889 3691 2998 3744 Deo
3039 3689 3398 3756 diSputatione
3431 3687 3692 3743 arcendos

2095 3782 2196 3834 alia
2225 3780 2470 3835 Caecilius
2503 3783 2689 3850 probat.
2721 3785 2949 3844 ratione,
3003 3797 3124 3848 quin
3154 3783 3283 3849 ipsis
3315 3796 3434 3833 cum
3482 3781 3695 3834 caeteris

2098 3873 2400 3925 hominibus
2452 3875 2607 3941 plane
2647 3874 2948 3927 communis
2983 3884 3084 3926 est.
3120 3873 3251 3925 Eam
3283 3873 3478 3925 etenim
3511 3871 3697 3941 objicit

2095 3979 2214 4017 esse
2249 3973 2449 4016 natura:
2483 3963 2729 4017 humana:
2773 3964 3176 4026 inﬁrmitatem;
3214 3971 3267 4015 ut
3324 3964 3520 4016 nemini
3578 3978 3696 4029 qua:

2098 4070 2254 4122 supra
2288 4069 2381 4107 nos
2410 4055 2548 4108 coelo
2575 4069 2859 4122 suspensa,
2893 4064 2984 4106 aut
3014 4052 3147 4105 infra
3204 4054 3254 4106 in
3311 4062 3468 4105 terrm
3523 4054 3695 4105 visre—

2097 4148 2243 4203 rilms
2275 4149 2463 4216 posita,
2495 4147 2655 4211 scire,
2678 4155 2770 4200 aut
2793 4147 3017 4200 scrutari
3050 4150 3378 4200 concedatur
3411 4161 3422 4196 :
3463 4165 3480 4196 ι
3517 4147 3688 4209 Absit,

2099 4242 2269 4310 inquit
2326 4241 2448 4304 ille,
2505 4241 2572 4296 ab
2621 4240 2992 4311 exploratione
3021 4239 3199 4293 divina
3233 4239 3458 4292 humana
3493 4239 3698 4293 medio-

2098 4337 2278 4400 critas,
2312 4352 2433 4390 cum
2486 4351 2657 4406 neque
2682 4352 2802 4406 qua:
2831 4351 2988 4404 supra
3019 4351 3116 4388 nos
3142 4335 3281 4394 ctelo
3309 4347 3693 4404 suspensa.....

2099 4446 2270 4501 neque
2308 4447 2427 4502 quae
2482 4431 2615 4484 inl'ra
2659 4440 2974 4485 terram.....
3045 4433 3184 4482 scire
3233 4427 3303 4481 sit
3355 4427 3560 4491 datum,
3604 4435 3696 4480 aut

2096 4525 2322 4578 scrutari
2372 4523 2713 4592 permissum.
2755 4542 2774 4575 ι
2813 4521 3106 4591 Unicuique
3157 4519 3421 4590 siquidem
3473 4519 3690 4583 sufﬁcit,

394 4612 632 4684 (Tertull.
666 4612 885 4684 Apolog.
922 4630 1036 4684 cap.
1070 4615 1159 4681 57,
1192 4633 1308 4686 pag.
1336 4615 1452 4686 55).
1492 4636 1509 4667 ι
1551 4621 1619 4670 At
1665 4629 1810 4673 certe
1831 4661 1844 4682 ,
1901 4623 1989 4689 qui
2017 4617 2069 4677 D
2097 4620 2140 4672 si
2175 4638 2193 4670 ι
2231 4617 2524 4672 secundum
2558 4629 2708 4673 vetus
2738 4617 2993 4687 sapientis
3024 4615 3300 4669 oraculum
3333 4615 3692 4680 nosmetipSOS

394 4707 558 4760 urbes
579 4748 592 4769 ,
627 4705 798 4759 forum
817 4748 830 4770 ,
878 4716 1049 4760 castra
1075 4748 1088 4770 ,
1120 4707 1365 4761 decurias
1383 4751 1395 4773 ,
1431 4711 1681 4777 palatium
1708 4753 1722 4774 ,
1748 4723 1992 4767 senatuin

394 4809 445 4852 et
473 4805 552 4850 tot
577 4798 677 4851 alia
711 4798 824 4851 loca
857 4799 1167 4866 implebant,
1200 4816 1265 4854 ex
1314 4799 1397 4854 lllS
1446 4812 1590 4854 certe
1637 4801 1883 4870 plurimi,
1938 4814 1995 4858 ut

386 4888 497 4957 jam
531 4889 792 4953 diximus,
841 4905 941 4944 nec
967 4891 1162 4945 inﬁnite
1193 4893 1353 4946 sortis
1381 4903 1533 4946 erant
1567 4894 1808 4948 homines
1829 4936 1843 4962 ,
1895 4912 1994 4952 nec

393 4997 678 5052 pauperes,
710 4998 808 5036 nec
835 4982 1034 5037 indocti
1060 4995 1112 5036 et
1141 4985 1418 5038 illitterati.

465 5076 533 5126 At
559 5089 688 5140 cur,
722 5075 925 5144 inquiet
958 5076 1182 5143 aliquis,
1217 5079 1328 5129 haec
1358 5085 1412 5130 et
1450 5078 1551 5131 alia
1583 5094 1610 5130 a
1663 5079 1814 5133 nobis
1855 5078 1990 5135 infe-

392 5165 508 5218 rius
529 5163 766 5230 citanda,
793 5177 901 5218 tam
935 5165 1044 5218 alto
1076 5165 1334 5221 Minucius
1355 5165 1571 5222 silentio
1599 5171 1990 5238 praetermisit?

391 5256 519 5319 Cur,
556 5258 829 5328 inquimus
869 5268 921 5312 et
961 5273 1090 5322 nos,
1121 5259 1210 5313 ille
1239 5261 1321 5314 vel
1352 5257 1466 5314 solo
1510 5277 1608 5314 suo
1655 5263 1902 5330 exemplo
1931 5275 1992 5316 os

391 5350 632 5416 Caaeilii,
683 5361 788 5403 tam
824 5351 1164 5420 impudenter
1214 5353 1521 5407 mentientis
1576 5353 1832 5408 continuo
1885 5369 1991 5408 non

390 5441 651 5495 occlusit?
700 5441 815 5496 Non
864 5444 1006 5497 enim
1036 5460 1100 5497 ex
1131 5444 1328 5498 inﬁmae
1367 5445 1534 5513 plebis
1586 5445 1716 5499 laice
1768 5446 1846 5499 vir
1886 5446 1996 5502 dici

390 5535 594 5602 potuit,
639 5535 727 5604 qui
775 5543 829 5587 ut
854 5534 963 5602 jam
1011 5550 1078 5590 ex
1129 5533 1561 5604 locupletissimis
1591 5536 1815 5590 testibus
1857 5537 1993 5592 Lac-

391 5627 560 5679 tantio
604 5635 766 5695 atque
799 5627 1128 5700 Hieronymo
1157 5628 1560 5683 observavimus
1581 5669 1595 5692 ,
1629 5627 1815 5682 Romae
1860 5631 1993 5685 insi-

391 5718 509 5786 gnis
537 5719 838 5774 causidicus
867 5731 1003 5776 erat.
1050 5720 1216 5776 Nobis
1246 5723 1424 5789 itaque
1472 5719 1615 5776 haud
1669 5737 1812 5794 aegre
1867 5741 1986 5794 per-

391 5809 724 5881 suadebitur,
757 5827 878 5869 eum
913 5823 1018 5869 tam
1067 5813 1310 5871 modesta
1337 5812 1719 5886 moderateque
1751 5831 1982 5891 respon-

2098 4713 2422 4766 noverimus.
2461 4730 2479 4761 ι
2517 4712 2717 4764 ΑΙΙυιιὶι
2755 4722 2931 4764 autem
2983 4709 3046 4762 ad
3093 4707 3501 4762 celeberrimum
3560 4704 3687 4758 illud

2097 4804 2362 4874 adagium,
2393 4806 2534 4874 γνῶθι
2558 4810 2773 4868 σεαυτόν,
2806 4821 2823 4853 ‹
2856 4801 3028 4855 Nosce
3060 4811 3110 4852 te
3133 4800 3338 4868 lpﬂll“;
3373 4817 3390 4848 ι
3419 4795 3560 4865 quod
3597 4810 3695 4848 nos

2097 4897 2225 4950 alibi
2273 4897 2340 4951 ab
2370 4897 2490 4949 aliis
2516 4895 2752 4957 Thaleti,
2799 4895 2867 4948 ab
2890 4893 3010 4945 aliis
3038 4890 3272 4951 Chiloni,
3325 4899 3484 4956 atque
3531 4889 3695 4941 etiam

2101 4987 2306 5058 Pythiae
2361 4986 2687 5056 adscriptum
2741 4983 3119 5037 annotavimus
3150 4978 3320 5048 (Tant.
3362 4994 3380 5030 ι
3441 4979 3694 5044 Αρρανίιι.

2097 5081 2183 5134 lib.
2217 5095 2294 5144 ιιι,
2323 5081 2445 5133 diss.
2476 5078 2531 5140 2,
2564 5097 2679 5146 cup.
2711 5079 2800 5142 M,
2831 5087 2928 5130 art.
2959 5077 3013 5141 5,
3046 5092 3166 5146 pug.
3204 5072 3361 5136 1097;
3386 5082 3433 5125 et
3459 5087 3574 5140 cup.
3603 5072 3688 5137 19,

2098 5184 2196 5226 art.
2226 5173 2282 5236 4,
2317 5190 2434 5242 pag.
2473 5169 2654 5243 H70).
3549 5229 3553 5233 η

2169 5263 2333 5319 Addit
2360 5262 2604 5315 Caecilius
2631 5260 2771 5330 quod
2799 5260 2842 5313 si
2872 5257 3159 5328 aliquando
3181 5257 3371 5311 insano
3402 5258 3689 5322 inepteque

2098 5355 2266 5411 labori
2297 5354 2630 5424 indulgentes
2651 5394 2664 5414 ,
2697 5351 2834 5405 ultra
2864 5349 3178 5404 humilitatis
3206 5357 3406 5402 nostra:
3437 5344 3694 5399 terminos

2099 5461 2408 5516 evagemur,
2436 5442 2576 5498 hunc
2595 5457 2834 5497 errorem
2859 5443 3009 5493 vanis
3035 5437 3504 5507 formidolosisque
3532 5434 3690 5489 Chri-

2100 5541 2398 5593 stianorum
2434 5535 2776 5604 opinionibus
2823 5548 2926 5587 non
2959 5548 3082 5588 esse
3130 5530 3530 5601 implicandum.
3575 5527 3691 5581 Non

2097 5632 2209 5686 vult
2238 5647 2366 5700 ergo
2394 5632 2554 5685 ullam
2584 5647 2614 5685 a
2658 5629 2976 5683 Christianis
3019 5627 3085 5682 de
3118 5627 3227 5681 Deo
3259 5625 3523 5692 rebusque
3551 5621 3692 5676 divi-

2097 5727 2178 5781 nis
2207 5725 2408 5780 institui
2453 5726 2901 5797 disputationem,
2930 5723 3167 5793 satisque
3197 5719 3326 5791 ipsis
3371 5730 3527 5782 esse,
3558 5715 3605 5768 si
3634 5727 3693 5768 se

2097 5820 2241 5892 ipsos
2264 5819 2532 5877 noverint.
