4230 6242
560 280 667 337 415

1814 275 1910 344 ne
1951 271 2208 331 MlNUCIl
2281 269 2577 332 ocravro

3759 277 3866 337 416

632 399 818 470 Magna
844 404 1046 466 autem,
1069 399 1145 454 uti
1174 397 1390 470 quidem
1421 395 1521 468 ipsi
1561 395 1859 462 videbatur,
1889 395 2152 461 Socratis,
2183 393 2236 454 Α
2267 410 2286 446 t
2318 391 2568 451 Omnium
2607 394 2914 452 testimonio
2939 395 3212 467 professus
3261 405 3380 465 est,
3414 413 3475 455 se
3517 413 3623 455 non
3657 407 3863 456 tantum

562 493 651 562 qui
683 492 864 546 divino
899 491 1118 546 oraculo
1156 489 1436 545 hominum
1483 488 1910 559 sapientissimus
1955 504 2155 542 renun-

563 587 727 640 tiatus
755 595 854 649 est,
884 585 1200 639 auctoritate
1245 582 1688 651 testimoniaque,
1741 581 1874 635 illud
1918 581 2158 635 stabilire

563 687 618 735 et
643 676 964 733 coalirmare
991 677 1179 732 nititttr
1207 693 1220 729 :
1258 695 1276 728 ι
1307 674 1363 731 Si
1395 673 1828 747 philosophandi,
1860 675 1966 736 ait,
1993 672 2158 726 libido

561 779 666 841 est,
700 771 996 837 Socratem,
1029 770 1305 838 sapienti-.e
1332 770 1651 840 principem,
1673 767 1899 839 quisque
1923 777 2156 822 vestrum

562 874 743 920 tantus
769 873 871 928 est,
899 865 943 918 si
973 865 1190 934 poterit,
1225 864 1480 920 imitetur.
1536 862 1665 928 Ejus
1721 861 1819 915 viri
1853 861 2062 932 quoties
2092 859 2160 915 de

561 957 876 1014 caelestibus
927 957 1233 1028 rogabatur,
1290 967 1414 1010 uela
1469 955 1749 1024 responsio
1799 963 1882 1008 est
1937 971 1950 1007 :
2010 953 2159 1021 Quen

563 1066 731 1108 suras
753 1066 848 1108 nos
870 1067 1014 1107 num.
1039 1068 1106 1106 an
1135 1065 1252 1106 nos.
1286 1050 1476 1105 Merito
1503 1064 1630 1119 ergo
1659 1049 1725 1102 de
1753 1048 1970 1103 oraculo
2006 1047 2158 1102 testi-

562 1144 845 1200 timonium
893 1143 1084 1198 meruit
1132 1143 1429 1214 prudentia:
1475 1142 1778 1213 singularis.
1836 1141 1989 1210 Quod
2034 1155 2158 1196 ora-

563 1238 741 1294 culum
797 1237 910 1308 ipse
957 1237 1266 1307 praesensit,
1317 1236 1516 1290 idcirco
1558 1234 1822 1290 universis
1865 1249 1988 1290 esse
2019 1249 2159 1303 prae-

568 1329 837 1402 positum,
895 1344 1000 1382 non
1049 1329 1189 1398 quod
1222 1328 1400 1382 omnia
1431 1327 1813 1397 comperisset,
1869 1325 1962 1380 sed
2017 1325 2159 1395 quod

564 1423 695 1480 nihil
752 1437 811 1479 se
876 1423 1018 1479 scire
1067 1422 1361 1479 didicisset.
1429 1422 1503 1479 lta
1563 1418 1825 1476 confessa:
1883 1417 2160 1490 sapientia:

565 1531 770 1574 summa
801 1515 1080 1587 prudentia
1107 1523 1207 1571 est.
1247 1534 1264 1566 ι

637 1609 762 1665 Haec
787 1617 964 1662 autem
990 1623 1019 1662 a
1041 1607 1254 1662 Caecilio
1280 1622 1384 1661 non
1413 1604 1805 1662 inconsiderate
1827 1602 1966 1659 dicta
1997 1603 2161 1660 fuisse

565 1702 691 1759 inde
722 1702 999 1771 probatur,
1021 1701 1162 1771 quod
1187 1701 1252 1756 de
1287 1701 1475 1755 eodem
1499 1700 1720 1756 Socrate
1752 1699 1941 1754 Cicero
1971 1697 2161 1752 litteris

2259 488 2458 550 omnia.
2490 489 2584 544 sed
2615 490 2667 544 in
2696 492 3003 544 universum
3030 488 3163 548 nihil
3195 505 3376 559 nosse,
3415 501 3508 550 aut
3534 491 3636 550 hoc
3658 501 3865 552 tantum

2261 595 2322 636 se
2350 581 2510 646 scire,
2544 581 2687 652 quod
2717 582 2972 637 nesciret.
3011 600 3029 634 ι

2333 671 2703 728 Theodoretus
2731 689 2893 744 porro
2935 672 3218 740 (Theodor.
3251 675 3315 730 de
3355 675 3522 732 (inec.
3548 676 3720 744 aﬂ'ect.
3771 697 3866 734 cu-

2259 776 2360 821 rat.
2394 784 2544 822 serm.
2577 768 2634 832 2,
2669 786 2788 839 pag.
2810 769 2936 834 488;
2959 769 3083 824 ibid.
3129 786 3281 824 serm.
3304 770 3371 837 4,
3419 789 3539 843 pag.
3572 773 3740 842 551),
3775 777 3867 846 qui

2262 859 2468 932 Pythiae
2500 862 2600 916 hoc
2635 861 2910 916 oraculum
2942 862 3202 928 attribuit,
3251 861 3448 916 alicubi
3491 861 3866 934 Xenophontis

2260 953 2420 1007 verba
2477 939 2641 1008 refert
2697 952 2968 1026 (ΧεηορΙι.
3018 952 3104 1006 lib.
3155 968 3173 1008 ι
3229 953 3512 1009 Memorab.
3561 973 3680 1028 pag.
3723 958 3866 1026 7l0;

2261 1053 2308 1098 et
2337 1045 2423 1098 tib.
2455 1061 2528 1111 tv,
2575 1062 2696 1116 pag.
2733 1045 2901 1113 815),
2945 1044 3137 1112 quibus
3170 1054 3354 1101 narrat
3377 1048 3646 1117 quomodo
3673 1047 3865 1106 Socra-

2263 1143 2345 1191 tes
2407 1137 2672 1208 quoslibet
2727 1137 2971 1194 homines
3017 1153 3045 1191 a
3097 1138 3397 1194 caelestium
3452 1138 3866 1214 divinarumque

2264 1244 2444 1284 rerum
2524 1231 2935 1302 investigatione
3004 1229 3427 1297 dehortabatur;
3485 1234 3866 1308 asserebatqne

2264 1335 2379 1389 eos,
2427 1321 2518 1393 qui
2562 1324 2679 1378 illas
2734 1323 2916 1378 rimari
2965 1325 3317 1390 conabantur,
3365 1336 3454 1379 aut
3500 1325 3678 1382 fatuos
3721 1344 3864 1397 esse,

2263 1423 2355 1468 aut
2402 1417 2452 1469 in
2494 1418 2727 1470 maximo
2775 1416 3015 1471 stultitia:
3065 1415 3325 1486 periculo.
3361 1416 3740 1488 Xenophonts
3769 1437 3864 1476 au.

2265 1516 2370 1564 tem
2399 1507 2560 1564 verba
2591 1510 2795 1580 integra
2827 1509 2878 1563 in
2909 1509 3026 1578 eius
3057 1508 3210 1564 libris
3231 1551 3246 1575 ,
3295 1519 3351 1564 et
3407 1511 3582 1566 adhuc
3607 1528 3637 1566 a
3665 1513 3866 1585 Cyrillo

2264 1599 2628 1654 Alexandrino
2685 1598 2890 1670 (Cyrill.
2923 1600 2959 1655 l.
3025 1615 3056 1655 ν
3098 1610 3275 1654 contra
3303 1599 3502 1656 Julian.
3558 1621 3678 1674 pag.
3718 1606 3862 1674 l80),

2265 1700 2320 1746 et
2361 1689 2539 1746 Gellio
2589 1692 2747 1747 citata
2776 1692 3017 1762 reperies
3045 1691 3288 1761 (Gellius.
3336 1693 3424 1747 lib.
3470 1709 3522 1750 tv
3567 1693 3723 1751 Noct.
3759 1698 3864 1752 Att.

566 1795 814 1852 similiter
838 1794 1108 1848 mandavit
1140 1811 1152 1849 :
1189 1813 1207 1846 ι
1245 1793 1495 1850 Socrates
1523 1793 1652 1847 mihi
1681 1791 1908 1857 videtur,
1943 1791 1992 1845 id
2018 1789 2159 1860 qttud
2192 1791 2239 1851 B
2266 1807 2382 1859 cap.
2437 1789 2516 1862 4).
2593 1790 2840 1846 Laertius
2884 1789 3230 1846 nihilominus
3287 1789 3308 1863 (
3341 1789 3513 1848 Laert.
3569 1793 3659 1848 lib.
3719 1808 3776 1856 ιι,
3837 1794 3864 1866 §

567 1895 780 1942 constat
806 1888 944 1940 inter
968 1901 1177 1951 omnes,
1207 1888 1408 1951 prii-nus
1439 1902 1468 1936 a
1501 1885 1661 1936 rebus
1685 1884 1931 1948 occultis,
1983 1891 2036 1935 et
2081 1881 2149 1935 ab

567 1973 680 2042 ipsa
722 1983 909 2022 natura
959 1967 1323 2023 involutis.....
1378 1970 1682 2023 avocavisse
1732 1969 2159 2039 philosophiam,

567 2069 624 2116 et
649 2059 714 2114 ad
743 2061 902 2114 vitam
927 2075 1267 2117 communem
1297 2061 1619 2128 adduxisse;
1651 2072 1708 2115 ut
1757 2061 1825 2117 de
1878 2061 2163 2116 virtutibus

567 2162 616 2208 et
655 2154 816 2217 vitiis,
853 2156 1178 2225 omninoque
1205 2155 1271 2210 de
1300 2156 1452 2212 bonis
1496 2157 1656 2212 rebus
1685 2164 1739 2210 et
1760 2155 1913 2210 malis
1941 2170 2166 2226 quaere—

567 2259 652 2306 ret
679 2267 694 2303 :
722 2250 958 2306 cmlestia
988 2259 1164 2305 autent
1195 2259 1286 2304 aut
1325 2249 1510 2320 procul
1541 2263 1662 2304 esse
1705 2263 1736 2303 a
1785 2261 1969 2304 nostra
2021 2247 2165 2318 cogi-

569 2341 771 2397 tatioiie
823 2350 1100 2404 censeret,
1157 2341 1240 2396 vel
1307 2342 1350 2394 si
1402 2340 1634 2395 maxime
1689 2341 1896 2410 cognita
1949 2346 2161 2403 essent,

569 2431 704 2489 nihil
760 2442 936 2487 tamen
985 2432 1049 2487 ad
1097 2432 1234 2488 bene
1293 2432 1578 2487 vivendum
1625 2433 1894 2486 conferre.
1957 2430 2053 2484 llic
2110 2429 2163 2484 in

570 2525 818 2581 omnibus
849 2525 961 2580 fere
988 2524 1358 2589 sermonibus,
1392 2525 1480 2593 qui
1523 2523 1592 2576 ab
1616 2522 1716 2588 iis,
1758 2521 1849 2592 qui
1883 2522 2027 2576 illum
2071 2537 2166 2576 au-

568 2613 817 2680 dierunt,
856 2615 1138 2686 perscripti
1195 2616 1372 2681 varie,
1403 2615 1620 2684 capiose
1649 2625 1794 2679 sunt,
1821 2615 1888 2668 ita
1907 2615 2161 2684 dtSputat,

571 2716 628 2762 ut
658 2707 789 2762 nihil
831 2708 1064 2763 allii-met
1094 2709 1228 2778 ipse,
1263 2708 1472 2763 refellat
1523 2708 1657 2762 alios
1689 2725 1703 2761 :
1737 2706 1869 2762 nihil
1921 2722 1978 2762 se
2023 2707 2166 2762 scire

569 2799 732 2868 dicat,
765 2802 864 2857 nisi
906 2803 1168 2874 idipsnm;
1219 2819 1389 2874 eoque
1435 2813 1689 2873 prmstare
1732 2804 1974 2869 c:t-teris,
2021 2802 2162 2874 quod

544 2892 683 2958 .illi,
727 2910 844 2964 qua:
876 2896 1146 2958 nesciant,
1202 2897 1341 2949 scire
1391 2910 1450 2950 se
1504 2904 1729 2965 putent:
1761 2897 1875 2965 ipse
1919 2911 1978 2950 se
2031 2895 2164 2950 nihil

569 2988 711 3042 scire
733 2988 783 3042 id
812 3003 974 3042 ttnutn
1011 2989 1177 3052 sciat;
1203 2989 1272 3042 ob
1299 3002 1523 3058 eamque
1554 3003 1667 3042 rem
1715 3001 1773 3042 se
1812 2986 2058 3042 arbitrari
2099 2988 2167 3044 ab

572 3081 824 3150 Apolline
847 3081 1088 3134 omnium
1121 3080 1576 3148 sapientissimum
1605 3094 1727 3134 esse
1758 3079 1988 3144 dictum,
2024 3078 2165 3151 quod

2266 1885 2333 1940 57
2360 1894 2406 1939 et
2435 1882 2528 1957 45)
2579 1884 2820 1956 ejusdem
2851 1886 3224 1956 Xenophontis
3262 1888 3570 1943 testimonio
3601 1887 3864 1961 (Xenoplt.

2266 1976 2354 2030 lib.
2403 1992 2419 2031 ι
2478 1975 2762 2033 Memorab.
2820 1995 2940 2050 pag.
2990 1979 3140 2050 726)
3193 1980 3382 2048 probat
3451 1981 3730 2037 Socratem
3799 1980 3868 2039 tle

2266 2067 2606 2124 Providentia
2650 2071 2746 2125 Dei
2793 2071 3081 2142 aliquando
3111 2071 3416 2144 disputasse
3456 2089 3471 2126 :
3521 2083 3577 2128 et
3621 2071 3868 2131 laudatus

2267 2161 2335 2216 ab
2361 2175 2427 2216 eo
2457 2161 2833 2234 Xenophontis
2883 2163 3032 2221 locus
3054 2166 3107 2220 in
3142 2167 3310 2238 ipsius
3351 2166 3502 2222 libris
3545 2180 3727 2222 revera
3777 2169 3863 2223 in-

2267 2256 2495 2312 venitur.

2340 2347 2574 2404 Citatum
2623 2350 2837 2406 tandem
2866 2367 2892 2404 a
2922 2351 3141 2408 Caecilio
3189 2352 3428 2424 ejusdem
3470 2355 3705 2412 Socratis
3739 2355 3868 2410 ada.

2267 2441 2412 2511 gium
2445 2460 2458 2496 :
2499 2459 2517 2494 ι
2555 2441 2708 2510 Quod
2737 2457 2897 2514 supra
2921 2459 3039 2508 nos,
3071 2443 3201 2500 nihil
3225 2445 3293 2500 ad
3321 2461 3440 2514 nos,
3481 2464 3500 2500 ι
3535 2463 3564 2500 a
3587 2445 3868 2501 Lactantio

2269 2532 2532 2604 (Lactant.
2557 2535 2646 2589 lib.
2668 2551 2746 2600 ιιι,
2786 2536 2850 2590 de
2877 2538 3012 2609 falsa
3032 2537 3269 2609 Sapicut.
3292 2556 3408 2610 cap.
3438 2538 3531 2605 ‘20,
3571 2556 3690 2610 pag.
3710 2539 3863 2607 508),

2269 2624 2354 2681 bis
2404 2628 2674 2697 profertur
2730 2629 2908 2684 verbis
2960 2650 2972 2685 :
3027 2648 3046 2682 ‹
3094 2631 3318 2686 Celebre
3374 2630 3477 2686 hoc
3529 2631 3867 2701 proverbium

2272 2720 2525 2776 Socrates
2548 2721 2733 2778 habuit
2763 2741 2777 2778 :
2811 2723 2964 2792 Quod
2987 2738 3148 2794 supra
3191 2738 3326 2790 nos,
3383 2723 3514 2778 nihil
3562 2724 3627 2780 ad
3683 2739 3800 2778 nos.
3842 2745 3861 2777 ι

2272 2810 2630 2884 Hieronymus
2670 2830 2800 2870 vero
2826 2818 2906 2870 sic
2936 2815 3068 2871 illud
3095 2826 3282 2872 contra
3313 2816 3562 2872 Rufinum
3610 2815 3864 2874 adhibet:

2279 2923 2297 2956 ι
2333 2905 2523 2960 Totam
2558 2907 2689 2962 mibi
2720 2909 2993 2980 physicam
3021 2910 3271 2981 opponis,
3313 2919 3372 2965 ut
3398 2909 3591 2966 frustra
3627 2910 3694 2965 ad
3733 2911 3870 2965 ethi-

2270 3013 2387 3054 cam
2418 3000 2687 3056 transiens
2709 3001 2960 3058 Socrates
2981 3003 3178 3058 dixerit
3206 3021 3220 3059 :
3249 3003 3378 3071 Quae
3399 3018 3560 3073 supra
3584 3017 3704 3068 nos,
3737 3002 3867 3059 nihil

2270 3089 2338 3144 ad
2393 3106 2492 3146 nos
2535 3091 2869 3164 (Ilierongm.
2897 3095 3165 3164 Apologet.
3205 3095 3405 3149 advers.
3457 3095 3636 3164 Ruﬁn.
3675 3095 3763 3150 lib.
3795 3111 3864 3164 tt,

572 3169 689 3226 hinc
731 3180 878 3226 esset
925 3187 1028 3226 “"3
1059 3171 1235 3226 θωυίε
1262 3173 1520 3242 sapientia
1541 3213 1555 3238 ι
1617 3187 1720 3225 "0"
1751 3171 1996 3225 “milia”
2046 3186 2166 3226 5059
2192 3179 2238 3243 C
2271 3184 2420 3256 longe
2449 3195 2562 3254 post
2587 3187 2856 3259 medium).
2896 3206 2914 3240 ι
2957 3188 3224 3244 Caeterum
3252 3188 3503 3244 Ctecilius
3530 3205 3598 3243 ex
3622 3187 3706 3243 his
3732 3203 3865 3244 con-

569 3265 730 3330 scire,
762 3263 904 3335 quod
960 3265 1162 3320 nesciat
1215 3264 1344 3333 (Cic.
1397 3264 1525 3319 lib.t
1563 3263 1726 3317 Acad.
1750 3273 1932 3334 quiest.
1959 3281 2076 3334 pag.
2110 3265 2163 3331 5,

571 3357 664 3412 lin.
695 3357 786 3420 4i,
815 3365 862 3411 et
891 3357 1080 3428 seqq.).
1115 3378 1134 3410 ι
1165 3357 1297 3424 Quis
1327 3371 1504 3412 autem
1534 3357 1689 3412 facile
1719 3357 1820 3412 sibi
1854 3357 2163 3428 persuaderi

571 3466 677 3506 non
704 3452 841 3507 sinet
879 3451 992 3505 hare
1019 3463 1070 3506 et
1098 3454 1198 3506 alia
1225 3452 1502 3508 Ciceronis
1527 3453 1684 3508 verba
1708 3493 1723 3520 ,
1755 3454 1877 3507 alibi
1916 3468 1945 3508 a
1989 3453 2162 3520 nobis,

572 3545 660 3600 ubi
713 3545 779 3600 de
834 3545 1022 3599 eodem
1081 3547 1305 3602 Socrate
1352 3547 1673 3617 agebamus,
1706 3548 1907 3615 relata,
1964 3548 2165 3603 Caecilii

570 3640 729 3695 dictis
758 3641 827 3694 ita
855 3651 1215 3696 consentanea
1247 3656 1403 3707 esse;
1457 3651 1514 3696 ut
1539 3641 1681 3696 hunc
1713 3641 1838 3698 inde
1894 3657 1989 3696 sua
2035 3641 2167 3696 hau-

569 3732 708 3788 sisse
749 3732 887 3787 haud
935 3747 1154 3802 prorsus
1199 3733 1431 3788 absurde
1488 3735 1789 3804 suspieaudi
1842 3734 2016 3789 locum
2069 3748 2166 3789 nos

571 3825 770 3881 habere
813 3826 1092 3881 videamur
1134 3825 1322 3898 (Tom.
1358 3842 1394 3882 ιι
1427 3828 1676 3899 Apparat.
1729 3828 1817 3883 lib.
1852 3843 1928 3893 ιιι,
1961 3827 2162 3881 dissert.

567 3920 624 3982 2,
647 3935 766 3988 cap.
797 3920 885 3982 17,
915 3931 1015 3974 art.
1050 3921 1104 3983 5,
1134 3937 1253 3991 pag.
1285 3920 1444 3986 H55,
1473 3931 1520 3974 et
1540 3919 1740 3992 seqq)?

641 4011 812 4066 Porro
836 4020 1012 4066 autem
1046 4011 1273 4081 hujusce
1294 4011 1560 4081 Apollinis
1594 4014 1644 4068 in
1677 4012 1914 4068 Socratis
1954 4011 2166 4068 laudem

569 4104 774 4158 oraculi
834 4119 1021 4158 rursus
1069 4103 1262 4160 Cicero
1297 4106 1416 4158 aliis
1456 4106 1506 4159 in
1549 4106 1701 4160 libris
1755 4105 1944 4178 (Cicer.
1989 4107 2079 4160 lib.
2105 4107 2169 4159 de

572 4193 777 4251 Senect.
809 4213 932 4268 pag.
958 4197 1082 4262 417,
1117 4198 1212 4253 lin.
1232 4197 1319 4262 12;
1349 4209 1395 4251 et
1426 4197 1513 4252 lib.
1546 4199 1610 4252 de
1637 4198 1842 4254 Amicit.
1871 4216 1991 4270 pag.
2023 4199 2161 4267 Μῦς,

569 4287 661 4342 lin.
692 4289 782 4356 45,
814 4298 862 4342 et
893 4307 1011 4359 pag.
1059 4290 1172 4362 t29,
1200 4291 1294 4343 lin.
1327 4290 1453 4360 22.)
1479 4331 1495 4355 ,
1549 4291 1840 4345 Pausanias
1896 4290 2158 4362 (Pausan.

567 4380 656 4434 lib.
683 4397 730 4442 t,
763 4398 884 4451 pag.
914 4380 986 4434 20
1015 4380 1056 4452 ).
1090 4381 1294 4436 Plinius
1351 4381 1529 4453 (Plin.
1565 4384 1652 4436 lib.
1697 4400 1764 4438 vn
1815 4395 1985 4438 natur.
2025 4383 2163 4438 Hist.

566 4490 684 4542 cap.
716 4475 832 4542 5i),
863 4473 1078 4528 Solinus
1127 4473 1324 4545 (Salia.
1357 4492 1471 4546 cap.
1507 4493 1543 4544 t,
1583 4493 1702 4547 pag.
1739 4476 1874 4549 11),
1921 4477 2167 4533 Valerius

2270 3277 2437 3331 cludit
2487 3278 2798 3333 imitandam
2851 3294 2972 3335 esse
3001 3280 3280 3344 Arcesilai,
3331 3279 3644 3344 Carneadis,
3691 3280 3868 3335 Simo-

2271 3367 2430 3435 nidis,
2486 3379 2539 3423 et
2585 3369 3030 3426 AcatlemiCorunt
3081 3372 3134 3426 itt
3161 3373 3408 3439 summis,
3437 3387 3500 3427 ac
3527 3371 3866 3442 potissimum

2269 3459 2335 3514 de
2361 3459 2484 3527 diis,
2517 3469 2682 3515 tutam
2716 3461 3126 3525 dubitationem.
3167 3462 3330 3519 Vides
3356 3472 3502 3520 certe
3529 3465 3719 3532 quibus
3748 3463 3870 3528 fun-

2269 3550 2534 3606 damentis
2561 3553 2759 3608 nitatur
2790 3554 2904 3610 haec
2951 3553 3186 3620 Caicilii,
3235 3560 3348 3611 sive
3397 3555 3590 3612 ethnici
3630 3557 3867 3612 hominis

2268 3645 2678 3714 argumentatio.
2728 3643 2846 3699 Jam
2888 3661 3017 3702 vero
3060 3646 3188 3718 quid
3247 3647 3315 3703 ad
3360 3663 3478 3704 cam
3543 3645 3868 3719 restiondeat

2268 3737 2520 3796 Octavius
2537 3777 2552 3806 ,
2585 3738 2975 3795 exatninemus.

2876 4023 3168 4067 Λιιτιουιυε
3208 4025 3287 4072 Ill.
3332 4054 3338 4058 -

2270 4184 2616 4254 Expommtur
2644 4183 2841 4240 Octavii
2859 4202 3101 4257 responsa
3119 4228 3133 4253 ,
3162 4188 3342 4261 quibus
3380 4187 3647 4258 superiora
3673 4185 3873 4244 erilii

2690 4290 2988 4351 argumenta
3017 4280 3168 4335 diluit
3196 4290 3242 4337 et
3264 4283 3454 4338 evertit.

2343 4481 2563 4538 Fatetur
2585 4481 2799 4552 quidem
2829 4480 3101 4545 Octavius.
3128 4496 3190 4538 ac
3235 4482 3453 4539 Ctecilio
3480 4483 3730 4539 concedit
3769 4482 3872 4537 bo-

566 4564 830 4618 Maximus
857 4563 1064 4636 (Valer.
1107 4565 1254 4620 Max.
1287 4565 1377 4622 lib.
1412 4582 1490 4634 ιιι,
1529 4566 1745 4639 cap.4),
1777 4567 1976 4639 aliique
2005 4586 2164 4639 quam
2190 4574 2244 4635 D
2269 4573 2468 4630 minem
2512 4589 2671 4628 nosse
2716 4589 2775 4629 se
2803 4575 2976 4645 ipsum
3010 4574 3208 4630 debere
3230 4618 3246 4642 ,
3299 4588 3460 4646 atque
3512 4584 3716 4632 attento
3766 4577 3872 4631 cir-

566 4657 750 4727 plures
782 4655 1101 4712 meminere.
1148 4657 1392 4714 Laertius
1439 4676 1567 4714 vero
1597 4659 1725 4715 illud
1776 4660 1854 4716 sic
1905 4677 1934 4714 a
1976 4661 2164 4734 Pythia

566 4751 744 4807 insunt
777 4759 1003 4808 testatur
1026 4769 1040 4806 :

815 4870 961 4932 Ᾰνδρῶν
979 4881 1147 4920 ἁπάντων
1170 4883 1355 4934 Σωκράτης
1380 4885 1603 4934 σοιξώτατος·

721 4951 992 5001 Mortalium
1012 4954 1226 5017 omnium
1251 4955 1482 5004 Socrates
1506 4956 1911 5017 sapientissimus.

779 5031 810 5046 ι
1116 5015 1304 5079 (Laert.
1332 5017 1366 5065 l.
1392 5032 1424 5066 ιι
1471 5019 1518 5068 in
1552 5014 1647 5068 Vit.
1677 5020 1816 5069 Socr.
1835 5018 1861 5080 §
1883 5018 1986 5081 57.)

566 5121 769 5201 Martyr
812 5130 992 5178 autem
1024 5123 1268 5179 Justinus
1309 5124 1535 5197 (Justin.
1572 5125 1836 5181 Coliortat.
1879 5126 1947 5180 ad
1996 5126 2162 5182 Gram.

565 5232 686 5285 pag.
712 5215 828 5288 55),
850 5217 1093 5272 eamdem
1117 5233 1179 5273 ac
1208 5219 1451 5275 Caecilius
1491 5231 1546 5275 et
1590 5221 1798 5281 Cicero.
1834 5221 1993 5292 hujus
2045 5237 2169 5277 ora-

564 5309 669 5362 culi
707 5311 970 5364 rationem
1004 5311 1244 5380 protulit.
1301 5310 1570 5367 Lucianus
1611 5328 1739 5368 vero
1784 5313 2036 5383 (Lucina.
2104 5314 2168 5368 de

565 5400 755 5455 Saltat.
815 5418 935 5474 pag.
993 5403 1126 5467 507;
1169 5403 1308 5456 Dial.
1357 5405 1535 5460 Amor.
1582 5422 1707 5477 pag.
1752 5407 1882 5471 585;
1927 5417 1974 5460 et
2022 5406 2163 5462 Dial.

560 5492 626 5546 de
670 5491 857 5558 Sectis,
917 5511 1040 5566 pag.
1092 5496 1244 5564 50%),
1307 5507 1590 5566 postquam
1640 5499 1780 5554 illius
1836 5500 2163 5556 mentionem

556 5586 727 5642 semel
755 5595 917 5654 atque
945 5586 1138 5643 iterum
1180 5588 1322 5654 iecit,
1353 5591 1422 5645 de
1459 5590 1689 5658 ipsomet
1711 5594 1933 5648 Socrate
1966 5593 2080 5648 haec
2112 5594 2164 5648 in

557 5676 719 5732 verba
751 5676 985 5746 laqttilttl‘
1007 5694 1019 5726 :
1046 5670 1112 5749 6‘-
1145 5687 1395 5752 ἐπικραίνει
1421 5692 1532 5752 πρὸς
1560 5686 1801 5750 ἅπαντας,
1835 5690 1920 5754 ιῦχ
1945 5693 2070 5750 ὅπως
2093 5711 2166 5755 μνι

549 5771 701 5818 πάντα
730 5773 853 5823 ἀλλὶ
868 5766 992 5833 μήδ’
1011 5777 1138 5844 ὅλως
1167 5776 1336 5829 εἰδέναι
1357 5779 1429 5841 τὶ,
1452 5780 1479 5832 ἢ
1506 5779 1642 5829 τοῦτο
1669 5787 1830 5846 μόνον,
1847 5783 1922 5831 ὅτι
1945 5782 2026 5832 ὂυκ
2051 5779 2164 5832 οῖδα.

2270 4667 2605 4736 cumspicere
2642 4667 2844 4732 animo,
2897 4667 3023 4738 quid
3053 4668 3186 4738 ipse,
3239 4678 3292 4722 et
3347 4669 3488 4723 ttnde
3531 4671 3624 4734 sit,
3687 4679 3868 4724 utrum

2270 4773 2334 4814 ex
2364 4759 2667 4822 elementis,
2709 4760 2791 4814 vel
2819 4760 3014 4814 atomis
3035 4769 3317 4814 concretus
3340 4800 3354 4824 ,
3389 4760 3471 4814 vel
3496 4774 3525 4814 a
3554 4759 3662 4813 Deo
3703 4761 3871 4815 factus

2273 4860 2327 4907 et
2357 4862 2592 4905 creatus.
2625 4850 2731 4907 Sed
2773 4850 2892 4916 hoc,
2929 4851 3120 4922 inquit,
3149 4850 3334 4907 abillo
3363 4852 3490 4908 sciri
3533 4867 3638 4908 non
3669 4863 3868 4923 potest,

2275 4945 2378 4999 nisi
2410 4945 2576 5000 Deum
2597 4954 2906 5015 cognoscat.
2957 4945 3161 5001 Deinde
3187 4961 3314 5002 vero
3359 4947 3497 5001 sicut
3525 4957 3717 5002 czetcra
3748 4948 3870 5002 ani-

2269 5038 2470 5092 mantia
2500 5052 2686 5108 prona,
2736 5045 2897 5107 atque
2935 5036 3002 5091 ad
3049 5036 3150 5092 hoc
3179 5048 3322 5104 nata,
3377 5047 3432 5091 ut
3479 5037 3649 5092 Solum
3700 5038 3874 5108 pabu-

2269 5129 2488 5200 lumque
2522 5127 2882 5198 constiiciant;
2935 5128 3004 5182 ita
3036 5128 3198 5183 homo
3251 5128 3453 5183 vultum
3499 5130 3784 5185 sublimem
3817 5139 3874 5185 et

2269 5232 2508 5277 erectum
2537 5220 2721 5286 habet,
2770 5229 2830 5275 ut
2857 5220 3002 5274 humi
3058 5235 3165 5275 non
3211 5231 3382 5292 repat,
3432 5221 3526 5277 sed
3571 5222 3873 5277 attollenda

2270 5314 2336 5369 ad
2368 5315 2566 5370 coelum
2597 5313 2811 5377 oculos,
2840 5329 3164 5384 omnemque
3191 5313 3375 5369 mundi
3432 5323 3677 5373 ornatum
3735 5331 3871 5370 con-

2273 5407 2612 5478 templando,
2663 5406 2728 5461 ad
2797 5406 2889 5460 Dei
2945 5407 3227 5476 perveniat
3288 5407 3672 5478 cognitionem.
3728 5407 3870 5476 Quid

2269 5517 2419 5568 vero,
2453 5501 2592 5572 quod
2625 5501 2708 5556 fas
2753 5501 2829 5554 illi
2875 5515 2980 5555 non
3031 5509 3130 5568 est,
3165 5501 3493 5572 ingerentem
3548 5516 3670 5557 sese
3700 5503 3873 5557 oculis

2269 5595 2624 5664 sensibusque
2686 5592 2886 5648 nostris
2945 5592 3181 5648 divinam
3233 5594 3479 5660 ignorare
3527 5595 3873 5648 claritatem?

2269 5689 2400 5757 Quae
2429 5687 2571 5743 enim
2601 5686 2756 5754 inira,
2788 5687 2952 5753 circa,
2995 5701 3264 5757 supraque
3315 5687 3516 5757 ipsmn,
3570 5703 3692 5756 qua:
3747 5697 3876 5743 ante

2270 5781 2435 5851 pedes
2485 5792 2634 5848 suos,
2667 5788 2722 5835 et
2748 5779 2800 5833 in
2826 5775 2950 5834 caeli
2991 5777 3164 5847 plagis
3189 5789 3313 5835 sunt
3347 5778 3541 5849 posita,
3574 5779 3620 5833 si
3674 5778 3874 5837 lustra-
