4248 6264
373 343 478 400 417

1750 323 2083 392 DlSSERTA
2093 325 2225 391 TlO.

3522 340 3527 345 ’
3573 343 3678 401 418

371 454 542 516 verit;
573 460 683 508 tum
703 450 849 505 illico
879 447 1216 520 apertissime
1255 447 1550 518 comperiet
1595 463 1715 504 esse
1755 450 1972 520 aliquod
2002 448 2052 508 A
2151 451 2322 505 Porro
2349 459 2526 507 autem
2565 451 2826 508 Minucius
2855 460 3010 510 acute
3037 453 3257 510 omnino
3297 466 3350 511 ct
3377 458 3546 513 facete
3575 459 3678 515 So-

374 546 831 618 prmsumlissinne
859 541 1055 598 mentis
1086 557 1304 608 numen,
1355 557 1384 595 a
1412 557 1518 611 quo
1566 551 1748 596 creata
1797 543 1974 596 omnis

375 651 565 695 natura
595 647 860 701 movetur,
914 635 1077 690 alitur
1104 644 1158 690 et
1188 635 1536 705 gubernatur.
1598 635 1663 688 Et
1697 633 1797 688 hoc
1853 634 1970 704 qui-

375 732 499 789 dem
523 748 586 787 ex
613 733 783 800 primo
814 728 1090 784 Ciceronis
1117 729 1181 781 de
1205 726 1407 781 Natura
1441 727 1659 782 Deorum
1689 727 1824 782 librn
1849 743 1973 783 eum

374 822 708 894 decerpsisse
724 823 835 892 jam
866 821 1114 877 vidimus.
1142 817 1430 875 Christiani
1451 819 1609 890 igitur
1641 820 1690 874 id
1723 829 1974 874 constan-

375 918 584 973 tissime
611 925 919 971 assereutes
941 956 958 980 ,
987 912 1150 969 nullis
1190 929 1249 968 se
1288 913 1438 968 vanis
1467 923 1559 968 aut.
1607 911 1973 968 formidulosis

371 1008 717 1078 opiniOuibus
739 1007 1104 1078 implicabant.

445 1101 529 1157 Ab
575 1101 782 1168 objecta
812 1117 946 1156 vero
970 1099 1207 1156 Socratis
1233 1098 1548 1155 auctoritate
1594 1099 1681 1156 ille
1709 1097 1972 1154 facillime

377 1209 437 1252 se
459 1210 518 1251 se
544 1193 776 1264 expedit,
802 1202 858 1249 et
893 1208 1012 1249 eam
1041 1191 1376 1262 paucissimis
1424 1191 1601 1248 verbis
1631 1193 1830 1257 elevat,
1862 1195 1974 1263 pla.

376 1302 551 1357 neque
575 1287 810 1342 conﬁcit.
846 1283 1135 1355 Postquam
1173 1285 1316 1341 enim
1347 1284 1536 1351 multa,
1584 1285 1776 1357 quibus
1807 1286 1972 1341 Deum

376 1379 608 1434 existere
634 1379 973 1450 probaverat,
1001 1387 1147 1432 certa
1177 1392 1299 1433 esse
1329 1377 1676 1440 ostendisset,
1709 1389 1816 1432 tum
1840 1395 1971 1434 con-

380 1472 527 1527 tinuo
554 1471 670 1527 haac
699 1471 893 1543 adjecit
919 1491 931 1528 :
969 1491 987 1525 ‹
1022 1472 1254 1527 Proinde
1279 1473 1528 1528 Socrates
1554 1487 1736 1526 scurra
1764 1471 1974 1525 Atticus

380 1565 593 1631 viderit,
627 1565 762 1620 nihil
787 1581 847 1622 se
868 1568 1008 1622 scire
1033 1566 1337 1628 confessus,
1369 1563 1676 1621 testimonio
1707 1563 1830 1618 licet
1861 1561 1977 1615 fal—

376 1659 630 1716 lacissimi
675 1660 935 1715 dmtnonis
985 1660 1271 1729 gloriosus.
1309 1678 1328 1712 ι
1359 1658 1470 1714 Nec
1517 1660 1585 1713 ibi
1633 1658 1848 1728 quidem
1885 1655 1975 1710 ille

377 1752 552 1823 plura,
581 1752 674 1808 sed
699 1768 816 1824 qua:
864 1752 1076 1808 abunde
1126 1750 1398 1807 sufficiunt
1427 1749 1495 1804 ad
1527 1765 1589 1805 ea
1615 1751 1790 1805 omnia
1820 1749 1974 1820 peni-

2077 552 2278 598 cratem
2311 544 2460 600 illttm
2507 547 2758 615 corripit,
2813 547 2901 616 qui
2949 548 3017 604 de
3057 549 3321 616 Apollinis
3371 552 3680 609 testimonio

2076 634 2421 705 gloriabatur.
2468 637 2822 694 Fallacissimi
2867 641 3063 711 quippe
3094 641 3356 697 daemonis
3398 645 3678 700 oraculum

2077 737 2212 795 erat,
2246 731 2386 800 quod
2416 747 2544 786 sane
2568 733 2707 786 sicut
2736 741 2789 788 et
2830 734 2932 788 alia
2960 736 3029 788 ab
3055 733 3286 791 ethnicis
3312 737 3580 807 jactitata,
3612 740 3679 796 ab

2077 821 2254 892 impiis
2279 823 2611 880 d:emonibtts
2632 825 2805 881 fusum
2837 826 3242 898 profectumque
3275 831 3461 892 fuisse,
3485 848 3680 901 quetn-

2077 913 2362 968 admodum
2404 915 2538 970 infra
2599 917 2930 985 videbimus,
2979 919 3336 978 demonsuat.
3375 921 3530 979 Unde
3577 941 3678 996 op-

2078 1006 2207 1061 time
2250 1006 2464 1077 quidem
2515 1007 2879 1065 Tertullianus
2930 1011 2981 1065 itt
3036 1011 3138 1067 hoc
3187 1013 3360 1082 ipsum
3412 1016 3676 1085 Apollinis

2076 1099 2381 1162 oraculum,
2411 1115 2540 1170 quo,
2575 1101 2774 1172 inquit,
2812 1121 2831 1154 ι
2867 1103 3143 1159 Socratem
3174 1107 3363 1175 Apollo
3389 1109 3678 1178 sapientis-

2076 1188 2268 1244 simum
2299 1195 2536 1246 omnium
2569 1194 2797 1260 cecinit,
2829 1196 2908 1250 sic
2935 1197 3200 1252 exclamat
3231 1216 3244 1252 :
3289 1198 3333 1252 Ο
3375 1200 3680 1270 Apollinem

2078 1284 2573 1341 inconsideratum!
2621 1288 2911 1356 Sapientia:
2951 1291 3316 1347 testimoaium
3363 1293 3600 1349 reddidit
3625 1295 3678 1351 ei

2079 1376 2221 1440 viro,
2253 1380 2340 1446 qui
2363 1379 2734 1450 negabatdeos
2759 1396 2878 1437 esse
2907 1381 3150 1453 (Tertull.
3180 1384 3399 1458 Apolog.
3441 1403 3558 1458 cap.
3584 1389 3675 1456 46,

2079 1485 2201 1540 pag.
2229 1470 2343 1540 40).
2384 1490 2402 1522 ι

2149 1564 2384 1618 Socratis
2432 1563 2611 1636 itaque
2660 1568 2981 1622 auctoritate
3033 1568 3112 1623 sic
3155 1584 3382 1638 eversa,
3454 1571 3675 1630 citatum

2079 1655 2271 1712 deinde
2299 1672 2328 1711 a
2356 1657 2571 1712 Cmcilio
2615 1659 2898 1724 Arcesilae,
2959 1659 3283 1727 Carneadis,
3340 1663 3677 1735 aliorumque

2080 1752 2524 1807 Academicorum
2554 1753 2917 1808 testimonium
2944 1755 3096 1822 plane
3125 1757 3440 1827 penitusque
3461 1768 3678 1816 corruat

380 1854 466 1900 tus
490 1845 830 1910 destruenda,
865 1860 984 1916 quae
1009 1861 1078 1900 ex
1105 1845 1343 1900 Socratis
1370 1843 1689 1898 auctoritate
1715 1842 1967 1912 decerpta
1998 1845 2046 1907 B
2076 1860 2295 1900 necesse
2324 1855 2424 1900 est.
2472 1844 2603 1899 Nam
2635 1844 2720 1910 hi,
2755 1847 2892 1901 sicut
2937 1856 2990 1900 et
3021 1847 3134 1918 ipse
3172 1848 3418 1904 chilius
3451 1851 3675 1918 fatetur,

377 1948 535 1995 erant
576 1937 789 1994 Caecilio
811 1939 952 1994 enim
979 1937 1208 1993 libenter
1253 1937 1471 2008 largitur
1499 1937 1775 1991 Socratem
1806 1950 1865 1991 se
1889 1936 1970 1990 ni-

379 2032 457 2086 hil
483 2034 620 2087 scire
663 2032 962 2087 confessum
1007 2032 1222 2102 quidem
1255 2047 1394 2095 esse,
1427 2030 1520 2085 scd
1554 2029 1747 2086 ibidem
1775 2030 1971 2085 asserit

378 2125 530 2180 illum
563 2125 726 2180 fuisse
761 2143 781 2177 ‹
813 2140 1053 2182 scurram
1079 2127 1331 2179 Atticum.
1365 2141 1383 2176 ›
1410 2124 1527 2189 Quo
1548 2133 1725 2177 autem
1754 2132 1972 2178 auctore

376 2217 428 2273 id
460 2217 675 2285 dixerit,
707 2218 750 2272 si
776 2233 1006 2288 quaeras.
1027 2217 1121 2272 tibi
1152 2213 1707 2287 respoudebitCicero
1747 2230 1869 2270 eum
1900 2213 1972 2269 ita

376 2328 404 2368 a
428 2313 648 2368 Zenone
687 2313 1013 2382 appellatum
1045 2330 1058 2366 :
1086 2311 1232 2366 Zeno
1259 2310 1498 2381 quidem,
1529 2311 1717 2380 inquit,
1748 2325 1852 2363 non
1879 2324 1973 2365 eos

375 2409 548 2462 solum
580 2408 667 2478 qui
701 2418 812 2462 tum
844 2416 1018 2472 erant,
1047 2405 1452 2476 Apollodorum,
1477 2404 1684 2476 Syllum
1720 2413 1973 2459 caeteros-

376 2518 481 2573 que
505 2503 695 2570 ligebat
722 2501 1020 2556 maledictis
1051 2499 1181 2556 :sed
1214 2501 1492 2554 Socratem
1540 2498 1734 2568 ipsum,
1780 2513 1972 2566 paren-

379 2604 482 2649 tem
506 2593 878 2664 philoSOpltite,
905 2593 1068 2648 latino
1088 2592 1252 2648 verbo
1275 2603 1452 2657 utens,
1474 2605 1711 2645 scurram
1737 2589 1972 2645 Atticum

379 2687 541 2740 fuisse
561 2685 774 2740 dicebat
804 2686 823 2757 (
854 2685 960 2739 (lic.
1011 2683 1097 2739 lib.
1139 2699 1177 2750 ι,
1202 2683 1264 2737 de
1291 2681 1482 2737 Natur.
1520 2682 1674 2735 Deor.
1705 2699 1824 2752 pag.
1847 2682 1974 2751 ‘209,

379 2779 472 2835 lin.
504 2778 584 2852 9).
629 2799 647 2833 ι
680 2780 1014 2851 Quapropter
1041 2780 1348 2836 Lactantius
1374 2779 1512 2834 hanc
1542 2779 1708 2850 ipsam
1742 2778 1792 2832 in
1821 2794 1934 2834 rem
1961 2818 1976 2844 ,

377 2872 567 2928 eodem
598 2873 814 2928 Zenone
835 2875 1020 2940 citato,
1045 2873 1128 2928 his
1156 2873 1433 2928 Socratem
1465 2871 1642 2927 verbis
1686 2872 1918 2942 euagitat
1961 2889 1976 2926 :

384 2984 403 3017 ς
416 2964 517 3020 Per
529 2981 710 3020 canem
728 2977 777 3020 el
793 2980 1037 3021 anserem
1054 2965 1349 3036 dejerebat.
1366 2965 1410 3020 0
1427 2964 1695 3018 hominem
1716 2979 1976 3031 scurram,

362 3061 532 3114 ‘utait
560 3059 703 3114 Zeno
747 3059 1062 3130 Epicureus,
1121 3061 1380 3129 ineptum,
1415 3058 1701 3129 perditum,
1731 3058 1980 3130 despera-

381 3165 510 3219 tum,
535 3155 576 3210 si
599 3155 835 3210 eavillari
863 3155 1029 3209 voluit
1075 3153 1420 3224 religionem;
1449 3155 1776 3218 dementem,
1807 3155 1849 3207 si
1878 3153 1979 3208 hoc

2071 1936 2310 1994 Socratis
2343 1938 2588 2005 discipuli
2630 1938 2876 2003 fuerunt,
2906 1939 3255 2011 ejusdemque
3285 1943 3555 2012 opinionis
3591 1959 3680 1999 as-

2073 2040 2310 2086 sertores
2346 2049 2358 2084 :
2395 2049 2414 2082 ι
2450 2029 2562 2084 lloc
2589 2030 2764 2084 fonte»
2800 2028 2999 2085 Czecilii
3028 2033 3190 2087 verba
3233 2042 3389 2100 sunt,
3426 2035 3682 2090 «deﬂuxit

2074 2122 2348 2188 Arcesilae,
2378 2131 2432 2177 et
2463 2122 2628 2176 tnulto
2657 2131 2772 2192 post
2795 2121 3088 2178 Carneadis
3107 2166 3120 2187 ,
3149 2133 3204 2179 et
3231 2124 3678 2182 Academicorum

2075 2215 2425 2285 plurimorum
2469 2215 2519 2268 in
2553 2215 2779 2268 summis
2808 2215 3197 2284 quaestionibus
3225 2226 3334 2272 tttta
3366 2218 3628 2275 dubitatio
3663 2237 3678 2275 :

2075 2322 2181 2376 quo
2208 2322 2406 2376 genere
2439 2306 2807 2376 philosophari
2837 2317 2890 2361 ot
2919 2318 3076 2363 caute
3108 2308 3313 2365 indocti
3347 2322 3593 2380 possunt,
3627 2322 3682 2368 et

2076 2398 2217 2456 docti
2247 2399 2498 2469 gloriose.
2535 2417 2554 2451 ι
2592 2399 2738 2453 Hanc
2765 2407 2942 2453 autem
2976 2401 3253 2466 Arcesilaa,
3283 2402 3596 2468 Carneadis,
3629 2415 3685 2461 et

2077 2492 2300 2546 aliormn
2342 2491 2783 2546 Academicorum
2825 2492 3131 2561 opinionem
3175 2495 3476 2552 clarissime
3508 2498 3685 2566 eXpli-

2079 2593 2162 2638 cat
2187 2583 2397 2648 Cicero,
2425 2583 2518 2638 lib.
2551 2600 2608 2638 ut
2643 2585 2712 2639 de
2737 2582 2886 2640 Orat.
2921 2600 3042 2655 pag.
3085 2587 3223 2651 {95;
3273 2588 3366 2642 lib.
3401 2606 3437 2644 ιι
3478 2591 3546 2646 de
3594 2592 3688 2646 Fi-

2079 2677 2188 2732 nib.
2221 2692 2339 2747 pag.
2373 2677 2444 2731 58
2479 2693 2492 2729 :
2523 2677 2594 2730 lib
2624 2692 2682 2731 ιιι
2723 2676 2791 2732 de
2835 2674 2988 2732 Ofﬁc.
3022 2693 3144 2747 pag.
3179 2678 3285 2734 590
3314 2698 3326 2734 :
3351 2680 3419 2736 de
3456 2681 3684 2738 Divinat.

2079 2770 2173 2825 lib.
2209 2785 2265 2827 ιι.
2312 2783 2432 2839 pag.
2477 2767 2578 2824 501
2621 2785 2634 2823 :
2673 2769 2946 2840 pr:ecipue
2995 2768 3130 2823 lib.t
3181 2771 3433 2828 Academ.
3487 2783 3683 2845 qtnest.

2083 2878 2200 2933 pag.
2231 2864 2326 2929 10,
2356 2876 2408 2920 et
2439 2864 2531 2920 lib.
2563 2879 2640 2930 tv,
2683 2880 2802 2935 pag.
2833 2864 2923 2927 15,
2960 2863 3064 2930 14,
3097 2874 3153 2920 et
3191 2881 3380 2937 seqq;
3409 2875 3463 2922 et
3494 2867 3688 2939 Dioge-

2084 2973 2181 3012 nes
2208 2956 2455 3013 Laertius
2516 2958 2609 3013 lib.
2636 2975 2688 3014 ιν
2735 2958 2803 3014 de
2834 2959 2939 3014 Vit.
2979 2969 3034 3016 et
3077 2960 3321 3031 Dogmat.
3375 2961 3687 3034 PhiloSOph.

2084 3049 2170 3104 ubi
2203 3049 2479 3120 utriusque
2512 3050 2765 3105 Arcesilre
2809 3060 2865 3106 et
2907 3050 3201 3109 Carneadis
3241 3055 3408 3112 vitam
3446 3057 3684 3126 scripsit.

2084 3143 2410 3211 Augustinus
2455 3143 2546 3198 lib.
2576 3160 2666 3198 xu:
2705 3143 2774 3200 de
2828 3145 3044 3200 Civitat.
3099 3161 3217 3216 cap.
3251 3148 3317 3206 18
3339 3189 3355 3215 ,
3385 3160 3438 3205 et
3470 3150 3562 3204 lib.
3595 3167 3688 3220 ιιι,

379 3248 518 3300 διψία
551 3246 695 3312 fecit,
717 3245 987 3302 utanimal
1013 3245 1376 3315 turpissimum
1403 3261 1497 3314 pro
1522 3246 1631 3299 Deo
1656 3244 1919 3300 habuerit.
1952 3264 1971 3297 ι
2009 3235 2054 3299 C
2088 3247 2231 3293 cottl-
2273 3237 2531 3294 Academ.
2572 3255 2691 3310 pag.
2723 3238 2851 3294 284.
2881 3239 3085 3295 Gellius
3113 3241 3206 3297 lib.
3241 3259 3291 3296 x1
3332 3242 3484 3298 Noct.
3519 3245 3684 3301 Attic.

383 3337 643 3409 (Lactant.
673 3339 759 3394 lib.
790 3356 848 3396 ιιι
874 3341 936 3395 de
962 3340 1096 3409 falsa
1141 3340 1372 3409 Sapient.
1402 3355 1517 3408 cap.
1543 3339 1632 3404 '20,
1659 3357 1778 3410 pag.
1831 3338 1984 3408 509.)

380 3430 453 3487 lta
485 3433 698 3504 quidem
728 3433 818 3490 ille
868 3442 1015 3488 certe
1047 3432 1230 3502 probat
1275 3432 1549 3488 Socratem
1575 3432 1697 3502 jure
1744 3434 1935 3488 merito
1965 3473 1981 3499 ,

380 3540 412 3579 a
437 3526 673 3593 Zenone,
725 3528 968 3596 quamvis
1000 3524 1284 3595 Epicureo,
1339 3540 1576 3580 scurram
1609 3524 1930 3594 appellatum
1965 3541 1980 3590 ;

379 3621 808 3692 quandoquidem
841 3622 884 3676 si
920 3637 1016 3693 per
1065 3635 1252 3676 canem
1284 3629 1337 3674 et
1363 3633 1606 3673 anserem
1631 3617 1816 3688 jocose
1839 3617 1986 3688 jura-

377 3713 476 3778 vit,
507 3713 818 3782 religionem
849 3713 1033 3776 irrisit,
1075 3721 1129 3766 et
1157 3711 1436 3766 cavillatus
1465 3718 1565 3765 est.
1601 3709 1654 3764 Si
1683 3725 1860 3763 antem
1891 3724 1982 3763 se-

381 3805 488 3869 rio,
523 3803 746 3858 demens
776 3804 1015 3873 profecto
1043 3803 1168 3868 fuit,
1205 3803 1292 3873 qui
1337 3799 1702 3871 turpissimum
1743 3801 1982 3866 animal,

382 3911 496 3949 non
544 3910 700 3950 secus
727 3905 887 3965 atque
934 3892 1203 3966 Egyptii,
1252 3908 1348 3963 pro
1398 3893 1507 3947 Deo
1552 3891 1802 3946 habebat.
1852 3892 1983 3948 Inde

382 3989 569 4059 procul
600 3988 763 4044 dubio
798 3987 991 4044 Timon
1019 3989 1072 4043 in
1098 3987 1246 4044 Sillis
1293 3986 1435 4041 hunc
1477 3983 1854 4056 philosophum
1899 3986 1982 4042 his

382 4082 626 4156 depinxit
649 4083 894 4139 versibus
923 4099 937 4136 :

633 4180 686 4228 ﬁt:
707 4184 744 4226 δ’
759 4184 831 4239 ἅμ.
854 4193 922 4226 τῶν
945 4187 1112 4226 datalia
1134 4185 1313 4233 λιθοξόος,
1337 4186 1479 4235 irrepo)
1488 4188 1609 4232 ἰσχης,

630 4241 795 4299 Ελλήνων
818 4247 1005 4296 (nomine,
1027 4250 1286 4302 ἀιςιισολότους
1307 4250 1514 4300 ἀποφήνας»

629 4315 780 4365 Man-rip
803 4315 1086 4365 ῥητορόμυιτθς,
1101 4312 1319 4365 -ὓπιιτταὸς,
1343 4312 1563 4365 significat-15¢.

445 4361 611 4413 Fluxit
632 4361 786 4413 abhis
809 4361 1076 4426 legumque
1101 4363 1278 4425 loquax
1304 4361 1617 4426 lapidumque
1647 4361 1842 4426 politor,

446 4426 725 4475 Crtecorum
753 4425 905 4477 vates.
933 4426 1314 4488 imposturteque
1339 4425 1597 4488 magister,

443 4488 673 4558 Derisor,
689 4488 967 4558 rhetorgue
991 4487 1272 4558 subatticus,
1294 4495 1346 4535 et
1367 4487 1638 4558 sintielatpr.

657 4546 838 4612 (Laert.
865 4546 951 4600 lib.
976 4565 1010 4600 ιι
1032 4551 1083 4600 in
1107 4549 1203 4600 Vit.
1225 4552 1418 4600 Sac-rat.
1466 4551 1489 4612 §
1517 4551 1618 4613 t9.)

2089 3346 2206 3401 cap.
2235 3332 2288 3396 5,
2322 3331 2412 3386 ubi
2442 3330 2790 3388 Academicos
2820 3333 2958 3388 inter
2976 3343 3032 3389 et
3059 3334 3390 3404 Pyrrhouios
3416 3335 3542 3406 quid
3573 3337 3690 3394 dis-

2088 3424 2328 3481 criminis
2352 3425 2581 3492 intersit,
2605 3425 2884 3492 perspicue
2900 3427 3182 3492 enucleat;
3209 3427 3452 3496 Vossius,
3469 3429 3686 3484 Jonsto—

2088 3535 2208 3584 nus,
2238 3527 2292 3574 et
2319 3519 2432 3582 alii,
2453 3521 2541 3590 qui
2567 3519 2634 3574 de
2657 3519 2991 3590 pllllnsopllis
3019 3536 3314 3592 eorumque
3341 3525 3508 3578 sectis
3540 3523 3690 3593 plura

2085 3609 2277 3665 litteris
2308 3611 2717 3666 mandaverunt.
2749 3610 2859 3666 Nos
2886 3622 3064 3666 autem
3087 3612 3153 3667 de
3181 3629 3315 3668 vana
3345 3614 3688 3670 Academico-

2088 3718 2204 3757 rum
2237 3711 2380 3758 svcta
2402 3745 2416 3767 ,
2440 3718 2503 3758 ac
2526 3703 2841 3759 nominatim
2870 3705 2939 3760 de
2980 3706 3258 3761 Areesilao
3285 3716 3339 3761 et
3372 3707 3686 3775 Carneade',

2087 3803 2232 3849 tomo
2265 3795 2435 3858 primo
2468 3794 2688 3862 hujusce
2727 3799 3025 3864 Apparatus
3070 3797 3161 3852 lib.
3214 3813 3304 3864 ιιι,
3355 3797 3574 3854 dissert.
3620 3801 3684 3867 ἓ,

2085 3901 2204 3954 cap.
2237 3885 2334 3951 l7,
2366 3894 2468 3939 art.
2498 3887 2564 3952 5,
2597 3901 2719 3956 pag.
2748 3887 2887 3942 1154
2913 3886 3322 3955 disputavimus.
3365 3890 3494 3958 Quis
3528 3907 3690 3959 porro

2086 3991 2192 4031 non
2221 3974 2466 4045 intelligit
2486 3992 2592 4044 quo
2617 3975 2737 4044 jure
2763 3976 3050 4039 Minucius.
3073 3978 3351 4033 conlutato
3377 3983 3689 4053 rejectoque

2084 4067 2337 4132 Socrate,
2371 4065 2560 4119 horum
2591 4068 2829 4122 omnium
2873 4068 3189 4138 opiniones,
3225 4081 3278 4124 et
3318 4073 3688 4130 testimonium

2085 4159 2238 4214 ﬂocci
2270 4157 2530 4227 nihilique
2558 4157 2714 4226 facit,
2741 4174 2804 4214 ac
2833 4161 3047 4231 penitus
3076 4161 3472 4232 adspernatur?

2156 4248 2271 4304 Non
2303 4247 2524 4319 majoris
2551 4249 2681 4305 illud
2730 4250 2869 4320 apud
2911 4266 3034 4307 eum
3080 4260 3164 4308 est
3203 4253 3398 4322 pretii,
3441 4255 3582 4326 quod
3623 4271 3691 4314 ex

2087 4344 2362 4400 Simonide
2391 4345 2546 4414 paulo
2573 4344 2741 4401 fusius
2770 4354 2923 4417 urget
2943 4345 3211 4404 Cmcilius.
3246 4368 3266 4401 ε
3303 4349 3482 4417 Quid?
3515 4350 3692 4407 Simo-

2083 4437 2224 4491 nidis
2251 4436 2455 4502 Melici,
2505 4438 2706 4509 inquit,
2757 4455 2938 4496 nonne
2986 4439 3298 4496 adtniranda
3342 4443 3590 4500 omnibus
3636 4454 3692 4502 et

2083 4531 2333 4586 sectanda
2379 4533 2651 4588 cunctatio
2679 4534 2805 4588 est?
2849 4533 2950 4601 Qui
2999 4533 3304 4592 Simonides
3348 4553 3470 4593 eum
3503 4537 3571 4593 de
3609 4554 3676 4594 eo

383 4633 494 4690 Nec
529 4644 610 4690 est
651 4634 793 4704 quod
833 4633 1028 4703 aliquis
1066 4633 1312 4701 objiciat,
1361 4634 1638 4689 Socratem
1683 4649 1712 4687 a
1743 4630 1944 4689 Graecis
1964 4675 1979 4700 ,
2005 4632 2060 4692 D
2086 4623 2212 4694 quid
2240 4631 2296 4678 et
2321 4625 2507 4694 quales
2533 4624 2885 4680 arbitraretur
2913 4625 3074 4692 deos,
3105 4627 3174 4682 ab
3199 4628 3430 4684 l‘lierone
3459 4638 3690 4703 tyranno

385 4737 448 4782 ut
475 4735 695 4782 testatur
727 4727 917 4783 Cicero
945 4733 1112 4797 εἴρωνα
1140 4738 1388 4782 vocatum
1410 4767 1424 4792 ,
1466 4726 1517 4781 id
1544 4737 1624 4782 est
1642 4767 1658 4793 ,
1692 4726 1940 4781 festivum
1967 4767 1982 4793 ,

384 4820 639 4886 facetum,
693 4819 989 4890 elegantem
1034 4819 1166 4889 (Cic.
1207 4820 1296 4874 lib.
1329 4835 1364 4874 ιι
1416 4820 1479 4874 de
1509 4818 1655 4874 Orat.
1690 4837 1811 4890 pag.
1845 4818 1982 4885 167,

387 4920 434 4965 et
476 4911 531 4964 in
572 4906 764 4973 Bruto,
812 4929 932 4983 pag.
983 4910 1113 4978 240,
1175 4910 1264 4966 lib.
1336 4927 1375 4967 tt
1435 4911 1594 4977 Acad.
1639 4921 1817 4981 quast.
1862 4927 1982 4980 pag.

388 5001 493 5068 M;
525 5001 611 5056 lib.
647 5018 680 5057 ιι
726 5003 789 5058 de
837 5004 984 5074 Ome.
1013 5021 1134 5075 pag.
1172 5002 1336 5076 565);
1364 5005 1558 5074 quippe
1586 5005 1672 5073 qtti
1706 5003 1817 5058 sale
1849 5003 1987 5057 Atlio

384 5108 482 5159 co,
527 5109 620 5150 seu
660 5095 840 5150 verbis
877 5097 1140 5166 gravitate
1181 5095 1371 5161 salsis,
1423 5096 1557 5149 alios
1599 5094 1987 5166 philosophos,

387 5188 474 5258 qui
502 5187 602 5242 sibi
631 5187 953 5258 sapientiam
991 5188 1249 5244 ascivisse
1291 5176 1664 5254 venditabant,
1699 5201 1988 5257 numquam

387 5294 492 5335 non
524 5281 926 5337 insectabatur:
961 5299 1081 5339 cum
1107 5297 1236 5338 vero
1274 5282 1518 5350 Epicurei
1554 5282 1768 5351 gravius
1798 5279 1849 5335 id
1879 5281 1988 5334 fer-

387 5383 530 5438 rent,
557 5373 706 5428 illutn
734 5375 1286 5430 contumeliosissimo
1315 5389 1517 5429 scurrae
1543 5372 1769 5428 dicterio
1795 5370 1986 5426 verbe-

386 5475 592 5520 raruul.
627 5467 759 5534 Quis
787 5469 932 5524 enim
963 5470 1238 5540 negaverit
1268 5468 1538 5522 hominem
1559 5511 1573 5533 ,
1615 5466 1704 5535 qui
1727 5463 1896 5529 nihil,
1925 5481 1993 5520 ne

389 5557 556 5615 Deum
586 5562 804 5632 quidem
851 5563 1024 5634 ipsutn
1064 5579 1123 5620 se
1163 5562 1303 5618 scire
1343 5559 1722 5632 prolitebatur,
1769 5557 1837 5612 ab
1875 5559 1994 5613 aliis

387 5651 618 5707 ethnicis
661 5655 1028 5726 philosophis,
1085 5664 1247 5726 atque
1277 5671 1306 5707 a
1346 5652 1578 5706 Minucio
1617 5656 1673 5704 et
1714 5649 1994 5704 Lactantio

395 5762 416 5796 ι
452 5761 688 5802 scurram
726 5767 782 5815 ›,
825 5748 914 5803 vel
957 5749 1101 5822 quod
1144 5747 1328 5804 mitius
1374 5752 1456 5802 est
1505 5760 1524 5796 ‹
1579 5757 1821 5798 scurram
1854 5740 1995 5797 Atti-

390 5848 514 5894 cum
551 5856 570 5892 ι
607 5849 749 5898 recte
778 5841 1020 5898 vocitari.

2088 4729 2441 4790 quatreretur,
2475 4721 2646 4790 primo
2685 4720 3059 4777 deliberationi
3090 4721 3232 4776 dicm
3276 4724 3460 4794 petiit,
3497 4726 3693 4794 postri-

2089 4811 2176 4866 die
2206 4811 2423 4866 biduum
2459 4813 2798 4883 prorogavit,
2847 4829 2969 4869 mox
2998 4813 3224 4869 alterum
3259 4823 3464 4870 tantum
3506 4817 3696 4873 admo-

2091 4905 2235 4961 nitus
2276 4907 2555 4974 adjunxit;
2612 4917 2884 4976 postremo
2913 4923 3038 4962 cum
3084 4922 3275 4962 causas
3323 4919 3484 4964 tanta!
3530 4929 3694 4967 tuorae

2093 5007 2350 5070 tyrannus
2380 4998 2705 5070 inquireret,
2736 4999 3016 5067 reSpondit
3056 4998 3146 5053 ille
3175 4999 3317 5068 quod
3349 5000 3448 5054 sibi
3494 5010 3694 5071 quanto

2090 5089 2369 5162 inquisitio
2397 5091 2596 5146 tardior
2618 5099 2885 5162 pergeret,
2919 5100 3069 5144 tanto
3093 5091 3288 5144 veritas
3323 5092 3476 5146 licret
3503 5093 3697 5147 obscu-

2091 5185 2222 5239 rior.
2265 5203 2284 5237 ›
2323 5188 2360 5238 A
2395 5185 2657 5239 Cicerone
2687 5192 2868 5237 autem
2915 5181 3034 5236 huic
3073 5191 3344 5237 ntutuatus
3383 5198 3504 5238 esse
3545 5184 3697 5240 vide-

2092 5284 2196 5330 tur.
2231 5275 2453 5330 Latinus
2479 5275 2621 5329 enim
2649 5285 2834 5328 orator
2863 5271 3053 5328 eadem
3085 5274 3164 5328 sic
3195 5285 3374 5328 narrat
3410 5291 3422 5326 :
3460 5294 3478 5325 ‹
3521 5275 3698 5344 Rogas

2093 5385 2180 5423 me
2209 5367 2334 5438 quid
2368 5375 2460 5421 aut
2487 5366 2661 5437 qualis
2682 5365 2751 5421 sit
2782 5365 2960 5420 Deus?
2989 5371 3222 5422 Auctore
3251 5377 3370 5422 utar
3399 5368 3698 5438 Simonide,

2093 5461 2161 5516 de
2190 5476 2295 5530 quo
2324 5473 2444 5514 cum
2476 5456 2816 5529 quaesivisset
2861 5457 2964 5513 hoc
3008 5456 3149 5513 idem
3192 5467 3454 5530 tyrannus
3501 5459 3698 5525 llicro,

2093 5551 2429 5608 deliberandi
2456 5565 2614 5606 cauSa
2647 5550 2747 5605 sibi
2801 5566 2965 5606 unum
3015 5551 3156 5606 diem
3207 5553 3520 5621 postulavit.
3566 5553 3704 5610 Cum

2097 5646 2235 5706 idem
2262 5661 2326 5700 ex
2355 5661 2421 5700 eo
2451 5643 2711 5715 postridie
2741 5654 3032 5715 quzereret,
3070 5644 3290 5700 biduum
3325 5647 3547 5716 petivit;
3579 5663 3702 5703 cum

2096 5738 2293 5809 smpius
2341 5736 2640 5806 duplicaret
2683 5753 2966 5793 numerum
3014 5737 3258 5804 dierum,
3321 5737 3706 5811 admiransque

2098 5831 2262 5889 H;ero
2291 5839 2577 5902 quaereret,
2606 5845 2702 5886 cur
2727 5829 2799 5886 ita
2825 5829 3025 5888 laceret
3055 5846 3066 5885 :
3092 5829 3226 5899 Quia
3253 5839 3476 5901 quanto,
3510 5831 3704 5906 inquit,
