4230 6242
527 226 633 284 419
1797 217 1886 275 DE
1925 214 2186 276 MlNUCﬂ
2219 203 2524 278 OCTAVIO
3723 220 3830 281 420

527 342 726 400 diutius
761 337 1067 404 considero,
1101 342 1249 392 tanto
1277 333 1407 391 mihi
1437 333 1649 391 videtur
1679 333 1960 390 obscurior
1989 333 2117 406 (Cic.
2149 333 2204 394 Λ

527 437 660 491 lib.t
699 433 762 487 de
789 431 982 486 Natur.
1010 429 1167 486 Deor.
1200 445 1320 500 pag.
1351 426 1598 491 204,1ἱη.
1640 425 1726 493 12,
1761 435 1810 480 et
1856 443 1995 497 seqq.
2027 430 2064 495 ).
2103 443 2121 478 ›

526 529 600 584 lbi
633 542 761 582 vero
787 522 1092 581 Simonides
1125 520 1193 575 ab
1222 519 1411 575 eodem
1448 517 1711 573 Cicerone
1742 535 1760 568 ι
1801 517 1960 572 Poeta
1994 533 2122 572 sua-

523 620 604 672 vis
640 636 657 668 ι
682 617 1001 686 appellatur,
1028 623 1190 684 atque
1213 611 1353 673 inde,
1376 619 1434 664 ιιι
1458 611 1532 662 ait
1556 607 1772 671 Suidas,
1802 613 2126 677 Μελικέρτης,

525 710 862 774 Melicertus,
903 713 1124 778 propter
1163 704 1482 758 suavitatem
1515 709 1754 754 vocatus.
1788 700 2130 768 Quapmpter

525 813 777 873 corrupte
804 803 854 856 in
884 798 1246 867 manuscripto
1279 795 1428 864 regio
1478 793 1691 848 Minucii
1743 793 1910 846 nostri
1939 789 2129 846 codice

526 896 719 966 legitur
749 893 1030 950 Simonidis
1083 889 1272 944 Illelclti
1298 931 1312 951 ,
1345 902 1442 941 nec
1475 886 1614 940 male
1661 886 1712 938 in
1745 884 1903 938 editis
1956 882 2129 936 Melici

528 989 852 1044 reStitutum.
880 983 1029 1038 Illius
1050 992 1226 1035 autem
1261 979 1547 1034 Pausanias
1578 977 1855 1040 meminit,
1887 983 1941 1029 et
1963 973 2132 1028 Ailia-

525 1093 646 1141 nus,
677 1076 847 1146 patria
885 1073 1051 1130 Ceum
1087 1070 1250 1125 fuisse
1298 1067 1634 1123 testificatur.
1684 1065 1791 1119 Nos
1835 1075 2014 1118 autem
2063 1063 2131 1118 de

535 1169 626 1224 illo
665 1155 774 1238 jam
824 1163 1178 1219 disseruimus
1227 1159 1486 1234 (Pausan.
1523 1158 1610 1212 lib.
1665 1173 1682 1211 ι
1748 1158 1874 1209 Atti.
1917 1155 2126 1227 pag.2,

529 1259 735 1314 /Elian.
755 1257 915 1310 lib.tv
951 1252 1151 1306 Variar.
1179 1250 1315 1306 llist.
1342 1267 1458 1321 cap.
1490 1249 1577 1312 15,
1598 1248 1684 1302 lib.
1719 1263 1798 1314 ιχ,
1823 1263 1938 1317 cap.
1965 1249 2057 1300 ult.
2086 1256 2131 1300 et

529 1352 620 1406 lib.
655 1366 764 1416 xu,
815 1366 932 1418 cap.
966 1347 1060 1402 25.
1110 1344 1257 1398 Τοηι.
1308 1360 1356 1406 ι,
1387 1345 1643 1412 Apparat.
1673 1341 1762 1394 lib.
1795 1356 1851 1394 ιιι
1879 1381 1892 1407 ,
1923 1340 2128 1393 dissert.

523 1445 580 1513 2,
611 1462 725 1514 cap.
756 1443 848 1496 ult.
882 1449 982 1495 art.
1013 1439 1108 1492 ult.
1141 1454 1259 1508 pag.
1298 1434 1476 1507 1284).

595 1538 765 1605 Quam
794 1534 883 1589 vili
927 1547 1084 1603 porro
1116 1529 1376 1585 Minucius
1418 1527 1615 1598 pendat
1645 1543 1750 1582 non
1780 1527 1952 1582 solum
1989 1525 2132 1579 hunc

527 1627 896 1692 Simonidem,
955 1625 1038 1678 vel
1098 1623 1430 1678 Arcesilaum
1488 1630 1543 1674 et
1609 1619 1978 1685 Carneadem,
2037 1617 2132 1672 sed

2818 348 3114 394 Αιιτιοιιιυε
3150 333 3221 393 iv.

2679 420 2708 452 Ι

2262 468 2642 524 Examinantur
2670 478 2990 542 argumenta,
3020 471 3198 542 quibus
3224 470 3387 524 Deum
3413 469 3630 524 existere
3650 479 3800 540 negat

2543 559 2798 630 Ctecilius,
2825 573 2872 618 et
2901 563 3142 618 Octavius
3169 563 3502 618 demonstrat.

2305 698 2435 754 Cum
2470 698 2718 754 Caecilius
2745 715 2839 754 sua
2883 701 2932 755 in
2966 701 3327 772 disputatione
3354 711 3533 771 partes
3563 702 3834 756 oliicium-

2232 807 2338 862 que
2369 792 2837 857 Academicorum,
2869 793 2942 847 uti
2971 793 3224 861 diximus,
3255 796 3538 858 sustineat,
3567 793 3701 849 nihil
3730 795 3836 849 mi»

2232 898 2350 937 rum
2371 925 2385 949 ,
2417 885 2461 937 si
2491 886 2558 939 ab
2591 885 2707 953 ipso
2735 886 2994 940 orationis
3020 887 3244 941 exordio
3284 897 3660 943 asseveranter
3687 887 3837 942 aflir-

2235 985 2374 1040 met,
2407 975 2556 1047 nullo
2588 975 2744 1045 plane
2794 977 3009 1047 negotio
3040 978 3255 1048 probari
3299 994 3458 1050 posse
3493 998 3511 1030 ι
3561 979 3740 1034 omnia
3785 983 3836 1035 in

2233 1065 2397 1120 rebus
2424 1065 2671 1121 humanis
2704 1067 2899 1132 dubia,
2935 1069 3135 1123 incerta
3158 1112 3172 1134 ,
3217 1086 3478 1141 suspensa
3501 1112 3515 1136 ,
3559 1073 3837 1144 magisque

2235 1159 2412 1212 omnia
2443 1160 2782 1226 verisimilia,
2807 1177 2966 1231 quam
2998 1178 3144 1218 vera.
3181 1182 3200 1216 ι
3233 1163 3490 1232 Quamvis
3519 1172 3696 1219 autem
3731 1175 3835 1220 tam

2235 1250 2482 1306 absurdae
2533 1253 2857 1324 iusulsaaque
2903 1256 3290 1325 propositionis
3337 1255 3542 1312 falsitas
3595 1272 3624 1310 a
3683 1257 3839 1313 nobis

2235 1359 2356 1417 post
2393 1346 2672 1402 Octavium
2708 1349 2759 1401 in
2787 1348 3156 1417 superioribus
3202 1350 3442 1403 articulis
3482 1349 3696 1404 abunde
3740 1349 3838 1405 de-

2227 1448 2531 1512 monstrata
2562 1443 2663 1507 sit,
2703 1440 2824 1496 inde
2865 1450 3043 1496 tamen
3085 1441 3331 1496 Οωοίιίιις
3363 1442 3633 1498 coniicere
3671 1458 3837 1498 cona-

2236 1541 2323 1587 tur
2372 1533 2573 1586 nemini
2622 1533 2882 1587 hactenus
2929 1544 3134 1586 certum
3182 1533 3629 1604 exploratumque
3673 1533 3840 1590 fuisse

2237 1639 2412 1686 utrum
2454 1630 2595 1684 Deus
2635 1629 2828 1683 existat
2862 1647 2875 1682 :
2924 1648 2941 1680 ι
2983 1629 3101 1685 Sint
3145 1631 3440 1701 principio,
3476 1632 3684 1703 inquit,
3719 1648 3836 1686 om-

521 1731 684 1785 etiam
712 1725 1044 1798 Pyrrhonem
1067 1721 1306 1791 aliosque
1334 1735 1522 1774 onmes
1550 1720 1902 1775 Academicos
1927 1727 1981 1773 et
2003 1733 2130 1789 gen-
2154 1728 2210 1797 Β
2242 1724 2385 1780 ιιίιιιιι
2414 1724 2640 1787 semina,
2673 1733 2860 1776 natura
2894 1723 2943 1776 in
2973 1738 3032 1777 se
3058 1734 3306 1787 coeunte,
3336 1724 3575 1789 densata,
3607 1726 3727 1796 quis
3755 1725 3841 1780 hic

523 1826 647 1880 tiles
676 1823 1052 1893 philosophos,
1085 1835 1148 1872 ex
1181 1817 1263 1872 his
1289 1815 1407 1885 ejus
1435 1815 1613 1870 verbis
1634 1815 1828 1884 collige
1855 1831 1867 1866 :
1906 1832 1922 1864 ι
1960 1815 2127 1867 Arce-
2153 1803 2158 1806 ’

523 1919 672 1983 silas,
697 1925 752 1971 et
776 1912 1114 1975 Carneades,
1158 1919 1212 1963 et
1262 1906 1498 1979 Pyrrho,
1542 1925 1559 1958 ι
1592 1905 1659 1960 de
1709 1921 1816 1975 quo
1864 1903 2131 1972 Laertius,

526 2010 822 2075 Eusebius,
851 2017 905 2062 et
929 2005 1052 2068 alii,
1081 2017 1285 2072 nosque
1310 2001 1466 2064 alibi,
1503 2017 1521 2050 ι
1559 2008 1613 2053 et
1641 2000 1816 2054 omnis
1846 1998 2132 2053 Academi-

527 2117 712 2156 corum
746 2095 1032 2154 multitudo
1061 2095 1358 2157 deliberet;
1391 2091 1698 2148 Simonides
1727 2092 1886 2146 etiam
1928 2091 1978 2145 in
2011 2105 2134 2160 per-

526 2204 745 2265 petuum
793 2189 1237 2260 comperendinet
1284 2203 1298 2238 :
1351 2183 1793 2255 philosophorum
1841 2183 2132 2252 supercilia

523 2286 950 2347 contemnimus,
996 2297 1132 2352 quos
1174 2288 1520 2348 corruptores
1551 2289 1606 2334 et
1652 2277 1931 2332 adulteros
1980 2277 2130 2331 novi-

526 2396 677 2445 mus,
717 2389 773 2433 et
815 2386 1104 2450 tyrannos,
1149 2381 1203 2428 et
1231 2372 1492 2427 adversus
1539 2384 1633 2430 sua
1678 2369 1808 2424 vitia
1854 2367 2132 2423 facundos.

524 2471 634 2528 Nos
665 2486 770 2527 non
804 2469 985 2524 habitu
1023 2465 1374 2536 sapientiam,
1407 2461 1502 2517 sed
1540 2472 1720 2518 mente
1761 2459 2130 2530 prteferimus;

527 2581 634 2622 non
663 2563 966 2634 eloquimur
996 2573 1186 2629 magna
1208 2599 1222 2621 ,
1265 2555 1360 2612 sed
1395 2555 1622 2610 vivimus
1653 2573 1666 2608 :
1694 2554 1991 2624 gloriamur
2034 2567 2132 2606 nos

525 2666 845 2713 consecutos
869 2694 882 2720 ,
920 2651 1064 2723 quod
1087 2650 1160 2704 illi
1187 2663 1397 2704 summa
1420 2647 1718 2701 intentione
1745 2645 2129 2716 quaesiverunt,

527 2765 627 2804 nec
650 2748 888 2804 invenire
919 2753 1203 2816 potuerunt
1235 2741 1252 2814 (
1285 2740 1458 2794 Laert.
1493 2739 1578 2792 lib.
1613 2754 1667 2792 ix
1697 2739 1748 2791 in
1793 2735 1908 2790 Vita
1936 2734 2128 2807 Pyrrh.

529 2839 717 2895 Euseb.
765 2839 853 2894 lib.
905 2852 1033 2903 xw,
1091 2833 1329 2901 Prwpar.
1401 2828 1601 2902 Evang.
1652 2845 1767 2896 cap.
1821 2829 1886 2882 17
1933 2838 1979 2882 et
2028 2828 2130 2895 18,

530 2950 650 3005 pag.
684 2930 834 3003 350).
878 2949 896 2981 ι

603 3025 864 3081 Similiter
894 3022 1222 3093 Cyprianus,
1253 3019 1342 3089 qui
1371 3031 1437 3072 ex
1469 3014 1554 3070 his
1589 3013 1766 3068 verbis
1795 3014 2036 3082 quaedam
2078 3013 2128 3068 in

2241 1826 2429 1869 auctor
2484 1813 2668 1868 Deus?
2717 1813 2833 1868 Sint
2895 1812 3128 1868 fortuitis
3181 1816 3625 1870 concursionibus
3681 1816 3842 1870 totius

2244 1909 2427 1965 mundi
2461 1908 2700 1962 membra
2732 1908 2922 1962 coalita
2942 1949 2955 1972 ,
2998 1906 3233 1978 digesta,
3265 1907 3522 1976 formata,
3555 1911 3674 1981 quis
3704 1909 3840 1963 Deus

2241 2002 2619 2056 machinator?
2660 1999 2844 2055 Sidera
2875 2000 2998 2053 licet
3028 1999 3163 2070 ignis
3189 2000 3527 2065 accenderit,
3563 2011 3617 2054 et
3642 2002 3838 2056 caelum

2242 2094 2369 2148 licet
2397 2093 2616 2145 ritateria
2643 2107 2738 2146 sua
2773 2092 3136 2160 suspenderit,
3159 2092 3287 2146 licet
3315 2102 3507 2146 terram
3538 2093 3844 2149 fundaverit

2241 2188 2509 2257 pondere,
2558 2196 2610 2239 ct
2641 2202 2788 2240 mare
2818 2187 2943 2240 licet
2975 2186 3244 2241 influxerit
3276 2187 3479 2255 liquor,
3530 2188 3672 2242 unde
3717 2187 3838 2244 haec

2239 2281 2456 2351 religio,
2491 2279 2632 2333 unde
2665 2277 2894 2332 formido
2915 2321 2930 2344 ,
2963 2294 3080 2348 quae
3110 2281 3420 2346 Superstitio
3447 2279 3568 2334 est?
3606 2298 3622 2330 ι
3660 2282 3728 2332 At
3759 2279 3844 2334 his

2238 2384 2385 2429 certe
2413 2373 2588 2428 verbis
2619 2373 2862 2427 Carcilius
2895 2374 3092 2443 rejecta
3122 2374 3189 2427 ab
3216 2374 3336 2427 aliis
3368 2373 3705 2444 philosoiihis
3737 2374 3843 2429 De-

2239 2467 2450 2521 tnocrili
2477 2477 2530 2522 et
2562 2465 2781 2538 Epicuri
2823 2467 3097 2535 opinione,
3145 2483 3247 2538 qua
3299 2478 3356 2521 tit
3410 2468 3600 2523 Cicero
3647 2469 3844 2538 aliique

2237 2559 2405 2622 aiunt,
2435 2568 2734 2612 atomorum
2767 2573 2910 2612 metu
2945 2568 2997 2614 et
3023 2561 3379 2614 concursione
3409 2561 3589 2615 munia
3618 2560 3842 2617 formata

2236 2666 2357 2706 esse
2390 2651 2804 2718 arbitrabantur,
2833 2667 3017 2706 verum
3047 2652 3475 2707 Christianorum
3507 2654 3572 2708 de
3604 2654 3711 2709 Deo
3742 2654 3842 2708 do-

2236 2755 2544 2799 cumentum
2600 2744 2917 2799 labefactare
2963 2745 3182 2799 molitur
3219 2743 3349 2818 (Cic.
3384 2745 3471 2799 lib.
3523 2761 3540 2799 ι
3599 2747 3662 2799 de
3715 2745 3838 2801 Fin.

2237 2855 2356 2909 pag.
2387 2839 2450 2893 41
2481 2879 2496 2904 ,
2527 2848 2572 2891 et
2618 2855 2752 2908 seqq.
2789 2849 2832 2892 et
2873 2838 2960 2893 lib.
2994 2855 3008 2892 ι
3053 2839 3213 2892 Acad.
3277 2839 3470 2906 Qua’st.
3519 2858 3640 2912 pag.
3687 2841 3761 2904 4;
3795 2850 3843 2894 et

2235 2929 2326 2984 lib.
2358 2931 2453 2984 Ide
2482 2927 2610 2983 Nat.
2643 2927 2800 2983 Deor.
2829 2947 2947 3001 pag.
2981 2929 3121 2994 205,
3172 2931 3298 2998 204,
3347 2941 3392 2986 et
3441 2949 3611 3003 seqq.;
3664 2933 3840 2992 Laert.

2236 3020 2326 3079 lib.
2376 3037 2428 3076 lx
2478 3031 2523 3075 et
2572 3037 2638 3085 x,
2681 3022 2733 3074 in
2788 3019 2999 3076 Democ.
3045 3032 3092 3076 et
3141 3022 3288 3094 Epic.
3332 3022 3466 3078 Vita.
3523 3023 3835 3081 Theodoret.

528 3133 683 3173 suum
715 3115 781 3170 de
809 3113 952 3168 Bono
983 3111 1253 3170 Patientia:
1280 3109 1472 3164 librum
1501 3107 1576 3161 sic
1606 3107 1872 3160 transtulit
1905 3123 1917 3158 :
1951 3124 1968 3157 ι
1999 3104 2203 3182 ΡΙιίοερ
2237 3132 2390 3170 ερνιιι,
2431 3115 2466 3169 2
2487 3157 2502 3182 ,
2561 3132 2682 3186 pag,
2729 3115 2835 3170 437
2859 3156 2872 3181 ,
2908 3125 2953 3169 ει
2981 3133 3135 3170 δργηι,
3173 3119 3206 3170 4
3226 3158 3239 3181 ,
3269 3135 3389 3187 pag.
3417 3118 3522 3173 5.38
3542 3162 3556 3184 ’
3589 3118 3842 3176 σηεεεηά.

526 3209 781 3280 losnphos
809 3221 906 3261 nec
938 3204 1165 3260 humiles
1191 3203 1432 3258 videmus
1458 3215 1577 3254 esse
1598 3237 1612 3265 ,
1661 3212 1760 3252 nec
1807 3197 1964 3252 tnites
1991 3237 2004 3260 ,
2037 3195 2132 3249 sed

528 3304 630 3358 sibi
661 3303 888 3357 multum
928 3302 1230 3370 placentes,
1262 3296 1354 3351 sed
1389 3297 1491 3349 hoc
1532 3295 1648 3363 ipso
1678 3291 1821 3362 quod
1870 3292 1968 3346 sibi
2021 3291 2132 3360 pla-

529 3405 712 3462 ceant,
753 3396 862 3450 Deo
889 3393 1308 3463 displicentes...
1340 3387 1448 3443 Nos
1477 3396 1680 3449 autem,
1712 3385 1799 3454 qni
1829 3383 2130 3454 philosophi

530 3507 638 3546 non
669 3489 869 3554 verbis,
899 3487 992 3543 sed
1023 3485 1174 3541 factis
1199 3500 1405 3549 sumus,
1433 3498 1540 3537 non
1565 3481 1759 3536 vestitu
1789 3481 2126 3551 sapientiam,

527 3584 622 3640 sed
659 3584 886 3639 veritate
914 3580 1284 3653 praeferimus,
1332 3577 1421 3648 qui
1452 3576 1706 3630 virtutum
1740 3575 2130 3629 conscientiam

529 3675 698 3745 magis
718 3716 732 3739 ,
765 3689 924 3745 quam
947 3671 1258 3742 jactantiam
1283 3669 1528 3723 novimus
1557 3685 1570 3722 :
1603 3667 1690 3737 qui
1725 3681 1830 3719 non
1859 3667 2132 3735 loquimur

529 3782 761 3838 magna,
811 3764 905 3822 sed
947 3765 1172 3818 vivimus
1220 3760 1402 3836 (Cypr.
1452 3762 1541 3815 lib.
1594 3759 1658 3814 de
1705 3757 1849 3813 Bono
1904 3758 2128 3828 l’atient.

529 3869 641 3932 post
668 3860 778 3913 init.
811 3875 930 3930 pag.
961 3856 1100 3923 210,
1130 3865 1176 3909 et
1201 3855 1384 3927 seqq.).
1423 3872 1442 3905 ι

599 3953 863 4007 ϐιιιιθτιιιη
908 3948 1302 4011 Tertullianus,
1331 3945 1400 4001 de
1438 3962 1541 4018 quo
1570 3961 1668 4000 nos
1707 3959 1805 3999 suo
1841 3944 1960 3998 loco
1991 3940 2131 4014 (Dis-

530 4054 652 4100 σενι.
697 4047 749 4098 in
783 4042 1002 4097 Tertull.
1035 4057 1151 4110 cap.
1183 4040 1237 4099 1.
1269 4048 1367 4092 art.
1420 4037 1477 4108 4)
1501 4081 1514 4104 ,
1558 4037 1746 4093 eadem
1778 4038 1843 4090 de
1869 4034 2128 4100 Thalete,

524 4153 645 4208 quin
685 4135 946 4190 Minucius
973 4132 1043 4187 de
1070 4130 1348 4187 Simonide
1377 4131 1517 4183 hunc
1550 4129 1731 4184 retulit
1769 4129 1820 4182 in
1863 4127 2076 4180 modum
2113 4141 2126 4178 :

535 4249 553 4280 ι
584 4229 721 4298 Quid
759 4228 955 4282 Thales
1006 4227 1096 4280 ille
1147 4227 1394 4296 princeps
1444 4222 1786 4294 physicorum
1836 4220 2127 4275 sciscitanti

525 4330 716 4384 Crasso
745 4328 821 4392 de
867 4326 1154 4380 Divinitate
1193 4333 1399 4378 certum
1449 4321 1811 4382 renuntiavit,
1856 4334 2130 4374 commea-

531 4429 615 4475 tus
645 4415 976 4474 deliberandi
1023 4431 1169 4484 sa3pe
1215 4413 1503 4467 frustratus
1550 4409 1808 4482 (Tertull.
1856 4410 2124 4481 Apologet.

2239 3217 2363 3265 tam.
2392 3225 2439 3273 ι,
2473 3225 2590 3280 pag.
2622 3208 2752 3273 256,
2783 3218 2828 3262 et
2846 3226 2983 3280 seqq.
3037 3219 3162 3263 tant.
3205 3210 3360 3281 Synt.
3410 3213 3671 3283 pltilosop.
3707 3212 3839 3283 Epi-

2235 3317 2346 3354 cur.
2392 3311 2524 3370 part.
2557 3299 2611 3364 2,
2644 3299 2670 3371 ς
2706 3315 2756 3365 ι,
2790 3317 2906 3370 cap.
2953 3301 3050 3365 15;
3109 3310 3155 3354 et
3195 3318 3306 3356 nos.
3347 3312 3468 3356 tam.
3512 3318 3549 3356 ι.
3583 3304 3837 3372 Apparet.

2238 3409 2354 3463 pag.
2390 3392 2494 3447 435
2549 3402 2594 3444 et
2644 3391 2825 3463 1156).
2877 3391 3030 3462 Apud
3077 3392 3249 3464 ipsum
3307 3396 3450 3448 enim
3523 3393 3838 3452 Ciceronem

2239 3483 2474 3539 Velleius
2505 3482 2800 3552 Epicureus
2833 3483 3073 3540 Platonis
3096 3485 3163 3540 de
3191 3487 3298 3542 Deo
3324 3489 3643 3544 sententiam
3678 3490 3841 3545 refel-

2238 3577 2349 3632 lere
2375 3576 2561 3631 eadem
2594 3578 3055 3646 argumentatione
3093 3580 3350 3634 connisus
3378 3593 3458 3634 cst
3487 3599 3499 3632 :
3535 3599 3553 3631 ‹
3589 3581 3834 3647 Quibus,

2237 3670 2525 3740 inquiebat,
2551 3670 2722 3724 oculis
2760 3672 2949 3725 intueri
2982 3671 3151 3740 potuit
3177 3681 3355 3728 vester
3395 3673 3543 3726 Plato
3576 3673 3837 3728 fabricam

2236 3764 2378 3819 illam
2414 3765 2542 3818 tanti
2571 3763 2780 3834 operis,
2813 3780 2932 3834 qua:
2961 3764 3202 3821 construi
3228 3781 3254 3818 a
3293 3768 3436 3834 Deo,
3471 3775 3631 3837 atque
3661 3766 3837 3820 tradili-

2234 3856 2345 3911 cari
2375 3855 2628 3910 mundum
2670 3854 2840 3911 facit?
2879 3854 3010 3924 Quae
3038 3857 3290 3911 molitio?
3318 3873 3436 3927 quae
3466 3857 3786 3913 ferramenta
3811 3859 3837 3911 ?

2235 3948 2324 4016 qui
2354 3957 2530 4002 vectes
2555 3948 2577 4000 ?
2604 3963 2726 4017 quze
2768 3947 3073 4002 machince?
3103 3949 3192 4019 qui
3222 3949 3452 4004 ministri
3483 3953 3610 4005 tanti
3643 3969 3836 4007 mune-

2235 4038 2309 4093 ris
2338 4038 2591 4094 fuerunt?
2626 4039 3090 4106 Quemadmodum
3110 4050 3286 4094 autem
3317 4042 3539 4098 obedire
3569 4054 3624 4098 et
3645 4059 3838 4114 parere

2234 4132 2492 4186 voluntati
2521 4132 2798 4188 architecti
2825 4149 2937 4198 aer,
2971 4133 3132 4203 ignis,
3163 4149 3323 4204 aqua,
3353 4145 3494 4190 terra
3521 4139 3834 4205 potuerunt!

2235 4223 2386 4279 Unde
2417 4239 2542 4278 vero
2583 4234 2715 4279 orta:
2744 4225 2848 4278 illa:
2876 4225 3112 4296 quinque
3141 4225 3358 4292 formae,
3393 4241 3459 4281 ex
3487 4228 3678 4296 quibus
3707 4227 3842 4281 reli-

2231 4333 2332 4387 qua
2376 4316 2704 4381 formantur,
2755 4327 2880 4387 apte
2929 4318 3184 4372 Cadentes
3231 4318 3295 4370 ad
3326 4318 3562 4371 animum
3593 4318 3842 4374 efﬁcien-

2232 4407 2390 4472 dum,
2423 4409 2815 4479 pariendosque
2845 4424 3057 4462 sensus.
3095 4407 3337 4478 Longum
3374 4420 3456 4465 est
3487 4410 3590 4464 iter
3618 4409 3681 4463 ad
3709 4425 3840 4464 om-

530 4528 649 4581 cap.
678 4509 780 4576 46,
828 4526 948 4579 pag.
1004 4506 1116 4580 40).
1163 4506 1329 4561 Recte
1375 4520 1503 4574 ergo
1552 4502 1810 4557 Minucius
1859 4502 2128 4556 concludit
2155 4515 2206 4575 Ι)
2235 4502 2318 4556 nia
2340 4543 2352 4566 ,
2382 4518 2501 4572 qua:
2533 4503 2653 4556 talia
2695 4511 2852 4568 sunt;
2901 4512 2955 4558 ut
2981 4512 3158 4572 optata
3192 4503 3393 4573 magis.
3426 4519 3583 4573 quam
3617 4504 3840 4560 inventa

527 4610 703 4666 neque
727 4595 1013 4648 humanam
1046 4592 1442 4656 infirmitatem,
1483 4605 1656 4660 neque
1687 4587 1980 4660 professum
2013 4587 2131 4658 phi—

525 4686 874 4756 losophorum
921 4683 1310 4755 ignorationem
1367 4681 1656 4752 prohibere
1720 4696 1968 4751 umquam
2034 4694 2131 4750 po-

528 4781 730 4847 tuisse,
775 4777 901 4849 quin
934 4777 1224 4832 Christiani
1268 4775 1334 4830 de
1380 4775 1489 4831 Deo
1519 4774 1931 4845 cwlestibusque
1969 4773 2130 4829 rebus

527 4876 883 4947 disputarem.
926 4873 1059 4928 Nam
1089 4882 1216 4928 ante
1244 4871 1531 4926 Minucium
1565 4881 1805 4924 nostrum
1842 4868 2131 4923 Tertullia-

528 4985 628 5026 nus
655 4969 818 5025 citato
851 4968 959 5039 jam
991 4967 1108 5021 loco
1136 4966 1342 5020 dixerat
1372 4981 1385 5018 :
1422 4983 1439 5015 ι
1489 4963 1655 5018 Deum
1688 4962 1911 5032 quilibet
1949 4961 2128 5030 Opifex

525 5063 852 5120 christianus
895 5070 950 5115 et
979 5061 1184 5117 invenit
1212 5067 1268 5114 et
1293 5058 1559 5124 ostendit,
1590 5066 1644 5112 et
1685 5055 1880 5111 exinde
1921 5064 2089 5109 totum
2109 5095 2123 5120 ,

523 5157 666 5230 quod
699 5159 750 5212 in
787 5157 896 5212 Deo
921 5157 1200 5227 quaeritur,
1230 5168 1287 5210 re
1316 5168 1526 5223 quoque
1549 5151 1823 5221 assignat:
1856 5149 1978 5204 licet
2005 5148 2128 5204 Pla-

523 5265 580 5309 to
607 5253 844 5309 afiirmet
870 5250 1231 5306 factitatorem
1272 5246 1639 5303 universitatis
1678 5259 1853 5315 neque
1896 5242 2124 5298 inveniri

524 5347 758 5412 facilem,
791 5354 846 5401 et
873 5345 1153 5399 inventum
1185 5342 1237 5395 in
1268 5356 1454 5397 omnes
1481 5339 1719 5396 enarrari
1761 5336 2058 5393 difficilem.
2101 5355 2120 5389 ι

522 5438 766 5508 Denique
794 5435 863 5492 ibi
895 5435 1258 5490 'l‘ertullianus
1277 5475 1291 5499 ,
1324 5440 1382 5486 ιιι
1410 5433 1576 5486 fusius
1605 5445 1703 5485 suo
1729 5431 1846 5485 loco
1873 5427 2128 5484 ostende-

514 5546 670 5595 mus,
707 5544 770 5585 ea
800 5526 994 5598 probat
1042 5541 1164 5600 qua:
1205 5524 1272 5581 de
1314 5523 1756 5597 philosophorum
1799 5523 1940 5578 vitiis
1993 5521 2128 5576 dixit

509 5625 794 5684 Minucius.

2235 4594 2516 4649 vidcantur
2550 4592 2702 4666 (Cic.
2752 4595 2840 4648 lib.
2889 4597 2952 4650 de
2997 4595 3124 4650 Nat.
3168 4595 3325 4650 Deor.
3378 4615 3499 4669 pag.
3561 4596 3698 4665 198,
3729 4597 3836 4655 lin.

2232 4684 2367 4756 ea)?
2407 4705 2424 4736 ι

2306 4779 2643 4835 Αιϐωοὶιίιιε
2693 4779 2831 4833 haud
2877 4779 3037 4836 dubie
3064 4780 3406 4836 existimabat
3427 4780 3529 4837 hoc
3556 4782 3840 4838 Ciceronis

2233 4874 2478 4930 cuniculo
2527 4890 2716 4928 omnes
2775 4876 3067 4944 eXpugnari
3111 4873 3554 4946 philoSOphorum
3597 4877 3664 4932 de
3719 4879 3842 4936 Deo

2231 4969 2530 5039 Opiniones.
2561 4969 2614 5022 Si
2658 4967 2801 5022 enim
2834 4967 3050 5022 fortuito
3096 4977 3399 5023 atomorum
3429 4979 3575 5024 motu
3615 4981 3670 5025 et
3697 4987 3845 5028 con-

2231 5079 2388 5117 cursu
2435 5071 2623 5116 cuncta
2655 5061 2950 5129 composita
2997 5071 3155 5129 sunt,
3189 5074 3350 5132 atque
3398 5063 3662 5119 elementa
3708 5068 3840 5123 sine

2231 5156 2338 5208 ullo
2379 5153 2582 5208 artiﬁce
2612 5153 2691 5207 vel
2723 5164 2940 5208 auctore
2975 5153 3025 5207 in
3058 5169 3116 5208 se
3149 5154 3259 5224 ipsa
3290 5155 3525 5209 refluunt
3563 5172 3626 5210 ac
3655 5159 3841 5213 revol-

2229 5256 2459 5316 vuntur,
2491 5248 2669 5302 nullus
2700 5245 2940 5317 proiecto
2986 5246 3124 5302 Deus
3164 5248 3377 5312 existit,
3423 5255 3515 5302 aut
3557 5257 3705 5304 certe
3734 5249 3843 5305 du-

2228 5343 2371 5399 bium
2405 5343 2533 5398 illud
2575 5343 2942 5411 incertumque
2973 5351 3076 5395 est.

2303 5435 2407 5493 Sed
2441 5447 2585 5491 recte
2617 5433 2904 5504 respondet
2941 5432 3194 5488 Octavius
3215 5477 3229 5500 ,
3261 5450 3354 5490 eos
3377 5475 3390 5498 ,
3432 5435 3522 5504 qui
3567 5435 3848 5495 mundum

2230 5543 2551 5600 omnemque
2591 5527 2707 5599 ejus
2735 5535 2982 5580 ornatum
3031 5527 3214 5581 frustis
3249 5525 3567 5598 quibusdam
3597 5542 3692 5581 seu
3725 5540 3860 5584 ato-

2230 5627 2328 5682 mis
2356 5637 2572 5687 temere,
2607 5640 2668 5676 ae
2700 5623 2917 5676 fortuito
2945 5623 3042 5676 sibi
3074 5623 3467 5676 coluerentihus
3488 5664 3502 5687 ,
3533 5623 3865 5692 congloba-

2229 5729 2336 5777 tmn
2371 5734 2489 5775 esse
2517 5725 2778 5782 censent,
2819 5715 2986 5772 videri
3021 5730 3121 5772 nec
3163 5723 3434 5781 mentem,
3466 5731 3565 5772 nec
3591 5732 3844 5778 sensum
