4248 6264
335 303 439 359 421

1748 287 2216 355 DISSLRTATIO.

3542 308 3652 367 422

332 434 433 474 nec
459 419 645 474 oeulos
677 419 898 474 habere.
930 418 1086 474 Prius
1117 433 1246 475 vero
1269 420 1460 476 Cicero
1502 421 1710 474 dixerat
1741 439 1753 474 :
1791 439 1807 471 ι
1848 421 1935 474 llic

2051 426 2164 482 tur;
2193 431 2254 471 ac
2302 417 2515 472 tandem
2559 431 2625 472 ex
2671 418 2835 474 indita
2869 417 3156 490 unicuique
3195 426 3286 478 aut
3316 421 3526 478 ratione
3557 439 3651 478 ua-

329 525 466 581 ergo
493 528 598 566 non
632 514 797 567 mirer
821 527 944 568 esse
975 527 1331 582 quemquam,
1361 513 1450 584 qui
1479 514 1580 567 sibi
1625 513 1945 583 persuadeat

322 617 564 672 corpora
594 603 836 673 quaedam
865 604 1033 658 solida
1080 615 1240 676 atque
1263 605 1541 661 individua
1574 606 1624 658 vi
1665 614 1720 660 et
1759 605 1941 676 gravi-

331 704 447 751 tate
491 694 647 762 ferri,
695 697 1060 767 mundumque
1104 698 1242 752 efﬁci
1285 700 1686 754 ornatissimum
1732 707 1787 753 et
1817 697 1940 768 pul-

319 786 664 844 cherrimum
695 804 761 844 ex
787 805 973 844 eorum
1000 804 1288 859 corporum
1313 793 1670 848 concursione
1687 789 1937 875 fortuita}

329 879 447 935 Hoc
467 882 557 951 qui
581 881 856 937 existimat
884 883 998 937 fieri
1027 884 1289 952 potuisse,
1320 900 1426 938 non
1457 886 1696 956 intelligo
1715 902 1810 942 cur
1831 901 1936 940 non

331 972 472 1028 idem
503 983 683 1043 putet,
714 976 758 1029 si
788 974 1211 1032 innumerabiles
1249 977 1404 1032 unius
1433 986 1488 1032 et
1528 978 1711 1048 viginti
1753 979 1938 1032 formae

329 1065 666 1132 litterarum,
701 1069 782 1122 vel
809 1085 1023 1134 aureae,
1073 1071 1156 1125 vel
1198 1071 1515 1140 qualeslibet
1561 1072 1742 1142 aliquo
1771 1072 1940 1142 conji-

331 1160 578 1228 ciantur,
611 1176 769 1230 posse
808 1177 877 1216 ex
924 1161 1009 1216 his
1051 1162 1104 1215 in
1155 1173 1352 1216 terram
1404 1163 1682 1228 excussis,
1717 1165 1938 1219 annales

335 1253 529 1319 Ennii,
565 1264 622 1310 ut
662 1256 917 1324 deinceps
961 1256 1062 1326 legi
1097 1256 1331 1324 possint,
1378 1255 1538 1311 eltici.
1573 1257 1725 1322 Quod
1755 1258 1937 1311 nescio

333 1359 399 1400 an
432 1362 498 1400 ne
524 1347 575 1401 in
605 1364 710 1402 uno
740 1350 955 1419 quidem
987 1363 1146 1403 versu
1174 1349 1342 1418 possit
1371 1357 1573 1404 tantum
1613 1351 1793 1406 valere
1825 1351 1935 1405 for-

333 1447 578 1496 tuna.....
613 1442 769 1508 Quod
798 1444 842 1498 si
883 1443 1138 1498 mundum
1170 1442 1386 1498 efﬁcere
1415 1455 1592 1515 pctest
1639 1461 1936 1500 concursus

329 1543 657 1600 atomorum,
687 1551 784 1591 cur
814 1538 1099 1606 porticum,
1128 1552 1224 1592 cur
1252 1538 1532 1606 templum,
1563 1553 1658 1592 cur
1680 1538 1898 1593 domum
1918 1579 1933 1604 ,

316 1639 423 1682 aut
451 1630 638 1684 urbem
667 1646 774 1684 non
805 1639 1012 1699 potest,
1055 1647 1176 1701 qu
1219 1641 1343 1685 sunt
1373 1632 1548 1686 minus
1591 1648 1816 1702 operosa
1839 1675 1852 1696 ,
1883 1642 1935 1687 et

332 1720 502 1774 multo
530 1721 745 1788 quidem
785 1722 1066 1778 faciliora?
1100 1723 1258 1778 Certe
1298 1724 1364 1776 ita
1413 1733 1614 1779 temere
1640 1725 1706 1779 de
1736 1729 1935 1781 mundo

2045 507 2229 561 sccndi
2253 550 2265 572 ,
2296 519 2383 562 aut
2409 511 2700 579 generandi
2733 511 3001 581 cupidine.

2115 600 2306 655 Cicero
2332 613 2511 656 autem
2543 603 2680 659 hanc
2703 604 3064 659 inductionem
3091 604 3248 676 longe
3271 605 3437 667 fusius
3467 625 3651 678 prose.

2043 693 2228 762 quitur
2259 705 2483 760 ,atquc
2527 696 2807 762 plurimam
2857 698 3018 751 totius
3067 698 3286 752 secundi
3341 699 3409 754 de
3438 699 3642 756 Natura

2035 782 2279 842 Deorum
2313 785 2433 840 libri
2462 798 2690 856 partem,
2724 788 2777 842 in
2810 803 2926 842 eam
2954 789 3327 857 explicandam
3359 793 3648 848 enuclean-

2041 877 2274 950 damque
2309 880 2497 950 (Cicer.
2543 881 2629 936 lib.
2672 898 2709 935 ιι
2762 883 2826 936 de
2872 881 3063 938 Nalur.
3121 883 3280 939 Deor.
3342 904 3463 958 pag.
3515 886 3646 954 228,

2041 981 2086 1024 et
2111 971 2298 1044 seqq.).
2327 973 2564 1044 Longius
2608 975 2850 1045 profecto
2881 987 3059 1042 esset,
3117 988 3170 1032 et
3203 995 3386 1048 parum
3423 981 3554 1036 utile
3582 996 3644 1035 ea

2041 1068 2244 1131 omnia,
2269 1082 2389 1136 quae
2415 1067 2481 1122 ab
2506 1068 2594 1121 illo
2614 1109 2627 1132 ,
2654 1083 2804 1123 more
2831 1083 2929 1124 suo
2954 1070 3352 1140 elegantissime
3383 1073 3522 1126 dicta
3546 1115 3560 1138 ,
3591 1083 3648 1127 et

2043 1174 2071 1210 a
2109 1159 2339 1214 Minucio
2369 1169 2553 1214 nostro
2581 1160 2816 1216 delibata
2847 1171 2989 1230 sunt,
3027 1163 3113 1217 hic
3143 1164 3534 1231 transcribere;
3563 1165 3646 1219 vel

2042 1265 2108 1304 eo
2154 1254 2420 1319 maxime,
2453 1255 2593 1323 quod
2627 1272 2654 1306 a
2687 1255 2927 1324 quolibet
2969 1256 3258 1326 apud-eum
3293 1259 3444 1312 facile
3474 1260 3642 1314 videri

2042 1346 2270 1412 possint.
2294 1347 2439 1399 Satis
2467 1345 2643 1415 itaque
2675 1349 2829 1401 nobis
2859 1350 2961 1401 erit
2989 1350 3034 1401 si
3065 1349 3416 1404 observemus
3448 1351 3516 1405 ibi
3547 1366 3645 1405 nos

2040 1451 2070 1489 a
2115 1436 2408 1503 Cicerone,
2451 1441 2792 1507 quantumvis
2843 1441 3288 1496 Academicorum
3332 1452 3598 1498 sectatorc
3624 1484 3639 1508 ,

2039 1529 2317 1584 admoneri
2365 1533 2465 1586 hoc
2502 1543 2874 1602 argumentum
2915 1551 3019 1587 non
3061 1535 3221 1590 modo
3262 1551 3290 1588 τι
3323 1536 3640 1606 quibusdam

2040 1623 2257 1677 tractari
2306 1625 2662 1694 philosophis,
2691 1641 2756 1680 ac
2799 1628 3117 1681 nominatim
3155 1643 3184 1680 a
3228 1627 3514 1695 Cleanthe,
3546 1629 3641 1684 sed

2040 1732 2227 1771 omnes
2269 1719 2429 1771 etiam
2477 1719 2828 1788 philosophos
2875 1720 3126 1776 debuisse
3166 1738 3231 1775 eo
3272 1722 3432 1792 plane
3485 1724 3641 1792 peni—

329 1810 575 1867 eﬂ'utiunt
599 1855 615 1879 ,
664 1825 719 1869 ut
748 1814 876 1868 mihi
906 1816 1123 1884 quidem
1153 1833 1445 1887 numquam
1475 1823 1613 1873 hunc
1642 1819 1932 1876 admirabi-

2041 1822 2232 1878 lUSqUG
2259 1815 2526 1866 convinci.
2559 1831 2576 1862 ‹
2607 1813 2736 1866 Nam
2764 1813 3088 1883 philosophi,
3110 1815 3297 1885 inquit,
3318 1815 3639 1881 debuerunt,

331 1905 441 1960 lem
469 1908 590 1962 coeli
617 1919 884 1974 ornatum,
915 1911 1001 1979 qui
1033 1910 1182 1966 locus
1202 1922 1282 1966 est
1304 1913 1600 1982 proximus,
1628 1920 1932 1986 suspexisse

330 1998 579 2055 videatur
611 1999 736 2070 (Cic.
767 2002 853 2055 lib.
887 2017 925 2056 ιι
962 2003 1024 2057 de
1074 2002 1269 2058 Natur.
1313 2005 1472 2061 Deor.
1514 2025 1636 2078 pag.
1665 2009 1798 2075 228,
1837 2011 1928 2065 lin.

334 2091 412 2159 6).
452 2111 472 2144 ›
504 2091 689 2162 Neque
711 2098 875 2151 semel
915 2097 966 2152 id
997 2097 1198 2152 dixisse
1227 2110 1544 2166 contentus,
1581 2104 1688 2156 alio
1716 2103 1766 2157 in
1796 2104 1931 2158 libro

332 2183 550 2238 brevius
580 2187 827 2254 quidem,
874 2190 967 2244 sed
1015 2206 1118 2243 non
1153 2192 1330 2246 minus
1373 2198 1652 2264 perspicue
1685 2199 1872 2268 repetit
1915 2218 1927 2254 :

343 2291 362 2324 ι
399 2273 554 2341 Esse,
586 2275 788 2346 inquit,
821 2291 1164 2348 praestantem
1188 2283 1418 2355 aliquam
1446 2297 1810 2360 aiternamque
1838 2306 1932 2345 na-

335 2373 536 2433 turam,
564 2377 615 2423 et
659 2385 779 2425 eam
820 2375 1214 2442 suspiciendam
1245 2379 1720 2451 admirandamque
1758 2381 1933 2437 homi-

333 2473 460 2512 num
488 2462 692 2530 generi,
725 2464 1068 2532 pulchritudo
1097 2469 1277 2524 mundi
1297 2511 1310 2532 ,
1342 2471 1582 2541 ordoque
1610 2489 1788 2529 rerum
1815 2490 1929 2530 coe-

332 2549 546 2605 lestiutn
575 2555 722 2625 cogit
769 2557 1015 2614 confiteri
1061 2559 1251 2629 (Idem,
1294 2563 1383 2617 lib.
1425 2565 1489 2618 de
1525 2563 1758 2626 Divinat.
1806 2585 1922 2640 pag.

332 2641 469 2708 θοι,
501 2644 596 2698 lin.
623 2645 742 2717 22).
775 2667 795 2699 ι

403 2737 514 2793 Nec
541 2750 624 2794 est
647 2741 791 2811 quod
821 2743 975 2799 nobis
1003 2745 1194 2803 atbeus
1233 2749 1416 2804 nescio
1457 2751 1577 2820 quis
1597 2793 1612 2818 ,
1642 2763 1734 2808 aut
1764 2755 1929 2824 perti-

336 2845 440 2885 nax
471 2833 780 2890 incredulus
803 2836 1037 2907 ,objiciat
1062 2839 1379 2898 Ciceronem
1422 2845 1780 2900 academicam
1813 2862 1931 2902 sec-

336 2933 443 2980 tam
472 2937 709 2983 secutum
741 2929 906 2987 fuisse
927 2973 942 2998 ,
973 2934 1064 3003 qui
1093 2937 1271 2990 omnia
1301 2937 1504 2993 incerta
1531 2955 1651 2996 esse
1677 2941 1932 3012 Opinaba-

338 3024 446 3084 tur,
479 3027 635 3087 atque
665 3030 841 3076 utrum
889 3039 1047 3080 verus
1089 3027 1251 3093 Deus,
1284 3039 1374 3082 aut
1417 3031 1506 3084 alii
1551 3034 1826 3101 gentilium
1859 3033 1932 3088 dii

334 3111 654 3167 exsisterent
703 3130 888 3171 revera
945 3119 1239 3175 dubitabat.
1288 3122 1402 3178 Non
1453 3127 1594 3181 enim
1642 3129 1932 3198 quaerimus

2036 1903 2079 1955 si
2111 1901 2250 1957 forte
2294 1919 2387 1956 eos
2417 1909 2618 1972 primus
2650 1907 2936 1974 adspectus
2971 1907 3152 1961 mundi
3183 1910 3598 1963 Conturbaverat
3623 1950 3639 1976 ,

2038 2005 2223 2062 postea
2249 2011 2370 2048 cum
2391 1996 2649 2052 vidissent
2673 2007 2846 2052 motus
2868 1999 2983 2067 ejus
3011 1999 3213 2066 ﬁnitos,
3241 2009 3295 2054 et
3319 2002 3637 2071 aequabiles,

2037 2088 2321 2157 omniaque
2363 2091 2492 2144 ratis
2533 2091 2808 2146 ordinibus
2853 2092 3162 2158 moderata,
3214 2094 3642 2166 itnmutabilique

2036 2181 2337 2234 constantia
2365 2223 2379 2245 ,
2414 2183 2711 2253 intelligere
2739 2184 2914 2237 inesse
2940 2186 3172 2254 aliquem
3206 2201 3311 2238 non
3343 2189 3515 2240 solum
3545 2188 3642 2242 ha-

2036 2269 2320 2326 bitatorem
2365 2273 2416 2326 in
2452 2274 2550 2328 hac
2581 2278 2786 2331 caelesti
2818 2293 2879 2330 ac
2909 2277 3085 2330 divina
3114 2278 3308 2346 dumo,
3349 2280 3441 2332 sed
3478 2282 3637 2334 etiam

2035 2375 2300 2421 rectorem
2331 2382 2393 2421 ac
2434 2369 2828 2425 moderatorem
2855 2416 2870 2438 ,
2901 2381 2952 2425 et
2984 2383 3248 2441 tamquam
3286 2373 3641 2431 architectum

2038 2459 2169 2511 tanti
2197 2459 2395 2527 operis,
2430 2463 2667 2530 tantique
2696 2465 2936 2517 tnuncris
2987 2463 3122 2534 (Lib.
3155 2482 3189 2520 ιι
3221 2467 3285 2520 de
3315 2466 3442 2521 Nat.
3477 2467 3636 2524 Deor.

2036 2569 2156 2622 pag.
2187 2550 2314 2615 227;
2343 2553 2468 2607 ibid.
2500 2573 2552 2624 p.
2585 2555 2688 2609 216
2715 2558 2752 2624 ).
2794 2575 2811 2607 ι
2859 2557 2976 2612 Alia
3010 2558 3093 2610 his
3141 2560 3295 2627 plane
3327 2563 3518 2617 similia
3547 2579 3642 2617 eo-

2035 2643 2157 2698 dem
2192 2644 2244 2698 iu
2286 2644 2423 2698 libro
2459 2646 2568 2715 jam
2611 2647 2840 2703 dixerat.
2887 2649 2992 2704 Sed
3035 2651 3183 2706 adire
3222 2653 3396 2707 adhuc
3439 2659 3642 2725 poteris

2036 2735 2313 2792 Philonem
2341 2738 2590 2794 Judaeum
2610 2779 2625 2806 ,
2666 2752 2940 2797 auctorem
2970 2743 3089 2797 libri
3118 2744 3184 2799 de
3214 2743 3520 2800 Mouarchia
3543 2789 3557 2812 ,
3589 2758 3644 2804 et

2035 2829 2402 2897 Quaestionum
2433 2849 2728 2904 graecorum
2758 2877 2774 2902 ,
2805 2834 3203 2905 Athenagoram
3232 2879 3246 2905 ,
3281 2837 3640 2909 Theophilum

2035 2925 2452 2992 Antiochcnum,
2485 2925 2770 2995 lrenamm,
2808 2927 3169 2996 Lactantium,
3204 2929 3558 2986 Athanasium
3588 2942 3643 2990 et

2034 3017 2190 3072 alios.

2036 3143 2042 3164 ε
2107 3110 2242 3178 Quid
2273 3127 2433 3178 vero,
2463 3113 2607 3183 quod
2635 3129 2739 3170 non
2785 3114 2838 3170 hi
2870 3116 3238 3172 tantummodo
3269 3118 3467 3175 ethnici
3493 3161 3508 3188 ,
3551 3121 3644 3178 .lu-

334 3203 461 3273 quid
490 3205 578 3261 ille
598 3209 843 3273 sentiret,
875 3227 977 3266 nec
1004 3222 1179 3268 utrum
1214 3216 1405 3272 timore
1431 3219 1608 3289 aliquo
1640 3236 1742 3275 non
1771 3223 1932 3277 aude—
1961 3218 2005 3280 C
2039 3202 2138 3257 dmi
2166 3247 2179 3269 ν
2210 3220 2273 3258 ac
2297 3205 2587 3261 Curi-“iani
2618 3209 2912 3277 scrip‘m'es
2938 3252 2952 3274 ν
2985 3209 3078 3266 sed
3112 3213 3442 3268 Γθοθηίίονθδ
3479 3215 3641 3270 cum"

334 3308 438 3364 ret,
465 3315 622 3369 quem
645 3305 1006 3371 cognoscebat
1025 3323 1210 3362 verum
1243 3310 1430 3378 Deum,
1460 3313 1634 3382 palam
1661 3315 1927 3371 conﬁteri.

335 3388 440 3445 Sed
481 3392 831 3460 eXpendiinus
859 3399 1042 3466 quanti
1085 3403 1340 3456 momenti
1371 3403 1435 3456 sit
1470 3405 1610 3458 illius
1649 3422 1935 3476 argumen—

337 3491 467 3537 tum.
501 3486 660 3556 Atqui
704 3504 862 3544 nemo
903 3502 985 3545 est
1010 3494 1124 3546 sani
1156 3497 1345 3564 capitis
1372 3495 1568 3565 homo,
1595 3501 1682 3569 qui
1740 3517 1934 3572 negare

338 3578 503 3644 possit
545 3595 611 3635 eo
662 3581 1010 3639 invictissime
1051 3586 1407 3644 demonstrari
1441 3593 1659 3646 unicum
1697 3596 1932 3650 existere

336 3669 502 3740 Deum
524 3713 540 3738 ,
573 3689 750 3728 rerum
782 3679 1018 3731 omnium
1051 3693 1346 3738 creatorem
1381 3695 1436 3738 et
1476 3697 1760 3742 rectorem.
1795 3690 1936 3756 Quo-

337 3777 446 3831 quo
462 3765 734 3820 enimvero
751 3770 951 3835 oculos,
974 3772 1046 3825 uti
1068 3773 1425 3842 aitOctavius,
1445 3779 1557 3832 sive
1568 3793 1779 3834 sursum
1792 3823 1805 3845 ,
1824 3782 1935 3836 sive

343 3852 649 3920 deorsum,
690 3858 803 3912 sive
849 3862 987 3915 ultro
1044 3866 1286 3936 citroque
1331 3878 1536 3935 vertat,
1569 3878 1674 3923 tam
1723 3871 1930 3937 facile,

351 3960 514 4015 quam
560 3961 710 4005 certo
749 3956 1041 4023 comperiet
1080 3973 1199 4014 esse
1229 3961 1441 4029 aliquod
1483 3964 1937 4030 prmstantissimzc

337 4039 539 4094 mentis
568 4057 787 4111 numen,
801 4059 831 4099 a
850 4061 955 4115 quo
970 4050 1142 4104 omnia
1162 4050 1298 4106 facta
1315 4063 1455 4115 sunt,
1476 4069 1538 4108 ac
1551 4056 1934 4125 gubernantur.

409 4129 646 4203 Uterque
675 4145 863 4206 tantem
908 4147 965 4195 et
1000 4142 1189 4198 Cicero
1229 4154 1284 4199 et
1319 4146 1567 4202 Octavius
1618 4149 1748 4204 illud
1796 4150 1936 4206 haud

338 4220 486 4277 brevi
532 4240 711 4280 rerum
761 4240 1060 4287 creatarum
1107 4239 1449 4293 enarratione
1503 4241 1937 4299 manifestissime

337 4316 710 4383 comprobant.
740 4319 811 4375 Et
837 4319 1094 4380 Octavius
1118 4328 1332 4396 quidem
1360 4347 1423 4385 ex
1453 4333 1611 4400 coelo,
1644 4334 1938 4406 rapidoque

338 4408 454 4478 ejus
481 4450 495 4478 ,
525 4427 588 4466 ac
615 4413 746 4467 solis
773 4423 828 4469 et
855 4415 995 4471 luna:
1023 4431 1140 4474 rato
1167 4429 1414 4494 statuque
1455 4437 1600 4480 motu
1627 4443 1640 4492 ;
1697 4442 1763 4482 ex
1790 4428 1935 4498 ejus-

339 4502 458 4558 dem
499 4507 638 4560 luna:
673 4509 825 4563 senio
862 4521 915 4564 et
944 4511 1157 4580 labore,
1194 4516 1245 4569 id
1284 4528 1386 4580 est,
1421 4521 1580 4574 variis
1609 4520 1754 4576 illius
1782 4537 1937 4578 erro-

2039 3297 2368 3366 scholastici,
2395 3316 2458 3355 ac
2487 3305 2786 3372 prmsertim
2814 3304 2875 3357 Ι).
2908 3303 3162 3372 Thomas,
3205 3307 3293 3375 qui
3322 3308 3388 3360 ad
3419 3308 3645 3363 demon-

2037 3391 2344 3456 strandam,
2390 3395 2464 3446 uti
2497 3393 2547 3447 hi
2593 3394 2902 3465 loquuntur,
2951 3397 3052 3451 Dei
3105 3399 3450 3454 existentiam
3478 3443 3492 3467 ,
3537 3401 3644 3458 hoc

2038 3491 2392 3551 argumento,
2440 3499 2612 3555 eoque
2669 3487 2788 3541 aliis
2840 3498 2988 3541 tanto
3031 3490 3295 3559 gravioris
3351 3495 3642 3562 momenti,

2040 3587 2279 3645 utuntur,
2309 3587 2509 3648 quanto
2535 3580 2602 3633 ab
2633 3581 2881 3635 omnibus
2922 3583 3130 3636 facilius
3161 3585 3359 3655 percipi
3393 3585 3648 3658 intelligi-

2038 3683 2142 3738 que
2172 3679 2368 3739 potest.
2402 3671 2762 3738 Quamobrem
2792 3675 3084 3744 Apostolus
3117 3676 3241 3730 inde
3271 3691 3646 3735 asseveranter

2038 3764 2350 3829 pronuntiat
2380 3764 2646 3819 neminem
2679 3780 2800 3820 esse
2833 3767 3128 3835 hominem,
3159 3770 3246 3839 qui
3281 3771 3447 3840 possit
3482 3772 3645 3828 ullam

2038 3869 2259 3923 prorsus
2289 3856 2514 3925 ignorati
2539 3874 2568 3912 a
2601 3874 2659 3913 se
2689 3860 2780 3914 Dei
2812 3860 3011 3917 habere
3055 3863 3481 3920 excusationem.
3512 3865 3644 3920 Nam

2044 3965 2062 3998 ‹
2099 3948 2413 4015 Invisibilia,
2447 3951 2652 4022 inquit,
2683 3953 2850 4022 ipsius
2879 3970 2907 4007 a
2945 3962 3189 4009 creatura
3224 3957 3404 4012 mundi
3438 3974 3532 4027 per
3558 3975 3643 4027 ea,

2038 4056 2157 4112 quae
2195 4041 2332 4095 facta
2363 4051 2505 4108 sunt,
2536 4045 2800 4098 intellecta
2838 4047 3258 4114 conspiciuntur.
3304 4049 3644 4118 Scmpitcrna

2039 4150 2252 4204 quoque
2296 4134 2411 4204 ejus
2441 4135 2610 4190 virtus
2642 4146 2695 4190 et
2724 4137 2996 4203 divinitas;
3031 4139 3098 4192 ita
3133 4149 3187 4193 ut
3219 4140 3326 4194 sint
3356 4142 3645 4196 inexcusa-

2040 4227 2177 4282 biles
2208 4227 2452 4302 (Roman.
2489 4247 2536 4294 ι,
2568 4230 2681 4300 20).
2722 4250 2740 4284 ι
2780 4231 3298 4288 [lincTertullianus
3330 4252 3344 4288 :
3384 4254 3402 4287 ι
3434 4235 3499 4290 Et
3531 4237 3647 4292 haec

2040 4324 2151 4391 ait,
2179 4335 2259 4380 est
2290 4341 2498 4380 summa
2535 4325 2717 4382 delicti
2746 4327 3041 4382 nolentium
3068 4343 3457 4399 recognoscere
3482 4371 3496 4398 ,
3526 4346 3647 4400 qum

2039 4415 2288 4486 ignorare
2357 4433 2461 4473 non
2524 4429 2747 4488 possunt
2815 4417 3071 4488 (Tertull.
3119 4420 3334 4493 Apolog.
3386 4440 3500 4493 cap.
3555 4423 3642 4491 17,

2042 4526 2162 4580 pag.
2195 4508 2308 4580 18).
2361 4528 2380 4561 ι
2418 4511 2718 4582 Cyprianus
2737 4528 2862 4566 vero
2891 4513 3080 4568 iisdem
3098 4529 3234 4583 pene
3249 4516 3425 4570 verbis
3458 4532 3471 4569 :
3511 4535 3528 4566 ι
3553 4519 3646 4572 At-

338 4595 488 4650 ribus
526 4601 643 4654 sive
683 4599 1030 4659 incrementis
1071 4616 1124 4661 et
1153 4609 1541 4679 decrementis,
1589 4616 1664 4668 uti
1698 4633 1764 4670 ex
1791 4617 1935 4672 Cice-

2043 4618 2147 4673 que
2182 4615 2264 4658 est
2293 4621 2500 4660 summa
2531 4607 2732 4674 delicti,
2766 4608 2904 4662 nolle
2933 4623 3248 4678 agnoscere,
3291 4627 3449 4681 quem
3492 4612 3645 4681 igno-

339 4703 474 4744 rone
529 4708 654 4746 mox
705 4695 961 4760 citaudo,
1021 4709 1180 4770 atque
1237 4703 1453 4760 Marone
1508 4707 1802 4778 intelligere
1857 4721 1940 4766 est

341 4782 360 4849 (
394 4779 579 4852 Virgil.
609 4783 695 4838 lib.
755 4803 788 4841 ιι
843 4788 1028 4860 Georg.
1061 4809 1114 4845 ν.
1145 4795 1252 4848 478
1279 4799 1328 4866 );
1383 4798 1507 4852 item
1541 4799 1676 4856 lucis
1700 4816 1762 4856 ac
1795 4811 1942 4857 tene-

341 4873 564 4928 brarum
602 4879 905 4935 continuata
946 4884 1312 4943 vicissitudine
1336 4930 1350 4952 ,
1397 4888 1630 4945 siderum
1663 4891 1850 4948 ordine
1876 4908 1940 4949 ac

339 4967 731 5036 dispositione;
775 4976 950 5031 stabili
992 4979 1229 5048 frugum,
1277 4991 1332 5037 et
1359 4992 1588 5052 quatuor
1628 4987 1753 5040 anni
1801 4998 1934 5042 tem-

339 5071 605 5130 pestatum
639 5067 912 5135 varietate;
947 5073 1082 5126 mari
1109 5077 1222 5129 suis
1259 5091 1474 5131 orarum
1507 5079 1848 5151 littorumque
1880 5081 1940 5134 fi-

339 5154 499 5208 nibus
545 5157 993 5232 circuniseripto;
1040 5166 1385 5235 reciprocatis
1431 5170 1628 5226 Oceani
1673 5172 1938 5239 aestibus;

339 5249 561 5315 perenni
591 5249 870 5307 ﬂuminum
918 5256 1310 5330 fluviorumth
1337 5279 1517 5329 cursu,
1551 5265 1713 5321 rectis
1741 5267 1940 5321 monti-

338 5336 471 5405 bus,
516 5343 744 5399 collibus
785 5347 972 5414 llexis,
1023 5353 1388 5424 porrectisque
1429 5358 1671 5426 campis;
1715 5357 1941 5412 naturali

337 5429 686 5488 animantium
728 5439 934 5505 tutela;
973 5456 1036 5495 ac
1073 5445 1340 5514 prmcipue
1381 5447 1610 5502 hoininis
1648 5449 1944 5518 pulchritu-

337 5521 492 5588 dine,
523 5526 774 5598 illiusque
804 5533 1059 5589 membris
1079 5579 1092 5598 ,
1127 5553 1352 5608 quorum
1385 5542 1588 5595 nullum
1613 5543 1717 5597 nisi
1750 5558 1941 5599 neces-

337 5613 512 5670 sitatis
532 5630 619 5673 aut
652 5621 867 5679 decoris
894 5641 1054 5682 causa
1082 5629 1366 5686 formatum
1390 5670 1405 5699 ,
1435 5644 1594 5703 atque
1627 5636 1737 5703 ipsa
1765 5637 1940 5690 homi-

337 5721 465 5760 num
491 5713 726 5767 omninut
763 5716 930 5788 figura
955 5736 968 5784 ;
1003 5737 1105 5791 qua
1135 5724 1233 5777 etsi
1260 5724 1360 5777 sibi
1393 5726 1673 5782 videantur
1702 5729 1936 5797 similes,

338 5801 500 5858 certis
533 5810 707 5864 tamen
740 5808 1081 5871 lineamentis
1108 5817 1302 5890 singuli
1332 5817 1622 5876 dissimiles
1649 5821 1938 5882 inveniun-

2042 4712 2163 4753 rare
2202 4713 2308 4752 non
2348 4701 2519 4769 possis
2542 4699 2726 4772 (Cypr.
2765 4701 2852 4756 lib.
2881 4702 2943 4755 de
2973 4700 3113 4756 Idol.
3160 4703 3325 4758 Vanit.
3379 4725 3431 4777 p.
3470 4706 3580 4775 14).
3620 4726 3639 4759 ι

2041 4788 2194 4857 Quod
2247 4792 2464 4860 quidem
2517 4803 2642 4848 ante
2691 4804 2978 4864 utrumque
3011 4810 3040 4848 a
3085 4794 3364 4851 Clemente
3403 4796 3648 4851 Alexan-

2041 4882 2198 4938 drino
2227 4895 2488 4940 assertum
2520 4888 2748 4942 vidimus
2801 4887 2959 4959 (tom.
3014 4903 3030 4940 ι
3085 4889 3282 4958 Appar.
3334 4889 3538 4944 dissert.
3584 4890 3642 4960 2,

2035 4991 2153 5046 cap.
2183 4977 2235 5043 6,
2269 4987 2369 5032 art.
2406 4980 2454 5045 Ι,
2476 4996 2597 5050 pag.
2627 4981 2730 5035 948
2751 4978 2790 5050 ).

2649 5149 2937 5191 ARTICULUS
2963 5151 3016 5188 ν.

2041 5293 2364 5366 Expenditur
2412 5297 2556 5350 aliud
2607 5297 2820 5353 Minucii
2867 5307 3269 5369 argumentum,
3320 5315 3423 5370 quo
3472 5298 3639 5356 Deum

2118 5388 2296 5441 intimo
2350 5388 2612 5443 hominum
2651 5407 2822 5456 sensu,
2871 5407 2931 5443 ac
2980 5390 3096 5460 ipsa
3127 5407 3305 5445 eorum
3333 5393 3644 5450 conscientia

2116 5477 2396 5550 cognitum,
2429 5497 2601 5534 revera
2628 5485 2841 5537 existere
2864 5484 3201 5539 demonstrat.

2117 5638 2376 5694 Etlmieos
2406 5638 2666 5698 Minucius
2698 5654 2881 5699 noster
2912 5661 2938 5698 a
2973 5646 3256 5713 creaturis,
3290 5647 3648 5718 mirandoque

2043 5749 2260 5804 prorsus
2303 5734 2464 5789 totius
2495 5737 2678 5792 mundi
2705 5748 2899 5795 ornatu
2924 5781 2937 5806 ,
2968 5739 3036 5794 ad
3065 5758 3122 5796 sc
3152 5741 3297 5808 ipsos
3320 5783 3334 5808 ε
3371 5741 3648 5798 intimum-

2040 5841 2148 5900 que
2176 5843 2363 5886 eorum
2392 5842 2636 5902 sensum,
2665 5847 2729 5889 ac
2749 5900 2751 5903 ι
2771 5834 3044 5907 pr0priam
3075 5836 3492 5911 uniuscujusque
3517 5853 3648 5901 cou-
