4230 6242
660 257 765 315 425

1943 254 2029 309 DE
2060 247 2319 309 MINUCII
2356 250 2658 309 OCTAVIO

3865 251 3967 306 624

660 372 939 431 scientiam
965 378 1203 425 revocat.
1232 369 1326 424 Dei
1348 367 1543 439 quippe
1565 380 1753 421 revera
1779 365 2090 421 exsistentis
2117 366 2254 426 idea,
2286 368 2335 427 Λ
2364 366 2489 419 alibi
2531 366 2765 418 affirmat
2808 364 2919 418 ﬁeri
2944 404 2958 426 .
3005 377 3110 419 non
3158 362 3305 419 nasci
3336 360 3694 420 Christianos.
3742 361 3973 430 Quamo-

658 477 711 524 et
739 465 973 537 cognitio
995 505 1008 528 ,
1043 463 1215 533 inquit
1243 505 1257 529 ,
1290 462 1500 517 illorum
1527 458 1724 513 animis
1754 459 1889 511 adeo
1922 458 2084 512 insita
2120 459 2269 527 inge-

658 560 877 628 nitaque
906 568 1007 619 est;
1054 564 1113 609 ut
1143 570 1247 608 non
1292 552 1453 607 modo
1486 549 1791 621 pbilosOphi
1812 592 1827 615 ,
1859 564 1919 603 ac
1948 548 2127 614 docti,
2171 547 2267 601 sed

658 650 855 723 plebeii
902 650 1062 703 etiam
1104 657 1157 701 et
1182 644 1404 711 indocti,
1464 652 1655 699 natura
1688 643 1845 707 duce,
1880 657 2000 696 eum
2032 642 2267 695 existere

654 744 830 814 palam
862 750 1153 813 aperteque
1183 740 1346 793 variis
1388 738 1439 791 in
1479 734 1855 791 occasionibus
1879 735 2260 787 conﬁteantur-

660 858 678 890 ι
714 836 875 903 Quid,
912 836 1080 905 inquit
1115 833 1397 897 Minucius,
1431 833 1571 902 quod
1597 832 1835 884 omnium
1864 829 1931 884 de
1958 829 2059 883 isto
2092 826 2265 881 habeo

652 948 976 988 consensum
1002 932 1024 983 ?
1051 930 1223 986 Audio
1246 930 1459 997 vulgus,
1484 944 1605 982 cum
1631 927 1681 981 in
1708 926 1904 980 cmlttm
1932 938 2121 978 manus
2147 932 2263 977 ten-

655 1026 809 1090 dttnt,
843 1023 973 1079 nihil
1011 1024 1187 1085 aliud,
1224 1038 1382 1093 quam
1415 1021 1584 1075 Deum
1616 1020 1801 1072 dicunt
1832 1035 1843 1069 :
1882 1026 1955 1078 et,
1990 1015 2130 1069 Deus
2159 1028 2266 1068 ma-

655 1134 790 1189 gnus
817 1127 931 1181 est;
964 1128 1011 1171 et
1038 1159 1053 1182 ,
1099 1116 1239 1169 Deus
1281 1128 1441 1167 verus
1477 1122 1596 1177 est;
1641 1120 1714 1174 et,
1761 1109 1816 1164 Si
1852 1109 1990 1161 Deus
2030 1106 2256 1161 dederit.

660 1213 813 1283 Valgi
845 1212 944 1266 iste
974 1212 1230 1265 naturalis
1261 1223 1442 1264 sermo
1485 1217 1604 1272 est,
1653 1214 1741 1259 aut
1770 1202 2065 1275 Christiani
2105 1200 2263 1257 conli-

659 1307 820 1361 tcntis
851 1305 1063 1359 oratio?
1099 1324 1116 1355 ι

733 1400 1001 1453 Praeterea
1036 1396 1104 1449 ibi
1136 1396 1227 1449 ille
1254 1395 1590 1450 continenter
1614 1392 1811 1461 adjecit
1832 1389 2094 1452 ethnicos,
2123 1386 2259 1441 falso

653 1494 801 1551 Jovis
841 1494 1172 1563 deorumque
1202 1507 1420 1545 suormn
1466 1489 1703 1551 nomine,
1746 1503 1928 1542 vermn
1971 1490 2260 1557 ipsummet

655 1587 823 1644 Deum
856 1587 1029 1655 reipsa
1058 1585 1349 1656 appellare.
1386 1602 1403 1634 ι
1443 1582 1541 1649 Qui
1571 1580 1790 1645 Jovem,
1826 1578 2030 1648 inquit,
2072 1575 2259 1646 princi-

651 1700 771 1755 pem
803 1683 1010 1747 Volunt,
1053 1681 1308 1735 fallnntur
1353 1680 1403 1731 in
1438 1676 1653 1731 nomine
1675 1718 1688 1740 ,
1728 1675 1820 1729 sed
1861 1673 1928 1728 de
1959 1673 2135 1726 divina
2167 1686 2259 1739 pn-

2376 459 2523 514 brem
2570 458 2830 513 Minucius
2862 465 3045 513 noster
3074 457 3207 513 dixit
3240 476 3253 512 :
3290 476 3307 509 ι
3349 457 3593 527 Vulgaris
3624 458 3726 512 iste
3754 467 3971 511 natura-

2374 555 2439 609 lis
2465 570 2644 610 sermo
2679 564 2801 622 est,
2838 565 2927 608 aut
2954 554 3232 609 christiani
3271 554 3577 607 confitentis
3610 570 3628 603 ›
3667 553 3833 607 Deum
3873 552 3971 607 sci-

2370 649 2495 705 licet
2537 651 2770 705 existerc
2809 668 2827 699 ‹
2874 651 3068 703 oratio.
3107 667 3124 700 ι
3170 646 3269 701 Ubi
3314 662 3444 701 vero
3488 646 3590 700 hoc
3649 646 3876 716 primum
3908 660 3971 701 ac

2371 745 2695 813 prrecipuum
2738 759 2877 797 verte
2916 743 3190 813 religionis
3219 742 3597 796 documentum
3637 741 3799 797 variis
3824 756 3973 796 com-

2368 838 2615 905 probavit
2648 838 3088 907 pbil0s0pltorum
3119 838 3399 907 gentilium
3429 836 3779 901 testimoniis,
3809 852 3875 892 ex
3907 836 3971 892 iis

2368 935 2635 989 concludit
2674 953 2692 986 ‹
2715 947 2796 987 am
2822 949 2962 988 nunc
2983 933 3317 988 Christianos
3343 948 3463 987 esse
3486 931 3855 1002 philosophos,
3879 940 3973 987 au:

2369 1025 2717 1097 philosophos
2759 1026 2870 1096 jam
2918 1036 3043 1080 tunc
3092 1024 3255 1080 fuisse
3298 1024 3663 1089 Christianos,
3704 1042 3721 1074 ι
3760 1024 3809 1077 in
3843 1022 3967 1089 hoc,

2366 1121 2507 1192 quod
2540 1138 2722 1175 verum
2755 1120 2941 1185 Deum,
2976 1136 3079 1174 non
3112 1134 3241 1175 vero
3276 1119 3378 1173 alia
3410 1118 3730 1174 Christianae
3759 1119 3970 1189 religio-

2367 1212 2449 1265 nis
2481 1212 2672 1279 placita
2700 1211 3037 1281 agnoverint.
3070 1209 3175 1265 Sed
3198 1210 3264 1265 de
3297 1210 3397 1264 hoc
3419 1209 3593 1265 adlmc
3615 1212 3666 1264 in
3690 1218 3872 1265 nostra
3902 1208 3969 1265 de

2368 1304 2681 1359 Tertulliani
2713 1304 3065 1375 Apologetico
3089 1304 3489 1359 dissertatione.

2436 1396 2701 1453 Caeterum
2731 1399 2919 1453 eodem
2950 1400 3139 1468 plane,
3173 1414 3280 1468 qun
3320 1399 3407 1453 ille
3430 1440 3444 1464 ,
3478 1407 3532 1453 et
3560 1398 3817 1453 Minucius
3848 1414 3971 1455 nos.

2367 1504 2466 1559 ter,
2497 1494 2657 1547 modo
2686 1503 3091 1564 argumentatur
3120 1493 3388 1548 Arnobius
3420 1511 3432 1546 ε
3469 1512 3487 1545 ι
3527 1493 3621 1556 Da,
3656 1494 3848 1562 inquit,
3878 1509 3970 1548 vc-

2365 1604 2481 1642 rum
2518 1587 2799 1658 judicium,
2846 1598 2899 1643 et
2946 1587 3059 1643 hzec
3100 1588 3279 1642 omnia
3325 1585 3766 1655 circumspiciens
3793 1628 3807 1651 ,
3849 1601 3970 1654 quae

2364 1678 2630 1745 videnms,
2664 1680 2833 1749 magis
2877 1694 2942 1733 an
2983 1680 3092 1733 sint
3135 1678 3206 1731 dii
3238 1678 3444 1737 ea-teri.
3482 1676 3761 1740 dubitabit,
3808 1692 3971 1746 quam

652 1784 842 1831 testate
884 1772 1247 1827 censentium.
1308 1788 1326 1821 ι
1370 1767 1569 1823 Eadctlt
1615 1767 1771 1835 plane
1811 1763 2146 1834 Cyprianus,
2203 1771 2260 1815 υι
2289 1765 2335 1825 Β
2365 1771 2416 1825 in
2466 1773 2574 1827 Dea
2618 1773 2989 1834 cunetabitur,
3041 1786 3201 1841 quem
3256 1784 3377 1825 esse
3426 1784 3615 1824 omnes
3657 1771 3972 1826 naturaliter

650 1880 809 1925 antea
842 1867 1096 1928 vidimus,
1130 1864 1346 1933 scriptis
1376 1861 1613 1917 tradidit.
1646 1860 1752 1913 Sed
1788 1859 1996 1926 utrique
2029 1854 2257 1926 pra-ive-

650 1973 731 2018 rat
761 1960 1151 2024 Tertullianus,
1183 1957 1273 2026 qui
1305 1958 1353 2009 in
1388 1954 1607 2009 eosdem
1637 1952 1881 2007 ethnicos
1910 1950 2070 2004 sitnilt
2103 1948 2259 2016 plane

650 2056 811 2110 modo
851 2060 1301 2125 argumentatur:
1338 2069 1356 2101 t
1391 2048 1589 2114 Vultis,
1631 2046 1822 2115 inquit,
1851 2060 1915 2098 es
1944 2043 2137 2096 animm
2178 2040 2258 2108 ip-

652 2152 762 2204 sius
801 2147 1111 2204 testimonio
1138 2142 1557 2213 comprobemus
1591 2161 1609 2193 ι
1645 2155 1805 2193 unum
1837 2137 2085 2191 videlicet
2110 2135 2255 2187 dum-

649 2250 795 2297 taxat
843 2255 1019 2295 rerttm
1068 2237 1234 2292 Deum
1283 2233 1585 2290 exsistere?
1634 2252 1653 2283 ι
1702 2233 1830 2299 Qurc
1872 2231 1997 2285 licet
2038 2241 2255 2283 carcere

646 2332 892 2402 corporis
936 2345 1145 2401 pressa,
1190 2328 1315 2382 licet
1351 2324 1777 2381 institutionibus
1817 2324 1996 2392 pravis
2035 2323 2255 2374 circum-

647 2428 869 2495 scripta,
904 2424 1032 2478 licet
1059 2419 1371 2476 libidinibus
1396 2435 1459 2473 ac
1480 2415 1932 2486 concupiscentiis
1957 2414 2250 2483 evigorata,

646 2516 770 2571 licet
796 2515 941 2569 falsis
965 2512 1081 2568 deis
1107 2511 1461 2576 exancillata;
1504 2525 1626 2563 cum
1662 2517 1839 2562 tmneu
1867 2505 2155 2574 resipiscit,
2196 2512 2255 2556 ut

644 2623 711 2663 ex
741 2605 994 2676 crapula,
1032 2613 1089 2659 nt
1119 2620 1182 2659 ex
1230 2618 1452 2665 somno,
1500 2612 1556 2654 ut
1584 2616 1650 2655 ex
1682 2600 1857 2667 aliqua
1895 2597 2201 2653 valetudine
2232 2638 2246 2661 ,

647 2702 813 2755 Deum
838 2698 1097 2763 nominat,
1134 2696 1235 2751 hoc
1266 2696 1404 2759 solo,
1431 2694 1551 2763 quia
1582 2692 1795 2762 proprie
1819 2706 1976 2747 vcrus
2000 2692 2084 2745 hic
2115 2705 2250 2743 unus

646 2792 789 2847 Deus
824 2791 995 2845 bonus
1023 2800 1076 2846 et
1106 2805 1351 2860 magnus;
1389 2807 1407 2840 ι
1442 2788 1511 2840 ita
1546 2786 1757 2840 codices
1788 2784 2133 2853 manuscripti
2162 2800 2253 2837 an-

645 2884 901 2955 tiquiores
928 2894 983 2937 et
1024 2881 1265 2937 melioris
1309 2889 1469 2946 nota',
1501 2877 1954 2947 qnetnadmodmn
1993 2891 2091 2930 suo
2132 2875 2250 2928 loco

645 2978 971 3033 videbimus.
1010 2995 1027 3028 ι
1062 2974 1151 3037 Ει,
1174 2973 1316 3045 quod
1343 2974 1485 3027 Deus
1506 2972 1731 3035 dederit,
1758 2971 1995 3024 omnium
2021 2985 2118 3023 vox
2144 2978 2245 3021 est.

644 3071 889 3127 Judicem
937 3084 1149 3140 quoque
1196 3078 1530 3122 euntestatur
1560 3065 1703 3119 illum
1741 3082 1753 3117 :
1791 3065 1929 3117 Deus
1961 3062 2136 3117 videt:
2171 3070 2242 3126 et,

2362 1864 2596 1925 scimus,
2639 1864 2756 1919 sive
2785 1879 2905 1918 emn
2935 1864 3300 1918 exclamamus
3350 1882 3363 1917 :
3406 1862 3451 1916 Ο
3479 1862 3655 1918 Deus!
3694 1863 3807 1917 sive
3846 1878 3969 1918 cum

2362 1955 2511 2008 illum
2544 1964 2729 2010 testem
2762 1957 3138 2010 constituimus
3169 1952 3560 2025 improborum,
3595 1966 3649 2009 et
3686 1958 3837 2023 quasi
3871 1970 3969 2011 nos

2360 2060 2581 2113 cernat,
2664 2049 2853 2105 faciem
2917 2051 3263 2105 sublevantus
3323 2048 3374 2101 in
3445 2048 3643 2105 ctelum
3724 2049 3965 2120 (Arnob.

2360 2144 2448 2197 lib.
2486 2160 2523 2198 ll
2577 2150 2776 2200 advers.
2814 2144 2960 2198 Gem.
2998 2146 3112 2199 init.
3148 2162 3269 2215 pag.
3302 2145 3373 2200 43
3404 2142 3445 2215 ).
3477 2162 3495 2196 ι

2435 2236 2673 2305 Denique
2710 2236 3021 2290 Lactantius
3056 2235 3307 2290 similiter
3333 2235 3384 2289 in
3411 2233 3650 2289 ethnicos
3676 2234 3915 2304 disputat
3951 2252 3965 2288 :

2365 2347 2382 2379 ‹
2422 2329 2551 2383 Nam
2578 2344 2698 2384 cum
2738 2330 2923 2399 jurant
2949 2371 2965 2395 ,
2998 2330 3202 2399 inquit,
3235 2338 3287 2382 et
3318 2342 3439 2382 cum
3485 2335 3705 2398 optant,
3737 2337 3792 2381 et
3839 2343 3966 2383 cum

2357 2424 2557 2491 gratias
2579 2431 2761 2492 agunt,
2793 2439 2898 2476 non
2928 2422 3138 2487 Jovem,
3168 2430 3258 2475 aut
3279 2420 3409 2475 deos
3437 2421 3652 2487 multos,
3676 2420 3770 2475 sed
3799 2421 3964 2475 Deum

2357 2516 2636 2569 nominant
2657 2556 2671 2579 ,
2704 2515 2840 2569 adeo
2869 2515 2982 2583 ipsa
3014 2514 3247 2577 veritas,
3280 2522 3506 2583 cogente
3539 2522 3724 2566 natura
3748 2554 3762 2578 ,
3802 2513 3963 2567 etiam

2355 2607 2421 2663 ab
2452 2608 2629 2661 invitis
2669 2606 2975 2676 pectoribus
2999 2607 3352 2675 eruntpit.....
3388 2610 3455 2659 At
3483 2620 3615 2659 vero
3652 2604 3695 2658 si
3733 2621 3836 2675 qua
3871 2622 3966 2660 ne-

2356 2702 2585 2755 cessitas
2614 2700 2793 2767 gravis
2824 2700 3103 2769 presserit,
3137 2708 3271 2755 tunc,
3295 2699 3461 2753 Deum
3501 2698 3873 2752 recordamur.
3907 2696 3963 2751 Si

2356 2794 2477 2849 belli
2520 2804 2720 2850 tremor
2752 2795 3087 2849 inl’rcmuerit
3111 2836 3125 2860 ,
3160 2795 3203 2848 si
3247 2795 3501 2849 alimenta
3536 2793 3775 2863 frugibus
3805 2793 3962 2862 longa

2354 2887 2566 2941 sict-itas
2597 2887 2939 2956 denegaverit
2967 2932 2980 2950 ,
3028 2887 3073 2941 si
3110 2903 3249 2942 saeva
3296 2898 3624 2957 tempestas,
3670 2887 3713 2940 si
3757 2887 3963 2955 grando

2354 2980 2647 3049 ingruerit,
2681 2979 2746 3034 ad
2783 2981 2948 3035 Deum
2985 2980 3298 3049 confugiunt
3320 3022 3333 3045 ,
3379 2997 3406 3031 τι
3441 2979 3553 3033 Deo
3583 2980 3783 3047 petitur
3807 2978 3960 3032 auxi-

2352 3071 2513 3137 lium;
2557 3072 2730 3135 Deus,
2764 3084 2819 3125 ut
2846 3072 3151 3135 subveniat,
3183 3082 3386 3125 oratur.
3432 3070 3486 3126 Si
3528 3072 3649 3141 quis
3693 3072 3742 3124 in
3785 3070 3959 3136 mari,

646 3167 756 3221 Deo
780 3181 865 3220 me
893 3162 1236 3226 commendo;
1266 3171 1338 3227 et,
1375 3161 1517 3216 Deus
1544 3159 1672 3213 inibi
1696 3157 1884 3213 reddet
1933 3157 1976 3211 Ο
2009 3156 2244 3210 testimo-

2356 3174 2514 3218 vento
2541 3167 2816 3231 s:evicnte,
2842 3165 3095 3234 jactatur.
3126 3164 3269 3219 hunc
3298 3164 3532 3219 invoc:tt.
3556 3164 3611 3217 Si
3636 3163 3757 3233 quis
3777 3164 3958 3230 aliqua

641 3260 788 3315 niutn
835 3256 1028 3312 anima:
1077 3255 1392 3311 naturaliter
1433 3253 1779 3309 christianaal
1828 3250 2070 3319 Denique
2115 3264 2241 3317 pro-

641 3354 895 3407 nuntians
928 3350 1043 3405 Inee
1064 3392 1078 3416 ,
1115 3365 1219 3403 non
1246 3348 1312 3402 ad
1342 3346 1688 3417 Capitolium,
1721 3344 1811 3400 sed
1842 3343 1907 3398 ad
1936 3343 2129 3398 malum
2160 3356 2243 3397 rc—

640 3451 816 3520 spicit.
848 3448 1005 3503 Novit
1046 3448 1187 3502 enim
1237 3446 1421 3499 sedem
1468 3443 1559 3497 Dei
1604 3441 1727 3495 vivi.
1766 3440 1845 3493 Ab
1884 3438 1977 3493 illo
2009 3438 2150 3491 enim
2191 3445 2246 3491 et

639 3541 764 3598 inde
794 3539 1077 3595 descendit
1105 3536 1359 3607 (Tertull.
1389 3535 1609 3605 Apolog.
1634 3550 1749 3601 cap.
1786 3532 1872 3595 17,
1908 3548 1960 3599 p.
1997 3528 2163 3599 18).»

708 3637 813 3694 Sed
843 3636 956 3690 haec
986 3635 1075 3689 ille
1103 3632 1276 3687 adhuc
1306 3630 1474 3685 fusius
1500 3629 1603 3683 alio
1632 3628 1682 3681 in
1714 3627 1851 3680 libro
1880 3623 2241 3694 prosequitur.

637 3730 768 3799 Quae
812 3728 1027 3800 quidem
1071 3726 1248 3780 omnia
1298 3723 1607 3778 describere
1654 3737 1772 3775 cum
1816 3718 2024 3789 longius
2065 3716 2241 3781 foret,

638 3823 891 3880 nonnulla
912 3864 926 3889 ,
959 3831 1117 3892 atque
1142 3836 1203 3875 ea
1233 3820 1285 3872 in
1316 3817 1501 3887 primis
1522 3858 1535 3882 ,
1566 3831 1685 3885 qua:
1723 3813 1789 3867 ad
1826 3809 2119 3866 secundum
2151 3807 2245 3862 Mi-

638 3919 781 3976 nttcii
810 3918 975 3971 nostri
1005 3919 1180 3971 locum
1212 3915 1429 3976 faciunt,
1468 3910 1803 3981 proferemus
1836 3926 1847 3960 :
1887 3927 1904 3957 ‹
1939 3906 2014 3960 Te
2045 3903 2239 3974 palam,

638 4012 827 4084 inquit,
852 4024 907 4067 et
931 4020 1038 4064 tota
1068 4009 1339 4073 libertate,
1368 4021 1471 4076 qua
1502 4021 1605 4057 non
1638 4002 1761 4057 licet
1796 4000 1973 4064 nobis,
2008 3997 2152 4052 domi
2182 4009 2245 4048 ac

639 4104 768 4160 foris
799 4103 1048 4158 audimus
1078 4104 1145 4155 ita
1191 4100 1537 4170 pronuntiare
1571 4114 1583 4150 :
1628 4094 1778 4162 Quod
1816 4094 1956 4147 Deus
1985 4088 2196 4145 dederit
2228 4100 2241 4136 ι

637 4211 711 4264 et,
738 4198 794 4253 Si
827 4199 964 4252 Deus
1000 4195 1251 4250 voluerit.
1283 4194 1355 4247 Ea
1398 4207 1527 4246 voce
1565 4198 1619 4245 et
1652 4189 1884 4259 aliquem
1916 4202 2037 4241 esse
2083 4186 2247 4256 signi-

636 4291 765 4344 ficas
787 4331 801 4355 ,
836 4297 890 4343 et
918 4303 1133 4341 onmem
1173 4285 1247 4338 illi
1279 4283 1555 4337 confiteris
1597 4292 1950 4351 potestatem,
1993 4278 2060 4333 ad
2093 4278 2247 4347 cujus

635 4390 846 4451 Spectas
892 4379 1219 4431 voluntatem
1270 4392 1283 4427 :
1324 4374 1482 4430 simul
1533 4382 1587 4428 et
1632 4383 1858 4427 ca-teros
1907 4387 2069 4441 negas
2114 4372 2245 4428 deos

636 4488 777 4537 esse,
826 4473 955 4526 dmn
1003 4471 1115 4526 suis
1158 4468 1432 4524 vocabulis
1473 4482 1770 4537 nuncupas,
1804 4464 2115 4527 Saturnum,
2146 4465 2243 4519 Jo-

2348 3257 2397 3310 vi
2429 3256 2743 3321 afllictatur,
2777 3258 2917 3311 hunc
2946 3258 3189 3327 protinus
3218 3256 3489 3324 implorat.
3545 3256 3598 3310 Si
3628 3255 3749 3325 quis
3776 3256 3841 3308 ad
3869 3270 3965 3309 ex-

2348 3363 2572 3410 tremam
2608 3354 2946 3409 mendicandi
2991 3354 3369 3410 necessitatem
3411 3354 3709 3417 deductus,
3758 3355 3963 3408 victum

2346 3447 2599 3518 precibus
2646 3448 2927 3516 exposcit,
2976 3447 3141 3501 Deutn
3188 3447 3359 3501 solum
3403 3447 3721 3509 obtestatur,
3768 3456 3823 3501 et
3867 3460 3965 3515 per

2347 3541 2461 3611 ejus
2484 3541 2721 3600 divinum
2773 3552 2931 3611 atque
2988 3543 3201 3596 unicum
3252 3557 3450 3597 numen
3507 3540 3766 3613 (Lactant.
3800 3541 3893 3595 lib.
3924 3557 3962 3597 ll

2344 3630 2579 3686 Institut.
2612 3650 2727 3701 cap.
2758 3633 2814 3698 2,
2848 3651 2969 3703 pag.
3003 3632 3151 3704 158).
3188 3652 3206 3684 ι

2412 3723 2582 3777 Porro
2606 3723 2691 3777 illa
2718 3724 2808 3778 Dei
2824 3725 3059 3795 cognitio
3084 3727 3155 3778 ita
3171 3726 3337 3779 menti
3356 3724 3961 3796 hominumintimisque

2347 3815 2593 3869 sensibus
2623 3816 2931 3887 ingenerata
2959 3828 3059 3880 est,
3089 3829 3143 3871 ut
3170 3833 3198 3871 a
3226 3818 3443 3872 nemine
3471 3818 3587 3871 sine
3616 3833 3811 3888 magno
3838 3820 3955 3884 pia-

2350 3909 2473 3962 culo
2504 3908 2737 3978 ignorari
2770 3911 2955 3979 possit.
2984 3908 3117 3963 Nam
3147 3929 3167 3962 ‹
3204 3912 3470 3980 ignorare,
3501 3912 3572 3964 ait
3605 3920 3793 3963 auctor
3824 3926 3953 3964 nos-

2348 4008 2451 4063 ter,
2482 4015 2580 4055 nec
2607 4000 2685 4054 fas
2712 4013 2816 4067 est,
2880 4018 2977 4057 nec
3006 4003 3130 4058 licet
3163 4003 3493 4074 ingerentem
3525 4017 3647 4057 sese
3677 4001 3868 4066 oculis,
3900 4010 3955 4057 et

2347 4094 2596 4149 sensibus
2638 4096 2837 4150 nostris
2866 4098 3143 4151 cmlestem
3175 4096 3496 4151 claritatem.
3535 4115 3553 4148 ›
3588 4096 3952 4163 Quamobrem

2349 4189 2437 4243 ille
2466 4199 2647 4257 postea
2679 4189 2902 4243 fidenter
2930 4200 3235 4257 asseverat,
3278 4190 3548 4260 quoslibet
3594 4190 3761 4245 Deum
3803 4192 3955 4258 igno-

2347 4296 2527 4337 rantes
2558 4299 2661 4336 non
2708 4297 2865 4338 secus
2905 4294 3063 4353 atque
3094 4285 3321 4354 impios,
3366 4284 3563 4340 debitis
3606 4284 3951 4339 mulctaados

2348 4392 2468 4431 esse
2509 4377 2681 4445 poenis
2710 4392 2772 4431 ac
2801 4379 3097 4448 suppliciis.
3143 4379 3475 4448 Loquentem
3510 4380 3656 4433 illum
3690 4380 3732 4433 si
3766 4379 3959 4435 audire

2348 4472 2501 4537 velis,
2545 4487 2673 4527 ecce
2711 4471 2937 4541 ipsamet
2984 4475 3100 4541 ejus
3145 4473 3303 4528 verba
3349 4490 3362 4525 :
3402 4492 3421 4523 ‹
3471 4473 3577 4528 Eos
3608 4474 3820 4536 merito,
3862 4474 3959 4543 qui

635 4582 773 4631 vent,
802 4564 1045 4631 Martem,
1078 4574 1130 4618 et
1155 4563 1467 4618 Minervam.
1504 4562 1687 4616 Solutn
1724 4560 1886 4613 Deum
1916 4559 2225 4625 confirmas,
2254 4554 2307 4614 D
2336 4563 2501 4617 Deum
2532 4565 2777 4617 nesciunt
2805 4606 2817 4625 .
2854 4576 2908 4619 ut
2942 4567 3154 4635 impios,
3190 4576 3245 4619 nt
3273 4566 3520 4635 illjlblOS,
3556 4565 3657 4619 nisi
3690 4565 3957 4635 profanus

634 4678 794 4733 quem
835 4668 1037 4714 tantum
1070 4657 1233 4711 Deum
1276 4656 1542 4720 nominas;
1578 4662 1635 4707 ut
1660 4669 1779 4706 etnn
1815 4652 1935 4705 illos
1965 4651 2229 4705 interdum

633 4757 765 4813 deos
800 4753 1068 4824 appellas,
1102 4751 1167 4807 de
1198 4752 1393 4814 alieno,
1429 4758 1483 4803 et
1508 4748 1656 4817 quasi
1693 4761 1787 4814 pro
1820 4754 2003 4798 mutuo
2034 4760 2127 4799 usa
2156 4743 2232 4797 vi—

631 4852 827 4908 dearis.
871 4851 943 4905 De
984 4858 1170 4903 natura
1210 4860 1422 4915 quoque
1468 4842 1591 4907 Dei,
1634 4857 1792 4910 quam
1836 4838 2229 4911 prtcdicatnus,

628 4961 727 5002 nec
767 4955 816 4999 te
863 4945 1011 4997 latet.
1064 4942 1202 4995 Dens
1243 4938 1436 5003 bonus,
1487 4936 1623 4990 Deus
1665 4932 1950 5001 bettefacit,
1997 4944 2080 4986 tua
2125 4947 2229 4985 vox

626 5048 707 5093 cst
740 5036 877 5109 (Lib.
910 5037 973 5089 de
1001 5034 1280 5088 Testimou.
1308 5031 1493 5085 anima:
1542 5046 1658 5098 cap.
1690 5026 1757 5097 9.,
1794 5045 1912 5097 pag.
1945 5026 2073 5097 81).
2119 5045 2137 5077 ι
2176 5027 2231 5080 In

626 5128 765 5184 libro
787 5143 1002 5197 quoque
1029 5125 1095 5179 ad
1124 5124 1404 5195 Scapulam
1437 5141 1450 5174 :
1488 5141 1505 5174 ι
1543 5122 1797 5190 Populus,
1831 5121 2025 5189 inquit,
2056 5118 2232 5172 accla-

625 5236 781 5275 tnans
814 5219 922 5274 Deo
950 5219 1205 5283 Deorum,
1237 5216 1324 5284 qui
1352 5214 1501 5269 solus
1525 5223 1715 5284 potens
1743 5223 1848 5279 est,
1882 5214 1931 5265 in
1957 5212 2105 5266 Jovis
2129 5226 2227 5264 no-

624 5315 792 5374 mine,
834 5312 942 5367 Deo
998 5318 1183 5363 nostra
1242 5306 1609 5361 testimonium
1641 5303 1873 5359 reddidit
1908 5301 2098 5374 (Idem,
2135 5300 2222 5355 lib.

623 5408 692 5463 ad
721 5408 939 5475 Scapul.
970 5422 1084 5475 cap.
1113 5405 1167 5463 4.
1200 5420 1321 5473 pag.
1354 5401 1483 5471 87).
1523 5420 1540 5452 ι

696 5506 763 5558 At
802 5500 952 5565 illud,
994 5500 1185 5569 inqttit,
1220 5508 1299 5552 est
1335 5517 1353 5550 ‹
1392 5495 1757 5551 testimOnium
1791 5492 1984 5547 animm
2015 5501 2229 5547 natura-

618 5597 744 5653 liter
777 5595 1089 5653 christianm
1119 5635 1133 5659 ,
1175 5612 1192 5644 ι
1228 5591 1278 5645 in
1318 5593 1421 5646 hoc
1458 5589 1741 5655 videlicet,
1773 5588 1912 5656 quad
1941 5587 2153 5642 insitam
2198 5600 2227 5638 a

612 5699 803 5745 natura
850 5684 1042 5753 habeat
1080 5688 1197 5742 veri
1245 5684 1672 5742 Christianorum
1708 5682 1802 5739 Dei
1845 5683 2221 5749 Cognitionem.

597 5777 713 5832 Non
735 5775 887 5838 enim
911 5781 1114 5852 atinas
1138 5779 1441 5849 perspicue,
1470 5772 1607 5833 sicut
1634 5790 1738 5841 suo
1760 5774 1877 5830 loco
1904 5773 2223 5837 videbimus,

2338 4669 2496 4707 nemo
2526 4654 2826 4719 deliberat;
2871 4671 2991 4711 cum
3026 4668 3301 4725 parentem
3334 4657 3597 4721 omnium,
3626 4667 3679 4711 et
3705 4662 3955 4712 omnium

2339 4744 2624 4799 Dominum
2657 4763 2761 4801 non
2810 4750 3036 4804 minoris
3075 4750 3298 4804 sceleris
3337 4750 3406 4803 sit
3455 4750 3739 4819 ignorare,
3787 4767 3955 4816 quam

2334 4838 2556 4894 laedere.
2609 4859 2626 4892 ι
2662 4840 2768 4895 Sed
2796 4841 2905 4910 jam
2956 4842 3153 4896 audisti
3200 4843 3390 4895 citatos
3438 4858 3465 4895 a
3515 4842 3668 4896 nobis
3721 4842 3956 4898 Paulum

2338 4932 2676 5001 Apostolutn,
2708 4933 3119 5001 Tertttllianum,
3166 4933 3491 5006 Cyprianum
3528 4934 3716 4988 eadem
3746 4933 3816 4989 de
3843 4936 3957 4990 illis

2337 5028 2777 5096 pronuntiantes,
2810 5029 2896 5095 qui
2947 5044 3044 5083 nec
3074 5045 3137 5083 ex
3168 5030 3329 5083 rebus
3373 5028 3599 5091 creatis,
3634 5044 3734 5083 nec
3759 5044 3827 5084 ex
3860 5030 3955 5084 illa

2338 5118 2570 5188 ingenita
2604 5120 2874 5175 mentibus
2906 5124 3018 5174 suis
3067 5120 3158 5176 Dei
3187 5122 3495 5192 cognitione
3518 5164 3533 5189 ,
3581 5121 3730 5176 illum
3780 5137 3957 5194 agno-

2336 5222 2512 5277 scunt,
2543 5222 2634 5267 ant
2663 5214 2848 5268 volunt
2873 5228 3189 5285 agnoscere.

2409 5306 2478 5357 At
2509 5304 2629 5360 huic
2659 5304 2729 5360 de
2773 5307 2975 5362 nomini
3011 5307 3189 5361 innata
3226 5306 3315 5361 Dei
3362 5309 3671 5377 cognitione
3701 5310 3956 5379 opinioni

2335 5406 2592 5466 quantum
2624 5398 2850 5465 gentiles
2880 5400 3038 5453 etiam
3074 5398 3378 5470 philoSOpbi
3424 5400 3675 5463 faveant,
3724 5416 3791 5455 ex
3828 5401 3953 5455 illo-

2334 5505 2453 5544 rum
2486 5491 2713 5545 Oratore
2746 5490 2910 5544 latino
2946 5497 3129 5560 accipe
3164 5510 3177 5547 :
3219 5512 3237 5543 ι
3275 5493 3406 5559 Qute
3434 5503 3539 5557 est,
3573 5494 3771 5560 inquit,
3810 5510 3963 5563 gens

2336 5597 2419 5638 aut
2454 5584 2593 5655 quod
2623 5600 2791 5654 genus
2825 5587 3124 5652 hominum,
3150 5587 3288 5658 quod
3317 5604 3423 5642 non
3455 5587 3648 5641 babcat
3670 5588 3790 5641 sine
3817 5588 3975 5644 doc-

2336 5678 2472 5731 trina
2518 5678 2951 5746 anticipationem
3000 5680 3285 5748 quamdam
3317 5680 3541 5735 dcorttm
3570 5723 3583 5744 ,
3636 5695 3799 5746 quam
3847 5696 3972 5751 ap-

2332 5769 2497 5843 pellat
2526 5773 2757 5843 πρόληψιν
2790 5772 3084 5843 Epicurus,
3136 5774 3187 5829 id
3226 5784 3308 5830 cst
3334 5817 3348 5842 ,
3389 5782 3729 5846 anteceptam
3767 5776 3983 5835 animo
