4248 6264
409 283 513 337 423

407 511 512 551 nec
554 497 743 564 qumri,
791 511 890 552 nec
930 496 1192 565 diSputari
1236 500 1517 566 possit.....
1551 501 1682 555 Cum
1724 504 1867 558 enim
1907 521 2010 559 non

409 590 657 643 instituto
684 589 885 658 aliquo.
920 599 1009 644 aut
1037 607 1208 651 more.
1239 602 1330 646 aut
1358 593 1473 663 lege
1503 594 1572 647 sit
1601 594 1780 662 Opinio
1808 596 2013 651 consti-

407 692 544 746 tuta,
588 691 914 753 maneatque
957 684 1024 738 ad
1057 700 1219 738 unum
1253 686 1489 740 omnium
1521 686 1671 740 ﬁrma
1703 692 2009 754 consensio,

405 777 628 848 intelligi
672 792 896 832 necesse
927 788 1011 833 est
1039 793 1162 833 esse
1198 779 1362 844 deos;
1410 781 1660 851 quoniam
1706 783 1890 838 insitas
1917 800 2011 840 co-

403 885 564 935 rum,
606 873 688 926 vel
736 870 916 941 petius
959 871 1173 926 innatas
1222 874 1558 941 cognitiones
1604 875 1884 931 habemus.
1939 879 2013 933 De

401 978 507 1033 quo
534 974 713 1018 autem
741 965 980 1019 onmium
1015 975 1199 1020 natura
1247 971 1537 1030 consentit,
1584 969 1634 1023 id
1664 985 1844 1024 verum
1893 987 2013 1027 esse

402 1070 625 1110 necesse
651 1065 754 1110 est.
788 1056 922 1111 Esse
951 1057 1112 1126 igitur
1137 1057 1268 1114 deos
1295 1059 1657 1114 conﬁtendum
1685 1071 1768 1117 est
1796 1083 1812 1113 ›
1849 1061 2008 1133 (Cic.,

404 1147 499 1202 lib.
541 1164 556 1202 I
611 1149 674 1201 de
717 1148 910 1204 Natur.
950 1149 1133 1210 Deor..
1177 1167 1291 1220 pag.
1327 1151 1466 1219 202,
1501 1153 1593 1207 lin.
1638 1155 1672 1209 5
1715 1165 1768 1209 et
1798 1155 2008 1225 Seqq.).

407 1244 542 1311 Quid
581 1256 758 1299 autem
794 1246 880 1298 illa
930 1246 1161 1300 hominis
1191 1245 1390 1301 ethnici
1439 1248 1777 1303 confessione
1824 1259 1878 1304 et
1921 1266 2010 1304 ar-

403 1338 807 1408 gumentatione
832 1339 1036 1400 verius,
1064 1339 1164 1393 nisi
1188 1339 1319 1394 deos
1341 1355 1470 1394 suos
1498 1357 1593 1410 pro
1619 1357 1750 1396 vero
1775 1351 1831 1396 et
1853 1347 2011 1398 unico

405 1432 514 1485 Deo
567 1431 836 1486 dixisset?
887 1432 956 1486 At
1009 1432 1146 1493 vide,
1203 1448 1408 1500 qttteso,
1461 1449 1528 1486 an
1578 1434 1718 1489 hunc
1767 1452 2007 1491 errorem

406 1523 796 1588 emendaverit,
831 1523 918 1576 ttbi
956 1523 1110 1577 Ennii
1141 1525 1450 1581 testimonio
1478 1529 1714 1582 ostendit
1749 1529 1889 1583 hunc
1920 1545 2010 1584 ve-

403 1634 522 1673 rum
565 1619 771 1683 Deum,
819 1618 974 1672 sicuti
1022 1619 1284 1673 Minucius
1330 1630 1382 1673 et
1423 1620 1787 1676 Tertullianus
1825 1625 2006 1689 aiunt,

403 1711 552 1767 Jovis
596 1713 814 1768 nomine
853 1714 921 1767 ab
952 1714 1203 1768 omnibus
1251 1715 1483 1768 invocari
1535 1733 1546 1768 :
1598 1735 1616 1768 ι
1655 1717 1808 1783 Quod
1840 1721 1891 1770 ni
1938 1719 2008 1772 ita

1827 287 2296 348 DISSERTATIO.

408 402 483 456 lci
516 399 806 472 quamdam
840 401 1300 466 informationem,
1331 403 1448 460 sine
1484 417 1585 474 qua
1623 420 1724 463 nec
1749 407 1973 480 intelligi
2000 452 2014 475 ,
2044 414 2092 471 Α

3613 308 3720 366 426

2309 409 2525 472 Jupiter,
2546 409 2808 462 auctiferas
2825 411 3047 464 lustravit
3068 415 3250 468 lumine
3276 423 3448 471 terras.

2119 515 2179 569 Ili
2211 527 2388 572 autem
2418 533 2602 574 versus
2630 520 2768 589 apud
2800 522 3085 591 ipsummet
3117 523 3408 582 Homerum
3441 530 3519 586 sic
3544 547 3719 600 grtece

2118 610 2442 666 exhibentur
2476 630 2488 666 :

2365 740 2469 782 Τῡῖος
2495 737 2560 786 γὰρ
2584 739 2664 782 νόος
2691 740 2789 776 tnta
2813 740 3018 790 ἐπιχθςνὶων
3041 741 3246 792 ἀνθρώπων,

2367 792 2454 837 Οἷς-ι
2481 801 2534 837 ἐπ’
2559 800 2655 851 ἦμαρ
2677 797 2791 851 ἄγησι
2804 805 2935 853 fat-rip
2955 800 3097 853 ἀνδρῶν
3120 819 3158 843 τι
3185 807 3269 845 Θεῶν
3286 821 3339 845 τι.

2778 851 2954 912 (HouL,
2984 851 3160 918 Odyss.
3188 871 3360 920 xxvtn,
3390 873 3431 909 ν.
3457 861 3588 926 155.)

2116 952 2260 1020 Quos
2289 954 2484 1011 latinus
2515 957 2783 1028 interpres
2810 961 2888 1014 sic
2918 961 3147 1017 reddidit
3173 982 3186 1016 :

2207 1065 2340 1128 Talis
2358 1068 2486 1116 enim
2511 1083 2651 1118 mens
2676 1079 2752 1120 est
2778 1075 3089 1122 terrestrium
3117 1076 3363 1128 hominum

2211 1127 2415 1187 Qualem
2430 1132 2651 1192 quotidie
2675 1134 2810 1183 ducit
2837 1143 2977 1196 pater
3001 1127 3352 1202 hominumque
3379 1144 3707 1210 deorumque.

2189 1233 2400 1289 Scimus
2425 1236 2640 1306 quidem
2670 1255 2699 1292 a
2735 1239 3012 1296 Lactantio
3044 1245 3317 1313 traditum,
3347 1248 3478 1303 nihil
3508 1251 3575 1305 ab
3605 1254 3714 1308 llo-

2115 1344 2268 1384 mero
2304 1331 2415 1384 dari
2484 1335 2720 1401 potuisse
2781 1339 2922 1405 quod
2970 1341 3230 1407 pertineat
3277 1343 3340 1396 ad
3393 1348 3713 1413 veritatem;

2115 1423 2312 1493 quippe
2340 1425 2430 1494 qui
2461 1425 2686 1481 humana
2720 1431 2895 1497 potius
2923 1448 3080 1500 quam
3109 1434 3286 1488 divina
3332 1443 3718 1511 conscripserit

2118 1513 2420 1585 (Lactant.,
2457 1518 2549 1572 lib.
2594 1535 2609 1572 I
2671 1518 2842 1573 lnstit.
2895 1522 3076 1589 divin.,
3129 1542 3246 1595 cap.
3301 1529 3370 1589 5,
3424 1546 3543 1600 pag.
3578 1532 3711 1605 ‘21).

2119 1604 2312 1660 Verum
2347 1619 2699 1678 prasterquam
2745 1613 2884 1680 quod
2927 1614 3116 1669 Cicero
3159 1617 3272 1672 haec
3302 1623 3534 1676 carmina
3577 1604 3716 1678 tam-

2114 1715 2285 1768 quam
2307 1703 2523 1768 probata
2554 1703 2750 1758 Stoicis
2790 1705 3011 1768 citavit,
3045 1725 3104 1761 ea
3137 1725 3266 1764 sane
3295 1710 3506 1767 Minucii
3547 1717 3716 1770 nostri

405 1818 604 1871 esset,»
640 1808 834 1878 inquit,
870 1827 888 1859 ι
916 1809 1004 1878 qui
1030 1809 1292 1879 potuisset
1314 1825 1535 1864 assensu
1566 1811 1803 1866 onmimn
1832 1811 2010 1866 dicere

2118 1795 2392 1858 praposito
2422 1795 2500 1848 sic
2529 1807 2868 1866 congruunt,
2911 1808 2968 1852 ut
2993 1799 3056 1853 ad
3093 1801 3176 1853 illa
3209 1801 3529 1860 collineaSse
3561 1809 3719 1876 plane

407 1899 613 1955 Ennius
643 1917 657 1954 :

873 2014 1053 2076 Aspice
1067 2013 1161 2064 hoc

536 2075 756 2186 Sublilme
777 2075 1009 2136 candens,
1038 2090 1188 2140 quem
1214 2077 1444 2128 invocant
1463 2090 1636 2129 omnes

691 2152 848 2188 ovem.

404 2240 556 2298 Illum
593 2257 720 2298 vero
750 2254 801 2298 et
831 2243 1016 2298 Jovem
1049 2253 1104 2300 et
1134 2244 1524 2300 dominatorem
1557 2261 1768 2315 rerum,
1799 2257 1851 2302 et
1891 2261 2006 2301 om-

409 2335 493 2391 nia
526 2344 652 2390 nultt
682 2349 981 2407 regentem,
1015 2348 1069 2393 et
1099 2349 1153 2392 ttt
1181 2339 1318 2394 idem
1353 2341 1573 2405 Ennius,

590 2449 788 2501 Patrem
819 2451 1095 2516 Divumque
1121 2455 1491 2519 hominumque.

407 2564 464 2610 et
503 2565 845 2626 prmsentem,
880 2573 943 2613 ac
973 2570 1352 2629 pra‘potentem
1388 2561 1572 2616 Deum.
1606 2561 1758 2630 Quod
1790 2561 1876 2630 qui
1907 2561 2005 2616 du-

407 2648 570 2714 bitat,
605 2648 744 2704 haud
775 2665 906 2704 sane
934 2652 1172 2723 intelligo
1195 2695 1210 2720 ,
1251 2668 1347 2708 cur
1373 2670 1477 2708 non
1511 2655 1672 2719 idem,
1707 2655 1787 2709 sol
1817 2654 1904 2721 sit,
1939 2670 2006 2708 an

407 2740 582 2794 nullus
620 2742 722 2806 sit,
761 2741 1007 2798 dubitare
1047 2745 1217 2813 possit
1260 2763 1278 2796 ι
1329 2745 1460 2817 (lib.
1505 2763 1540 2802 ιι
1566 2748 1629 2802 de
1657 2747 1786 2801 Nat.
1823 2747 2004 2814 Deor.,

409 2845 526 2900 pag.
559 2831 688 2898 2M,
719 2832 812 2887 lin.
844 2833 912 2888 12
937 2843 990 2888 ct
1013 2849 1166 2906 seqq.

1031 2969 1257 3026 CAPUT
1295 2970 1385 3025 IV.

1021 3100 1084 3138 DF.
1125 3100 1228 3139 DEO
1266 3101 1387 3140 UNO.

927 3237 1219 3278 ARTICULUS
1272 3238 1480 3277 PRIMUS.

407 3333 748 3389 Examinatur
797 3347 1196 3407 argumentum,
1250 3355 1347 3407 quo
1400 3336 1640 3392 Octavius
1692 3338 2004 3393 ethnicorum

477 3437 738 3498 poetarum
785 3427 998 3483 Homeri
1025 3439 1072 3482 et
1111 3428 1332 3500 Virgilii,
1364 3430 1784 3500 philosophorum
1816 3429 2004 3486 Thale-

477 3521 561 3584 tis,
593 3521 944 3585 Anaximenis,
978 3520 1219 3591 Diogenis
1247 3521 1609 3587 Apolloniatis,
1658 3523 2002 3593 Anaxagorae,

478 3614 794 3685 Pythagora:
839 3626 886 3669 et
938 3613 1277 3683 Xenophanis
1315 3616 1614 3669 auctoritate
1655 3633 1814 3669 unum
1857 3616 2009 3669 dum-

485 3717 626 3760 taxat
655 3705 818 3760 Deum
851 3723 956 3762 esse
985 3707 1225 3760 ostendit.

483 3840 940 3908 Quemadmodum
1003 3841 1268 3896 Minucius
1334 3841 1676 3897 validissimis
1740 3843 2004 3898 rationum

413 3935 728 4000 momentis,
751 3949 813 3989 ac
834 3937 1102 3990 communi
1126 3935 1365 3990 omnium
1399 3937 1716 4006 p0pulorum
1738 3951 2004 3992 consensu

410 4028 746 4084 demonstrat
778 4029 944 4084 Deum
988 4045 1175 4085 revera
1221 4031 1500 4085 existere:
1546 4032 1614 4084 ita
1649 4031 1809 4086 etiam
1857 4031 2004 4085 illum

407 4121 566 4190 plane
622 4121 832 4175 unicum
888 4136 1039 4187 esse,
1109 4123 1460 4192 ipsorummet
1503 4123 1836 4179 ethnicorum
1884 4139 2004 4179 cum

407 4221 684 4280 poetarum
718 4220 825 4266 tum
873 4213 1315 4282 philosophorum
1362 4215 1667 4270 testimonio
1708 4217 2010 4272 luculenter

407 4301 660 4358 ostendit.
688 4302 734 4358 Α
771 4304 945 4372 poetis
975 4313 1152 4359 autem
1195 4306 1272 4360 sic
1306 4306 1553 4360 orditur:
1599 4327 1617 4360 ε
1649 4308 1840 4373 Audio,
1876 4327 1894 4360 ι
1923 4311 2006 4364 in-

407 4398 540 4463 quit,
572 4417 590 4450 ›
629 4408 814 4467 poetas
833 4414 1046 4469 quoque
1075 4415 1236 4454 unum
1267 4415 1470 4470 patrem
1502 4401 1679 4456 divum
1723 4410 1882 4471 atque
1915 4405 2008 4457 lto-

405 4492 607 4545 minum
653 4492 1005 4559 pra-dicantes
1027 4534 1040 4556 ,
1089 4504 1141 4547 et
1183 4493 1340 4548 talem
1373 4511 1492 4550 esse
1523 4496 1828 4551 mortalium
1861 4513 2012 4552 men-

411 4597 537 4639 tem.
565 4585 778 4653 qualem
812 4600 1007 4654 parens
1035 4585 1272 4641 omnium
1300 4589 1515 4643 dixerit.
1553 4609 1571 4642 ›

480 4673 671 4729 Utrum
701 4691 828 4731 vero
856 4677 1012 4731 unius
1049 4689 1221 4748 poeta!
1248 4677 1423 4736 Grmci
1449 4683 1532 4735 vel
1563 4681 1755 4750 Latini,
1783 4699 1849 4738 an
1883 4685 2002 4754 plu-

412 4765 551 4820 rium
586 4768 691 4820 sint
719 4767 833 4822 hmc
862 4769 1019 4825 verba
1048 4810 1062 4835 ,
1099 4787 1128 4824 a
1171 4773 1326 4827 nobis
1355 4773 1581 4830 fortasse
1607 4760 1798 4848 aliquis
1827 4781 2006 4848 requi-

413 4867 516 4910 ret.
565 4862 632 4911 At
674 4858 726 4912 in
774 4859 876 4915 ﬁne
920 4864 1215 4930 superioris
1267 4867 1474 4922 articuli
1517 4869 1746 4924 vidimus
1791 4872 2001 4937 Jovem,

415 4963 572 5018 quem
605 4963 796 5005 omnes
825 4951 1092 5020 invocant,
1125 4958 1192 5010 ab
1222 4958 1394 5013 Ennio
1425 4971 1577 5027 poeta
1617 4965 1796 5018 vocari
1835 4983 1853 5016 ι
1902 4965 2005 5019 Pa-

414 5049 550 5094 trem
597 5041 882 5112 tlivumque
924 5047 1330 5122 hominumque.
1387 5073 1406 5106 ι
1458 5054 1648 5110 Cicero
1703 5070 1879 5112 autem
1938 5058 2009 5113 ibi

411 5132 632 5188 Balbum
677 5134 917 5193 Stoicum
960 5141 1162 5196 inducit
1204 5144 1317 5200 haec
1361 5147 1471 5216 ip~a
1515 5149 1676 5203 verba
1719 5151 2009 5216 citantem,

408 5226 600 5294 quibus
651 5233 1109 5296 prtestantissitna:
1148 5237 1341 5291 mentis
1377 5255 1574 5294 numen
1615 5242 1845 5296 existere
1883 5259 2012 5297 con-

407 5317 602 5376 ﬁrmet.
638 5322 911 5377 'l‘estatum
943 5337 1201 5396 praeterea
1238 5332 1562 5401 Augustinus
1609 5333 1734 5389 facit
1761 5335 2010 5390 eumdem

408 5407 720 5466 Ciceronem
747 5415 1025 5486 (August.,
1053 5419 1143 5474 lib.
1170 5438 1202 5475 ν
1228 5422 1291 5476 de
1332 5423 1504 5486 Civit.,
1538 5440 1655 5494 eap.
1683 5424 1739 5490 8,
1773 5441 1823 5493 p.
1857 5426 2003 5497 I21),

409 5504 496 5560 ubi
528 5508 718 5578 probat
747 5526 774 5562 a
807 5511 1002 5567 Stoicis
1027 5513 1217 5570 Jovem
1249 5538 1266 5568 ι
1296 5535 1454 5587 quem
1487 5535 1754 5573 summum
1789 5521 1950 5575 Deum
1983 5538 2003 5573 ι

409 5599 686 5667 putabant,
732 5603 1011 5671 appellari,
1049 5605 1146 5660 Iros
1175 5609 1369 5664 vitasse
1406 5609 1622 5664 Ilomeri
1659 5625 1865 5680 versus,
1906 5611 2010 5666 sic-

408 5704 514 5761 que
542 5691 593 5745 in
629 5692 848 5749 latinam
882 5700 1108 5756 vertisse
1136 5701 1368 5772 linguam
1401 5723 1414 5758 :

602 5801 750 5858 Tales
771 5816 888 5860 sunt
905 5811 1157 5863 homlnum
1176 5820 1374 5867 mentes
1396 5816 1528 5883 quali
1551 5825 1693 5883 pater
1719 5821 1827 5886 Ipse

941 5900 1226 5966 PATBOL.
1287 5903 1399 5972 III.

2117 1885 2381 1938 videatur.
2418 1885 2473 1940 Si
2505 1892 2624 1956 quis
2659 1902 2855 1952 tamen,
2890 1901 2984 1945 aut
3011 1892 3264 1953 Ennium.
3297 1904 3388 1949 aut
3427 1898 3558 1951 alios
3591 1916 3719 1968 poe-

2114 1989 2194 2034 tas
2229 1980 2296 2034 ibi
2325 1983 2392 2034 ab
2423 1982 2512 2036 illo
2538 1985 2690 2038 citari
2719 1985 2872 2040 nobis
2896 1997 3040 2042 recte
3074 1990 3401 2057 probaverit,
3433 1994 3504 2048 illi
3536 1996 3717 2051 Statim

2112 2073 2536 2127 subscribentus.

2182 2164 2333 2219 Alter
2375 2177 2528 2234 poeta
2568 2183 2597 2221 a
2645 2169 2916 2237 Minucio,
2961 2173 3412 2240 quemadmodum
3459 2189 3641 2249 postea
3687 2197 3717 2236 a

2111 2256 2388 2313 Lactantio
2442 2261 2746 2331 (Lactant.,
2804 2263 2898 2316 lib.
2943 2281 2960 2319 I
3009 2263 3183 2318 Instit.
3244 2269 3426 2334 divin.,
3482 2287 3603 2341 cap.
3658 2274 3715 2341 5,

2110 2365 2225 2420 pag.
2261 2350 2378 2415 22),
2431 2353 2650 2407 nomine
2701 2368 2799 2408 suo
2838 2355 2916 2407 sic
2943 2357 3288 2425 appellatur:
3329 2380 3346 2411 ι
3385 2362 3520 2428 Quid
3565 2364 3716 2419 Man-

2112 2453 2300 2497 tuanus
2324 2443 2504 2497 Maro?
2528 2445 2717 2499 Nonne
2745 2449 3004 2516 apertius,
3037 2452 3350 2521 proximius,
3387 2465 3440 2508 et
3467 2457 3662 2521 verius,
3691 2477 3710 2508 ι

2112 2539 2160 2591 id
2192 2547 2303 2602 est,
2347 2541 2565 2608 propius
2591 2540 2656 2594 ad
2685 2556 2867 2594 veram
2890 2543 2957 2596 de
2985 2543 3092 2597 Deo
3115 2546 3436 2601 sententiam
3474 2551 3713 2616 accedit,

2110 2646 2340 2700 eamque
2367 2633 2605 2700 apertius
2627 2642 2680 2686 et
2707 2649 2885 2687 verius
2910 2633 3027 2687 deel
3054 2637 3187 2688 rat?
3209 2635 3356 2690 Illius
3389 2649 3563 2692 tamen
3594 2658 3720 2697 vcr-

2111 2727 2210 2778 sus'
2245 2734 2434 2779 auctor
2464 2737 2648 2780 noster
2674 2741 2772 2781 nec
2803 2727 3063 2796 integros,
3096 2745 3194 2783 nec
3225 2747 3332 2801 quo
3362 2733 3414 2786 in
3447 2733 3584 2788 libro
3615 2736 3716 2790 ha-

2112 2818 2375 2885 beantur,
2420 2820 2513 2874 sed
2554 2836 2740 2875 eorum
2768 2820 3049 2876 dumtaxat
3088 2838 3343 2890 sensum,
3387 2839 3438 2881 et
3467 2829 3714 2897 quaedam

2113 2913 2272 2968 verba
2305 2915 2548 2984 quamvis
2573 2930 2636 2969 ex
2668 2915 2879 2969 duobus
2905 2917 3020 2984 ejus
3057 2916 3209 2971 libris
3235 2930 3492 2989 excerpta
3516 2962 3528 2985 ,
3571 2920 3716 2977 hunc

2113 3005 2335 3061 exhibet
2365 3007 2416 3060 in
2450 3007 2667 3061 modum
2707 3025 2718 3060 :
2755 3026 2773 3057 ι
2817 3007 3086 3078 Principio
3117 3011 3313 3065 coelum
3345 3021 3398 3065 et
3439 3021 3628 3079 terras,
3662 3024 3720 3070 et

2113 3108 2305 3152 cmtera
2336 3099 2518 3152 mundi
2548 3098 2810 3161 membra,
2849 3101 3068 3168 spiritus
3111 3101 3252 3155 inttts
3291 3101 3419 3171 alit,
3463 3113 3518 3158 et
3545 3105 3719 3162 infusa

2031 3202 2076 3264 ρ
2114 3204 2268 3244 mens
2308 3191 2504 3260 agitat;
2537 3190 2662 3245 inde
2688 3189 2963 3245 hominum
3003 3193 3375 3264 pecudumque
3412 3211 3581 3266 genus
3605 3239 3619 3263 ,
3663 3208 3721 3254 et

2107 3282 2364 3352 quidquid
2404 3283 2547 3336 aliud
2578 3285 2910 3337 animalium.
2949 3304 2967 3336 ι
3004 3283 3150 3340 Idem
3179 3287 3287 3340 alio
3319 3287 3437 3343 loco
3478 3300 3717 3346 mentem

2108 3376 2264 3431 istam
2305 3389 2358 3432 et
2402 3378 2648 3447 spiritum
2696 3379 2958 3432 nominat.
3017 3379 3140 3433 ﬂare
3186 3382 3330 3435 enim
3381 3382 3494 3452 ejus
3539 3395 3714 3440 sunt:

2114 3489 2132 3522 ‹
2161 3471 2327 3525 Deum
2359 3486 2589 3541 namque
2624 3470 2702 3526 ire
2736 3487 2828 3540 per
2860 3488 3050 3528 omnes
3078 3483 3360 3542 terrasilue
3405 3483 3716 3548 tractusque

2112 3568 2298 3629 maris,
2329 3566 2632 3636 caelumque
2675 3565 2993 3635 profundum
3025 3583 3039 3620 :
3077 3568 3218 3622 unde
3259 3567 3506 3623 homines
3536 3581 3591 3626 et
3618 3588 3716 3641 pe-

2109 3658 2296 3723 cudes,
2324 3659 2463 3713 unde
2492 3658 2663 3712 imber
2685 3666 2739 3712 et
2767 3659 2934 3728 ignes.
2977 3679 2996 3711 ι
3030 3658 3145 3714 Non
3179 3661 3337 3730 igitur
3365 3662 3566 3716 inutilis
3595 3679 3716 3717 om-

2111 3752 2238 3804 nino
2277 3750 2597 3821 quibusdam
2630 3765 2808 3820 operae
2843 3753 3072 3820 prelitnn
3114 3751 3216 3805 erit
3247 3752 3483 3823 integros
3524 3771 3715 3812 versus

2110 3841 2232 3896 illos
2258 3842 2566 3896 describere
2592 3884 2604 3902 .
2636 3850 2692 3897 et
2719 3843 2955 3897 indicare
2986 3844 3076 3896 ubi
3109 3845 3464 3912 reperiantur.
3495 3846 3714 3903 Priores

2109 3943 2286 3988 autem
2319 3935 2368 3987 in
2399 3943 2552 3988 sexto
2574 3932 2833 3989 Aineidos
2860 3935 2997 3988 libro
3017 3935 3096 3988 sic
3127 3935 3375 4003 leguntur
3407 3954 3420 3989 :

2235 4047 2480 4112 Principio
2503 4046 2698 4112 emtum,
2719 4054 2901 4112 terras,
2929 4060 3226 4112 camposque
3253 4049 3521 4112 liquentes,

2232 4109 2606 4172 Lucentemque
2631 4109 2830 4172 globum
2857 4109 3002 4168 lunae,
3030 4109 3323 4172 'l‘itaniaque
3341 4119 3492 4170 astra,

2235 4171 2598 4233 Splrilusiutus
2619 4171 2732 4233 alit;
2761 4179 3010 4233 totamque
3041 4171 3190 4219 infusa
3219 4171 3308 4232 per
3329 4181 3464 4220 artus

2237 4231 2377 4282 Mens
2400 4231 2555 4294 agitat
2580 4231 2778 4290 molem,
2807 4240 2859 4282 et
2881 4231 3058 4294 magno
3073 4246 3128 4282 se
3155 4231 3360 4295 corpore
3381 4237 3552 4285 miscet
3575 4251 3585 4284 :

2235 4295 2357 4362 inde
2384 4295 2631 4344 hominum
2656 4295 2992 4362 pecudumque
3011 4308 3187 4362 genus,
3212 4297 3424 4357 vitaeque
3447 4299 3712 4362 volantum,

2235 4356 2297 4406 Et
2318 4369 2429 4420 qua:
2450 4369 2724 4406 marmoreo
2749 4358 2845 4406 l'ert
2867 4356 3080 4407 monstra
3106 4359 3197 4405 sub
3220 4356 3420 4422 tequOre
3449 4369 3642 4422 pontus.

2549 4444 2769 4508 (Virgil.,
2795 4441 3014 4503 [Εηεὶάη
3039 4443 3072 4494 l.
3097 4459 3161 4506 Vl,
3183 4457 3228 4494 υ.
3248 4445 3341 4496 719
3361 4455 3411 4496 et
3427 4449 3594 4511 seqq.)

2113 4552 2449 4609 Posteriores
2477 4568 2603 4608 vero
2630 4554 2683 4608 in
2712 4551 3094 4624 Georgicorum
3128 4552 3265 4608 libro
3294 4564 3486 4625 quarto
3507 4556 3582 4612 sic
3613 4555 3711 4613 ha-

2110 4645 2303 4702 bentur
2339 4664 2350 4702 :

2734 4761 2893 4810 Deum
2919 4772 3130 4822 namque
3157 4761 3230 4809 ire
3257 4773 3346 4822 per
3369 4773 3544 4822 omnes

2203 4824 2502 4886 Terrasque,
2529 4829 2815 4886 tractusque
2841 4826 3004 4880 maris,
3031 4821 3310 4882 eielumque
3337 4821 3647 4886 profundum,

2205 4887 2331 4936 Hine
2361 4883 2595 4955 pecudes,
2616 4883 2856 4942 arméuta,
2884 4887 3032 4938 viros,
3058 4896 3220 4946 genus
3245 4896 3389 4930 omne
3409 4883 3646 4955 ferarum;

2207 4950 2462 5012 Quemque
2486 4949 2579 4996 sibi
2601 4954 2779 4997 tenues
2799 4955 3081 4996 nascentem
3105 4957 3361 4992 arcessere
3383 4949 3525 4994 vitas.

2393 5033 2570 5095 (Idem,
2601 5032 2632 5080 l.
2661 5047 2727 5081 tv.
2757 5029 2998 5092 Georgia,
3026 5042 3070 5077 υ.
3096 5027 3187 5076 220
3213 5036 3265 5076 et
3288 5027 3454 5088 seqq.)

2117 5162 2172 5216 In
2205 5162 2303 5215 hos
2327 5171 2529 5225 autem,
2562 5176 2624 5214 ac
2660 5160 2992 5230 potissimum
3025 5157 3228 5225 priores
3259 5172 3446 5211 versus
3473 5158 3716 5227 legenda:

2115 5263 2240 5307 sunt
2279 5253 2448 5306 Servii
2492 5252 2917 5307 observationes.
2944 5250 3132 5304 Plures
3181 5249 3316 5303 alios
3352 5266 3414 5304 ac
3451 5252 3719 5320 praecipue

2117 5346 2335 5403 Graecos
2382 5353 2602 5413 poetas,
2643 5345 2709 5398 de
2751 5344 2942 5413 quibus
2981 5344 3261 5413 superiore
3302 5353 3447 5398 lonto
3484 5344 3712 5412 egimus,

2113 5437 2373 5493 Minucius
2398 5438 2564 5490 citare
2596 5447 2802 5504 poterat
2829 5435 2847 5506 (
2879 5445 2988 5489 tom
3033 5451 3050 5488 ι
3085 5436 3356 5503 Αρραναι..
3386 5449 3507 5505 pag.
3545 5433 3670 5503 784)
3702 5453 3716 5490 :

2115 5531 2207 5588 sed
2238 5530 2361 5597 quia
2390 5529 2701 5591 Homerum,
2738 5528 2810 5579 uti
2853 5536 3094 5596 apparet,
3127 5526 3364 5579 omnium
3407 5525 3721 5580 Graecorum

2119 5635 2421 5696 poetarum,
2465 5621 2736 5676 M-tl'Ollem
2780 5636 2905 5675 vero
2933 5619 3242 5674 Latinorum
3275 5618 3621 5689 coryphaeum
3657 5633 3722 5674 ae

2116 5716 2416 5789 principem
2467 5713 2633 5769 luisse
2677 5729 2837 5768 nemo
2878 5727 2981 5767 non
3023 5711 3240 5771 fatetur.
3291 5710 3489 5764 ideirct»
3529 5707 3724 5765 horum

2121 5809 2425 5870 testimonia
2465 5807 2530 5864 ad
2561 5806 2888 5878 praecipuum
2927 5804 3058 5862 illud
3097 5803 3408 5860 christiana:
3448 5801 3727 5875 religionis

3209 5897 3306 5967 Iit.
