4230 6242
576 259 681 316 427

578 375 770 444 dogma
798 367 1129 442 probandum
1163 364 1291 420 satis
1315 377 1580 433 superque
1605 374 1724 416 esse
1753 361 2096 415 existimavit.

653 469 730 524 Ad
754 466 1075 522 celi-briores
1111 463 1286 532 itaque
1320 460 1668 529 philosophos
1701 457 1914 522 transit,
1952 457 2171 524 prohat-

579 582 683 636 que
704 579 796 616 eos
830 563 880 616 in
909 559 1174 622 eamdem,
1207 556 1304 610 etsi
1333 573 1434 607 non
1461 553 1648 608 iisdem
1680 553 1880 614 verbis,
1909 566 1964 604 re
1996 558 2173 603 tamen

578 673 702 711 vera
743 654 1082 721 eoi-:spirasse
1124 649 1467 702 sententiam.
1511 647 1554 699 A
1609 644 1834 698 Thalete
1879 651 2054 696 autem
2095 640 2177 694 di-

577 748 732 804 cendi
758 749 834 800 sic
859 745 980 799 facit
1007 742 1216 797 ittilium
1249 759 1261 793 :
1295 760 1312 790 α
1342 739 1538 794 Thales
1566 738 1824 801 Milesius,
1852 738 1939 806 qui
1975 737 2175 805 primus

577 839 816 895 omnium
873 836 940 891 de
993 834 1301 891 cteli-stibus
1360 830 1670 900 disputavit,
1730 846 1906 884 rerum
1967 828 2174 881 initium

576 945 791 1002 aquam,
823 949 841 979 ii
880 940 931 980 ιιι
961 928 1084 981 alibi
1112 925 1360 988 vidimus,
1409 942 1426 973 ι
1467 921 1622 988 dixit,
1659 922 1822 975 Deum
1851 928 2026 973 autem
2057 933 2173 972 eam

577 1035 812 1079 mentem
864 1034 981 1090 qua:
1012 1035 1074 1072 ex
1107 1033 1241 1086 aqua
1283 1024 1468 1070 runcta
1509 1013 1823 1067 formaverit
1861 1031 1878 1063 ι
1940 1009 2110 1083 (tom.
2160 1025 2176 1064 l

576 1117 853 1183 Apparat.,
878 1126 997 1180 pag.
1032 1109 1136 1164 454
1170 1119 1221 1163 et
1249 1107 1352 1162 776
1447 1106 1509 1160 Ει
1536 1105 1651 1159 lucc
1679 1105 1890 1173 quidem
1925 1101 2175 1170 decerpta

573 1211 824 1267 videntur
863 1223 927 1263 ex
974 1203 1269 1268 Cicemne,
1315 1203 1400 1256 ubi
1447 1201 1512 1254 de
1553 1199 1737 1255 eadem
1767 1241 1779 1265 ,
1814 1214 1875 1253 ac
1915 1197 2177 1252 Minucius

578 1306 785 1360 noster,
816 1293 1116 1364 quaestione
1145 1292 1400 1358 disputat.
1431 1286 1878 1355 Philosomiorum
1912 1286 2075 1349 enim,
2107 1283 2178 1338 si-

575 1393 682 1446 cuti
710 1391 819 1454 ille,
843 1388 1126 1456 opiniones
1151 1385 1219 1438 ibi
1252 1391 1520 1439 recenset.
1548 1390 1705 1448 atque
1729 1379 1795 1431 ab
1821 1378 2008 1433 eodem
2039 1392 2174 1445 quo-

574 1499 680 1554 que
709 1481 934 1536 Thalete
974 1481 1050 1533 sic
1079 1478 1263 1547 incipit
1297 1495 1309 1531 :
1349 1493 1367 1526 t
1409 1473 1607 1528 Thales
1638 1472 1903 1533 Milesius,
1941 1471 2029 1538 qui
2071 1469 2178 1538 pri-

575 1593 696 1630 Inus
723 1575 790 1629 de
818 1573 1012 1628 talibus
1043 1570 1205 1625 rebus
1236 1567 1500 1638 qozesivit,
1542 1580 1731 1633 aquam
1762 1561 1897 1615 dixit
1922 1575 2040 1615 esse
2073 1561 2174 1612 ini-

574 1673 704 1726 tium
739 1683 937 1731 rerum,
970 1668 1131 1720 Deum
1163 1674 1338 1717 autem
1379 1677 1494 1714 eam
1531 1670 1762 1712 mentem
1803 1673 1918 1724 qtne
1948 1672 2014 1709 ex
2041 1669 2176 1723 aqua

1867 247 1955 303 DE
1993 237 2248 300 MlNliCll
2284 239 2583 300 OCTAVIO

2198 361 2246 419 Α
2279 366 2455 425 potem
2481 356 2676 410 divitia:
2705 355 2948 422 rationis,
2978 354 3094 410 sine
3118 370 3220 427 qua
3253 354 3384 412 nihil
3417 371 3482 413 ex
3512 370 3578 412 eo
3604 355 3720 413 ﬁeri
3753 376 3878 430 pos-

3771 241 3880 301 428

2281 461 2364 505 sct
2395 470 2413 502 ι
2475 452 2492 520 (
2521 449 2683 519 Aug.,
2714 450 2804 503 lib.
2831 465 2920 504 vm
2967 451 3030 504 de
3058 449 3229 514 Livia,
3261 466 3381 517 cap.
3421 451 3457 504 2
3487 450 3524 520 ).
3562 451 3720 505 Vides
3751 467 3881 508 sane

2278 559 2440 613 quam
2495 544 2688 596 merito
2740 545 2862 608 jure
2915 542 3174 597 Minucius
3216 544 3413 597 dixerit
3456 545 3702 598 eamdem
3760 559 3883 601 esse

2282 641 2560 706 utriusque
2585 637 2936 691 Anaximenis
2962 649 3013 691 et
3041 636 3293 707 Diogenis
3319 637 3387 690 de
3415 636 3524 690 Deo
3546 635 3880 708 opinionem,

2279 746 2505 798 eamque
2533 747 2560 782 ει
2589 730 2881 784 t‘lll‘lSllalla
2907 747 3010 782 non
3041 745 3259 798 prorsus
3285 729 3601 787 abhorrere.
3625 730 3883 798 Quamvis

2279 823 2422 878 enim
2447 826 2513 876 ab
2543 823 2664 877 aliis
2693 823 2811 877 ideo
2835 822 3139 886 dissentiat,
3172 823 3314 893 quod
3343 839 3523 878 aerem
3552 841 3735 879 rerum
3771 841 3886 880 ma-

2281 917 2470 972 teriam
2510 917 2745 984 dixerit,
2788 918 2840 973 in
2884 919 2985 972 hoc
3023 926 3202 974 tamen
3242 934 3364 974 cum
3401 917 3725 976 Christianis
3755 935 3885 976 con-

2280 1013 2461 1076 sentit,
2495 1011 2635 1080 qnod
2677 1026 2776 1081 pro
2815 1021 2966 1065 certo
2999 1009 3252 1066 habuisse
3282 1011 3529 1067 videatur
3559 1027 3763 1076 aerem,
3799 1013 3880 1067 di-

2280 1103 2419 1156 vinae
2448 1104 2671 1158 rationis
2710 1114 3037 1173 compotem,
3071 1119 3251 1159 rerum
3285 1105 3524 1160 omnium
3557 1103 3884 1162 efﬁcientem

2281 1208 2400 1248 esse
2430 1209 2667 1249 causam.

2353 1287 2469 1341 Non
2496 1287 2692 1341 desunt
2727 1287 2868 1342 enim
2919 1287 3211 1358 scriptores
3261 1289 3351 1360 qui
3403 1289 3747 1361 suspicantur
3785 1289 3886 1346 bos

2283 1379 2633 1450 pbilosOpbos
2670 1381 2812 1436 aeris
2853 1379 3045 1435 inﬁniti
3077 1381 3436 1452 immensique
3475 1383 3691 1437 nomine
3729 1382 3888 1438 intel-

2282 1473 2480 1527 lexisse
2511 1489 2616 1526 non
2648 1475 2788 1528 hunc
2817 1473 3032 1544 quidem
3077 1491 3234 1544 quem
3263 1476 3531 1544 spiramus
3556 1491 3759 1542 aerem,
3788 1475 3886 1530 sed

2281 1568 2520 1623 divinum
2561 1569 2849 1639 quemdam
2891 1571 3177 1640 spiritum,
3225 1571 3678 1640 quemadmodum
3716 1572 3888 1644 Virgi-

2284 1661 2411 1715 lium
2442 1673 2728 1718 canentem
2759 1663 3059 1718 audivimus
3079 1707 3092 1729 ,
3128 1680 3235 1733 quo
3264 1676 3368 1719 tota
3413 1667 3593 1720 mundi
3636 1667 3884 1720 macnina

573 1773 761 1819 cuncta
793 1759 1016 1829 ﬁngeret
1055 1779 1072 1809 ι
1112 1756 1226 1826 (Cic
1257 1800 1269 1819 ,
1300 1754 1390 1808 lib.
1425 1771 1459 1807 ι,
1489 1755 1550 1806 αι’
1585 1751 1706 1806 Ναί.
1749 1749 1926 1812 Deae,
1963 1765 2014 1818 p.
2047 1748 2169 1806 199.
2206 1758 2251 1817 Β
2282 1755 2492 1810 fovetur
2542 1766 2598 1812 et
2635 1758 2924 1813 animatur.
2989 1759 3120 1813 lluic
3157 1769 3334 1813 autem
3376 1759 3665 1829 SUSplClOlll
3707 1759 3887 1814 favere

573 1854 670 1908 lin.
710 1849 804 1923 20)
865 1851 1064 1904 Eadem
1096 1865 1258 1918 porro
1291 1846 1634 1908 Laetantius,
1673 1858 1733 1895 ae
1777 1841 1994 1895 totidem
2040 1856 2174 1909 pene

573 1962 637 2000 ac
667 1945 926 1998 Minucius
965 1942 1141 1996 verbis
1188 1951 1369 2006 poSIca
1429 1935 1646 1990 tradidit
1676 1934 1977 2006 (Lactant,
2020 1934 2110 1988 lib.
2161 1950 2177 1987 ι

571 2040 805 2094 Iitstitut.
834 2037 1012 2100 dtviu.,
1049 2051 1164 2103 cap.
1193 2034 1244 2090 5,
1272 2048 1393 2103 pag.
1419 2031 1487 2084 24

645 2134 750 2189 Sed
786 2133 1043 2186 Minucius
1077 2132 1188 2184 hate
1223 2131 1562 2182 continenter
1597 2125 1903 2195 subjttnxit,
1945 2139 2063 2194 qua:
2096 2123 2175 2176 in—

575 2227 720 2283 curia
751 2224 1154 2279 ainanucusium
1189 2221 1527 2274 lihrariormn
1573 2221 1640 2271 ita
1683 2219 1970 2288 depravata
2015 2226 2172 2278 sunt,

573 2335 630 2378 ut
672 2325 788 2378 sine
832 2322 1012 2389 aliquo
1054 2334 1194 2373 novo
1229 2318 1417 2372 codice
1457 2317 1819 2386 inaniiseripto
1859 2314 1944 2367 vix
1985 2327 2014 2364 a
2052 2325 2178 2380 qno-

573 2432 732 2488 quam
765 2430 889 2468 vera
915 2428 1099 2468 eorum
1133 2413 1295 2466 lectio
1321 2409 1552 2464 inveniri
1581 2417 1758 2478 queat.
1791 2406 1846 2460 ln
1875 2406 2032 2460 editis
2060 2413 2173 2456 ete-

572 2511 682 2565 nim
718 2509 914 2563 nostris
945 2508 1021 2560 sic
1050 2505 1370 2560 exhibentur
1396 2521 1408 2556 :
1436 2522 1453 2554 ι
1490 2502 1554 2556 lit
1583 2504 1709 2572 (ms.
1745 2514 1855 2569 reg.
1890 2515 1964 2561 eo,
1997 2496 2175 2566 Rigal-

577 2604 682 2657 Iins
707 2603 799 2656 eho
835 2600 854 2669 )
899 2599 1057 2653 altior
1087 2607 1140 2651 et
1169 2596 1450 2651 sublimior
1480 2610 1630 2664 aqua:
1671 2603 1722 2645 et
1752 2592 1970 2655 Spiritus
2003 2589 2137 2674 ratio
2157 2630 2168 2652 ,

573 2710 734 2765 quam
765 2701 822 2746 ut
847 2692 912 2745 ab
940 2691 1157 2744 homine
1183 2689 1414 2758 potuerit
1446 2688 1570 2759 (ms.
1605 2703 1713 2755 reg.
1750 2685 1950 2754 poterit,
1987 2681 2173 2751 male),

571 2785 825 2851 inveniri,
852 2801 880 2839 a
919 2785 1027 2838 Deo
1058 2783 1246 2837 tradita
1278 2783 1296 2852 (
1323 2796 1423 2836 ms.
1461 2797 1574 2849 reg.
1603 2779 1896 2844 traditum).
1937 2797 1955 2828 ›
1990 2776 2176 2829 Nonne

572 2878 763 2932 horum
791 2877 1078 2932 verborum
1109 2877 1258 2928 initio
1291 2889 1389 2943 pro
1417 2889 1550 2928 voce
1591 2890 1646 2926 eo
1674 2913 1688 2937 ,
1731 2871 2015 2941 legemlum
2047 2868 2134 2921 sed
2158 2910 2172 2933 ,

572 2971 658 3023 vel
689 2968 1018 3038 ejnSCi-modi
1043 2966 1286 3034 aliquid?
1308 2964 1372 3021 Ut
1400 2974 1456 3018 ut
1482 2966 1570 3028 sit,
1603 2980 1794 3019 sensus
1816 2961 2027 3016 Minucii
2055 2975 2176 3014 esse

573 3061 785 3115 videtur
811 3061 1054 3113 altiorem
1081 3068 1134 3111 et
1156 3059 1517 3111 sublimiorem
1543 3073 1662 3112 esse
1685 3073 1834 3126 aquae
1857 3069 1908 3109 et
1932 3055 2172 3123 spiritus.

2280 1849 2531 1904 videntur
2573 1851 2685 1905 hate
2731 1851 2999 1906 Plutarchi
3048 1852 3187 1921 apud
3239 1852 3527 1906 Eusebium
3575 1852 3642 1906 de
3679 1853 3883 1906 Anaxi-

2282 1944 2452 1996 meuis
2481 1943 2734 2012 opinione
2763 1944 2922 1998 verba
2961 1963 2972 1998 :
3009 1963 3026 1995 ι
3060 1944 3423 2000 Anaximenes
3450 1944 3685 1999 Milesius
3701 1960 3883 2000 aerem

2280 2037 2544 2106 ejusmodi
2579 2038 2901 2106 principium
2929 2053 3049 2095 esse
3080 2039 3296 2104 docuit;
3325 2055 3392 2094 ex
3430 2053 3496 2095 eo
3527 2039 3671 2094 enim
3701 2039 3881 2093 omnia

2279 2133 2448 2196 nasci,
2485 2131 2536 2184 in
2575 2147 2806 2201 eumque
2838 2133 3073 2187 vicissim
3113 2142 3302 2188 cuncta
3330 2132 3570 2188 dissolvi.
3603 2131 3730 2187 Nam
3757 2131 3879 2185 ani-

2279 2241 2418 2286 mos,
2441 2235 2592 2293 ψυχὴ,
2616 2237 2818 2286 noster,
2850 2226 3082 2295 exempli
3111 2241 3290 2290 causa,
3327 2241 3419 2280 aer
3441 2235 3539 2290 est,
3568 2240 3768 2293 nosque
3798 2222 3883 2279 fo-

2279 2330 2364 2373 vet
2410 2335 2471 2372 ac
2516 2328 2732 2385 tuetur,
2780 2332 3142 2391 eunetumque
3187 2322 3324 2375 adeo
3365 2318 3619 2374 mundum
3655 2317 3882 2388 Spiritus

2282 2419 2708 2481 ἶὶΘΓίιιΙΡ.πνεῢμα.
2740 2418 2821 2466 καὶ
2854 2419 2972 2484 οἱ-ἰρ,
3007 2414 3379 2482 Complectitur
3412 2431 3425 2469 :
3453 2423 3533 2467 est
3560 2423 3736 2466 autem
3769 2412 3884 2478 Spi-

2278 2500 2413 2551 ritus
2435 2497 2730 2567 cadentque
2763 2513 2906 2552 aeris
2937 2499 3281 2568 signiﬁcatio,
3315 2501 3503 2569 λέγι-ιιι
3525 2501 3574 2551 δὲ
3613 2503 3882 2564 emit/mc

2279 2598 2379 2662 ἀιῑρ
2407 2594 2488 2646 καὶ
2519 2599 2707 2659 πνεῦμα,
2741 2612 2759 2644 ι
2797 2592 3062 2665 (Euseb.,
3119 2593 3211 2646 lib.
3256 2608 3345 2647 xw
3390 2592 3623 2661 Prtepur.
3659 2592 3877 2662 Evang.,

2278 2700 2396 2753 eap.
2430 2687 2517 2744 Μ.
2553 2701 2672 2754 pag.
2701 2685 2826 2758 74).
2861 2687 2917 2740 ln
2947 2689 3118 2755 primo
3147 2697 3326 2741 autem
3357 2684 3630 2741 Plutarchi
3661 2685 3724 2739 de
3755 2683 3884 2739 Phi-

2282 2777 2611 2847 losophorum
2654 2778 2871 2834 Placitis
2914 2781 3050 2835 libro
3097 2784 3214 2835 inec
3254 2779 3501 2851 leguntur
3543 2779 3881 2845 (Plutarch,

2281 2869 2368 2921 lib.
2414 2885 2429 2922 ι
2467 2870 2530 2924 de
2579 2870 2766 2924 Placit.
2801 2871 3028 2939 Philam,
3064 2887 3188 2941 cap.
3217 2872 3286 2932 5,
3320 2887 3438 2941 pag.
3470 2871 3594 2931 876.
3630 2881 3760 2925 tom.
3786 2870 3882 2941 2).

2281 2963 2386 3015 Sed
2432 2962 2501 3016 ibi
2537 2965 2898 3019 Anaximenes
2925 2965 2990 3018 ab
3029 2980 3095 3018 eo
3135 2965 3487 3032 redarguitur.
3528 2967 3667 3034 quod
3703 2979 3883 3018 rerum

2281 3052 2561 3107 dumtaxat
2602 3056 2882 3110 materiam
2917 3098 2931 3120 ,
2988 3073 3091 3110 non
3135 3071 3262 3111 vero
3301 3055 3624 3111 efficientem
3662 3071 3882 3111 causam

573 3165 845 3219 tamquam
883 3168 1059 3206 rerum
1093 3152 1330 3204 omnium
1362 3165 1560 3213 causai,
1594 3159 1647 3202 nt.
1681 3149 1850 3215 aiunt,
1885 3146 2176 3200 tnaterialis
2204 3147 2247 3210 C
2283 3147 2656 3215 aSsignavcrit.
2703 3149 2856 3203 Prius
2897 3166 3023 3206 vero
3065 3150 3332 3205 Eusebius
3371 3165 3435 3205 ex
3467 3149 3573 3204 alio
3613 3150 3884 3208 Plutarchi

579 3257 634 3304 et
677 3246 960 3300 efﬁi-ienlis
1005 3245 1265 3296 rationem
1288 3286 1299 3302 ,
1329 3258 1486 3310 quam
1519 3252 1574 3295 ut
1601 3240 1668 3294 ab
1703 3241 1917 3293 homine
1947 3239 2177 3306 pomi-rit

579 3340 829 3400 inveniri,
854 3337 951 3390 nisi
976 3353 1003 3390 a
1031 3338 1140 3390 Deo
1172 3339 1286 3405 ipso
1318 3337 1605 3389 edoceatnr
1641 3335 1999 3402 Quamobrem
2029 3331 2164 3385 Tha-

573 3433 654 3487 les
696 3434 796 3485 hoc
828 3431 1068 3484 invenire
1103 3442 1204 3481 non
1239 3431 1408 3488 notuit
1431 3470 1442 3485 .
1477 3427 1614 3493 quod
1647 3443 1676 3480 a
1707 3427 1822 3478 solo
1858 3427 1965 3478 Deo
2014 3424 2178 3477 tradi-

575 3535 686 3579 tum
751 3533 852 3577 est.
909 3521 1290 3576 Verumtamen
1343 3519 1391 3572 id
1454 3519 1542 3571 ille
1595 3527 1802 3586 poterat
1856 3518 2060 3570 discere
2109 3517 2176 3569 ab

577 3618 845 3690 [Egyptiis
880 3616 1233 3683 qnibnscom,
1267 3623 1328 3667 ut
1370 3613 1492 3666 alibi
1541 3612 1773 3666 diximus
1795 3655 1808 3675 ,
1852 3626 2177 3679 congressus

577 3715 768 3770 fuerat.
804 3712 1038 3782 Egyptii
1088 3723 1266 3764 autem
1309 3726 1335 3762 a
1381 3709 1596 3779 Moyse.
1626 3718 1681 3762 et
1718 3707 1804 3762 hic
1835 3723 1863 3761 a
1897 3708 2005 3761 Deo
2048 3706 2174 3760 illud

573 3802 895 3876 θορυβεῖ-ιιι(
925 3814 1055 3858 tom.
1087 3819 1122 3856 tt
1150 3804 1424 3869 Apparat.,
1452 3817 1569 3868 pag.
1615 3800 1766 3862 ll‘20.
1801 3811 1854 3854 ct
1879 3799 2082 3872 scqq.).

657 3918 675 3952 ι
699 3899 1059 3954 Anaximenes
1084 3896 1577 3963 deinceps,ipergit
1610 3893 1922 3959 Minucius,i
1951 3905 2002 3948 et
2033 3903 2172 3963 post,

580 3997 948 4068 Apolloniates
977 3995 1238 4062 Diogenes
1261 4007 1380 4047 aera
1409 3992 1673 4045 inﬁnitum
1701 4003 1752 4046 et
1778 3994 2120 4048 immensum.
2151 4016 2168 4045 ι

578 4093 776 4148 Verum
813 4089 1002 4146 Cicero
1033 4089 1316 4156 utriusque
1342 4086 1649 4150 opinionem
1683 4089 1969 4155 separatim
2002 4088 2175 4153 expli-

579 4192 685 4239 cat.
717 4183 784 4236 Et
830 4181 1060 4246 primum
1114 4177 1333 4247 quidem
1387 4177 1453 4230 de
1502 4178 1830 4230 Anaximene
1874 4178 1988 4231 h:rc
2039 4178 2176 4231 illius

579 4287 703 4332 sunt
728 4274 928 4328 verba:
966 4291 983 4323 ι
1023 4272 1388 4326 Anaximenes
1417 4284 1540 4321 aera
1573 4268 1738 4322 Deum
1776 4270 1980 4334 statuit,
2031 4286 2179 4323 euin-

579 4384 683 4439 que
721 4366 900 4436 gigni,
933 4379 1162 4428 esseque
1192 4363 1509 4417 immensum
1546 4370 1598 4412 et
1642 4359 1928 4425 infinitum,
1959 4372 2010 4414 et
2037 4375 2175 4413 Sem-

579 4478 675 4530 per
704 4464 753 4514 in
784 4467 930 4512 motu
969 4478 986 4509 )
1016 4457 1190 4529 (Cic.,
1221 4456 1311 4508 lib.
1346 4471 1383 4514 ι,
1415 4459 1476 4504 de
1506 4451 1612 4506 Nat
1663 4451 1845 4518 Deor.,
1883 4470 2002 4523 pag.
2038 4455 2139 4509 199
2160 4497 2173 4518 ,

2281 3239 2420 3293 libro
2457 3239 2780 3295 Stromatam
2813 3259 2916 3296 nou
2959 3243 3102 3296 aliud
3142 3244 3211 3298 ab
3239 3242 3576 3298 Anaximene
3612 3257 3883 3300 assertum

2281 3331 2443 3386 fuisse
2475 3345 2690 3398 narrat,
2732 3337 2832 3390 nisi
2863 3352 3041 3392 aerem
3067 3379 3082 3402 ,
3130 3351 3288 3406 quem
3331 3337 3594 3392 infinitum
3623 3341 3879 3410 putabat,

2281 3439 2460 3478 rerum
2502 3427 2742 3480 omnium
2782 3443 2904 3482 esse
2947 3428 3284 3496 principium.
3329 3428 3433 3484 Sed
3465 3432 3581 3485 ba-c
3609 3434 3679 3485 ita
3709 3432 3886 3502 expli-

2280 3529 2360 3572 cat
2391 3517 2660 3584 Laertius,
2701 3532 2970 3589 tamquam
2997 3522 3360 3578 Anaximenes
3399 3537 3508 3578 auo
3544 3526 3668 3580 inde
3706 3526 3879 3595 prima

2280 3626 2457 3664 rerttm
2492 3613 2750 3682 principia
2793 3615 3132 3669 coiistitnerit
3159 3616 3179 3689 (
3203 3616 3410 3681 Laert.,
3442 3617 3535 3673 lib.
3563 3634 3622 3682 tt,
3655 3619 3685 3691 ᾗ
3715 3619 3784 3686 3,
3821 3628 3880 3675 et.

2281 3703 2375 3756 lib.
2406 3720 2458 3756 ix
2514 3704 2541 3775 §
2567 3705 2632 3758 57
2656 3707 2694 3772 ).
2728 3709 2795 3759 At
2826 3708 2875 3760 bi
2902 3707 3127 3761 fortasse
3149 3720 3240 3762 aut
3271 3725 3377 3764 non
3403 3720 3564 3764 totam
3594 3713 3753 3774 illius.
3783 3728 3879 3769 ne-

2281 3809 2386 3862 que
2424 3796 2672 3865 Diogenis
2702 3799 3058 3868 Apolloniatis
3085 3804 3406 3857 sententiam
3436 3819 3757 3871 eXpttSttere,
3788 3817 3880 3862 aut

2280 3887 2470 3951 inﬁniti
2509 3891 2727 3943 nomine
2766 3891 2984 3959 spiritus
3026 3894 3319 3950 immensus
3362 3877 3736 3968 intelligendus
3773 3909 3876 3956 est.

2283 3980 2359 4033 De
2391 3982 2671 4052 utriusque
2710 3999 2874 4054 porro
2912 3987 3164 4055 opinione
3205 3990 3400 4044 videsis
3439 3993 3571 4046 alios
3597 4035 3612 4059 ,
3651 4009 3680 4047 a
3722 3993 3877 4052 nobis

2281 4075 2406 4128 alibi
2438 4077 2683 4131 laudatos
2714 4089 2982 4142 auctores,
3014 4090 3071 4135 et
3098 4083 3451 4152 Augustinum
3485 4085 3652 4154 Epist.
3684 4101 3872 4156 cxvttt,

2281 4167 2346 4220 ad
2392 4169 2722 4233 Dioscornm,
2759 4186 2880 4240 pag.
2909 4172 3014 4226 558
3054 4175 3223 4242 (tom.
3284 4191 3303 4229 ι
3353 4176 3628 4246 Apparat.,
3669 4179 3762 4235 lib.
3803 4197 3876 4245 ιι,

2281 4261 2492 4316 dissert.
2521 4265 2577 4326 Ξ,
2604 4263 2739 4334 §‘29.
2772 4281 2889 4336 pag.
2915 4266 3043 4326 455.
3067 4276 3122 4322 et
3144 4268 3235 4323 lib.
3261 4269 3567 4336 m,dissert.
3591 4273 3647 4339 5,
3674 4287 3794 4344 Cap.
3821 4276 3878 4344 l,

2281 4364 2382 4407 art.
2418 4357 2468 4416 l,
2499 4371 2618 4425 pag.
2651 4355 2754 4411 776
2778 4355 2820 4428 ).

2355 4448 2531 4519 Pergit
2550 4449 2810 4506 Minucius
2835 4469 2847 4504 :
2882 4469 2901 4505 ι
2931 4454 3282 4524 Anaxagorae,
3306 4455 3598 4527 descriptio
3619 4469 3669 4514 et
3695 4471 3879 4518 motus

579 4550 675 4604 lin.
701 4549 827 4614 ‘23).
855 4548 1119 4602 Minui-ius
1152 4560 1280 4600 vero
1311 4545 1424 4595 lta-c
1455 4543 1634 4604 verba,
1671 4561 1688 4591 ι
1724 4557 1953 4612 eumque
1973 4548 2170 4618 εἰκυῖ’,
2203 4541 2254 4601 D
2283 4541 2501 4595 inlinita‘
2556 4546 2747 4599 mentis
2795 4548 2934 4601 Dens
2975 4547 3184 4603 dicitur.
3247 4569 3265 4601 ι
3315 4548 3574 4607 Similiter
3617 4553 3804 4609 Cicero
3859 4574 3876 4610 :

581 4643 651 4698 de
680 4642 940 4695 industria
966 4639 1148 4692 omisit
1176 4656 1186 4690 :
1221 4652 1340 4689 nam
1373 4634 1462 4687 ille
1490 4635 1753 4701 prioribus
1778 4637 1953 4690 verbis
1974 4655 2038 4694 e0
2068 4659 2178 4694 ma-

579 4738 659 4806 gis
689 4752 716 4788 a
761 4748 883 4788 vera
925 4739 1103 4784 nostra
1149 4727 1214 4782 de
1263 4727 1370 4779 Deo
1402 4727 1665 4780 sententia
1703 4728 2023 4807 aberrabat,
2069 4749 2175 4801 quo

577 4827 797 4898 pt‘ttpilts
829 4821 1302 4889 subsequentilms,
1339 4836 1357 4868 ι
1393 4817 1658 4871 intinitutn
1690 4827 1744 4873 et
1771 4821 2108 4889 immensum,
2149 4846 2167 4878 ι

576 4921 642 4974 ad
677 4935 792 4970 eam
824 4915 1082 4967 accedere
1109 4911 1338 4962 videtur.

648 5013 722 5066 De
766 5011 1000 5075 Diogene
1042 5019 1168 5058 vero
1207 5003 1547 5072 Apolloniate
1589 5002 1657 5057 ita
1697 5003 1902 5060 Tullios
1944 5019 2168 5076 postea:

579 5127 598 5160 ι
635 5106 771 5170 Quid
803 5115 914 5163 αρν,
955 5117 1058 5167 quo
1102 5099 1365 5168 Diogenes
1407 5099 1773 5166 Apolloniates
1815 5102 1978 5155 utitur
2025 5105 2168 5166 Deo.

568 5212 726 5266 qm",
756 5205 971 5244 ,ριιεηηι
1000 5191 1200 5244 habere
1221 5200 1412 5257 pitlt’sl,
1439 5201 1528 5243 aut
1549 5207 1707 5259 quam
1734 5192 1957 5247 fortnam
1986 5196 2113 5249 hei?
2143 5216 2162 5249 ι

563 5285 750 5358 (idem
777 5281 920 5348 Cic.,
951 5282 1106 5346 ibid.,
1140 5297 1257 5352 pag.
1287 5281 1411 5347 200,
1445 5281 1536 5335 liti.
1570 5285 1655 5335 {0.
1680 5289 1695 5350 )
1725 5285 1854 5348 Quis
1881 5302 2008 5340 vero
2033 5304 2164 5355 qua-

559 5381 695 5433 lisve
727 5380 884 5433 fuer.t
919 5378 1007 5429 ille
1049 5393 1160 5442 aer,
1204 5391 1311 5446 quo
1355 5378 1619 5444 Diogenes
1659 5377 2026 5446 Apolloniates
2059 5383 2166 5439 Deo

554 5473 826 5536 utebatur,
873 5478 1010 5524 tacet
1054 5470 1268 5540 quidem
1315 5469 1513 5522 latinus
1555 5469 1642 5522 ille
1682 5481 1864 5526 orator
1905 5491 1918 5528 :

547 5569 850 5639 Augustino
885 5566 966 5618 bis
1002 5565 1178 5619 verbis
1205 5564 1549 5619 declaratur:
1590 5583 1607 5614 ι
1640 5565 1921 5633 Diogenes,
1957 5568 2158 5624 Anaxi-

538 5663 712 5716 mcnis
740 5659 878 5713 alter
907 5655 1144 5724 auditor,
1185 5671 1363 5710 aerem
1390 5654 1607 5723 quidem
1647 5656 1783 5713 dixit
1811 5675 1988 5713 rerum
2029 5676 2154 5718 esse

523 5751 807 5817 materiam,
845 5748 916 5800 de
940 5763 1039 5814 qua
1074 5750 1270 5811 omnia
1304 5751 1518 5812 tierent,
1563 5753 1658 5811 sed
1687 5766 1806 5808 cum
1839 5766 1961 5810 esse
1995 5769 2147 5810 com.

1961 5477 2054 5529 sed
2095 5476 2191 5530 abi

2288 4654 2305 4685 ι
2337 4635 2484 4702 lude,
2519 4657 2538 4688 ο
2573 4638 2762 4707 inquit,
2795 4657 2814 4690 ι
2851 4643 3217 4710 Anaxagoras,
3239 4647 3326 4713 qui
3361 4645 3654 4714 accepitab
3673 4647 3884 4702 Anaxi-

2281 4742 2438 4782 mene
2461 4728 2817 4795 disciplinam,
2854 4733 3054 4799 primus
3082 4737 3321 4788 onmium
3353 4752 3528 4790 rerum
3556 4737 3885 4808 descriptio-

2279 4835 2400 4872 nem
2428 4829 2482 4873 et
2506 4829 2728 4884 motum,
2757 4823 2951 4876 mentis
2979 4824 3202 4879 iutinitm
3223 4827 3274 4880 vi
3297 4842 3358 4880 ac
3377 4829 3583 4884 ratione
3603 4830 3886 4894 designari

2275 4922 2330 4966 et
2367 4913 2557 4966 contici
2592 4916 2756 4967 voluit
2795 4935 2812 4967 ›
2849 4914 3010 4987 (Cic.,
3043 4918 3133 4971 lib.
3165 4934 3180 4972 ι
3210 4919 3272 4972 de
3299 4918 3424 4975 Nat.
3454 4921 3629 4985 θεον..
3659 4937 3715 4992 p.
3747 4922 3880 4991 l99,

2276 5007 2368 5060 litt.
2403 5006 2515 5072 ἓξ).
2562 5008 2701 5061 Alibi
2731 5025 2859 5063 vero
2891 5011 3048 5077 paulo
3075 5012 3228 5066 aliter
3264 5031 3276 5066 :
3312 5032 3331 5065 ‹
3377 5016 3720 5086 Anaxagoras
3751 5033 3882 5072 ma-

2277 5103 2464 5154 teriam
2505 5099 2789 5160 infinitam.
2829 5103 2923 5157 sed
2961 5119 3052 5158 eas
3084 5104 3370 5173 patticulas
3394 5107 3596 5161 similes
3623 5109 3759 5163 inter
3784 5124 3883 5175 se,

2273 5204 2324 5247 et
2359 5193 2612 5261 minutas,
2645 5209 2738 5250 eas
2769 5195 2994 5257 primum
3026 5196 3295 5263 confusas,
3330 5211 3508 5268 postea
3540 5202 3592 5255 in
3623 5203 3887 5260 ordinem

2271 5287 2520 5341 reductas
2577 5303 2605 5341 a
2659 5297 2837 5343 mente
2881 5289 3060 5344 divina
3109 5310 3127 5342 ν
3181 5292 3306 5362 (lib.
3357 5308 3411 5346 tv
3455 5294 3617 5347 Acad.
3662 5306 3889 5366 quamn,

2271 5393 2392 5447 pag.
2417 5380 2505 5444 53,
2535 5381 2628 5432 lin.
2657 5379 2780 5451 12).
2806 5379 2910 5435 Sed
2942 5382 3083 5435 illius
3109 5384 3416 5453 opinionem
3442 5384 3692 5439 Laertius
3713 5387 3896 5459 longe

2266 5473 2549 5526 enodatius
2586 5475 2896 5544 certiusque
2923 5491 2987 5529 ex
3017 5475 3160 5530 illius
3188 5477 3340 5531 libris
3360 5521 3373 5544 ,
3418 5488 3472 5534 et
3502 5478 3744 5534 Timonis
3776 5496 3899 5536 au-

2261 5572 2509 5625 ctoritate
2537 5571 2617 5626 sic
2645 5571 2893 5641 exposuit
2923 5589 2934 5625 :
2964 5579 3151 5642 Πρῶτος
3195 5588 3252 5644 τῇ
3302 5580 3387 5647 ῦὶῃ
3442 5583 3544 5630 νοῦν
3592 5583 3892 5646 ἐπέστησεν,

2255 5666 2513 5734 ἀρξάμενος
2543 5671 2662 5723 οὕτω
2689 5675 2777 5722 τοῦ
2799 5673 3182 5739 συγγράμματος,
3215 5675 3239 5722 ὃ
3261 5677 3386 5725 ἔστιν
3413 5674 3576 5736 ἡδέως,
3600 5675 3684 5726 καὶ
3713 5695 3902 5742 μηδι-

3372 5773 3394 5792 ν
3463 5773 3478 5792 ς
3551 5775 3575 5787 Α
3657 5773 3672 5788 "I
