4248 6264
404 314 510 372 -1ὶ9

1812 286 2288 353 DISSERTATIO.

3608 287 3722 350 430

402 435 548 488 ὶλθὼν
575 428 700 485 ὦτά
725 424 1008 491 διεκόσμησε
1028 433 1044 456 ⁸
1076 417 1189 493 παρ’
1214 424 1239 475 ὃ
1266 420 1349 473 καὶ
1378 421 1481 477 νοῦς
1505 418 1739 478 incallide;
1757 427 1770 443 ⁸
1795 422 1877 467 καί
1902 434 2016 484 φησι

2138 405 2272 474 Quod
2317 402 2535 476 quidem
2564 403 2707 460 hunc
2747 401 2843 460 ille
2882 401 3077 475 probat
3115 400 3169 458 in
3210 403 3430 460 modum
3462 420 3477 460 :
3508 408 3581 462 Εὖ
3605 417 3716 475 γοῦν

398 532 515 599 περὶ
546 531 694 583 αὐτοῦ
719 529 904 591 Τίμων,
938 526 984 575 ἓν
1008 534 1106 578 τοῖς
1134 525 1316 579 Σίλλοις
1343 519 1483 571 οὕτω.

660 673 733 714 Ed
754 684 824 710 που
848 660 1079 719 baiardi
1099 666 1185 717 φάσ⁹
1210 663 1371 714 ἰμμιναι,
1394 662 1544 711 ἁλιὴιον
1564 658 1652 713 ἥρω,

657 740 769 777 Νοῦν.
792 732 849 772 ὃτι
873 727 921 780 δή
942 732 1024 775 νόθς
1049 730 1165 779 αὐτῷ,
1184 727 1222 773 ὃς
1247 727 1413 773 litati»);
1433 726 1625 774 ἰπατιίρις

658 800 788 838 πάντα
808 796 1083 845 my
1104 792 1196 841 aut:
1226 791 1479 841 τιτιμτιιιη
1497 786 1668 837 wn.

415 940 435 973 ι
482 916 696 974 Primus
736 914 826 971 hic
869 913 1109 969 materiae
1140 921 1375 966 mentem
1406 908 1620 978 adjecit,
1666 905 1718 960 in
1751 903 2011 975 principio

408 1009 600 1082 Operis
631 1007 737 1073 sui,
767 1006 917 1060 suavi
949 1016 1002 1059 et
1033 1002 1311 1075 magniﬁca
1343 1001 1586 1057 orati0ne
1616 1000 1694 1053 sic
1722 998 1965 1053 scribens
1994 1014 2008 1052 :

418 1125 437 1160 ί
473 1104 659 1159 Omnia
702 1102 863 1158 simul
907 1110 1056 1156 erant
1084 1142 1099 1166 ,
1131 1098 1327 1154 deinde
1370 1094 1598 1152 accessit
1642 1110 1815 1158 mens,
1843 1107 2015 1162 caque

411 1198 739 1265 composuit;
775 1193 1122 1266 quamobrem
1151 1200 1205 1245 et
1242 1206 1391 1244 mens
1422 1190 1536 1243 sive
1561 1188 1772 1243 animus
1793 1228 1807 1249 ,
1837 1191 1862 1240 ὁ
1889 1192 2012 1251 νοῦς,

412 1291 626 1347 dicitur.
675 1288 871 1344 Timon
917 1286 1020 1343 hoc
1063 1285 1242 1358 ipsum
1287 1282 1357 1339 de
1404 1283 1723 1353 Anaxagora
1769 1280 1833 1336 in‘
1872 1279 2017 1335 SilliS

412 1383 717 1441 decantavit
737 1400 750 1437 :

472 1540 613 1592 Nunc
629 1539 717 1589 ubi
738 1537 1074 1598 Anaxagoras,
1094 1546 1239 1584 mens
1264 1537 1362 1595 est,
1384 1530 1873 1598 fortissimusheros,

476 1604 570 1663 Qui
597 1609 816 1652 mentem
842 1594 1163 1663 sublimatum
1188 1611 1331 1647 mens
1352 1594 1449 1646 non
1465 1596 1629 1663 defuit
1645 1594 1736 1652 illi,

476 1654 823 1731 Composuisse
849 1672 986 1726 putat
1024 1662 1219 1711 fuerant
1239 1673 1349 1723 quae
1376 1657 1621 1709 incondita
1643 1654 1955 1720 quondam.»

420 1796 498 1852 De
526 1794 622 1849 illo
650 1808 864 1863 quoque
897 1792 1047 1861 plura
1082 1788 1382 1853 Lucretius,
1410 1795 1571 1858 atque
1607 1784 1770 1840 etiam
1814 1785 2021 1853 Augus—
2049 1813 2097 1874 Β

424 1889 587 1952 tinus,
615 1897 671 1944 et
696 1901 796 1942 nos
824 1900 1037 1957 quoque
1063 1884 1195 1939 locis
1213 1882 1323 1954 jam
1350 1881 1531 1938 citatis
1555 1878 1822 1952 (Lucret.,
1853 1876 1944 1932 lib.
1976 1892 2015 1944 ι,

423 1994 551 2039 ante
579 1980 725 2054 liu.).

499 2074 708 2131 Dehinc
750 2073 1052 2128 Minucius:
1088 2090 1107 2123 ι
1145 2069 1463 2141 Pythagorae
1502 2068 1645 2123 Deus
1670 2075 1757 2122 est
1781 2066 2015 2131 animus,

425 2185 524 2243 per
558 2168 861 2224 universam
894 2182 1074 2231 rerum
1117 2174 1363 2218 naturam
1395 2177 1725 2228 commeans,
1765 2169 1821 2214 et
1845 2160 2021 2216 inteno

424 2274 531 2329 tus,
555 2278 617 2319 ex
645 2280 749 2332 quo
777 2263 937 2317 etiam
964 2258 1278 2314 animalium
1305 2256 1543 2312 omnium
1567 2256 1671 2309 vita
1698 2256 1957 2324 capiatur.
1994 2268 2015 2304 ι

426 2355 508 2412 Ex
547 2355 809 2410 Cicerone
854 2354 973 2409 haec
1011 2351 1188 2406 adhuc
1236 2361 1424 2404 auctor
1477 2360 1661 2403 noster
1695 2346 1949 2403 deiibavit
2007 2362 2021 2399 :

435 2469 454 2504 ι
482 2451 867 2522 Pythagoras,»
895 2449 970 2503 ait
999 2448 1139 2513 ille,¢
1160 2446 1369 2502 censuit
1392 2446 1630 2500 animum
1655 2458 1776 2498 esse
1805 2457 1899 2512 per
1926 2457 2024 2497 na-

430 2553 607 2600 turam
636 2560 818 2599 rerum
842 2543 1109 2598 intentum
1132 2549 1187 2594 c-t
1205 2546 1620 2599 commeantem,
1643 2550 1712 2590 ex
1733 2549 1841 2604 quo
1864 2532 2027 2587 animi

430 2642 600 2696 nostri
631 2647 984 2710 carperentur
1020 2655 1038 2687 ι
1074 2638 1091 2702 (
1117 2633 1256 2700 Cic.,
1298 2632 1392 2687 lib.
1424 2647 1476 2697 l,
1508 2631 1572 2685 de
1602 2628 1729 2683 Nat.
1759 2627 1939 2688 οσον..
1972 2640 2025 2695 p.

434 2735 560 2798 199,
609 2734 706 2787 lin.
760 2732 891 2801 37).
943 2729 1242 2798 Utrumque
1281 2727 1423 2782 haud
1472 2723 1634 2780 dubie
1687 2731 1903 2777 secutus
1944 2726 2031 2775 est

432 2827 763 2885 Lat-tuitius.
797 2829 967 2895 Atque
994 2838 1060 2878 eo
1084 2826 1247 2877 etiam
1289 2819 1509 2885 recidit,
1545 2817 1688 2888 quini
1721 2816 1790 2871 de
1825 2822 2031 2869 asserta

434 2922 505 2977 ab
532 2922 623 2975 illo
652 2920 983 2991 Pythagorea
1012 2919 1216 2970 unitate
1243 2924 1296 2968 et
1325 2914 1581 2969 dualitate
1608 2912 1855 2967 Laertius
1905 2906 2031 2963 Plu-

440 3015 761 3083 tarcbnsque
793 3019 1126 3075 memorant,
1166 3008 1244 3062 uti
1284 3009 1450 3077 liquet
1484 3021 1550 3060 ex
1582 3004 1664 3060 his
1692 3019 1811 3074 quae
1839 3004 1905 3056 de
1942 3016 2034 3055 eo-

439 3110 560 3163 dem
590 3105 913 3177 philosopho
939 3121 1018 3173 sui
1040 3103 1201 3159 eriori
1250 3102 1541 3171 Apparatus
1570 3099 1737 3153 nostri
1783 3106 1928 3150 tomo
1957 3093 2035 3147 Io-

2109 504 2194 553 καὶ
2225 503 2488 568 Ξενοφάνης
2513 504 2538 552 ὁ
2565 498 2858 570 Κολοφώνιος
2885 500 3132 562 διδάσκων,
3157 503 3234 555 ὅτι
3258 507 3324 560 ei;
3346 503 3429 555 atati
3459 504 3719 569 ἀσωμειτος

2110 594 2137 643 ὁ
2161 597 2299 660 Θεὸς,
2328 596 2563 661 ἐπιφέρει.

2359 711 2422 765 Εἷς
2446 720 2535 764 ϐιὸς
2559 717 2596 756 ἰν
2615 732 2657 757 τι
2680 718 2795 758 licetat
2817 719 2882 757 καὶ
2903 718 3123 770 ἂνθρῶςοισι
3140 720 3311 771 μίτιστος

2363 778 2417 821 Οὔ
2439 796 2477 820 τι
2495 778 2609 831 διμις
2636 782 2821 830 θνητοῖσιν
2844 783 3001 831 ὁμοίιος,
3024 781 3066 818 οὐ
3090 779 3133 820 δί
3153 785 3280 834 varied.

2120 892 2140 926 ι
2176 872 2343 929 Recte
2368 888 2499 945 ergo
2520 872 2881 945 Xenophanes
2911 875 3278 945 Colophonius
3312 875 3515 935 docens
3544 894 3715 936 unum

2117 980 2237 1025 esse
2267 967 2455 1032 Deum,
2489 976 2545 1023 et
2576 970 2975 1038 incorporeum,
2999 968 3273 1045 subiungit
3299 988 3312 1025 :
3348 990 3367 1023 ι

2212 1083 2454 1194 Maritimus
2477 1087 2525 1133 in
2550 1098 2745 1147 genere
2771 1090 2849 1135 est
2871 1085 3036 1135 divum
3057 1092 3207 1149 atque
3218 1087 3470 1137 hominum

2353 1161 2443 1194 eus
2466 1161 2612 1194 unus.

2353 1161 2443 1196 eus
2466 1161 2612 1205 unus,

2214 1209 2423 1322 Qui
2441 1224 2670 1321 cplrpore,
2688 1224 2785 1262 nec
2799 1219 2973 1263 mente
2996 1217 3076 1264 est
3090 1211 3381 1263 mortalibus
3402 1211 3517 1263 ullis

2366 1286 2374 1293 ‘
2424 1288 2469 1320 lu
2514 1288 2524 1321 ι
2542 1288 2570 1322 ‘.

2366 1286 2570 1322 iSllulllS.

2123 1379 2276 1436 Hunc
2334 1380 2509 1434 locum
2575 1395 2731 1451 quem
2777 1379 2906 1455 alibi
2962 1381 3201 1437 breviter
3246 1383 3542 1455 attigimus,
3586 1381 3725 1436 inte-

2125 1489 2281 1545 grum
2328 1473 2616 1544 chtripsit
2668 1474 2960 1538 Eusebius;
3013 1478 3101 1546 qui
3150 1488 3324 1531 tamen
3364 1478 3470 1529 alio
3514 1476 3564 1528 in
3610 1476 3730 1529 loco

2124 1565 2397 1623 Plutarchi
2443 1567 2604 1624 verba
2644 1566 2900 1631 exhibet,
2934 1569 3129 1637 quibus
3166 1569 3321 1638 longe
3356 1570 3511 1622 aliter
3541 1567 3729 1622 Xeno-

2124 1660 2318 1732 pltanis
2361 1661 2429 1715 de
2462 1663 2571 1715 Deo
2603 1663 2913 1732 opinionem
2949 1672 3320 1730 repraesentat.
3370 1663 3579 1718 Videsis
3610 1661 3734 1731 Iipi-

2127 1754 2378 1825 phanium
2447 1764 2607 1826 atque
2674 1754 3073 1810 Theodoretum
3139 1755 3336 1828 (toni.
3385 1773 3399 1811 t
3450 1756 3727 1826 Apparat.,

2127 1863 2246 1919 pag.
2278 1848 2436 1915 lll5;
2461 1848 2684 1916 Euseb.,
2712 1848 2805 1903 lib.
2842 1864 2935 1904 xm
2982 1847 3217 1913 Prtepar.
3244 1847 3468 1918 Evang..
3492 1866 3613 1918 cap.
3642 1849 3730 1915 15,

2122 1959 2241 2015 pag.
2279 1942 2414 2007 679,
2446 1954 2502 1999 et
2530 1943 2622 1997 lib.
2655 1960 2702 2006 ι,
2737 1959 2857 2013 cap.
2900 1944 2966 2008 8,
3000 1959 3118 2013 pag.
3151 1944 3253 2007 25;
3292 1944 3582 2011 Epiphan.,
3620 1942 3730 1997 Ex-

2046 2036 2051 2041 “
2122 2038 2274 2109 posit.
2309 2036 2429 2106 ῥά,
2470 2053 2589 2108 pag.
2626 2037 2761 2093 ltl87
2787 2057 2801 2102 ;
2832 2037 3130 2103 Theodor.,
3173 2036 3345 2094 Serm.
3375 2036 3432 2103 2,
3465 2036 3528 2091 de
3560 2034 3731 2092 Graec.

2121 2127 2306 2197 Meet.
2335 2136 2525 2196 curat.,
2558 2144 2680 2201 pag.
2712 2129 2821 2185 486
2841 2126 2885 2200 ).

2728 2258 3031 2299 ARTICULUS
3061 2259 3119 2298 ll.

2127 2355 2209 2415 De
2234 2358 2352 2413 aliis
2382 2358 2651 2429 gentilibus
2683 2359 3002 2428 philosophis
3054 2358 3371 2423 Antisthene,
3421 2358 3735 2429 Speusippo,

2204 2451 2509 2519 Democrito,
2555 2452 2814 2519 Slratone,
2852 2450 3101 2523 Epicuro,
3134 2453 3419 2515 Aristotele,
3460 2451 3736 2507 Heraclide

2203 2540 2443 2605 Pontico,
2471 2541 2844 2612 Theophrasto,
2871 2541 3138 2604 Cleanthe,
3167 2541 3392 2607 Zenone,
3426 2546 3735 2616 Chrysippo,

2202 2632 2431 2705 Diogene
2467 2632 2755 2703 Babylonio
2774 2673 2790 2701 ,
2822 2631 3163 2705 Xeiwphonte
3186 2674 3201 2699 ,
3229 2635 3467 2689 Aristone
3517 2646 3561 2689 et
3606 2635 3742 2690 Pla-

2210 2737 2343 2782 torte.

2207 2840 2288 2899 Ad
2322 2841 2456 2897 alios
2495 2841 2724 2913 gentiles
2775 2838 3124 2912 philosophos
3162 2840 3407 2909 gradum,
3462 2842 3506 2896 si
3548 2843 3745 2913 placet,

2134 2952 2255 2992 cum
2287 2937 2517 2993 Minucio
2572 2947 2755 2992 nostro
2806 2937 3081 2992 laciamns.
3140 2937 3405 3002 Quidnam
3449 2948 3625 2992 autem
3676 2940 3745 2996 de

2140 3029 2250 3084 Deo
2297 3029 2643 3084 Antisthenes
2684 3044 2746 3084 ac
2787 3027 2982 3094 Speusi
3025 3044 3122 3098 pus
3163 3030 3492 3091 Ct'llsllet'iltl,
3547 3031 3637 3085 ille
3667 3032 3746 3087 sic

2140 3130 2358 3176 enarrat
2392 3139 2405 3174 :
2436 3139 2462 3189 _(
2485 3120 2882 3181 Autislhvuem.
2919 3120 3206 3190 populares
3231 3120 3364 3177 deos
3395 3123 3615 3189 multos,
3646 3124 3745 3180 sed

436 3203 518 3256 cis
539 3202 651 3272 jam
674 3203 855 3256 citatis
881 3198 1286 3255 observavimus
1324 3195 1626 3266 (Laetamu
1665 3193 1756 3248 lib.
1786 3205 1804 3244 ι
1855 3188 2029 3242 Instit.

2143 3213 2440 3267 naturali-tn
2473 3229 2635 3266 unum
2678 3213 3005 3282 praecipuum
3037 3211 3433 3283 :Speusippum
3466 3230 3595 3269 vero
3642 3232 3740 3270 na-

438 3297 620 3355 divin..
656 3311 775 3362 cap.
812 3296 868 3357 5,
903 3309 1023 3364 pag.
1060 3293 1164 3357 21,
1199 3300 1253 3344 et
1283 3290 1376 3345 liii.
1409 3290 1472 3343 de
1498 3289 1587 3342 Iro
1622 3286 1748 3353 Dei,
1788 3300 1907 3353 Cap.
1942 3283 2032 3349 11,

438 3404 562 3460 pag.
594 3387 735 3452 796;
782 3387 988 3449 Laert.,
1025 3386 1116 3439 Iih.
1164 3399 1215 3439 vr
1255 3385 1308 3437 in
1363 3381 1460 3437 Vit.
1506 3379 1760 3452 Pythag.;
1808 3378 2033 3439 l'lutar.,

439 3483 531 3538 lib.
567 3498 604 3538 ι.
634 3484 696 3536 de
724 3480 813 3535 Pl.
842 3478 1170 3548 Philosoph.,
1206 3492 1325 3548 pag.
1352 3475 1480 3543 876,
1515 3486 1641 3529 tom.
1673 3473 1728 3540 1,
1759 3472 2032 3543 Apparat.,

438 3591 540 3647 pas
590 3575 751 3645 785l-

513 3671 640 3725 Post
679 3671 796 3724 haec
836 3676 1013 3722 autem
1046 3666 1309 3722 Minucius
1352 3684 1365 3719 :
1398 3682 1418 3716 ι
1449 3662 1861 3733 Xenophanem,
1893 3680 1913 3714 ι
1948 3660 2032 3715 in-

443 3764 581 3834 quit,
613 3782 633 3816 i
667 3772 851 3817 notum
874 3771 957 3817 est
983 3777 1142 3816 omne
1168 3760 1430 3815 inﬁnitum
1462 3774 1582 3814 cum
1616 3766 1797 3811 alente
1822 3799 1836 3819 ,
1868 3756 2035 3809 Deum

447 3856 683 3910 tradere.
716 3876 735 3908 ι
760 3855 1035 3910 Ciceronis
1054 3866 1231 3909 autem
1258 3854 1371 3908 ha‘c
1396 3862 1520 3907 sunt
1541 3850 1702 3906 verba
1728 3850 1996 3919 ipsissima
2019 3864 2033 3903 :

453 3968 476 4003 ι
511 3950 646 4005 Tum
673 3948 1053 4016 Xenophanes.
1079 3957 1261 4003 mente
1285 3947 1556 4019 adjuncta,
1589 3959 1750 4001 omne
1779 3953 2037 4010 praeterea

443 4046 590 4118 quod
612 4055 757 4102 esset
782 4044 1067 4111 inﬁnitum,
1097 4044 1264 4099 Deum
1292 4041 1460 4096 voluit
1484 4055 1604 4095 esse
1636 4058 1656 4091 ι
1690 4038 1711 4111 (
1737 4037 1875 4101 Cic.,
1902 4037 1993 4091 lib.
2020 4050 2036 4090 ι

442 4141 508 4195 de
535 4140 727 4196 .‘Vatur.
757 4139 933 4205 θεον..
961 4155 1080 4212 pag.
1111 4140 1235 4204 199,
1256 4138 1352 4192 lin.
1375 4136 1410 4191 4
1451 4132 1494 4209 ).
1516 4136 1582 4192 At
1610 4133 1852 4190 Laertius
1881 4133 2039 4203 paulo

442 4234 622 4300 aliter,
654 4234 747 4289 sed
777 4249 880 4288 non
922 4234 1025 4289 alio
1055 4249 1274 4303 prorsus
1301 4245 1461 4287 sensu
1494 4240 1673 4283 narrat
1703 4244 1825 4283 eum
1858 4226 2042 4282 existi-

447 4331 680 4386 mavisse
710 4347 723 4382 :
765 4347 785 4381 ι
818 4329 910 4383 Dei
943 4327 1296 4382 substantiam
1320 4325 1597 4397 globosam
1627 4338 1769 4387 esse,
1800 4322 2042 4390 nihilque

445 4438 566 4479 cum
612 4422 920 4477 hominibus
964 4420 1163 4475 habere
1206 4435 1506 4475 commune.
1552 4417 1745 4474 Totum
1784 4432 2039 4485 cernere,

444 4525 725 4585 totumque
768 4514 953 4569 audire
984 4555 999 4578 ,
1053 4530 1157 4566 non
1200 4520 1379 4568 tamen
1429 4511 1714 4582 respirare.
1765 4510 2043 4581 Simulque

2141 3306 2365 3359 turalem
2392 3303 2696 3367 animalem,
2715 3318 2821 3373 quo
2835 3305 3012 3357 omnia
3031 3313 3308 3374 reguntur.
3333 3306 3496 3359 Deum
3523 3321 3739 3362 nosse.»

2139 3395 2204 3454 At
2262 3397 2375 3451 haec
2426 3396 2609 3461 procol
2664 3396 2828 3451 dubio
2878 3411 2944 3452 ex
2985 3396 3244 3451 Cicerone
3297 3406 3570 3454 mutuatus
3618 3411 3745 3469 est,

2138 3489 2228 3560 qui
2256 3489 2323 3543 de
2345 3499 2570 3559 utroque
2601 3490 2821 3543 totidem
2850 3503 2985 3557 pene
3009 3490 3189 3543 verbis
3219 3490 3428 3544 dixerat
3462 3511 3475 3547 :
3510 3510 3529 3542 t
3556 3492 3743 3546 Aulis-

2139 3581 2329 3635 theues
2357 3583 2407 3634 in
2437 3597 2502 3634 eo
2547 3579 2686 3633 libro
2737 3580 2828 3649 qui
2879 3578 3132 3651 Physica:
3161 3580 3490 3646 inscribitur,
3522 3585 3745 3653 p0pula-

2139 3688 2228 3730 res
2248 3674 2378 3727 deos
2404 3673 2621 3737 multos,
2660 3673 2957 3728 naturalem
3011 3689 3173 3727 unum
3227 3688 3346 3729 esse
3383 3675 3604 3731 dicit....
3632 3676 3744 3733 Nec

2141 3769 2309 3822 multo
2331 3781 2486 3821 secus
2511 3768 2842 3835 Speusippus
2865 3766 2940 3836 (in
2973 3768 3338 3836 manuscripto
3357 3770 3503 3840 regio
3526 3770 3746 3838 Seuxip-

2143 3877 2260 3931 pus,
2295 3860 2387 3914 sed
2418 3857 2577 3930 male)
2609 3859 2884 3913 PIatOuctn
2907 3859 3228 3913 avunculum
3251 3860 3604 3931 subsequens,
3634 3866 3743 3919 vim

2141 3953 2427 4024 quamdam
2486 3952 2635 4015 dicit,
2685 3968 2786 4022 qua
2820 3952 2997 4005 uiiiuia
3036 3960 3311 4019 regantur,
3344 3970 3572 4023 eamque
3621 3959 3744 4013 ani-

2141 4045 2337 4100 malem
2370 4042 2558 4115 i(Cic.,
2582 4041 2670 4095 lib.
2693 4058 2707 4095 ι
2730 4044 2794 4095 de
2810 4040 2997 4095 Natur.
3022 4041 3177 4096 Deor.
3209 4061 3330 4114 pag.
3355 4045 3482 4107 200,
3511 4048 3602 4103 lin.
3619 4048 3739 4120 22).

2144 4137 2221 4192 De
2253 4136 2337 4189 illa
2362 4136 2698 4190 Autistheuis
2725 4134 2978 4203 opinione
3000 4132 3310 4189 Lactantius
3336 4152 3518 4205 posiea
3550 4140 3745 4198 Ιίιιει-ίε

2144 4228 2329 4284 eadem
2354 4226 2626 4280 mandavit
2650 4224 2928 4297 (Lactant.,
2959 4225 3047 4278 lib.
3077 4240 3093 4279 ι
3118 4223 3294 4279 Inslt't.
3327 4226 3657 4302 Divin.,cap.
3686 4235 3745 4304 5,

2145 4342 2263 4398 pag.
2286 4324 2378 4390 2t;
2410 4334 2453 4377 et
2480 4322 2566 4377 lib.
2597 4323 2661 4376 de
2692 4320 2782 4375 Iro
2814 4321 2927 4389 Dei,
2957 4338 3074 4391 cup.
3101 4323 3188 4386 11,
3219 4342 3339 4396 pag.
3365 4325 3513 4397 796).
3540 4327 3614 4383 De
3643 4331 3748 4387 hoc

2145 4428 2325 4472 autem
2387 4415 2711 4487 philoSnphn
2761 4430 2824 4470 ac
2877 4415 2945 4469 de
2993 4414 3295 4485 Speusippo
3355 4418 3480 4474 alibi
3537 4422 3745 4493 egimus

2146 4510 2319 4586 (Tom.
2349 4528 2366 4567 ι
2415 4511 2692 4585 Αρραναε..
2721 4528 2842 4584 pag.
2874 4510 3037 4576 1115,
3078 4508 3212 4565 1122
3242 4523 3289 4565 et
3342 4514 3479 4570 1151
3584 4518 3749 4574 Laer-

447 4623 568 4665 esse
612 4607 826 4671 omnia,
872 4615 1145 4667 mentem,
1194 4606 1567 4673 prttdoutiatu,
1614 4606 1969 4658 :rternitatem
2019 4623 2037 4655 ι
2067 4607 2122 4668 D
2151 4608 2253 4662 tius
2308 4623 2437 4663 vero
2468 4608 2520 4660 in
2570 4606 2726 4678 hujus
2760 4604 2876 4660 Vita
2923 4609 3110 4659 asserit
3155 4621 3276 4660 eum
3326 4608 3462 4663 intra
3513 4611 3751 4668 thmis

453 4700 690 4774 (Laert..
721 4700 814 4753 lib.
845 4715 918 4756 ix.
955 4699 982 4773 §
1019 4699 1136 4771 l5).
1166 4698 1237 4753 lbi
1266 4710 1441 4752 autem
1474 4698 1572 4752 hac
1593 4713 1724 4752 voce
1748 4701 2043 4770 σρειιροειδῆ,

452 4794 732 4865 globosam
754 4808 846 4847 seu
876 4794 1160 4848 romnilam
1195 4790 1573 4857 substantiam,
1608 4791 1743 4845 nihil
1766 4791 1909 4846 aliud
1945 4790 2047 4845 nisi

456 4886 721 4940 intinitam
753 4884 1036 4952 significat.
1071 4885 1143 4939 Ea
1177 4896 1358 4941 autem
1392 4886 1590 4940 idcirco
1627 4900 1753 4939 usus
1783 4894 1883 4943 est.
1926 4885 2046 4954 quia

455 4976 626 5047 figura
678 4978 901 5031 rotunda
948 4992 1121 5046 neque
1169 4977 1376 5030 initium
1430 4976 1587 5031 habet
1644 4992 1815 5046 neque
1864 4977 2045 5030 litui-m.

454 5071 794 5142 Quapropter
824 5087 1009 5125 rursus
1049 5072 1239 5126 Cicero
1270 5073 1377 5126 alio
1419 5071 1468 5125 in
1501 5070 1638 5124 libro
1668 5071 1909 5126 eamdem
1943 5069 2050 5125 Χρ-

454 5168 721 5234 ηιψιιτιηὶε
747 5167 1068 5220 sententiam
1118 5167 1199 5219 Itis
1243 5166 1423 5219 ri-tulit
1455 5165 1669 5219 vi-rllis:
1714 5183 1732 5216 t
1767 5164 2056 5228 Xr-nnpha-

454 5273 556 5313 nes
582 5259 718 5313 dixit
745 5275 907 5311 nnmn
938 5273 1058 5313 esse
1089 5259 1300 5323 omnia,
1333 5273 1506 5327 neque
1534 5258 1583 5311 id
1614 5272 1732 5311 esse
1761 5257 2015 5310 mutabile
2035 5299 2051 5326 ,

458 5363 512 5408 et
535 5354 585 5407 id
610 5368 731 5408 esse
757 5354 944 5416 Deum,
978 5368 1152 5424 neque
1183 5365 1364 5406 natum
1394 5366 1669 5421 umquam,
1698 5360 1747 5406 et
1770 5351 2057 5419 sempiter-

460 5462 611 5511 num,
637 5456 690 5500 et
715 5448 1033 5517 conglobata
1064 5447 1229 5515 figura
1267 5465 1284 5497 ›
1324 5445 1442 5519 (lib.
1472 5462 1525 5499 ιν
1560 5444 1814 5500 Ili-adem.
1843 5451 2058 5510 (ιιιξιεειιἸ

461 5554 584 5612 pag.
614 5540 727 5611 35).
760 5541 899 5596 Aule
941 5541 1154 5595 Minucii
1199 5555 1357 5609 porro
1400 5548 1610 5593 :ctatcm
1648 5535 1897 5591 Clemens
1938 5535 2066 5588 Ale-

464 5632 765 5688 xandrinus
784 5641 971 5704 aperte
992 5633 1176 5690 docuit
1201 5632 1339 5687 hanc
1367 5629 1716 5700 Xenophanis
1740 5626 2063 5684 sententiam

467 5735 888 5782 consentaneam
916 5740 1039 5785 esse
1060 5724 1371 5782 christiana:
1392 5722 1675 5788 doctrinm,
1704 5721 1895 5791 hisque
1917 5719 2068 5778 Isaiae

468 5818 693 5875 verbis:
747 5838 767 5873 ‹
817 5819 915 5878 Cui
953 5818 1346 5878 assimilavistis
1372 5832 1480 5885 me,
1524 5816 1656 5875 dicit
1698 5815 1998 5875 Dominus?
2044 5836 2064 5873 ι

2150 4700 2398 4756 avunculi
2419 4700 2498 4754 sui
2522 4700 2769 4770 dogmata
2798 4697 3114 4767 peratilisse.
3150 4697 3346 4754 Verum
3372 4701 3439 4756 de
3470 4703 3571 4758 illis
3593 4707 3660 4759 ah
3683 4720 3750 4762 co

2146 4794 2478 4850 labtffiiClallS
2508 4792 2799 4847 Numenius
2820 4790 2957 4859 apud
2984 4789 3270 4847 Ettselinm
3291 4796 3612 4860 expostulat,
3652 4797 3753 4853 lle.

2153 4886 2315 4955 hique
2360 4886 2602 4941 Laertius
2632 4882 3099 4938 auimadverlitah
3126 4880 3243 4949 ipso
3288 4884 3542 4953 scriptum
3585 4887 3752 4944 fuisse

2156 4979 2525 5045 Deﬁnitionum
2579 4977 2791 5037 librum,
2818 4988 2975 5042 quem
3031 4974 3272 5026 nonnulli
3327 4991 3447 5029 eum
3489 4979 3753 5046 eeseopio

2157 5083 2350 5126 "mm".
2380 5074 2469 5139 qui
2501 5071 2640 5125 ίηιριν
2685 5077 2805 5124 nou
2841 5067 3077 5119 Plitonis
3107 5084 3270 5132 opera
3315 5071 3365 5120 in
3415 5070 3586 5125 lucem
3629 5088 3751 5141 pro-

2158 5167 2253 5222 diit
2293 5166 2438 5220 lllms
2459 5176 2637 5221 autem
2668 5161 2788 5215 libri
2819 5160 2968 5214 initio
3000 5158 3117 5213 hanc
3141 5160 3491 5219 lteicleﬁnitio
3524 5165 3757 5236 legitur:

2158 5265 2270 5318 Θεὸς
2298 5267 2413 5320 ζῶον
2442 5260 2677 5309 Vrit-aetna
2696 5295 2710 5317 ,
2739 5258 2966 5323 ditt-0'thu
2997 5260 3111 5322 πρθς
3142 5255 3463 5320 εὐδαιμονίαν.
3500 5263 3634 5312 ein"
3677 5267 3756 5316 αἴ-

2164 5356 2280 5416 διος,
2310 5356 2396 5405 τεῦ
2423 5353 2601 5415 ἀγαθοῦ
2626 5353 2803 5417 φύσεως
2826 5350 2965 5403 αἰτία
2991 5364 3004 5400 :
3038 5363 3057 5396 ι
3098 5344 3238 5400 Deus
3288 5360 3368 5402 est
3408 5351 3605 5407 animal
3663 5354 3763 5410 im-

2164 5442 2389 5499 mortale
2438 5457 2496 5496 se
2552 5442 2669 5509 ipso
2713 5448 3023 5493 coiitt-ntum
3060 5479 3074 5501 .
3125 5444 3357 5497 essentia
3413 5442 3767 5516 sempiterna,

2166 5546 2371 5592 naturae
2417 5534 2538 5590 boni
2578 5547 2737 5589 causa
2769 5552 2787 5585 ι
2824 5531 3046 5606 (Laert..
3080 5533 3171 5588 tib.
3203 5550 3277 5590 tv.
3314 5536 3341 5607 ᾗ
3374 5540 3426 5604 l,
3452 5539 3524 5604 5;
3558 5540 3776 5614 Euseb.,

2169 5628 2256 5685 lib.
2288 5644 2343 5684 tv
2368 5626 2603 5696 Prwpar.
2636 5624 2862 5699 Euang.,
2884 5642 3001 5697 cap.
3028 5627 3084 5695 5,
3108 5643 3229 5698 pag.
3259 5628 3361 5683 727
3379 5632 3519 5702 apud
3544 5633 3783 5707 Platon.,

2194 5731 2315 5778 tom.
2341 5722 2393 5790 5,
2437 5737 2558 5794 pag.
2585 5719 2738 5792 Ml).

2248 5815 2484 5875 Rursum
2503 5828 2634 5875 vero
2661 5828 2730 5873 ex
2767 5813 3035 5875 Cicerone
3061 5830 3126 5875 ea
3148 5814 3414 5879 Minucius
3440 5819 3797 5894 delibavorat,
