4230 6242
514 216 612 270 (351

1798 203 1884 258 ne
1926 199 2186 259 MlNUCll
2226 199 2525 283 OCTAVIO

3707 193 3817 248 452

502 345 620 402 quae
664 327 731 382 de
769 322 1073 380 Democrito
1117 320 1458 392 postmodum
1506 315 1744 387 adjecit:
1782 337 1800 368 ι
1831 318 1968 386 Quid
2005 319 2106 373 De-
2132 320 2182 377 Α
2210 315 2330 370 bus.
2362 315 2450 370 Sic
2491 313 2579 366 ille
2624 311 2791 366 Deum
2843 322 3008 378 opere
3050 322 3246 379 magno
3276 306 3489 374 liberat,
3534 313 3590 402 et
3618 308 3817 402 meti-

504 424 784 486 mocritus,
810 416 1054 489 quamvis
1071 427 1369 469 atomorum
1399 413 1600 481 primus
1631 413 1892 474 inventor,
1922 426 2102 465 nonne

507 516 818 586 plerumque
846 519 1114 573 naturam,
1144 523 1264 577 quae
1293 507 1559 575 imagines
1589 504 1798 567 fundat,
1828 512 1884 558 ct
1907 503 2104 556 intelli-

508 609 763 680 gentiam,
801 605 966 657 Deum
1011 599 1323 670 loquitur?)
1363 597 1576 652 Etenim
1622 597 1812 651 Cicero
1862 596 2106 650 similiter

509 699 577 754 de
610 700 698 751 illo
725 715 737 748 :
773 715 790 746 ‹
817 693 955 764 Quid
992 692 1346 754 Democritus,
1374 691 1565 760 inquit,
1586 691 1673 760 qui
1709 698 1818 744 tttm
1849 689 2108 758 imagines

509 805 800 858 earumque
854 787 1111 842 circuitus
1157 786 1207 839 in
1252 785 1476 839 deerunt
1523 799 1746 837 numero
1777 782 1960 842 refert,
1997 791 2104 834 tttm

512 886 655 940 illam
711 892 956 936 naturam
1009 894 1128 948 qu:e
1176 878 1436 946 imagines
1467 875 1652 929 fundat
1678 890 1740 928 ac
1771 874 1961 938 mittat,
1996 881 2106 926 tttm

509 978 790 1033 scientiam
843 972 1355 1040 intelligentianique
1413 980 1651 1023 nostram
1686 987 1704 1019 ›
1743 967 1761 1038 (
1794 966 1981 1030 Cicer.,
2016 965 2103 1018 (ib.

508 1074 620 1136 cit.,
652 1087 771 1141 pag.
803 1067 932 1132 200,
963 1067 1058 1121 lin.
1083 1064 1162 1136 5).
1188 1066 1449 1132 Quocirca
1509 1062 1836 1132 Augustinus
1881 1059 1998 1113 lucc
2043 1057 2108 1111 ad

516 1165 828 1218 Dioscorum
856 1160 924 1214 de
941 1159 1026 1212 illa
1047 1156 1331 1213 Democriti
1354 1155 1606 1224 opinione
1620 1153 1805 1206 scribit
1825 1169 1836 1204 :
1859 1170 1876 1202 ι
1899 1152 2111 1218 Quanto

514 1255 707 1310 tuelius
735 1268 802 1307 ne
825 1251 1094 1306 audissem
1124 1247 1339 1318 quidem
1371 1262 1565 1300 nomen
1603 1245 1914 1308 Democriti,
1947 1258 2108 1311 quam

509 1366 630 1403 eum
691 1346 877 1400 dolore
926 1343 1218 1410 cogitarem
1271 1340 1454 1394 nescio
1498 1353 1654 1408 quem
1698 1337 1810 1391 suis
1858 1337 2109 1406 tempori--

509 1441 609 1493 bus
657 1450 905 1504 magnum
948 1442 1191 1503 putatum
1219 1473 1234 1498 ,
1283 1433 1370 1500 qui
1405 1431 1544 1484 Deos
1590 1444 1710 1483 esse
1759 1428 2114 1482 arbitraretur

505 1531 772 1600 imagines
811 1544 930 1599 qua:
958 1528 1026 1582 de
1061 1526 1246 1580 solidis
1274 1526 1592 1594 corporibus
1619 1525 1872 1586 fluerent,
1901 1521 2114 1574 solidiu-

508 1643 610 1696 que
643 1627 770 1694 ipsa:
825 1639 928 1675 non
981 1628 1186 1683 essent,
1240 1633 1437 1688 easque
1491 1617 1591 1670 hac
1644 1626 1804 1684 atque
1834 1615 1932 1668 hac
1962 1622 2110 1667 motu

2210 425 2361 463 more
2401 429 2419 459 ι
2449 407 2590 464 (Lib.
2623 406 2677 470 4,
2725 403 2968 457 Academ.
3000 414 3205 475 quazst.,
3251 418 3371 472 pag.
3405 403 3496 460 53,
3533 401 3628 455 lin.
3665 400 3738 456 46
3767 403 3812 473 ).

2209 503 2386 558 Alium
2427 502 2516 555 tibi
2547 500 2698 555 citari
2732 500 2775 552 si
2805 497 3104 562 desideras,
3145 513 3211 551 en
3243 507 3440 567 prtesm
3476 505 3559 549 est
3610 495 3819 550 Plutar-

2209 595 2342 650 chus
2374 595 2463 664 qui
2492 595 2591 648 hoc
2612 593 2678 647 de
2704 593 2973 647 Stratonis
2997 591 3249 658 Opinione
3276 591 3534 655 scriptum
3565 589 3812 658 reliquit:

2211 692 2309 740 Καὶ
2339 698 2434 754 μὶν
2459 698 2546 742 τῶν
2573 692 2724 740 ἄλλων
2753 695 3134 754 περιπατητικῶν
3155 690 3179 736 ὁ
3207 694 3574 752 κορυφαίοτατος
3601 688 3818 751 Στράτων

2212 787 2313 836 οὔτε
2337 775 2633 850 Ᾱριστοτελει
2659 786 2786 834 κατὰ
2813 783 2972 833 πολλὰ,
3012 785 3318 847 συμφέρεται,
3357 778 3436 829 καὶ
3480 781 3694 829 Πλάτωνι
3733 783 3819 837 τὰς

2211 879 2419 935 iuvi-fat;
2450 882 2617 940 ἔσχηκε
2645 876 2782 936 δόξας
2815 876 2919 942 περὶ
2949 888 3190 935 atrium,
3213 874 3323 940 περὶ
3352 876 3451 928 νοῦ,
3481 874 3561 922 zu.)
3596 872 3702 938 περὶ
3727 879 3818 936 36:;-

2213 981 2321 1032 χλς,
2349 969 2430 1018 καὶ
2461 969 2564 1034 περὶ
2586 972 2816 1030 γενέσεωςο
2845 968 3007 1024 αὐτὸν,
3033 973 3275 1025 τελευτῶν,
3306 971 3384 1015 τὸν
3409 964 3598 1027 κόσμον,
3621 964 3674 1012 οὗ
3703 965 3819 1026 ζῶον

2213 1061 2337 1110 εἶναι(
2358 1082 2496 1127 φησι,
2526 1068 2579 1112 τὸ
2607 1063 2654 1110 δὲ
2681 1064 2807 1112 κατά
2848 1063 2986 1125 Ῡὺσιν
3027 1061 3224 1109 ἕπεο-Ἰδαί
3251 1071 3315 1126 τῷ
3341 1061 3467 1108 κατὰ
3491 1060 3655 1120 τύχην.
3697 1071 3716 1104 ι
3756 1051 3822 1108 ΕΙ.

2215 1149 2430 1216 quidem
2461 1148 2948 1218 Peripateticorum
2975 1149 3306 1215 reliquorum
3340 1161 3582 1200 summus
3615 1147 3818 1208 Strato,

2215 1257 2388 1311 neque
2415 1257 2535 1296 eum
2571 1241 2859 1296 Aristotele
2888 1242 3050 1295 sentit
3103 1239 3283 1294 multis
3323 1239 3391 1293 de
3439 1239 3626 1302 rebus,
3672 1247 3722 1292 et
3755 1237 3822 1293 de

2215 1348 2384 1402 motu,
2415 1345 2614 1400 mente,
2645 1335 3004 1400 anima,ortu,
3025 1333 3293 1388 contraria
3320 1332 3530 1387 Platoni
3557 1331 3818 1386 defendit.

2220 1428 2454 1498 Denique
2505 1428 2757 1482 mttndum
2799 1431 2972 1496 ipsum
3019 1425 3220 1480 animal
3267 1440 3387 1480 esse
3424 1435 3600 1494 negat,
3642 1425 3824 1494 aitque

2217 1530 2458 1575 naturam
2489 1523 2639 1592 sequi
2672 1521 2901 1575 fortuna:
2936 1523 3166 1588 impetus
3188 1562 3201 1582 ,
3248 1535 3372 1574 casu
3404 1521 3612 1573 initium
3645 1530 3823 1575 motus

2219 1623 2423 1667 naturae
2452 1616 2743 1682 prazbente,
2773 1620 2828 1666 et
2855 1611 3049 1666 deinde
3075 1612 3151 1666 sic
3182 1625 3211 1664 a
3241 1622 3427 1664 natura
3478 1623 3656 1666 mOtus
3691 1610 3824 1682 phy-

506 1719 724 1788 proprio
753 1713 1159 1771 circumeundo.
1190 1722 1346 1780 atque
1377 1710 1646 1764 illabendo
1681 1712 1730 1763 in
1761 1711 1970 1762 animos
2012 1708 2106 1759 bo-
2137 1711 2182 1770 Β
2213 1708 2353 1762 sicos
2382 1707 2584 1760 absolvi
2618 1725 2636 1758 ι
2672 1706 2996 1775 (Plutarch.,
3027 1704 3117 1758 lib.
3148 1705 3346 1759 advers.
3377 1704 3542 1758 Colat.
3577 1703 3821 1774 Epicur.,

508 1813 735 1873 tuintnn,
771 1809 946 1862 facere
974 1818 1032 1861 ut
1062 1807 1143 1861 vis
1174 1805 1351 1859 divina
1383 1804 1670 1873 cogitetur,
1705 1817 1826 1858 cum
1868 1800 2109 1870 profecto

506 1904 640 1958 illud
700 1916 894 1970 corpus
949 1898 1092 1953 unde
1145 1898 1320 1965 imago
1369 1895 1580 1957 flueret,
1633 1905 1832 1963 quanto
1888 1891 2112 1945 solidius

504 2004 609 2056 est,
641 2003 788 2046 tanto
819 1993 1157 2058 praestantius
1207 2002 1420 2056 quoque
1468 2002 1590 2041 esse
1635 1984 1925 2054 judicetur.
1959 1985 2112 2037 Ideo-

511 2101 615 2154 que
637 2083 936 2149 ﬂttctuavit,
967 2084 1106 2136 sicut
1133 2081 1219 2134 isti
1249 2079 1455 2144 diettnt,
1477 2081 1786 2147 nutavitque
1808 2076 2071 2132 sententia
2097 2093 2111 2141 ;

515 2188 570 2232 ttt
617 2175 902 2246 aliquando
951 2183 1193 2228 naturam
1241 2171 1527 2240 quamdam
1557 2214 1571 2237 ,
1615 2171 1682 2226 de
1734 2187 1837 2241 qni
1886 2171 2114 2224 fluerent

513 2271 810 2340 imagines,
857 2268 1026 2322 Deum
1081 2281 1203 2320 esse
1257 2263 1472 2327 dicent,
1522 2263 1610 2332 qui
1663 2272 1840 2316 tamen
1891 2261 2113 2330 cogitari

510 2371 616 2410 non
669 2364 870 2424 posset,
920 2353 1020 2406 nisi
1068 2365 1160 2419 per
1203 2365 1295 2402 eas
1352 2349 1614 2416 imagines
1659 2362 1792 2416 quas
1841 2346 2016 2400 fundit
2063 2355 2116 2400 et

511 2448 728 2510 emittit,
760 2445 808 2499 id
839 2456 943 2507 est,
969 2458 1088 2512 qum
1108 2441 1176 2496 de
1206 2441 1290 2493 illa
1319 2450 1529 2503 natura,
1555 2454 1712 2508 quam
1741 2439 1924 2492 ne~cio
1954 2452 2113 2506 quam

517 2554 834 2609 corpoream
875 2545 930 2590 et
959 2535 1345 2604 sempiternam
1371 2573 1383 2595 ,
1435 2546 1498 2585 ac
1528 2546 1620 2599 per
1650 2531 1752 2584 hoc
1778 2539 1942 2585 etiam
1973 2529 2112 2583 divi-

519 2649 640 2687 nam
671 2641 839 2702 putat,
874 2630 1024 2699 quasi
1054 2627 1298 2694 corporis
1327 2624 1700 2689 similitudine,
1736 2624 1986 2677 continua
2019 2635 2114 2674 ve-

514 2729 591 2781 lut
618 2725 959 2779 etnanatione
1008 2721 1291 2782 ferrentur,
1339 2726 1393 2772 et
1441 2717 1716 2780 venirent,
1750 2724 1908 2783 atque
1950 2716 2116 2768 intra-

516 2829 632 2873 rent
668 2819 720 2871 iu
751 2817 961 2870 animos
993 2822 1238 2876 nostros;
1277 2819 1333 2863 ut
1375 2809 1544 2863 Deum
1578 2809 1657 2863 vel
1699 2807 1833 2862 deos
1877 2806 2116 2876 cogitare

507 2926 792 2982 possemus
832 2929 848 2961 ι
888 2907 1223 2978 (Augustin.,
1271 2901 1465 2972 Epist,
1499 2901 1622 2966 “8,
1670 2916 1789 2971 pag.
1825 2898 1974 2970 540).
2009 2897 2115 2953 Sed

513 3001 860 3074 qnantumvis
905 2997 1243 3053 iluctuavcrit
1273 2994 1708 3062 vacillaveritque
1755 2991 2114 3057 Democritus,

2219 1816 2338 1870 pag.
2377 1796 2563 1869 1115).
2605 1797 2775 1865 Quam
2811 1813 2972 1866 porro
3007 1797 3189 1852 Strato
3221 1807 3465 1850 naturam
3512 1798 3820 1867 appellavit,

2212 1891 2322 1960 jam
2351 1907 2377 1942 a
2411 1890 2672 1945 Cicerone
2709 1891 3030 1959 explicatum
3084 1890 3334 1945 Vidimus.
3369 1890 3475 1945 Sed
3522 1890 3588 1943 de
3633 1892 3730 1944 hac
3761 1890 3825 1944 il-

2217 1983 2320 2037 lius
2351 1983 2606 2052 opinione
2631 1983 2783 2037 uobis
2821 1981 3028 2054 aliquid
3058 1984 3232 2038 adhuc
3262 1983 3550 2038 dicendum
3575 1985 3698 2049 erit,
3731 1985 3822 2040 ubi

2217 2077 2490 2146 quomodo
2519 2092 2549 2131 a
2588 2076 2870 2132 Lactantio
2912 2076 3208 2141 refellatur,
3244 2076 3420 2147 palam
3445 2078 3692 2132 omnibus
3735 2077 3820 2131 fa-

2217 2183 2342 2223 cere
2367 2167 2701 2222 conabimur.

2289 2260 2581 2316 Minucium
2639 2271 2881 2315 nostrum
2931 2261 3146 2317 interim
3197 2276 3534 2332 sequamur:
3585 2280 3604 2314 ‹
3642 2261 3819 2316 Etiam

2218 2353 2480 2423 Epicurm
2511 2354 2617 2413 ille.
2658 2373 2677 2404 ι
2715 2353 2916 2423 inquit,
2950 2371 2969 2403 ι
3009 2354 3097 2423 qui
3129 2352 3260 2408 deos
3299 2364 3390 2408 aut
3419 2353 3617 2407 otiosos
3649 2353 3821 2423 ﬁngit.

2217 2457 2309 2500 aut
2339 2447 2530 2510 nullos,
2565 2455 2806 2501 naturam
2840 2458 3014 2501 tamen
3043 2445 3452 2516 superiiuponit.
3494 2466 3512 2496 ι
3548 2444 3653 2501 Sed
3685 2448 3822 2501 hanc

2218 2539 2432 2608 Epicuri
2459 2541 2528 2594 de
2575 2539 2684 2593 Deo
2711 2539 2909 2608 opinio-
2934 2553 3019 2596 esu
3053 2539 3167 2594 fuse
3211 2541 3456 2596 enucleat
3485 2541 3622 2610 apud
3664 2538 3822 2596 Cice‘

2219 2649 2406 2688 ronem
2437 2633 2671 2688 Velleius
2706 2633 3024 2700 Epicureus.
3058 2634 3347 2703 Postquam
3367 2635 3643 2689 enimvero
3675 2635 3819 2688 mul-

2221 2725 2289 2779 tis
2319 2726 2564 2794 probavit
2613 2725 2706 2780 Dei
2751 2727 2916 2780 vitam
2943 2741 3062 2780 eam
3104 2741 3245 2792 esse,
3291 2742 3394 2796 qua
3428 2726 3562 2781 nihil
3590 2726 3819 2794 beatius,

2219 2817 2351 2872 nihil
2375 2817 2597 2872 omnino
2627 2818 2783 2872 bonis
2807 2819 3056 2874 omnibus
3081 2818 3386 2874 afﬂuentius
3415 2821 3703 2889 excogitari
3731 2837 3826 2889 po-

2218 2918 2354 2975 test,
2411 2912 2551 2966 hanc
2591 2912 2876 2967 sententiae
2907 2927 3018 2966 sua:
3065 2913 3243 2968 reddit
3270 2917 3535 2968 rationem
3578 2930 3593 2966 :
3627 2932 3646 2965 ‹
3680 2913 3824 2970 Nihil

2218 3005 2359 3058 enim
2384 3006 2510 3074 agit,
2545 3006 2704 3060 nullis
2738 3006 3180 3074 occupationibus
3208 3015 3289 3061 est
3317 3006 3645 3076 implicatus,
3679 3007 3823 3062 nulla

512 3114 577 3152 ex
608 3097 693 3150 his
718 3105 866 3148 certe
907 3108 1026 3160 qua:
1054 3095 1166 3160 ipse
1198 3087 1528 3158 Augustinus
1551 3101 1614 3139 ac
1643 3084 1834 3138 Cicero
1863 3083 1929 3137 de
1970 3083 2111 3136 illius

2219 3112 2379 3166 opera
2403 3098 2642 3160 molitur,
2671 3114 2763 3152 sua
2795 3099 3055 3167 sapientia
3084 3110 3139 3152 et
3166 3100 3363 3154 virtute
3385 3101 3582 3168 gaudet
3610 3117 3624 3154 :
3654 3097 3821 3155 habet

509 3191 762 3263 opinione
799 3188 1012 3256 scriptis
1037 3184 1394 3248 tradiderunt,
1428 3182 1546 3251 quis
1579 3194 1683 3233 non
1736 3177 1913 3232 videat
1942 3177 2112 3230 Minu—

510 3286 651 3341 cium
698 3283 821 3350 jure
878 3280 1020 3334 haud
1072 3279 1341 3332 immerito
1394 3275 1595 3328 dixisse
1635 3272 1863 3342 quodam
1921 3272 2110 3324 saltem

509 3375 671 3430 modo
720 3375 952 3442 agnitam
1000 3371 1067 3424 ab
1117 3369 1208 3422 illo
1253 3367 1415 3420 fuisse
1469 3374 1708 3418 naturam
1744 3364 2002 3427 divinam,
2051 3377 2113 3417 ac

513 3470 679 3523 Deum
714 3481 900 3521 revera
929 3480 1051 3519 esse
1091 3460 1298 3516 unum?
1343 3460 1501 3528 Atqui
1540 3458 1590 3512 id
1629 3458 1694 3512 ad
1739 3457 1978 3527 ejusdem
2019 3456 2114 3511 Mi-

515 3563 657 3618 nucii
687 3559 989 3615 sufficiebat
1017 3532 1372 3625 propositum.

587 3655 856 3712 Stratonis
889 3651 1084 3706 dehinc
1107 3650 1418 3719 opinionem
1459 3647 1540 3700 bis
1574 3645 1911 3716 paucissimis
1939 3644 2115 3700 verbis

514 3751 770 3822 exponit:
818 3766 836 3799 ‹
875 3744 1091 3802 Straton
1124 3757 1335 3812 quoque
1383 3750 1437 3795 et
1483 3742 1595 3812 ipse
1645 3751 1916 3794 naturam.
1955 3758 1975 3792 ι
2006 3736 2115 3800 Sed

515 3858 621 3914 quo
650 3840 923 3910 pauciora,
959 3853 1025 3891 eo
1071 3837 1247 3890 minus
1290 3834 1434 3888 clara
1475 3844 1598 3886 sunt
1645 3832 1760 3887 haec
1787 3831 1972 3885 verba.
2003 3827 2114 3886 Eo-

516 3951 634 3990 rum
664 3933 845 3987 itauue
874 3928 1252 3985 enodationem
1290 3925 1486 3993 siepius
1511 3923 1756 3977 laudatus
1784 3939 1814 3976 a
1845 3925 1999 3978 nobis
2025 3923 2114 3979 Ci-

513 4043 641 4083 cero
678 4025 770 4081 tibi
810 4020 1168 4092 suppeditabit
1203 4037 1214 4072 :
1254 4038 1272 4070 t
1303 4018 1410 4072 Nec
1435 4017 1733 4072 audiendus
1755 4026 1892 4083 est,»
1926 4018 2115 4086 inquit,

522 4141 538 4172 ι
579 4121 717 4190 ejus,
742 4115 1122 4185 Theolihrasti,
1155 4113 1372 4168 auditor
1402 4112 1602 4174 Strato,
1648 4112 1690 4164 is
1727 4112 1816 4180 qui
1867 4112 2118 4181 physicus

515 4212 840 4282 appellatur,
874 4209 962 4276 qui
995 4221 1208 4261 omnem
1241 4205 1347 4258 vim
1379 4203 1612 4256 divinam
1655 4203 1704 4254 in
1742 4213 1930 4256 natura
1959 4203 2116 4256 sitam

516 4321 638 4360 esse
669 4313 875 4365 censet,
910 4315 1031 4368 qua:
1061 4311 1252 4352 causas
1283 4295 1554 4364 gignendi,
1587 4296 1840 4360 augendi,
1871 4297 2117 4348 minuen-

520 4398 641 4450 dive
670 4395 883 4457 habeat,
907 4390 998 4444 sed
1044 4399 1225 4443 careat
1247 4387 1391 4439 omni
1423 4401 1583 4438 sensu
1621 4395 1673 4437 et
1699 4384 1865 4454 figura
1900 4403 1917 4434 ›
1955 4383 2116 4456 (t2ic.,

2217 3190 2555 3259 exploratum
2587 3189 2702 3244 fore
2731 3206 2790 3244 se
2821 3205 3036 3259 semper
3065 3207 3187 3245 cum
3217 3193 3268 3245 in
3313 3194 3582 3258 mammis,
3621 3203 3728 3245 tum
3769 3192 3826 3247 in

2215 3283 2428 3337 arteriis
2480 3283 2843 3354 voluptatibus
2904 3304 2923 3336 ι
2958 3283 3147 3340 Postea
3196 3283 3284 3339 ille
3334 3283 3529 3340 ibidem
3588 3285 3828 3341 declarat

2217 3375 2505 3444 Epicurum
2555 3376 2689 3430 falso
2728 3375 2975 3431 docuisse
3006 3386 3194 3432 natura
3220 3377 3472 3432 effectura
3502 3392 3624 3432 esse
3667 3395 3825 3434 mun-

2217 3464 2341 3519 dum
2374 3483 2388 3520 :
2418 3465 2548 3519 nihil
2593 3481 2727 3534 opus
2773 3466 2938 3522 fuisse
2971 3468 3190 3534 fabrica,
3219 3484 3448 3538 eamque
3479 3484 3590 3524 rem
3617 3471 3664 3524 ci
3697 3486 3822 3526 esse

2219 3555 2524 3612 facillimam
2563 3577 2583 3610 ι
2621 3557 2756 3631 (Cic.
2797 3558 2890 3614 lib.
2937 3575 2953 3613 ι
3005 3560 3068 3614 de
3102 3559 3292 3613 Natur.
3328 3559 3510 3628 Deor.,
3542 3576 3657 3631 pag.
3689 3561 3818 3629 205,

2220 3653 2316 3707 lin.
2350 3652 2430 3725 8).
2473 3652 2604 3706 Nam
2641 3655 2842 3721 omnia,
2881 3655 3062 3724 utjant
3089 3655 3343 3716 diximus.
3375 3656 3591 3710 fortuito
3618 3665 3827 3711 atomo-

2222 3762 2340 3801 rum
2366 3761 2632 3802 concursu
2662 3745 2797 3802 facta
2830 3747 2996 3803 fuisse
3026 3749 3317 3817 garriebat.
3353 3749 3590 3819 Denique
3620 3748 3821 3805 ibidem

2220 3841 2410 3896 Velleii
2447 3858 2541 3897 seu
2573 3842 2960 3912 Epicureorum
2992 3843 3211 3897 nomine
3237 3842 3443 3898 Tullius
3482 3843 3619 3897 dixit
3648 3861 3661 3897 :
3703 3861 3722 3892 ι
3759 3843 3828 3899 Et

2222 3936 2308 4004 pie
2350 3944 2642 4006 sancteque
2689 3935 2915 3990 colimus
2955 3947 3200 3990 naturam
3249 3935 3627 4000 excellentem,
3657 3946 3820 4006 atque

2222 4033 2584 4093 praestantem.
2629 4045 2647 4077 ι
2680 4029 2749 4080 At
2766 4025 3023 4080 Minucius
3045 4036 3229 4081 noster
3253 4041 3373 4096 quae
3395 4025 3662 4094 Epicurus
3691 4027 3826 4082 falsa

2221 4131 2339 4172 esse
2366 4116 2612 4182 docebat,
2638 4118 2705 4172 ab
2727 4116 2808 4172 bis
2837 4117 3135 4188 distinguit,
3169 4119 3362 4190 quibus
3389 4121 3823 4189 praestantiorem

2221 4211 2429 4264 caeteris
2469 4210 2715 4264 omnibus
2743 4221 3005 4273 naturam,
3039 4220 3200 4279 atque
3229 4210 3400 4265 idirco
3431 4211 3691 4279 divinam,
3731 4226 3828 4267 vo-

2223 4303 2338 4357 lens
2370 4304 2575 4369 nolens,
2599 4303 2875 4358 Confessus
2903 4315 3004 4359 est.
3033 4303 3154 4368 Adi,
3180 4304 3223 4357 si
3249 4303 3415 4367 lubet,
3448 4303 3742 4366 Laertium,
3773 4313 3830 4359 et

2223 4394 2445 4466 Menagii
2491 4413 2552 4450 ac
2597 4398 2857 4452 Gassendi
2908 4399 2958 4451 in
3006 4397 3155 4451 illum
3189 4409 3364 4462 notas,
3392 4407 3445 4452 et
3472 4397 3634 4451 alium
3668 4397 3829 4467 huius

514 4489 608 4542 ιω,
640 4487 755 4551 οη,
787 4499 904 4554 pag,
936 4482 1061 4544 200,
1097 4481 1191 4534 lin.
1233 4479 1300 4531 45
1321 4478 1362 4546 ).
1421 4477 1577 4530 Visne
1604 4477 1799 4547 plura?
1827 4476 1964 4530 Audi
1997 4492 2113 4530 rur-
2144 4493 2196 4552 Ι)
2225 4486 2414 4540 librum
2443 4489 2645 4555 (Laert.
2675 4488 2767 4543 lib.
2787 4506 2840 4548 x.
2867 4488 2894 4560 §
2922 4490 3047 4554 1‘25;
3077 4490 3284 4559 Menag.
3307 4500 3361 4544 et
3384 4488 3644 4544 Gassend.
3674 4500 3831 4544 notas

518 4595 612 4634 sus
653 4578 898 4632 eumdem
932 4576 1213 4629 Oratm'cm
1245 4571 1312 4624 de
1348 4571 1435 4624 illo
1483 4571 1786 4640 loquentem
1835 4588 1847 4624 :
1887 4589 1904 4621 ε
1938 4569 2112 4640 Negas

518 4673 637 4727 sine
687 4671 794 4724 Dt‘O
847 4683 1004 4737 posse
1055 4664 1368 4734 quidquam.
1420 4662 1556 4715 Ecce
1599 4661 1694 4714 tibi
1741 4677 1772 4716 e
1805 4671 2114 4719 transverso

521 4765 923 4834 Lampsacenus
974 4761 1174 4821 Strato,
1207 4756 1292 4823 qui
1340 4755 1430 4808 det
1462 4755 1547 4807 isti
1583 4755 1692 4808 Deo
1720 4755 2113 4812 immunitatem

520 4856 699 4926 magni
723 4854 935 4923 quidem
965 4848 1221 4903 muneris.
1260 4846 1363 4900 Sed
1396 4860 1517 4900 cuin
1560 4848 1867 4903 sacerdotes
1888 4849 2113 4904 deorqu

518 4949 852 5004 vacationem
884 4941 1137 5002 habeant,
1172 4946 1372 5007 quanto
1402 4946 1484 4991 est
1523 4939 1726 5007 (nquius
1762 4939 1959 4995 habere
1988 4943 2117 4998 istos

525 5040 706 5096 Deos?
747 5037 915 5104 Negat
953 5047 1112 5100 opera
1146 5029 1367 5083 deorum
1410 5043 1468 5083 se
1512 5031 1588 5083 uti
1637 5030 1702 5085 ad
1745 5030 2112 5090 fabricandum

521 5130 800 5188 mundum.
833 5128 1199 5191 Qumcumqtte
1243 5121 1351 5174 sint
1379 5121 1536 5175 docet
1577 5124 1752 5178 omnia
1782 5140 1900 5180 esse
1927 5127 2113 5185 effecta

521 5235 729 5280 natura.
764 5234 863 5274 nec
892 5224 951 5271 ut
991 5216 1078 5269 ille
1105 5217 1194 5284 qui
1228 5213 1432 5282 asperis
1455 5223 1507 5268 et
1532 5215 1773 5279 lzevibus.
1805 5229 1858 5272 et
1888 5219 2115 5277 hamatis

514 5312 893 5380 uncinatistlue
920 5308 1237 5378 Corporibus
1267 5316 1516 5361 cencrcta
1555 5308 1669 5363 hmc
1697 5325 1816 5365 esse
1837 5313 1998 5377 dicat,
2031 5317 2113 5370 itt-

515 5409 740 5478 mrjcd”
771 5404 914 5460 inani
957 5420 970 5456 ;
1005 5401 1210 5455 smnuia
1251 5410 1436 5454 censet
1487 5400 1601 5457 lucc
1647 5419 1766 5458 esse
1816 5407 2113 5466 Democrati

513 5519 622 5559 non
647 5501 911 5564 docentis,
943 5497 1035 5552 sed
1058 5494 1312 5565 optantis.
1340 5494 1457 5563 lpsc
1473 5505 1650 5551 autem
1673 5499 1907 5568 singulas
1929 5506 2109 5561 mundi

515 5605 692 5667 partes
711 5605 1060 5666 persequens,
1093 5585 1352 5656 quidquid
1391 5597 1482 5642 aut
1513 5588 1598 5650 sit,
1631 5600 1719 5644 :utt
1750 5592 1859 5659 fiat,
1891 5607 2107 5653 natura-

509 5690 652 5752 libus
683 5686 792 5740 fieri
823 5695 910 5739 aut
943 5682 1136 5734 factum
1172 5693 1300 5739 esse
1327 5675 1484 5734 docet
1515 5681 1839 5750 ponderibus
1869 5697 1920 5744 ct
1953 5692 2106 5754 moti-

2215 4579 2280 4632 ad
2313 4578 2469 4650 hujus
2491 4581 2581 4635 lib.
2603 4597 2676 4646 Iv,
2695 4582 2762 4636 de
2785 4581 2888 4634 vita
2917 4592 2969 4635 et
2985 4581 3178 4636 morib.
3200 4581 3444 4650 Epicur.,
3463 4595 3582 4650 cap.
3607 4583 3657 4643 l,
3673 4582 3724 4642 2,
3745 4580 3829 4652 5).

2291 4670 2552 4739 Deinceps
2581 4687 2707 4726 vero
2735 4671 2993 4726 Minucius
3021 4673 3246 4741 plurima
3290 4673 3630 4739 transcripsit
3676 4672 3832 4728 Cice.

2218 4763 2364 4816 ronis
2393 4762 2577 4829 verba,
2611 4762 2803 4833 quibus
2853 4763 3156 4817 Aristotelis
3181 4763 3249 4816 de
3283 4761 3392 4817 Deo
3418 4763 3583 4818 refert
3609 4763 3832 4833 opinio-

2221 4872 2364 4911 neut.
2399 4857 2534 4911 Ecce
2577 4856 2840 4926 siquidem
2888 4857 3159 4926 quomodo
3196 4856 3287 4912 ille
3326 4857 3563 4928 loquitur
3597 4874 3611 4912 :
3641 4876 3659 4909 ‹
3697 4859 3830 4912 Ari-

2220 4948 2444 5002 stoteles
2485 4949 2676 5014 variat,
2706 4958 2760 5003 et
2788 4948 3028 5020 assignat
3057 4960 3232 5004 tamen
3283 4964 3440 5002 unam
3475 4959 3830 5016 potestatem.

2219 5041 2350 5096 Nam
2387 5043 2600 5096 interim
2631 5053 2886 5103 mentem,
2921 5043 3178 5097 tnnndum
3221 5044 3432 5097 interim
3469 5043 3633 5097 Deum
3666 5042 3828 5110 dicit,

2218 5135 2429 5190 interitu
2463 5134 2662 5189 mundo
2693 5135 2862 5190 Deum
2893 5135 3133 5204 praeficit.
3190 5155 3209 5187 ι
3240 5134 3330 5190 Sic
3368 5145 3546 5190 autem
3575 5135 3784 5189 Tullius
3812 5152 3829 5189 :

2225 5245 2243 5278 ι
2284 5227 2600 5283 Aristoteles
2628 5229 2677 5282 in
2705 5229 2861 5282 tertio
2887 5228 2952 5281 de
2984 5227 3328 5297 PhiloSOphia
3358 5227 3499 5282 libro
3527 5229 3690 5282 multa
3718 5237 3838 5282 tur-

2222 5319 2330 5385 bat,
2365 5335 2392 5372 a
2424 5321 2680 5388 magistro
2707 5321 2930 5375 Platone
2961 5335 3067 5374 uno
3107 5320 3450 5375 dissentiens.
3492 5319 3649 5374 Modo
3677 5321 3828 5375 enim

2219 5414 2383 5468 menti
2443 5416 2627 5468 tribuit
2671 5430 2885 5470 omnem
2940 5415 3306 5478 divinitatem,
3365 5413 3527 5467 modo
3555 5414 3826 5470 mundum

2216 5505 2391 5575 ipsum
2420 5507 2588 5562 Deum
2623 5507 2754 5562 dicit
2801 5522 2942 5573 esse,
2976 5507 3137 5562 modo
3172 5507 3462 5576 quemdam
3488 5507 3653 5561 alium
3690 5523 3839 5577 prae-

2215 5597 2326 5652 ficit
2371 5599 2570 5654 mundo
2599 5618 2615 5651 ι
2653 5599 2786 5673 (Cic.
2831 5599 2924 5654 lib.
2966 5601 3138 5666 citat.,
3178 5615 3298 5670 pag.
3345 5599 3471 5665 900,
3508 5601 3602 5655 lin.
3635 5601 3725 5665 9.6,
3777 5610 3839 5656 et.

2213 5705 2362 5766 seqq.
2395 5690 2437 5763 ).
2487 5693 2550 5750 Et
2579 5695 2695 5754 [nec
2734 5693 2950 5768 quidem
2978 5691 3247 5763 decerpsit
3270 5692 3550 5761 Minucius,
3575 5691 3670 5753 scd
3702 5693 3836 5768 icti.
