4230 6242
531 258 640 315 455

1792 257 1878 312 DE
1916 254 2172 314 MINUCII
2209 253 2525 317 OCTAVIO.

3742 277 3847 331 456

529 383 668 430 tura:
690 373 890 440 animo,
921 378 1079 440 atque
1106 379 1314 436 mente;
1348 369 1933 442 ipsumque‘mundum,
1964 374 2130 429 Deum
2157 375 2213 436 A
2237 373 2378 438 802;
2427 376 2698 443 Lactant.,
2730 379 2823 435 lib.
2851 381 2915 435 de
2955 380 3046 434 Ira
3090 381 3220 447 Dei,
3264 397 3380 453 cap.
3429 386 3517 446 ll.
3554 400 3674 458 pag;
3704 388 3804 444 795
3830 409 3843 454 ;

531 466 668 522 dicit
711 479 853 528 esse,
895 475 948 517 et
973 463 1089 532 ejus
1119 463 1282 517 animi
1325 464 1594 520 fusionem
1638 465 1940 520 universam
1978 485 1990 521 :
2023 477 2132 521 tum

534 561 653 630 ejus
683 559 848 628 ipsius
880 557 1259 626 principatum.
1289 559 1377 626 qui
1411 559 1460 611 iu
1503 567 1682 614 mente
1708 568 1759 613 et
1783 561 1988 614 ratione
2017 575 2137 616 ver-

534 667 702 714 setur,
737 667 1186 720 communemque
1215 668 1390 706 rerum
1425 664 1666 706 naturam
1695 694 1709 716 ,
1769 654 2018 709 universa
2050 663 2134 709 at-

535 764 640 819 que
687 746 862 800 omnia
911 747 1315 808 continentem;
1373 755 1481 798 tttm
1530 745 1744 800 fatalem
1785 748 2048 804 umbram.
2082 757 2138 803 et

537 843 911 895 necessitatem
946 854 1120 892 rerum
1151 839 1505 893 futurarum.)
1540 840 1743 907 Quibus
1769 841 1982 910 quidem
2007 842 2130 905 alia,

533 951 653 1004 quae
704 933 897 987 ib'dem
949 933 1123 1000 legere
1175 935 1408 1001 poteris,
1440 950 1559 987 cum
1589 935 1896 1003 adjecisset,
1929 937 2042 989 hmo
2069 952 2134 992 ex

535 1027 774 1084 secundo
799 1026 938 1079 illius
965 1026 1028 1079 de
1058 1025 1262 1080 Natura
1294 1026 1474 1079 itidem
1493 1026 1715 1081 Deorum
1748 1029 1881 1082 libro
1912 1029 2093 1084 retulit
2119 1048 2130 1083 :

541 1140 560 1173 ‹
619 1121 670 1172 lu
706 1120 942 1173 secundo
995 1130 1171 1172 autem
1216 1120 1325 1172 vult
1355 1120 1586 1187 Orphei,
1624 1120 1840 1186 Musaai,
1892 1121 2130 1187 Hesiodi,

536 1215 866 1282 ﬂumenque
939 1212 1160 1266 fabellas
1240 1213 1652 1268 accommodare
1726 1214 1792 1267 ad
1857 1231 1957 1280 ea,
2013 1232 2132 1285 quae

535 1309 650 1375 ipse
697 1307 866 1372 primo
905 1304 1041 1358 libro
1088 1305 1154 1358 de
1193 1304 1297 1358 diis
1342 1306 1735 1360 immortalibus
1777 1307 2024 1370 dixerat,
2078 1319 2135 1364 ut

532 1399 695 1454 etiam
725 1399 994 1450 veterrimi
1029 1407 1219 1466 poene,
1245 1398 1332 1464 qtti
1366 1397 1482 1454 haec
1525 1414 1590 1453 ne
1617 1399 1870 1466 Strepicati
1914 1402 2128 1467 quidem

531 1490 664 1554 sint,
693 1488 856 1543 Stoici
892 1488 1056 1542 fuisse
1086 1491 1387 1544 videantur.
1421 1510 1440 1542 ι
1482 1491 1552 1544 De
1581 1490 1663 1546 his
1690 1501 1869 1546 autem
1903 1492 2131 1564 aliisque

534 1582 732 1636 Stoicis
774 1582 969 1635 videsis
996 1581 1289 1645 Laerlittttt,
1319 1583 1411 1653 qui
1437 1600 1622 1639 eorum
1653 1587 1788 1640 vitas
1819 1587 2130 1656 publicavit,

533 1673 902 1740 Plutarchum,
926 1674 1183 1744 Lipsium.
1210 1691 1273 1730 ac
1295 1692 1414 1745 qua:
1444 1692 1472 1729 θ
1497 1679 1649 1731 nobis
1682 1688 1826 1732 tomo
1856 1682 2134 1744 superiore

2241 467 2535 538 Theodor.,
2558 482 2686 526 tom.
2709 475 2765 539 εί,
2789 489 2940 528 iterm.
2969 475 3032 529 de
3060 474 3212 544 Fide,
3240 491 3360 546 pag.
3388 477 3540 551 477).

2313 562 2483 618 Pauca
2516 563 2727 619 Minucii
2759 565 2825 620 de
2863 567 3130 621 Aristonis
3157 569 3413 637 Opinione
3451 571 3637 635 verba,
3672 574 3844 643 pluri-

2241 655 2340 709 bus
2368 655 2451 710 his
2475 657 2684 720 Cieero,
2713 675 2775 713 ac
2796 660 3112 714 clarioribus
3137 666 3388 732 exposuit
3423 684 3434 720 :
3476 687 3492 717 ‹
3529 667 3712 738 Neque
3742 669 3847 725 for-

2243 764 2380 802 mam
2415 749 2503 803 Dei
2535 751 2752 820 intelligi
2782 768 2938 820 po~se
2964 765 3168 817 censet,
3202 771 3375 824 neque
3405 759 3456 812 in
3489 760 3590 813 diis
3623 777 3842 818 sensum

2241 856 2360 896 esse
2390 842 2540 907 dicit,
2583 844 2898 916 dubitatque
2929 849 3149 900 omnino
3197 851 3335 903 Deus
3379 854 3626 907 animans
3677 872 3846 911 necne

2240 935 2353 998 sit(
2384 934 2536 988 Tom.
2568 953 2584 990 t
2614 943 2894 1006 Appztrat.,
2943 956 3060 1010 pag.
3096 941 3199 995 782
3225 958 3239 1006 ;
3267 943 3405 1008 Cic.,
3443 946 3535 998 lib.
3570 962 3584 1000 ι
3615 948 3678 998 de
3711 946 3840 1001 Nat.

2240 1028 2418 1090 Deor.,
2453 1045 2572 1100 pag.
2619 1032 2745 1093 201,
2795 1033 2887 1086 litt.
2929 1032 3008 1103 8).
3049 1055 3066 1086 ι
3116 1037 3517 1091 Observandum
3565 1040 3737 1094 obiter
3788 1043 3841 1095 in

2239 1121 2386 1190 regio
2415 1121 2533 1173 cod.
2569 1139 2668 1176 ms.
2703 1123 2910 1178 Minucii
2941 1141 3042 1180 non
3075 1126 3175 1190 legi
3204 1129 3338 1180 sicut
3367 1130 3414 1180 in
3444 1131 3602 1184 editis
3622 1135 3838 1186 «Aristo

2237 1205 2423 1268 Chius,
2462 1227 2480 1258 ι
2518 1207 2622 1263 Sed
2661 1228 2680 1259 t
2719 1212 2901 1263 Aristo
2929 1210 3162 1267 Stoicus.
3203 1233 3220 1264 ι
3257 1216 3593 1283 Quapropter
3626 1219 3841 1285 rogabis

2239 1297 2484 1363 fortasse,
2531 1315 2597 1354 an
2638 1302 2704 1354 ibi
2741 1321 2760 1353 ι
2806 1302 3017 1357 Stoicus
3057 1323 3076 1356 ι
3117 1305 3325 1372 potius,
3375 1324 3533 1376 quam
3569 1328 3586 1360 ι
3619 1309 3786 1366 (lhius
3817 1331 3834 1363 ι

2240 1389 2520 1460 legendum
2549 1392 2572 1444 ?
2602 1392 2706 1448 Sed
2730 1395 2968 1464 quolibet
2992 1396 3151 1450 modo
3180 1397 3346 1468 legas,
3377 1415 3563 1467 parum
3595 1403 3836 1456 interest.

2238 1483 2418 1537 Arism
2442 1482 2706 1551 siquidem
2732 1497 2785 1538 et,
2817 1489 2985 1554 patria
3007 1487 3109 1541 tibi
3134 1503 3194 1552 is,
3231 1499 3281 1541 et
3316 1491 3670 1560 philosiiphiae
3693 1503 3839 1547 secta

2237 1575 2446 1632 StuiCus
2474 1574 2589 1631 fuit.
2623 1577 2674 1631 Id
2702 1588 2879 1633 autem
2909 1581 3042 1634 satis
3071 1592 3218 1650 patet
3261 1598 3325 1636 ex
3375 1585 3439 1636 iis
3475 1600 3595 1655 qua:
3628 1588 3694 1640 de
3747 1587 3839 1641 illo

2237 1667 2360 1722 alibi
2415 1668 2890 1725 animadvertimus
2939 1671 3139 1744 (Tom.
3178 1690 3191 1726 ι
3227 1675 3501 1744 Αρρίιῖαι..
3536 1678 3570 1732 5
3620 1678 3834 1735 dissert.

528 1767 811 1820 observata
841 1777 984 1821 sunt.
1019 1770 1035 1835 (
1069 1767 1276 1833 Laert,
1311 1768 1405 1822 lib.
1440 1784 1512 1822 vu
1546 1769 1608 1823 de
1671 1768 1796 1824 Vitis
1820 1781 1867 1825 et
1899 1772 2123 1843 dogiuat.

2237 1761 2291 1827 ‘2,
2322 1777 2441 1830 cap.
2470 1763 2556 1827 18,
2589 1772 2690 1816 art.
2717 1761 2770 1820 2.
2795 1780 2912 1834 pag.
2939 1765 2997 1818 Η
3021 1765 3097 1830 ί5,
3131 1775 3186 1821 et
3216 1767 3378 1839 seu.)

530 1857 661 1911 clar.
713 1859 1032 1928 philosoph.,
1060 1858 1355 1924 Plutarclu,
1387 1860 1478 1913 lib.
1525 1877 1539 1914 ι
1571 1863 1633 1914 de
1666 1862 1854 1917 Plactt.
1896 1863 2134 1922 Philoso-

530 1952 647 2022 ph.,
680 1953 838 2018 cap.7
867 1961 920 2006 et
941 1953 1004 2016 8;
1035 1967 1097 2006 ac
1129 1953 1219 2006 lib.
1241 1952 1304 2006 de
1328 1952 1550 2008 Stoicor.
1580 1967 1913 2027 repugnant.;
1940 1959 2130 2027 Lipsi.,

531 2044 627 2098 lib.
663 2060 678 2098 t
713 2042 1015 2115 Physiolog.
1049 2044 1237 2112 Stoic.,
1275 2047 1529 2102 dissertet.
1562 2050 1617 2116 5,
1643 2059 1698 2104 et
1727 2066 1905 2122 seqq.;
1953 2063 2082 2109 tom.
2116 2071 2132 2109 ι

529 2134 805 2204 Αρραναι..
838 2152 958 2206 pag.
991 2136 1096 2190 780
1126 2135 1146 2208 )

605 2227 954 2297 Prosequitur
987 2228 1246 2283 Minucius
1293 2238 1496 2297 noster,
1537 2241 1592 2286 et
1618 2234 1693 2286 ait
1731 2251 1744 2287 :
1781 2254 1798 2284 ι
1840 2235 2134 2306 Babylonio

529 2320 692 2375 etiam
727 2322 965 2390 Diogeni,
1000 2322 1277 2391 disciplina
1303 2333 1384 2376 est
1416 2326 1717 2394 exponendi
1752 2337 1804 2381 et
1833 2328 2132 2386 dis~erendi

529 2412 681 2468 Jovis
715 2423 943 2482 partum,
973 2423 1027 2467 et
1075 2426 1250 2467 ortum
1286 2417 1574 2482 Minerva},
1618 2429 1670 2472 et
1704 2419 1804 2473 hoc
1835 2436 2003 2488 genus
2029 2438 2135 2476 cae-

533 2513 665 2564 tera.
699 2522 873 2558 rerum
909 2506 1162 2560 voeabula
1181 2523 1335 2566 esse.
1372 2525 1476 2562 uon
1503 2511 1753 2566 deorum.
1786 2531 1804 2563 ι
1841 2513 2134 2570 Pro-iventt

529 2598 722 2651 Cicero
761 2598 841 2650 his
877 2598 1055 2651 verbis
1089 2616 1100 2649 :
1142 2617 1160 2649 ‹
1201 2600 1463 2666 Diogenes
1517 2601 1876 2674 Babylonius,
1921 2625 1939 2657 ι
1971 2624 2131 2677 quem

529 2690 654 2744 alibi
702 2706 950 2750 maguum
981 2700 1036 2743 ct
1065 2707 1284 2759 gravem
1325 2696 1566 2748 Stoicum
1616 2707 1801 2760 vocat,
1839 2717 1856 2748 ‹
1889 2699 1938 2752 iu
1971 2715 2036 2754 eo
2064 2701 2129 2754 li-

531 2783 648 2838 bro.
680 2787 766 2853 qui
793 2784 1104 2838 inscribitur
1128 2785 1196 2839 de
1224 2785 1480 2848 Minerva,
1515 2799 1722 2856 partum
1750 2791 1898 2847 Jovis
1929 2802 2132 2848 ortum-

531 2891 636 2943 quc
669 2876 885 2938 virginis
916 2876 979 2927 ad
1014 2876 1404 2944 philoSOpbiam
1449 2879 1733 2936 traducens
1755 2923 1769 2945 ,
1823 2884 2076 2952 disjungit
2101 2900 2131 2940 a

531 2967 710 3022 fabula
749 2967 767 3036 (
799 2967 937 3030 Cic.,
973 2967 1068 3021 lib.
1112 2986 1123 3020 l
1158 2970 1218 3021 de
1259 2968 1446 3022 Notur.
1495 2970 1675 3038 Deor.,
1705 2989 1828 3044 p'tg.
1872 2976 1998 3038 220,
2033 2978 2128 3032 lin.

529 3063 619 3120 lii,
645 3069 700 3113 ei.
731 3060 819 3112 lib.
854 3061 907 3122 5,
944 3062 1008 3113 de
1039 3059 1207 3132 U/ﬁc.,
1241 3078 1358 3130 pag.
1389 3063 1519 3132 594)
1557 3084 1575 3116 ι
1616 3067 1759 3120 .-\lios
1803 3069 1918 3137 eths
1965 3070 2132 3125 libros

530 3155 596 3207 de
669 3153 986 3206 Divinatione
1017 3197 1030 3216 ,
1083 3153 1395 3218 Nobilitate,
1442 3168 1487 3209 et
1531 3156 1748 3227 Legibus
1812 3161 1880 3214 ab
1939 3162 2126 3218 eodem
2155 3169 2200 3231 ρ
2235 3157 2390 3214 Unde
2434 3159 2672 3216 Justinu~
2719 3164 2918 3236 Martyr

531 3245 820 3310 Cicerone,
870 3246 1160 3310 Athenaeo,
1204 3257 1258 3300 et
1308 3247 1594 3301 Plutarcho
1640 3251 1828 3303 citatos
1870 3253 2128 3321 reperies.

533 3341 750 3395 Laertio
796 3351 974 3393 autem
1023 3341 1066 3392 si
1100 3339 1310 3406 credas,
1347 3359 1366 3391 ι
1405 3341 1638 3408 Stoicus,
1680 3364 1699 3395 ›
1738 3344 1836 3398 fttit
1880 3365 1898 3396 ι
1934 3362 1998 3401 ex
2029 3347 2131 3403 Se-

532 3435 728 3499 leucia,
760 3434 1165 3501 appellatusque
1212 3442 1294 3487 est
1333 3434 1660 3506 Babylonius
1703 3438 1772 3491 ob
1811 3439 2018 3494 urbium
2051 3441 2131 3495 vi-

532 3526 806 3580 cinitatem
843 3545 854 3578 :
897 3545 915 3576 ν
951 3526 1005 3580 Si
1035 3524 1211 3578 Gellio
1243 3525 1400 3579 fidem
1435 3529 1652 3587 habeas.
1685 3529 1774 3584 ille
1803 3530 1970 3585 Plauti
2001 3548 2128 3602 poe-

536 3631 624 3682 tic,
659 3619 1060 3685 Carneadisque
1094 3618 1402 3673 Ara-.letuici
1451 3620 1580 3674 vixit
1628 3631 1869 3692 tempore
1904 3644 1917 3680 :
1947 3627 1989 3678 si
2021 3626 2128 3681 Lu-

530 3713 705 3772 riauo.
755 3727 923 3779 usque
971 3711 1034 3763 ad
1077 3711 1372 3765 secundum
1423 3728 1583 3782 supra
1629 3717 1913 3786 nonaginta
1959 3733 2128 3775 annos

530 3807 694 3859 vitam
727 3821 876 3858 suam
920 3804 1165 3874 produin
1189 3805 1219 3878 .(
1247 3806 1384 3871 Cic.,
1417 3807 1510 3862 lib.
1544 3824 1561 3861 ι
1607 3809 1669 3862 de
1713 3809 1964 3877 Divinat.,
2005 3830 2124 3885 pag.

527 3900 669 3964 255;
703 3901 925 3968 Athen.,
955 3904 1048 3957 lib.
1083 3919 1136 3956 tv
1168 3903 1539 3974 Deipnosoph.,
1566 3925 1621 3976 p.
1663 3907 1788 3970 £68.
1822 3921 1876 3964 et
1904 3911 1995 3965 lib.
2027 3930 2123 3980 xu,

528 4007 650 4062 pag.
678 3993 783 4047 596
809 4011 823 4058 ;
861 3994 1154 4060 Plutarch,
1187 3995 1274 4049 lib.
1294 3998 1356 4049 de
1395 3995 1558 4060 Exit,
1588 4014 1704 4069 pag.
1748 4001 1852 4056 605
1878 4020 1890 4059 :
1920 4002 2124 4072 Laert.,

527 4081 624 4136 lib.
657 4099 730 4143 vt.
765 4084 862 4137 sub
894 4086 1050 4139 linem
1087 4085 1216 4139 Viue,
1247 4087 1422 4157 Diog,
1458 4089 1603 4159 §8l;
1631 4089 1855 4159 Gellius,
1891 4095 1982 4149 lib.
2020 4113 2124 4153 xvu

529 4173 684 4229 Noct.
737 4177 878 4242 atti.,
910 4193 1025 4240 cap.
1053 4178 1153 4240 21;
1185 4180 1427 4245 anian.,
1454 4181 1516 4233 de
1545 4181 1797 4242 Macrob..
1830 4202 1948 4256 pag.
1971 4188 2124 4261 916).

597 4267 733 4334 Quid
785 4269 974 4337 plura?
1011 4271 1151 4324 Duos
1181 4272 1316 4326 alios
1366 4273 1628 4327 Minucius
1660 4279 1861 4344 profert.
1909 4282 1960 4334 in
2004 4298 2120 4335 tue-

525 4358 695 4421 diutn,
732 4357 820 4429 qui
885 4360 976 4413 Dei
1035 4362 1367 4431 tuajustatem
1424 4364 1492 4416 ab
1541 4366 1849 4422 hominibus
1898 4371 2120 4441 intelligi

524 4465 683 4520 posse
713 4465 1090 4522 pernegarunt.
1127 4455 1274 4507 Alter
1316 4456 1457 4508 enim
1480 4500 1491 4514 .
1527 4465 1582 4510 ttt
1631 4458 1772 4514 illius
1801 4463 1974 4516 verbis
2008 4474 2119 4518 ula-

2314 1856 2514 1911 Horum
2545 1857 2774 1929 denique
2796 1860 3237 1931 philositphorum
3267 1879 3455 1932 agmen
3475 1867 3674 1922 merito
3691 1867 3837 1921 clau-

2239 1949 2316 2006 dit
2351 1952 2520 2018 l'lato,
2571 1962 2890 2008 caeterorum
2920 1957 3158 2009 omnium
3204 1957 3356 2012 facile
3389 1959 3659 2031 princeps.
3695 1960 3839 2015 Illius

2238 2052 2415 2098 autem
2445 2045 2510 2099 de
2533 2045 2642 2100 Deo
2669 2048 2990 2102 sententiam
3015 2053 3092 2104 sic
3121 2049 3385 2106 Minucms
3412 2066 3658 2108 enarrat:
3684 2075 3701 2106 ι
3725 2056 3836 2109 Pla-

2239 2137 2350 2192 toni
2381 2139 2432 2191 in
2476 2138 2664 2192 Timaeo
2692 2140 2828 2194 Deus
2859 2150 2961 2205 est,
2997 2142 3111 2210 ipso
3138 2157 3236 2198 suo
3276 2147 3492 2201 nomine
3521 2148 3700 2201 mundi
3734 2164 3831 2217 pa-

2239 2245 2383 2295 rcus,
2409 2232 2604 2285 artifex
2634 2234 2851 2300 animae,
2873 2235 3174 2290 cmlestium
3203 2239 3641 2308 terrestriumque
3669 2240 3837 2295 fabri-

2238 2333 2406 2378 cator.
2437 2340 2596 2393 quem
2624 2334 2678 2378 et
2715 2327 2957 2381 invenire
2983 2329 3203 2386 difficile
3232 2347 3341 2400 pne
3375 2334 3535 2387 nimia
3566 2344 3620 2388 et
3655 2336 3834 2389 iocre-

2237 2415 2385 2471 dtbili
2412 2429 2694 2486 potestate,
2720 2431 2772 2474 et
2793 2437 2913 2476 cmn
2945 2423 3235 2491 inveneris,
3272 2427 3320 2479 iu
3358 2429 3624 2494 publicum
3655 2431 3839 2484 dicere

2238 2511 2570 2577 impossibile
2601 2515 2872 2582 praefatur.
2918 2536 2936 2569 ι
2973 2519 3232 2584 ΟΙΙΜῘΓΟΗ
3265 2522 3439 2591 palam
3485 2523 3573 2577 ille
3600 2524 3839 2580 declarat

2238 2605 2374 2658 hanc
2404 2606 2640 2661 Platonis
2663 2621 2984 2664 sententiam
3013 2612 3138 2666 aliis
3157 2615 3410 2669 omnibus
3441 2631 3563 2670 esse
3595 2619 3834 2684 apertio-

2236 2713 2370 2757 rem.
2401 2705 2673 2767 totamque
2700 2703 2812 2756 fere
2840 2703 3141 2768 rtelestetn,
3181 2724 3198 2756 ε
3230 2709 3327 2760 nisi
3355 2708 3442 2762 ille
3474 2711 3837 2777 persuasionis

2235 2791 2409 2844 civilis
2459 2809 2856 2864 nonnumquam
2899 2796 3230 2854 admixtione
3267 2802 3624 2870 Sordcscerct,
3662 2823 3681 2855 ι
3735 2803 3835 2860 hoc

2237 2893 2337 2949 est,
2370 2885 2469 2939 nisi
2512 2885 2747 2940 εοεαε-ηιίς
2784 2892 3128 2959 ιιῐιίεουριυτίε
3157 2893 3238 2946 sui
3273 2893 3500 2947 cicutam
3536 2910 3835 2967 necemque

2237 2977 2459 3040 veritus,
2495 2977 2639 3032 falsis
2691 2981 2948 3050 vanisque
3001 2985 3231 3051 imperiti
3286 2987 3422 3056 vulgi
3485 2989 3833 3057 opinionibus

2238 3067 2425 3131 ignave
2455 3073 2826 3142 serviliterque
2851 3076 3116 3131 interdum
3142 3079 3345 3134 adulari
3369 3096 3588 3135 coaetus
3621 3082 3828 3138 fuisset.

2974 3185 2987 3221 :
3039 3173 3264 3225 ΕνταῢΊα.
3309 3177 3334 3224 ὁ
3380 3179 3575 3227 Πλάτων
3613 3183 3717 3234 tot):
3743 3188 3834 3230 τὶν

2239 3254 2561 3314 πολυθεότητα
2599 3261 2954 3324 along-pineo;
3003 3263 3181 3321 δεδιὼς.
3235 3270 3297 3318 τὰ
3332 3271 3518 3320 iuva-"cz
3555 3274 3707 3336 ἑαυτῷ
3754 3278 3833 3322 τὸν

2235 3345 2342 3400 κατ’
2369 3350 2512 3400 αὐτὸν
2539 3351 2823 3420 δημιουργὸν
2847 3357 3023 3419 εἰσάγει
3051 3363 3261 3419 λέγοντα..
3303 3374 3321 3406 t
3371 3359 3519 3412 “alii
3546 3361 3830 3415 multorum

2236 3440 2457 3494 deorum
2504 3443 2700 3496 cultum
2733 3447 3009 3514 ampleitos
3041 3449 3263 3511 veritus,
3300 3452 3568 3506 contraria
3602 3453 3740 3507 inter
3769 3469 3830 3508 se

2234 3534 2477 3603 opificem
2531 3537 2695 3592 Deum
2738 3554 2892 3593 suum
2948 3541 3152 3596 inducit
3196 3545 3542 3614 loqueuleun
3578 3546 3822 3614 (Justin.,

2233 3623 2452 3681 Cohort.
2480 3628 2545 3681 ad
2592 3629 2789 3695 Gr:cc.,
2818 3648 2936 3703 pag.
2963 3634 3054 3695 ‘21;
3083 3635 3233 3689 Plato
3256 3638 3308 3690 in
3341 3636 3555 3703 Timaeo,
3587 3655 3704 3710 pag.
3729 3641 3823 3704 41,

2235 3727 2360 3772 tom.
2397 3720 2430 3774 5
2461 3718 2500 3789 ),
2543 3736 2661 3775 Cum
2713 3724 2830 3777 aliis
2871 3726 3051 3796 utique
3103 3727 3237 3796 diis,
3269 3745 3405 3799 quos
3429 3731 3498 3785 ab
3524 3747 3589 3786 eo
3616 3735 3828 3802 genitos

2232 3809 2396 3865 fuisse
2427 3813 2620 3867 ibidetu
2651 3815 2878 3870 dixerat.

2302 3903 2488 3959 Cicero
2509 3917 2684 3960 autem
2705 3908 2788 3962 ubi
2823 3910 2964 3965 illius
2990 3913 3298 3981 Opinionem
3325 3927 3563 3982 enarrat,
3593 3919 3824 3986 primum

2227 3999 2518 4065 exprobrat
2559 4002 3012 4063 inconstantiam:
3049 4025 3065 4058 ι
3099 4007 3215 4062 Jam
3258 4009 3324 4064 de
3363 4009 3607 4066 Platonis
3639 4014 3826 4068 ineon—

2229 4089 2844 4163 stantia.»ait.«longum
2873 4106 2953 4150 est
2979 4097 3280 4165 dioere,qui
3317 4102 3366 4154 in
3396 4102 3584 4157 Timwo
3620 4116 3824 4173 patrem

2229 4179 2386 4250 hujus
2414 4184 2596 4237 numdi
2627 4188 2886 4242 nominari
2917 4200 3074 4260 negat
3105 4207 3282 4260 posse,
3326 4193 3378 4248 in
3425 4195 3617 4265 Legum
3645 4209 3824 4253 autem

2228 4271 2378 4327 libris
2423 4276 2550 4344 quid
2590 4278 2657 4330 sit
2699 4279 2920 4334 omnino
2973 4282 3129 4349 Deus,
3163 4285 3356 4354 inquiri
3406 4302 3657 4356 oportere
3717 4306 3821 4346 nou

2226 4379 2409 4422 censet
2447 4388 2465 4421 ι
2499 4368 2519 4442 (
2544 4370 2682 4436 Cic.,
2743 4373 2837 4430 lib.
2886 4391 2898 4428 ι
2945 4377 3008 4429 de
3043 4377 3232 4433 Natur.
3281 4379 3458 4448 Deor.,
3509 4398 3629 4452 pag.
3694 4385 3818 4452 200,

2226 4456 2320 4512 lin.
2358 4459 2468 4532 ll).
2532 4461 2792 4518 Eumdem
2845 4467 3082 4522 Platonis
3138 4471 3331 4526 librum
3363 4515 3375 4535 ,
3405 4489 3468 4527 ac
3495 4479 3818 4531 sententiam

522 4558 664 4606 mur,
703 4562 720 4592 ι
758 4543 1063 4599 Socraticus
1095 4545 1393 4608 Xenonhon
1429 4547 1652 4602 fortnam
1701 4552 1790 4606 Dei
1819 4557 1928 4609 veri
1962 4569 2120 4625 negat
2147 4560 2196 4620 ι)
2223 4555 2404 4609 citavit
2435 4557 2744 4613 Lactantius
2783 4581 2801 4613 ›
2841 4563 2857 4633 (
2887 4562 3151 4632 Lactant.,
3187 4566 3277 4618 lib.
3314 4583 3328 4620 ι
3378 4567 3573 4632 Iustit.,
3604 4585 3725 4640 cap.
3760 4570 3816 4635 8,

520 4633 690 4688 videri
743 4651 918 4706 posse.
971 4647 1024 4691 et
1077 4638 1195 4692 ideo
1234 4641 1401 4708 quzeri
1447 4657 1552 4694 non
1593 4653 1862 4711 oportere.
1913 4669 1932 4700 ι
1969 4653 2118 4708 Alter

520 4729 897 4790 vero,tAristo
923 4726 1086 4782 Chius
1108 4731 1492 4798 comprehendi
1521 4735 1741 4790 omnino
1769 4754 1873 4793 uon
1899 4755 2109 4810 posse.»

519 4816 596 4872 De
631 4819 806 4882 priore
836 4820 1116 4875 enodatius
1145 4823 1334 4876 Cicero
1363 4841 1375 4874 τ
1413 4843 1429 4875 t
1469 4824 1763 4896 Xenophon
1793 4830 1917 4886 facit
1949 4834 1999 4888 in
2026 4835 2110 4903 iis,

515 4923 635 4976 quae
674 4925 703 4962 a
743 4911 964 4964 Socrate
994 4913 1133 4966 dicta
1168 4915 1368 4979 retulit,
1416 4915 1690 4973 Socratem
1725 4921 2107 4995 disputantem,

509 5000 738 5056 fortnam
785 5005 874 5057 Dei
918 5007 1082 5074 quwri
1118 5021 1220 5060 non
1253 5020 1522 5076 oportere,
1555 5013 1912 5086 eumdemque
1939 5031 1990 5076 et
2017 5037 2110 5076 so-

505 5094 634 5158 lem,
663 5103 717 5148 et
745 5097 981 5150 auimmu
1017 5098 1182 5153 Deum
1233 5100 1432 5166 dicere,
1475 5114 1529 5158 et
1571 5106 1732 5160 modo
1778 5125 1964 5176 unum,
1996 5121 2105 5171 lum

504 5195 682 5239 autem
713 5189 892 5258 plures
926 5190 1078 5246 deos.
1121 5213 1139 5244 ι
1177 5192 1231 5247 In
1275 5206 1466 5262 quarto
1511 5210 1688 5254 autem
1735 5201 2104 5274 Xenophontis

504 5277 915 5336 Memorabilium
939 5285 1096 5352 libro,
1125 5287 1174 5340 id
1205 5290 1345 5357 quod
1377 5292 1446 5346 de
1471 5307 1536 5348 eo
1560 5307 1740 5350 narrat
1767 5299 1974 5365 Cicero,
2012 5319 2098 5358 re-

499 5385 626 5426 vera
682 5376 968 5430 invenitur.
1022 5377 1255 5434 Primam
1323 5398 1450 5437 vero
1505 5386 1662 5453 hujus
1720 5391 2101 5460 propositionis

494 5474 703 5531 partem
736 5468 784 5521 in
817 5483 944 5522 ttsus
968 5485 1094 5522 Sttus
1122 5476 1351 5543 sutupit
1381 5475 1640 5531 Minucius
1665 5491 1868 5545 nuder,
1900 5492 1954 5537 et
1982 5493 2101 5550 post

488 5555 641 5608 illum
678 5557 1010 5625 Lactantius,
1041 5575 1200 5633 atque
1246 5565 1404 5620 etiam
1450 5569 1845 5628 Theodoretus.
1869 5575 1979 5628 Nos
2005 5593 2099 5631 att-

482 5655 592 5700 tem
621 5650 686 5701 de
719 5669 776 5703 ea
810 5657 945 5711 alibi
989 5656 1195 5720 egimus
1245 5658 1377 5730 (Cic.
1415 5662 1504 5715 lib.
1533 5677 1547 5714 t
1578 5665 1640 5718 de
1693 5667 1880 5722 Λαίαν.
1917 5668 2094 5738 Deor.,

462 5750 586 5806 pag.
627 5739 746 5806 200,
786 5744 888 5805 liti.
941 5744 1038 5811 18;
1080 5749 1369 5824 Xetwpb.,
1399 5754 1494 5810 lib.
1522 5768 1576 5809 tv
1614 5755 1929 5830 Memorab.,
1970 5778 2091 5835 pag.

2223 4664 2336 4719 pag.
2373 4651 2464 4715 41,
2494 4661 2547 4706 et
2588 4653 2679 4708 lib.
2704 4655 2770 4710 de
2802 4655 2881 4710 lra
2914 4659 3023 4723 Dei,
3059 4674 3178 4728 cap.
3213 4661 3300 4726 ll,
3337 4677 3454 4730 pag.
3493 4662 3658 4735 795).
3711 4665 3818 4720 Sed

2223 4744 2369 4812 plura
2400 4745 2468 4800 ibi
2497 4747 2684 4802 Cicero
2709 4791 2723 4815 ,
2754 4760 2808 4804 et
2845 4761 3025 4826 postea
3054 4753 3316 4810 Eusebius
3337 4756 3403 4810 de
3432 4758 3546 4825 ipso
3569 4758 3812 4826 Platone,

2219 4835 2442 4907 ejusque
2488 4840 2842 4896 inconstantia
2891 4857 3215 4912 memorant,
3261 4849 3452 4918 quibus
3490 4851 3820 4918 respondere

2219 4930 2641 5000 LCSt'ﬂlOIlierillS
2668 4947 2890 4991 conatus
2916 4951 2994 4993 est
3028 4941 3046 5010 (
3077 4940 3298 5008 Euseb.,
3333 4943 3425 4997 lib.
3454 4960 3546 4998 xm
3571 4943 3811 5013 Prtrpar.

2219 5022 2394 5091 Evaug
2424 5066 2438 5088 ,
2471 5040 2588 5094 Cap.
2626 5028 2688 5081 lxi
2716 5046 2729 5090 ;
2761 5028 3062 5097 [tesc:t|op.,
3095 5031 3328 5101 Erposit.
3384 5033 3434 5086 itt
3479 5035 3570 5088 lib.
3628 5052 3639 5088 l
3695 5035 3809 5089 Cic.

2213 5115 2280 5170 de
2330 5115 2453 5170 Nat.
2508 5118 2687 5185 Deor.,
2724 5120 2751 5192 ς
2784 5122 2871 5181 50.
2907 5140 3024 5193 pag.
3069 5124 3182 5197 50).
3224 5128 3293 5182 Ea
3323 5138 3498 5181 autem
3547 5129 3814 5185 Minucius

2211 5208 2275 5261 ad
2297 5209 2596 5264 institutum
2618 5228 2772 5268 suum
2807 5232 2910 5269 non
2935 5218 3288 5274 conducentia
3317 5223 3675 5290 pra-tortuisit.

2282 5300 2448 5355 Porro
2501 5313 2678 5357 autetn
2733 5306 2890 5360 citata
2931 5324 2958 5359 a
3014 5308 3240 5362 Minucio
3301 5322 3356 5365 et
3400 5313 3520 5365 aliis
3566 5313 3812 5371 Platonis

2206 5394 2371 5448 verba
2419 5397 2469 5450 iu
2513 5399 2629 5467 ejus
2667 5399 2869 5453 Timauo
2901 5403 2977 5456 sic
3022 5419 3204 5458 revera
3244 5405 3496 5472 leguntur
3531 5426 3541 5460 :
3577 5426 3591 5457 ι
3625 5409 3813 5475 Atque

2207 5487 2352 5540 illum
2385 5488 2598 5554 quidem
2651 5504 2920 5559 [arentem
2965 5496 3120 5564 hujus
3164 5497 3524 5553 universitatis
3558 5500 3811 5558 invenire

2204 5578 2443 5646 difuicile,
2472 5593 2664 5636 etcum
2699 5586 2985 5652 inveneris,
3021 5590 3254 5644 indicare
3295 5591 3344 5644 in
3380 5593 3568 5662 vulgus
3598 5595 3810 5662 impos-

2201 5670 2379 5738 sibile,
2432 5677 2496 5734 εἱς
2516 5681 2697 5732 πάντη
2728 5682 2958 5732 ἀδύνατον
2981 5689 3126 5750 λέγειν
3167 5701 3184 5732 ι
3220 5680 3416 5748 (Plato,
3452 5692 3580 5737 l0lll.
3619 5700 3698 5750 III,
3733 5704 3795 5756 Ρ.

2200 5764 2271 5822 28
2301 5769 2338 5837 ).
2393 5767 2594 5826 Eadem
2642 5774 2977 5844 transcripsit
3043 5775 3452 5847 Athenagoras,
3511 5779 3599 5834 tibi
3653 5780 3803 5836 sicut
