  <div class='ocr_page' id='page_1' title='image "/cluster/home/n/w/nwhite01/storage/ocr_20150623/3/hvd.32044054086798/268.png"; bbox 0 0 4248 6264; ppageno 0'>
   <div class='ocr_carea' id='block_1_1' title="bbox 418 264 523 320">
    <p class='ocr_par' dir='ltr' id='par_1_1' title="bbox 418 264 523 320">
     <span class='ocr_line' id='line_1_1' title="bbox 418 264 523 320; baseline -0.019 0"><span class='ocrx_word' id='word_1_1' title='bbox 418 264 523 320; x_wconf 70' lang='grc'><strong>457</strong></span> 
     </span>
    </p>
   </div>
   <div class='ocr_carea' id='block_1_2' title="bbox 1807 257 2282 316">
    <p class='ocr_par' dir='ltr' id='par_1_2' title="bbox 1807 257 2282 316">
     <span class='ocr_line' id='line_1_2' title="bbox 1807 257 2282 316; baseline 0.004 -2"><span class='ocrx_word' id='word_1_2' title='bbox 1807 257 2282 316; x_wconf 78' lang='lat' dir='ltr'><strong>DlSSEl’lTATlO.</strong></span> 
     </span>
    </p>
   </div>
   <div class='ocr_carea' id='block_1_3' title="bbox 3617 263 3726 320">
    <p class='ocr_par' dir='ltr' id='par_1_3' title="bbox 3617 263 3726 320">
     <span class='ocr_line' id='line_1_3' title="bbox 3617 263 3726 320; baseline -0.018 0"><span class='ocrx_word' id='word_1_3' title='bbox 3617 263 3726 320; x_wconf 73' lang='grc'><strong>458</strong></span> 
     </span>
    </p>
   </div>
   <div class='ocr_carea' id='block_1_4' title="bbox 415 371 3725 450">
    <p class='ocr_par' dir='ltr' id='par_1_4' title="bbox 415 371 3725 450">
     <span class='ocr_line' id='line_1_4' title="bbox 415 371 3725 450; baseline 0.001 -18"><span class='ocrx_word' id='word_1_4' title='bbox 415 374 681 432; x_wconf 87' lang='lat' dir='ltr'><strong>Minucius</strong></span> <span class='ocrx_word' id='word_1_5' title='bbox 705 380 913 440; x_wconf 90' lang='lat' dir='ltr'><strong>noster,</strong></span> <span class='ocrx_word' id='word_1_6' title='bbox 947 371 1107 444; x_wconf 81' lang='lat' dir='ltr'><strong>plane</strong></span> <span class='ocrx_word' id='word_1_7' title='bbox 1133 373 1369 429; x_wconf 77' lang='lat' dir='ltr'><strong>ostendit</strong></span> <span class='ocrx_word' id='word_1_8' title='bbox 1397 372 1642 429; x_wconf 89' lang='lat' dir='ltr'><strong>ethnicos</strong></span> <span class='ocrx_word' id='word_1_9' title='bbox 1668 371 2022 444; x_wconf 88' lang='lat' dir='ltr'><strong>philosophos</strong></span> <span class='ocrx_word' id='word_1_10' title='bbox 2049 375 2102 434; x_wconf 83' lang='grc' dir='ltr'><strong>Α</strong></span> <span class='ocrx_word' id='word_1_11' title='bbox 2202 377 2242 429; x_wconf 77' lang='grc' dir='ltr'>Α</span> <span class='ocrx_word' id='word_1_12' title='bbox 2273 375 2456 434; x_wconf 84' lang='lat' dir='ltr'><strong>Persis</strong></span> <span class='ocrx_word' id='word_1_13' title='bbox 2483 379 2661 450; x_wconf 89' lang='lat' dir='ltr'><strong>itaque</strong></span> <span class='ocrx_word' id='word_1_14' title='bbox 2681 377 3056 435; x_wconf 56' lang='lat' dir='ltr'><strong>initl&#39;tmhisce</strong></span> <span class='ocrx_word' id='word_1_15' title='bbox 3079 375 3227 431; x_wconf 70' lang='lat' dir='ltr'><strong>duxit</strong></span> <span class='ocrx_word' id='word_1_16' title='bbox 3255 377 3466 434; x_wconf 82' lang='lat' dir='ltr'><strong>verbis:</strong></span> <span class='ocrx_word' id='word_1_17' title='bbox 3494 378 3725 436; x_wconf 71' lang='lat' dir='ltr'><strong>«Omitto</strong></span> 
     </span>
    </p>
   </div>
   <div class='ocr_carea' id='block_1_5' title="bbox 416 465 2020 538">
    <p class='ocr_par' dir='ltr' id='par_1_5' title="bbox 416 465 2020 538">
     <span class='ocr_line' id='line_1_5' title="bbox 416 465 2020 538; baseline -0.003 -14"><span class='ocrx_word' id='word_1_18' title='bbox 416 484 587 525; x_wconf 88' lang='lat' dir='ltr'><strong>unum</strong></span> <span class='ocrx_word' id='word_1_19' title='bbox 628 467 908 538; x_wconf 78' lang='lat' dir='ltr'><strong>agnovisse</strong></span> <span class='ocrx_word' id='word_1_20' title='bbox 938 480 1209 520; x_wconf 90' lang='lat' dir='ltr'><strong>summum</strong></span> <span class='ocrx_word' id='word_1_21' title='bbox 1262 467 1427 522; x_wconf 92' lang='lat' dir='ltr'><strong>Deum</strong></span> <span class='ocrx_word' id='word_1_22' title='bbox 1471 465 1798 537; x_wconf 83' lang='lat' dir='ltr'><strong>(Atltettag.,</strong></span> <span class='ocrx_word' id='word_1_23' title='bbox 1841 465 2020 537; x_wconf 81' lang='lat' dir='ltr'><strong>Legat.</strong></span> 
     </span>
    </p>
   </div>
   <div class='ocr_carea' id='block_1_6' title="bbox 418 561 2024 635">
    <p class='ocr_par' dir='ltr' id='par_1_6' title="bbox 418 561 2024 635">
     <span class='ocr_line' id='line_1_6' title="bbox 418 561 2024 635; baseline -0.002 -17"><span class='ocrx_word' id='word_1_24' title='bbox 418 581 514 635; x_wconf 83' lang='lat' dir='ltr'><strong>pro</strong></span> <span class='ocrx_word' id='word_1_25' title='bbox 553 563 856 630; x_wconf 61' lang='lat' dir='ltr'><strong>Christum,</strong></span> <span class='ocrx_word' id='word_1_26' title='bbox 884 576 1008 632; x_wconf 79' lang='lat' dir='ltr'><strong>pag.</strong></span> <span class='ocrx_word' id='word_1_27' title='bbox 1037 561 1094 620; x_wconf 90' lang='lat'><strong>6.</strong></span> <span class='ocrx_word' id='word_1_28' title='bbox 1125 570 1180 615; x_wconf 90' lang='lat' dir='ltr'><strong>et</strong></span> <span class='ocrx_word' id='word_1_29' title='bbox 1206 562 1372 631; x_wconf 83' lang='lat' dir='ltr'><strong>seq.).</strong></span> <span class='ocrx_word' id='word_1_30' title='bbox 1406 561 1610 616; x_wconf 78' lang='lat' dir='ltr'><strong>Rursus</strong></span> <span class='ocrx_word' id='word_1_31' title='bbox 1636 575 1765 615; x_wconf 90' lang='lat' dir='ltr'><strong>vero</strong></span> <span class='ocrx_word' id='word_1_32' title='bbox 1796 561 1884 614; x_wconf 89' lang='lat' dir='ltr'><strong>illa</strong></span> <span class='ocrx_word' id='word_1_33' title='bbox 1917 561 2024 629; x_wconf 84' lang='lat' dir='ltr'><strong>phi-</strong></span> 
     </span>
    </p>
   </div>
   <div class='ocr_carea' id='block_1_7' title="bbox 416 652 2024 728">
    <p class='ocr_par' dir='ltr' id='par_1_7' title="bbox 416 652 2024 728">
     <span class='ocr_line' id='line_1_7' title="bbox 416 652 2024 728; baseline -0.003 -15"><span class='ocrx_word' id='word_1_34' title='bbox 416 657 634 728; x_wconf 81' lang='lat' dir='ltr'><strong>losophi</strong></span> <span class='ocrx_word' id='word_1_35' title='bbox 663 656 824 711; x_wconf 83' lang='lat' dir='ltr'><strong>verba</strong></span> <span class='ocrx_word' id='word_1_36' title='bbox 850 655 1087 710; x_wconf 82' lang='lat' dir='ltr'><strong>citarunt</strong></span> <span class='ocrx_word' id='word_1_37' title='bbox 1109 653 1302 709; x_wconf 82' lang='lat' dir='ltr'><strong>Cit-cro</strong></span> <span class='ocrx_word' id='word_1_38' title='bbox 1332 655 1382 707; x_wconf 93' lang='lat' dir='ltr'><strong>in</strong></span> <span class='ocrx_word' id='word_1_39' title='bbox 1421 652 1778 722; x_wconf 79' lang='lat' dir='ltr'><strong>Fragmentis,</strong></span> <span class='ocrx_word' id='word_1_40' title='bbox 1810 663 1864 707; x_wconf 90' lang='lat' dir='ltr'><strong>et</strong></span> <span class='ocrx_word' id='word_1_41' title='bbox 1891 653 2024 708; x_wconf 85' lang='lat' dir='ltr'><strong>Ter-</strong></span> 
     </span>
    </p>
   </div>
   <div class='ocr_carea' id='block_1_8' title="bbox 420 746 2018 818">
    <p class='ocr_par' dir='ltr' id='par_1_8' title="bbox 420 746 2018 818">
     <span class='ocr_line' id='line_1_8' title="bbox 420 746 2018 818; baseline -0.003 -14"><span class='ocrx_word' id='word_1_42' title='bbox 420 749 693 808; x_wconf 80' lang='lat' dir='ltr'><strong>tullianus.</strong></span> <span class='ocrx_word' id='word_1_43' title='bbox 742 763 944 818; x_wconf 84' lang='lat' dir='ltr'><strong>uosque</strong></span> <span class='ocrx_word' id='word_1_44' title='bbox 1001 747 1129 802; x_wconf 93' lang='lat' dir='ltr'><strong>alibi</strong></span> <span class='ocrx_word' id='word_1_45' title='bbox 1167 763 1230 803; x_wconf 88' lang='lat' dir='ltr'><strong>ea</strong></span> <span class='ocrx_word' id='word_1_46' title='bbox 1263 748 1546 802; x_wconf 79' lang='lat' dir='ltr'><strong>retulimus</strong></span> <span class='ocrx_word' id='word_1_47' title='bbox 1587 746 1743 817; x_wconf 87' lang='lat' dir='ltr'><strong>(Cie.,</strong></span> <span class='ocrx_word' id='word_1_48' title='bbox 1779 746 2018 818; x_wconf 82' lang='lat' dir='ltr'><strong>Frogm.,</strong></span> 
     </span>
    </p>
   </div>
   <div class='ocr_carea' id='block_1_9' title="bbox 417 839 2022 913">
    <p class='ocr_par' dir='ltr' id='par_1_9' title="bbox 417 839 2022 913">
     <span class='ocr_line' id='line_1_9' title="bbox 417 839 2022 913; baseline 0.002 -20"><span class='ocrx_word' id='word_1_49' title='bbox 417 857 539 913; x_wconf 70' lang='lat' dir='ltr'><strong>pag.</strong></span> <span class='ocrx_word' id='word_1_50' title='bbox 571 840 682 903; x_wconf 71' lang='lat'><strong>26;</strong></span> <span class='ocrx_word' id='word_1_51' title='bbox 709 839 961 906; x_wconf 88' lang='lat' dir='ltr'><strong>Tertull.,</strong></span> <span class='ocrx_word' id='word_1_52' title='bbox 997 841 1217 912; x_wconf 77' lang='lat' dir='ltr'><strong>Apolog.</strong></span> <span class='ocrx_word' id='word_1_53' title='bbox 1247 856 1366 911; x_wconf 85' lang='lat' dir='ltr'><strong>cap.</strong></span> <span class='ocrx_word' id='word_1_54' title='bbox 1400 842 1490 901; x_wconf 71' lang='grc'><strong>46,</strong></span> <span class='ocrx_word' id='word_1_55' title='bbox 1527 856 1646 912; x_wconf 76' lang='lat' dir='ltr'><strong>pag.</strong></span> <span class='ocrx_word' id='word_1_56' title='bbox 1676 841 1781 906; x_wconf 73' lang='lat'><strong>40;</strong></span> <span class='ocrx_word' id='word_1_57' title='bbox 1821 841 1974 897; x_wconf 86' lang='lat' dir='ltr'><strong>Tom.</strong></span> <span class='ocrx_word' id='word_1_58' title='bbox 2005 857 2022 896; x_wconf 85' lang='lat'>1</span> 
     </span>
    </p>
   </div>
   <div class='ocr_carea' id='block_1_10' title="bbox 417 935 1568 1007">
    <p class='ocr_par' dir='ltr' id='par_1_10' title="bbox 417 935 1568 1007">
     <span class='ocr_line' id='line_1_10' title="bbox 417 935 1568 1007; baseline -0.003 -15"><span class='ocrx_word' id='word_1_59' title='bbox 417 938 701 1007; x_wconf 65' lang='lat' dir='ltr'><strong>Apparet,</strong></span> <span class='ocrx_word' id='word_1_60' title='bbox 735 951 852 1005; x_wconf 66' lang='lat' dir='ltr'><strong>pag.</strong></span> <span class='ocrx_word' id='word_1_61' title='bbox 884 935 982 990; x_wconf 77' lang='lat' dir='ltr'><strong>78l</strong></span> <span class='ocrx_word' id='word_1_62' title='bbox 1024 946 1078 990; x_wconf 88' lang='lat' dir='ltr'><strong>et</strong></span> <span class='ocrx_word' id='word_1_63' title='bbox 1107 936 1233 1000; x_wconf 77' lang='lat' dir='ltr'><strong>9i8,</strong></span> <span class='ocrx_word' id='word_1_64' title='bbox 1267 951 1386 1005; x_wconf 79' lang='lat' dir='ltr'><strong>pag.</strong></span> <span class='ocrx_word' id='word_1_65' title='bbox 1420 935 1568 1004; x_wconf 78' lang='lat' dir='ltr'><strong>l55).</strong></span> 
     </span>
    </p>
   </div>
   <div class='ocr_carea' id='block_1_11' title="bbox 489 1027 2018 1084">
    <p class='ocr_par' dir='ltr' id='par_1_11' title="bbox 489 1027 2018 1084">
     <span class='ocr_line' id='line_1_11' title="bbox 489 1027 2018 1084; baseline -0.001 0"><span class='ocrx_word' id='word_1_66' title='bbox 489 1030 627 1084; x_wconf 90' lang='lat' dir='ltr'><strong>&#39;l&#39;um</strong></span> <span class='ocrx_word' id='word_1_67' title='bbox 675 1028 871 1084; x_wconf 89' lang='lat' dir='ltr'><strong>deinde</strong></span> <span class='ocrx_word' id='word_1_68' title='bbox 909 1027 1171 1082; x_wconf 72' lang='lat' dir='ltr'><strong>Minucius</strong></span> <span class='ocrx_word' id='word_1_69' title='bbox 1224 1029 1338 1082; x_wconf 72' lang='lat' dir='ltr'><strong>hzec</strong></span> <span class='ocrx_word' id='word_1_70' title='bbox 1385 1027 1655 1084; x_wconf 90' lang='lat' dir='ltr'><strong>subnectit</strong></span> <span class='ocrx_word' id='word_1_71' title='bbox 1702 1045 1714 1080; x_wconf 93' lang='lat'>:</span> <span class='ocrx_word' id='word_1_72' title='bbox 1753 1046 1770 1078; x_wconf 81' lang='grc' dir='ltr'><strong>ι</strong></span> <span class='ocrx_word' id='word_1_73' title='bbox 1819 1027 2018 1082; x_wconf 88' lang='lat' dir='ltr'><strong>Eadem</strong></span> 
     </span>
    </p>
   </div>
   <div class='ocr_carea' id='block_1_12' title="bbox 421 1120 2016 1190">
    <p class='ocr_par' dir='ltr' id='par_1_12' title="bbox 421 1120 2016 1190">
     <span class='ocr_line' id='line_1_12' title="bbox 421 1120 2016 1190; baseline -0.003 -11"><span class='ocrx_word' id='word_1_74' title='bbox 421 1124 538 1180; x_wconf 84' lang='lat' dir='ltr'><strong>fere</strong></span> <span class='ocrx_word' id='word_1_75' title='bbox 561 1135 612 1178; x_wconf 91' lang='lat' dir='ltr'><strong>et</strong></span> <span class='ocrx_word' id='word_1_76' title='bbox 637 1123 760 1187; x_wconf 71' lang='lat' dir='ltr'><strong>i~ta,</strong></span> <span class='ocrx_word' id='word_1_77' title='bbox 784 1137 901 1190; x_wconf 69' lang='lat' dir='ltr'><strong>quae</strong></span> <span class='ocrx_word' id='word_1_78' title='bbox 938 1132 1120 1176; x_wconf 84' lang='lat' dir='ltr'><strong>nostra</strong></span> <span class='ocrx_word' id='word_1_79' title='bbox 1145 1131 1271 1175; x_wconf 89' lang='lat' dir='ltr'><strong>sunt</strong></span> <span class='ocrx_word' id='word_1_80' title='bbox 1316 1120 1449 1175; x_wconf 89' lang='lat' dir='ltr'><strong>Nam</strong></span> <span class='ocrx_word' id='word_1_81' title='bbox 1481 1131 1532 1175; x_wconf 88' lang='lat' dir='ltr'><strong>et</strong></span> <span class='ocrx_word' id='word_1_82' title='bbox 1561 1121 1725 1175; x_wconf 89' lang='lat' dir='ltr'><strong>Deum</strong></span> <span class='ocrx_word' id='word_1_83' title='bbox 1751 1122 2016 1186; x_wconf 81' lang='lat' dir='ltr'><strong>novimus,</strong></span> 
     </span>
    </p>
   </div>
   <div class='ocr_carea' id='block_1_13' title="bbox 420 1213 2014 1284">
    <p class='ocr_par' dir='ltr' id='par_1_13' title="bbox 420 1213 2014 1284">
     <span class='ocr_line' id='line_1_13' title="bbox 420 1213 2014 1284; baseline -0.004 -12"><span class='ocrx_word' id='word_1_84' title='bbox 420 1227 475 1272; x_wconf 85' lang='lat' dir='ltr'><strong>et</strong></span> <span class='ocrx_word' id='word_1_85' title='bbox 514 1223 788 1284; x_wconf 81' lang='lat' dir='ltr'><strong>parentem</strong></span> <span class='ocrx_word' id='word_1_86' title='bbox 828 1215 1064 1268; x_wconf 84' lang='lat' dir='ltr'><strong>omnium</strong></span> <span class='ocrx_word' id='word_1_87' title='bbox 1113 1213 1378 1268; x_wconf 53' lang='lat' dir='ltr'><strong>diximus.</strong></span> <span class='ocrx_word' id='word_1_88' title='bbox 1417 1232 1436 1265; x_wconf 74' lang='grc' dir='ltr'><strong>ι</strong></span> <span class='ocrx_word' id='word_1_89' title='bbox 1483 1213 1746 1268; x_wconf 77' lang='lat' dir='ltr'><strong>Similiter</strong></span> <span class='ocrx_word' id='word_1_90' title='bbox 1774 1213 2014 1268; x_wconf 82' lang='lat' dir='ltr'><strong>Athena-</strong></span> 
     </span>
    </p>
   </div>
   <div class='ocr_carea' id='block_1_14' title="bbox 419 1311 2022 1382">
    <p class='ocr_par' dir='ltr' id='par_1_14' title="bbox 419 1311 2022 1382">
     <span class='ocr_line' id='line_1_14' title="bbox 419 1311 2022 1382; baseline -0.001 -21"><span class='ocrx_word' id='word_1_91' title='bbox 419 1325 576 1382; x_wconf 75' lang='lat' dir='ltr'><strong>got-as</strong></span> <span class='ocrx_word' id='word_1_92' title='bbox 607 1329 619 1364; x_wconf 85' lang='lat'><strong>:</strong></span> <span class='ocrx_word' id='word_1_93' title='bbox 649 1314 690 1364; x_wconf 73' lang='grc' dir='ltr'><strong>αἱ</strong></span> <span class='ocrx_word' id='word_1_94' title='bbox 720 1319 869 1366; x_wconf 72' lang='grc' dir='ltr'><strong>τοίνυν</strong></span> <span class='ocrx_word' id='word_1_95' title='bbox 897 1313 976 1364; x_wconf 73' lang='grc' dir='ltr'><strong>οὖσι</strong></span> <span class='ocrx_word' id='word_1_96' title='bbox 1005 1317 1126 1362; x_wconf 60' lang='grc' dir='ltr'><strong>ττι-ιν</strong></span> <span class='ocrx_word' id='word_1_97' title='bbox 1169 1314 1300 1367; x_wconf 67' lang='grc' dir='ltr'><strong>ἄθεος</strong></span> <span class='ocrx_word' id='word_1_98' title='bbox 1341 1313 1553 1364; x_wconf 64' lang='grc' dir='ltr'><strong>Πλάτων.</strong></span> <span class='ocrx_word' id='word_1_99' title='bbox 1585 1314 1664 1360; x_wconf 62' lang='grc' dir='ltr'><strong>ἕνα</strong></span> <span class='ocrx_word' id='word_1_100' title='bbox 1690 1316 1767 1364; x_wconf 77' lang='grc' dir='ltr'><strong>τδν</strong></span> <span class='ocrx_word' id='word_1_101' title='bbox 1793 1311 2022 1377; x_wconf 67' lang='grc' dir='ltr'><strong>δημωυρ-</strong></span> 
     </span>
    </p>
   </div>
   <div class='ocr_carea' id='block_1_15' title="bbox 415 1398 2022 1474">
    <p class='ocr_par' dir='ltr' id='par_1_15' title="bbox 415 1398 2022 1474">
     <span class='ocr_line' id='line_1_15' title="bbox 415 1398 2022 1474; baseline -0.002 -19"><span class='ocrx_word' id='word_1_102' title='bbox 415 1412 496 1474; x_wconf 60' lang='grc' dir='ltr'><strong>πνὸν</strong></span> <span class='ocrx_word' id='word_1_103' title='bbox 533 1412 621 1457; x_wconf 77' lang='grc' dir='ltr'><strong>τῶν</strong></span> <span class='ocrx_word' id='word_1_104' title='bbox 663 1403 781 1454; x_wconf 71' lang='grc' dir='ltr'><strong>ὅλων</strong></span> <span class='ocrx_word' id='word_1_105' title='bbox 827 1419 938 1455; x_wconf 76' lang='grc' dir='ltr'><strong>νοῶν</strong></span> <span class='ocrx_word' id='word_1_106' title='bbox 984 1405 1232 1470; x_wconf 53' lang='grc' dir='ltr'><strong>ἀγίνηιτσν</strong></span> <span class='ocrx_word' id='word_1_107' title='bbox 1277 1406 1414 1463; x_wconf 68' lang='lat' dir='ltr'><strong>Osca,</strong></span> <span class='ocrx_word' id='word_1_108' title='bbox 1463 1403 1564 1454; x_wconf 65' lang='grc' dir='ltr'><strong>οὐδὲ</strong></span> <span class='ocrx_word' id='word_1_109' title='bbox 1596 1405 1728 1466; x_wconf 53' lang='lat' dir='ltr'><strong>ituri;</strong></span> <span class='ocrx_word' id='word_1_110' title='bbox 1759 1408 1912 1459; x_wconf 66' lang='grc' dir='ltr'><strong>ἄθεοι,</strong></span> <span class='ocrx_word' id='word_1_111' title='bbox 1946 1398 2022 1469; x_wconf 66' lang='grc' dir='ltr'><strong>ὑφ’</strong></span> 
     </span>
    </p>
   </div>
   <div class='ocr_carea' id='block_1_16' title="bbox 419 1492 2018 1564">
    <p class='ocr_par' dir='ltr' id='par_1_16' title="bbox 419 1492 2018 1564">
     <span class='ocr_line' id='line_1_16' title="bbox 419 1492 2018 1564; baseline -0.002 -16"><span class='ocrx_word' id='word_1_112' title='bbox 419 1501 473 1549; x_wconf 77' lang='grc' dir='ltr'><strong>οὖ</strong></span> <span class='ocrx_word' id='word_1_113' title='bbox 503 1501 621 1564; x_wconf 71' lang='grc' dir='ltr'><strong>λόγῳ</strong></span> <span class='ocrx_word' id='word_1_114' title='bbox 652 1498 1074 1564; x_wconf 64' lang='grc' dir='ltr'><strong>δεδημιούργηται,</strong></span> <span class='ocrx_word' id='word_1_115' title='bbox 1108 1496 1189 1545; x_wconf 74' lang='grc' dir='ltr'><strong>καὶ</strong></span> <span class='ocrx_word' id='word_1_116' title='bbox 1217 1505 1280 1561; x_wconf 74' lang='grc' dir='ltr'><strong>τῷ</strong></span> <span class='ocrx_word' id='word_1_117' title='bbox 1306 1492 1421 1562; x_wconf 69' lang='grc' dir='ltr'><strong>παρ’</strong></span> <span class='ocrx_word' id='word_1_118' title='bbox 1451 1497 1598 1547; x_wconf 69' lang='lat' dir='ltr'><strong>abi-0&#39;5</strong></span> <span class='ocrx_word' id='word_1_119' title='bbox 1625 1497 1861 1554; x_wconf 67' lang='grc' dir='ltr'><strong>πνεύματι</strong></span> <span class='ocrx_word' id='word_1_120' title='bbox 1885 1499 2018 1545; x_wconf 79' lang='grc' dir='ltr'><strong>συνέ-</strong></span> 
     </span>
    </p>
   </div>
   <div class='ocr_carea' id='block_1_17' title="bbox 417 1583 2018 1656">
    <p class='ocr_par' dir='ltr' id='par_1_17' title="bbox 417 1583 2018 1656">
     <span class='ocr_line' id='line_1_17' title="bbox 417 1583 2018 1656; baseline -0.004 -14"><span class='ocrx_word' id='word_1_121' title='bbox 417 1609 556 1656; x_wconf 71' lang='grc' dir='ltr'><strong>χετιι</strong></span> <span class='ocrx_word' id='word_1_122' title='bbox 577 1592 640 1643; x_wconf 67' lang='grc' dir='ltr'><strong>τὸ.</strong></span> <span class='ocrx_word' id='word_1_123' title='bbox 670 1592 846 1651; x_wconf 64' lang='grc' dir='ltr'><strong>πιόντι,</strong></span> <span class='ocrx_word' id='word_1_124' title='bbox 863 1598 1026 1641; x_wconf 77' lang='grc' dir='ltr'><strong>τοῦτον</strong></span> <span class='ocrx_word' id='word_1_125' title='bbox 1048 1589 1222 1643; x_wconf 75' lang='grc' dir='ltr'><strong>εὶδστες</strong></span> <span class='ocrx_word' id='word_1_126' title='bbox 1253 1587 1336 1636; x_wconf 68' lang='grc' dir='ltr'><strong>καὶ</strong></span> <span class='ocrx_word' id='word_1_127' title='bbox 1360 1591 1636 1654; x_wconf 73' lang='grc' dir='ltr'><strong>κρατοῦντας</strong></span> <span class='ocrx_word' id='word_1_128' title='bbox 1654 1587 1786 1636; x_wconf 71' lang='grc' dir='ltr'><strong>Θεὸν.</strong></span> <span class='ocrx_word' id='word_1_129' title='bbox 1823 1601 1842 1632; x_wconf 72' lang='grc' dir='ltr'><strong>ι</strong></span> <span class='ocrx_word' id='word_1_130' title='bbox 1866 1583 2018 1649; x_wconf 83' lang='lat' dir='ltr'><strong>Quod</strong></span> 
     </span>
    </p>
   </div>
   <div class='ocr_carea' id='block_1_18' title="bbox 416 1675 2018 1748">
    <p class='ocr_par' dir='ltr' id='par_1_18' title="bbox 416 1675 2018 1748">
     <span class='ocr_line' id='line_1_18' title="bbox 416 1675 2018 1748; baseline -0.005 -14"><span class='ocrx_word' id='word_1_131' title='bbox 416 1681 460 1734; x_wconf 83' lang='lat' dir='ltr'><strong>si</strong></span> <span class='ocrx_word' id='word_1_132' title='bbox 493 1695 595 1732; x_wconf 92' lang='lat' dir='ltr'><strong>nou</strong></span> <span class='ocrx_word' id='word_1_133' title='bbox 629 1679 788 1748; x_wconf 89' lang='lat' dir='ltr'><strong>itnpia</strong></span> <span class='ocrx_word' id='word_1_134' title='bbox 835 1685 916 1731; x_wconf 91' lang='lat' dir='ltr'><strong>est</strong></span> <span class='ocrx_word' id='word_1_135' title='bbox 949 1678 1062 1729; x_wconf 74' lang='lat' dir='ltr'><strong>inec</strong></span> <span class='ocrx_word' id='word_1_136' title='bbox 1112 1677 1354 1729; x_wconf 79' lang='lat' dir='ltr'><strong>Platonis</strong></span> <span class='ocrx_word' id='word_1_137' title='bbox 1395 1681 1460 1727; x_wconf 81' lang='lat' dir='ltr'><strong>de</strong></span> <span class='ocrx_word' id='word_1_138' title='bbox 1494 1690 1601 1729; x_wconf 90' lang='lat' dir='ltr'><strong>uno</strong></span> <span class='ocrx_word' id='word_1_139' title='bbox 1651 1675 2018 1728; x_wconf 75' lang='lat' dir='ltr'><strong>unitersitatis</strong></span> 
     </span>
    </p>
   </div>
   <div class='ocr_carea' id='block_1_19' title="bbox 2131 469 3722 545">
    <p class='ocr_par' dir='ltr' id='par_1_19' title="bbox 2131 469 3722 545">
     <span class='ocr_line' id='line_1_19' title="bbox 2131 469 3722 545; baseline 0.006 -24"><span class='ocrx_word' id='word_1_140' title='bbox 2131 469 2354 534; x_wconf 84' lang='lat' dir='ltr'><strong>Persas.</strong></span> <span class='ocrx_word' id='word_1_141' title='bbox 2407 473 2474 528; x_wconf 90' lang='lat' dir='ltr'><strong>de</strong></span> <span class='ocrx_word' id='word_1_142' title='bbox 2521 489 2778 544; x_wconf 90' lang='lat' dir='ltr'><strong>equorum</strong></span> <span class='ocrx_word' id='word_1_143' title='bbox 2831 473 3035 526; x_wconf 83' lang='lat' dir='ltr'><strong>hinnitu</strong></span> <span class='ocrx_word' id='word_1_144' title='bbox 3083 482 3409 542; x_wconf 80' lang='lat' dir='ltr'><strong>augurantes</strong></span> <span class='ocrx_word' id='word_1_145' title='bbox 3453 476 3722 545; x_wconf 88' lang='lat' dir='ltr'><strong>principa-</strong></span> 
     </span>
    </p>
   </div>
   <div class='ocr_carea' id='block_1_20' title="bbox 2130 568 3721 637">
    <p class='ocr_par' dir='ltr' id='par_1_20' title="bbox 2130 568 3721 637">
     <span class='ocr_line' id='line_1_20' title="bbox 2130 568 3721 637; baseline 0.004 -19"><span class='ocrx_word' id='word_1_146' title='bbox 2130 573 2261 619; x_wconf 90' lang='lat' dir='ltr'><strong>tum.</strong></span> <span class='ocrx_word' id='word_1_147' title='bbox 2290 586 2308 618; x_wconf 78' lang='grc' dir='ltr'><strong>ι</strong></span> <span class='ocrx_word' id='word_1_148' title='bbox 2344 568 2544 622; x_wconf 83' lang='lat' dir='ltr'><strong>Verum</strong></span> <span class='ocrx_word' id='word_1_149' title='bbox 2575 569 2693 637; x_wconf 93' lang='lat' dir='ltr'><strong>quis</strong></span> <span class='ocrx_word' id='word_1_150' title='bbox 2741 569 2852 621; x_wconf 70' lang='lat' dir='ltr'><strong>haac</strong></span> <span class='ocrx_word' id='word_1_151' title='bbox 2885 568 3166 636; x_wconf 81' lang='lat' dir='ltr'><strong>intelliget,</strong></span> <span class='ocrx_word' id='word_1_152' title='bbox 3218 569 3317 621; x_wconf 90' lang='lat' dir='ltr'><strong>nisi</strong></span> <span class='ocrx_word' id='word_1_153' title='bbox 3354 569 3494 622; x_wconf 86' lang='lat' dir='ltr'><strong>Darii</strong></span> <span class='ocrx_word' id='word_1_154' title='bbox 3527 570 3721 624; x_wconf 86' lang='lat' dir='ltr'><strong>Persa-</strong></span> 
     </span>
    </p>
   </div>
   <div class='ocr_carea' id='block_1_21' title="bbox 2127 660 3722 728">
    <p class='ocr_par' dir='ltr' id='par_1_21' title="bbox 2127 660 3722 728">
     <span class='ocr_line' id='line_1_21' title="bbox 2127 660 3722 728; baseline 0.004 -18"><span class='ocrx_word' id='word_1_155' title='bbox 2127 672 2242 710; x_wconf 86' lang='lat' dir='ltr'><strong>rum</strong></span> <span class='ocrx_word' id='word_1_156' title='bbox 2279 660 2418 728; x_wconf 82' lang='lat' dir='ltr'><strong>regis</strong></span> <span class='ocrx_word' id='word_1_157' title='bbox 2449 660 2724 713; x_wconf 69' lang='lat' dir='ltr'><strong>hi~toriam</strong></span> <span class='ocrx_word' id='word_1_158' title='bbox 2758 661 2966 713; x_wconf 88' lang='lat' dir='ltr'><strong>noverit</strong></span> <span class='ocrx_word' id='word_1_159' title='bbox 3014 669 3106 712; x_wconf 88' lang='lat' dir='ltr'><strong>aut</strong></span> <span class='ocrx_word' id='word_1_160' title='bbox 3149 662 3415 714; x_wconf 86' lang='lat' dir='ltr'><strong>revocarit</strong></span> <span class='ocrx_word' id='word_1_161' title='bbox 3444 663 3494 715; x_wconf 91' lang='lat' dir='ltr'><strong>in</strong></span> <span class='ocrx_word' id='word_1_162' title='bbox 3521 678 3722 717; x_wconf 90' lang='lat' dir='ltr'><strong>memo-</strong></span> 
     </span>
    </p>
   </div>
   <div class='ocr_carea' id='block_1_22' title="bbox 2126 749 3721 821">
    <p class='ocr_par' dir='ltr' id='par_1_22' title="bbox 2126 749 3721 821">
     <span class='ocr_line' id='line_1_22' title="bbox 2126 749 3721 821; baseline 0.004 -21"><span class='ocrx_word' id='word_1_163' title='bbox 2126 749 2261 802; x_wconf 89' lang='lat' dir='ltr'><strong>riam</strong></span> <span class='ocrx_word' id='word_1_164' title='bbox 2289 750 2312 801; x_wconf 92' lang='lat'><strong>?</strong></span> <span class='ocrx_word' id='word_1_165' title='bbox 2343 751 2548 804; x_wconf 73' lang='lat' dir='ltr'><strong>Occisis</strong></span> <span class='ocrx_word' id='word_1_166' title='bbox 2579 751 2842 818; x_wconf 76' lang='lat' dir='ltr'><strong>siquidem</strong></span> <span class='ocrx_word' id='word_1_167' title='bbox 2878 751 3063 818; x_wconf 77' lang='lat' dir='ltr'><strong>Magis,</strong></span> <span class='ocrx_word' id='word_1_168' title='bbox 3095 767 3457 821; x_wconf 66' lang='lat' dir='ltr'><strong>oppressaque</strong></span> <span class='ocrx_word' id='word_1_169' title='bbox 3482 755 3721 820; x_wconf 76' lang='lat' dir='ltr'><strong>Sordida,</strong></span> 
     </span>
    </p>
   </div>
   <div class='ocr_carea' id='block_1_23' title="bbox 2128 843 3724 912">
    <p class='ocr_par' dir='ltr' id='par_1_23' title="bbox 2128 843 3724 912">
     <span class='ocr_line' id='line_1_23' title="bbox 2128 843 3724 912; baseline 0.004 -15"><span class='ocrx_word' id='word_1_170' title='bbox 2128 853 2183 897; x_wconf 90' lang='lat' dir='ltr'><strong>ut</strong></span> <span class='ocrx_word' id='word_1_171' title='bbox 2210 843 2281 896; x_wconf 86' lang='lat' dir='ltr'><strong>ait</strong></span> <span class='ocrx_word' id='word_1_172' title='bbox 2312 843 2551 898; x_wconf 83' lang='lat' dir='ltr'><strong>Valerius</strong></span> <span class='ocrx_word' id='word_1_173' title='bbox 2581 847 2864 910; x_wconf 82' lang='lat' dir='ltr'><strong>Maximus,</strong></span> <span class='ocrx_word' id='word_1_174' title='bbox 2898 863 3085 899; x_wconf 84' lang='lat' dir='ltr'><strong>eorum</strong></span> <span class='ocrx_word' id='word_1_175' title='bbox 3115 846 3499 912; x_wconf 85' lang='lat' dir='ltr'><strong>dominatione,</strong></span> <span class='ocrx_word' id='word_1_176' title='bbox 3533 849 3724 904; x_wconf 84' lang='lat' dir='ltr'><strong>Darius</strong></span> 
     </span>
    </p>
   </div>
   <div class='ocr_carea' id='block_1_24' title="bbox 2125 940 3722 1013">
    <p class='ocr_par' dir='ltr' id='par_1_24' title="bbox 2125 940 3722 1013">
     <span class='ocr_line' id='line_1_24' title="bbox 2125 940 3722 1013; baseline 0.004 -23"><span class='ocrx_word' id='word_1_177' title='bbox 2125 953 2190 990; x_wconf 84' lang='lat' dir='ltr'><strong>ex</strong></span> <span class='ocrx_word' id='word_1_178' title='bbox 2216 954 2246 1005; x_wconf 88' lang='lat' dir='ltr'><strong>p</strong></span> <span class='ocrx_word' id='word_1_179' title='bbox 2267 947 2370 991; x_wconf 74' lang='lat' dir='ltr'><strong>tcto</strong></span> <span class='ocrx_word' id='word_1_180' title='bbox 2406 949 2454 990; x_wconf 91' lang='lat' dir='ltr'><strong>et</strong></span> <span class='ocrx_word' id='word_1_181' title='bbox 2480 953 2746 993; x_wconf 85' lang='lat' dir='ltr'><strong>conventu</strong></span> <span class='ocrx_word' id='word_1_182' title='bbox 2773 955 2863 994; x_wconf 93' lang='lat' dir='ltr'><strong>rex</strong></span> <span class='ocrx_word' id='word_1_183' title='bbox 2895 940 3041 994; x_wconf 80' lang='lat' dir='ltr'><strong>solus</strong></span> <span class='ocrx_word' id='word_1_184' title='bbox 3069 950 3282 994; x_wconf 87' lang='lat' dir='ltr'><strong>creatus</strong></span> <span class='ocrx_word' id='word_1_185' title='bbox 3305 951 3404 1002; x_wconf 86' lang='lat' dir='ltr'><strong>est,</strong></span> <span class='ocrx_word' id='word_1_186' title='bbox 3441 951 3722 1013; x_wconf 79' lang='lat' dir='ltr'><strong>postquam</strong></span> 
     </span>
    </p>
   </div>
   <div class='ocr_carea' id='block_1_25' title="bbox 2125 1031 3718 1100">
    <p class='ocr_par' dir='ltr' id='par_1_25' title="bbox 2125 1031 3718 1100">
     <span class='ocr_line' id='line_1_25' title="bbox 2125 1031 3718 1100; baseline 0.003 -16"><span class='ocrx_word' id='word_1_187' title='bbox 2125 1031 2240 1098; x_wconf 84' lang='lat' dir='ltr'><strong>ejus</strong></span> <span class='ocrx_word' id='word_1_188' title='bbox 2276 1046 2445 1098; x_wconf 90' lang='lat' dir='ltr'><strong>equus</strong></span> <span class='ocrx_word' id='word_1_189' title='bbox 2476 1032 2575 1085; x_wconf 91' lang='lat' dir='ltr'><strong>sub</strong></span> <span class='ocrx_word' id='word_1_190' title='bbox 2608 1033 2781 1100; x_wconf 79' lang='lat' dir='ltr'><strong>ipsmn</strong></span> <span class='ocrx_word' id='word_1_191' title='bbox 2811 1033 2940 1086; x_wconf 82' lang='lat' dir='ltr'><strong>sclis</strong></span> <span class='ocrx_word' id='word_1_192' title='bbox 2972 1043 3148 1087; x_wconf 91' lang='lat' dir='ltr'><strong>ortum</strong></span> <span class='ocrx_word' id='word_1_193' title='bbox 3189 1033 3313 1086; x_wconf 87' lang='lat' dir='ltr'><strong>dolo</strong></span> <span class='ocrx_word' id='word_1_194' title='bbox 3350 1035 3567 1089; x_wconf 64' lang='lat' dir='ltr'><strong>[Ebaris</strong></span> <span class='ocrx_word' id='word_1_195' title='bbox 3605 1037 3718 1089; x_wconf 90' lang='lat' dir='ltr'><strong>hin-</strong></span> 
     </span>
    </p>
   </div>
   <div class='ocr_carea' id='block_1_26' title="bbox 2125 1121 3719 1194">
    <p class='ocr_par' dir='ltr' id='par_1_26' title="bbox 2125 1121 3719 1194">
     <span class='ocr_line' id='line_1_26' title="bbox 2125 1121 3719 1194; baseline 0.003 -19"><span class='ocrx_word' id='word_1_196' title='bbox 2125 1121 2290 1176; x_wconf 89' lang='lat' dir='ltr'><strong>nitum</strong></span> <span class='ocrx_word' id='word_1_197' title='bbox 2321 1122 2570 1176; x_wconf 69' lang='lat' dir='ltr'><strong>edidisset.</strong></span> <span class='ocrx_word' id='word_1_198' title='bbox 2594 1122 2795 1193; x_wconf 72' lang='lat' dir='ltr'><strong>(Vater.</strong></span> <span class='ocrx_word' id='word_1_199' title='bbox 2844 1124 3004 1183; x_wconf 63' lang='grc' dir='ltr'><strong>Μεικ..</strong></span> <span class='ocrx_word' id='word_1_200' title='bbox 3032 1124 3123 1178; x_wconf 89' lang='lat' dir='ltr'><strong>lib.</strong></span> <span class='ocrx_word' id='word_1_201' title='bbox 3149 1140 3240 1186; x_wconf 89' lang='lat' dir='ltr'><strong>\‘lt,</strong></span> <span class='ocrx_word' id='word_1_202' title='bbox 3270 1140 3386 1194; x_wconf 91' lang='lat' dir='ltr'><strong>cap.</strong></span> <span class='ocrx_word' id='word_1_203' title='bbox 3413 1128 3446 1176; x_wconf 60' lang='grc' dir='ltr'><strong><em>τὶ</em></strong></span> <span class='ocrx_word' id='word_1_204' title='bbox 3467 1167 3480 1190; x_wconf 87' lang='grc'><em>,</em></span> <span class='ocrx_word' id='word_1_205' title='bbox 3509 1126 3719 1192; x_wconf 77' lang='lat' dir='ltr'><strong>Exter.,</strong></span> 
     </span>
    </p>
   </div>
   <div class='ocr_carea' id='block_1_27' title="bbox 2124 1212 3725 1284">
    <p class='ocr_par' dir='ltr' id='par_1_27' title="bbox 2124 1212 3725 1284">
     <span class='ocr_line' id='line_1_27' title="bbox 2124 1212 3725 1284; baseline 0.002 -18"><span class='ocrx_word' id='word_1_206' title='bbox 2124 1212 2170 1284; x_wconf 84' lang='lat'><strong>§,</strong></span> <span class='ocrx_word' id='word_1_207' title='bbox 2201 1212 2282 1284; x_wconf 52' lang='grc' dir='ltr'><strong>ᾖ).</strong></span> <span class='ocrx_word' id='word_1_208' title='bbox 2311 1213 2520 1267; x_wconf 82' lang='lat' dir='ltr'><strong>Videsis</strong></span> <span class='ocrx_word' id='word_1_209' title='bbox 2549 1215 2897 1274; x_wconf 83' lang='lat' dir='ltr'><strong>Herodotum,</strong></span> <span class='ocrx_word' id='word_1_210' title='bbox 2929 1215 3194 1269; x_wconf 56' lang='lat' dir='ltr'><strong>Justiuum</strong></span> <span class='ocrx_word' id='word_1_211' title='bbox 3238 1217 3574 1276; x_wconf 69' lang='lat' dir='ltr'><strong>historicum.</strong></span> <span class='ocrx_word' id='word_1_212' title='bbox 3617 1217 3725 1271; x_wconf 83' lang='lat' dir='ltr'><strong>Va-</strong></span> 
     </span>
    </p>
   </div>
   <div class='ocr_carea' id='block_1_28' title="bbox 2125 1298 3721 1380">
    <p class='ocr_par' dir='ltr' id='par_1_28' title="bbox 2125 1298 3721 1380">
     <span class='ocr_line' id='line_1_28' title="bbox 2125 1298 3721 1380; baseline 0.003 -22"><span class='ocrx_word' id='word_1_213' title='bbox 2125 1306 2313 1359; x_wconf 85' lang='lat' dir='ltr'><strong>lerium</strong></span> <span class='ocrx_word' id='word_1_214' title='bbox 2336 1298 2642 1360; x_wconf 69' lang='lat' dir='ltr'><strong>Maxiinum.</strong></span> <span class='ocrx_word' id='word_1_215' title='bbox 2675 1319 2727 1362; x_wconf 88' lang='lat' dir='ltr'><strong>et</strong></span> <span class='ocrx_word' id='word_1_216' title='bbox 2759 1308 2893 1362; x_wconf 88' lang='lat' dir='ltr'><strong>alios</strong></span> <span class='ocrx_word' id='word_1_217' title='bbox 2919 1308 3190 1380; x_wconf 82' lang='lat' dir='ltr'><strong>(Ilerodot.</strong></span> <span class='ocrx_word' id='word_1_218' title='bbox 3227 1310 3294 1362; x_wconf 83' lang='lat' dir='ltr'><strong>ltb</strong></span> <span class='ocrx_word' id='word_1_219' title='bbox 3345 1325 3423 1377; x_wconf 83' lang='lat' dir='ltr'><strong>ut,</strong></span> <span class='ocrx_word' id='word_1_220' title='bbox 3461 1309 3488 1378; x_wconf 62' lang='grc' dir='ltr'><strong>ξ</strong></span> <span class='ocrx_word' id='word_1_221' title='bbox 3523 1309 3608 1366; x_wconf 61' lang='lat' dir='ltr'><strong>sa.</strong></span> <span class='ocrx_word' id='word_1_222' title='bbox 3649 1308 3721 1364; x_wconf 82' lang='lat'><strong>85</strong></span> 
     </span>
    </p>
   </div>
   <div class='ocr_carea' id='block_1_29' title="bbox 2122 1399 3721 1470">
    <p class='ocr_par' dir='ltr' id='par_1_29' title="bbox 2122 1399 3721 1470">
     <span class='ocr_line' id='line_1_29' title="bbox 2122 1399 3721 1470; baseline 0.002 -18"><span class='ocrx_word' id='word_1_223' title='bbox 2122 1410 2165 1452; x_wconf 89' lang='lat' dir='ltr'><strong>et</strong></span> <span class='ocrx_word' id='word_1_224' title='bbox 2196 1415 2338 1469; x_wconf 81' lang='lat' dir='ltr'><strong>seq.;</strong></span> <span class='ocrx_word' id='word_1_225' title='bbox 2364 1399 2581 1458; x_wconf 79' lang='lat' dir='ltr'><strong>Justin..</strong></span> <span class='ocrx_word' id='word_1_226' title='bbox 2611 1401 2703 1453; x_wconf 82' lang='lat' dir='ltr'><strong>sub</strong></span> <span class='ocrx_word' id='word_1_227' title='bbox 2735 1402 2824 1468; x_wconf 80' lang='lat' dir='ltr'><strong>ﬁn.</strong></span> <span class='ocrx_word' id='word_1_228' title='bbox 2859 1401 2947 1454; x_wconf 78' lang='lat' dir='ltr'><strong>lib.</strong></span> <span class='ocrx_word' id='word_1_229' title='bbox 2981 1417 3033 1464; x_wconf 88' lang='lat' dir='ltr'><strong>t;</strong></span> <span class='ocrx_word' id='word_1_230' title='bbox 3078 1400 3246 1454; x_wconf 69' lang='grc' dir='ltr'><strong>ναῖεν.</strong></span> <span class='ocrx_word' id='word_1_231' title='bbox 3287 1400 3427 1457; x_wconf 74' lang='lat' dir='ltr'><strong>Max.</strong></span> <span class='ocrx_word' id='word_1_232' title='bbox 3462 1408 3538 1456; x_wconf 84' lang='lat' dir='ltr'><strong>loc</strong></span> <span class='ocrx_word' id='word_1_233' title='bbox 3583 1401 3721 1470; x_wconf 85' lang='lat' dir='ltr'><strong>cit.).</strong></span> 
     </span>
    </p>
   </div>
   <div class='ocr_carea' id='block_1_30' title="bbox 2194 1492 3720 1564">
    <p class='ocr_par' dir='ltr' id='par_1_30' title="bbox 2194 1492 3720 1564">
     <span class='ocr_line' id='line_1_30' title="bbox 2194 1492 3720 1564; baseline 0.003 -19"><span class='ocrx_word' id='word_1_234' title='bbox 2194 1492 2304 1546; x_wconf 85' lang='lat' dir='ltr'><strong>Nec</strong></span> <span class='ocrx_word' id='word_1_235' title='bbox 2355 1494 2522 1558; x_wconf 67' lang='lat' dir='ltr'><strong>magis</strong></span> <span class='ocrx_word' id='word_1_236' title='bbox 2548 1495 2692 1547; x_wconf 86' lang='lat' dir='ltr'><strong>clara</strong></span> <span class='ocrx_word' id='word_1_237' title='bbox 2747 1503 2871 1547; x_wconf 88' lang='lat' dir='ltr'><strong>sunt</strong></span> <span class='ocrx_word' id='word_1_238' title='bbox 2918 1493 3032 1547; x_wconf 66' lang='lat' dir='ltr'><strong>hate</strong></span> <span class='ocrx_word' id='word_1_239' title='bbox 3074 1495 3451 1564; x_wconf 76' lang='lat' dir='ltr'><strong>subsequentia</strong></span> <span class='ocrx_word' id='word_1_240' title='bbox 3506 1493 3720 1549; x_wconf 84' lang='lat' dir='ltr'><strong>Minucii</strong></span> 
     </span>
    </p>
   </div>
   <div class='ocr_carea' id='block_1_31' title="bbox 2124 1586 3720 1653">
    <p class='ocr_par' dir='ltr' id='par_1_31' title="bbox 2124 1586 3720 1653">
     <span class='ocr_line' id='line_1_31' title="bbox 2124 1586 3720 1653; baseline 0.001 -14"><span class='ocrx_word' id='word_1_241' title='bbox 2124 1586 2286 1640; x_wconf 81' lang='lat' dir='ltr'><strong>verba</strong></span> <span class='ocrx_word' id='word_1_242' title='bbox 2321 1602 2334 1641; x_wconf 88' lang='lat'><strong>:</strong></span> <span class='ocrx_word' id='word_1_243' title='bbox 2373 1606 2391 1636; x_wconf 85' lang='grc'><strong><em>‹</em></strong></span> <span class='ocrx_word' id='word_1_244' title='bbox 2445 1586 2511 1640; x_wconf 77' lang='lat' dir='ltr'><strong>Et</strong></span> <span class='ocrx_word' id='word_1_245' title='bbox 2561 1587 2935 1640; x_wconf 87' lang='lat' dir='ltr'><strong>Thebanorum</strong></span> <span class='ocrx_word' id='word_1_246' title='bbox 2992 1603 3085 1653; x_wconf 87' lang='lat' dir='ltr'><strong>par</strong></span> <span class='ocrx_word' id='word_1_247' title='bbox 3137 1597 3446 1652; x_wconf 80' lang='lat' dir='ltr'><strong>mortuum,</strong></span> <span class='ocrx_word' id='word_1_248' title='bbox 3487 1586 3720 1640; x_wconf 87' lang='lat' dir='ltr'><strong>lahulam</strong></span> 
     </span>
    </p>
   </div>
   <div class='ocr_carea' id='block_1_32' title="bbox 2125 1677 3724 1744">
    <p class='ocr_par' dir='ltr' id='par_1_32' title="bbox 2125 1677 3724 1744">
     <span class='ocr_line' id='line_1_32' title="bbox 2125 1677 3724 1744; baseline -0.001 -12"><span class='ocrx_word' id='word_1_249' title='bbox 2125 1689 2340 1733; x_wconf 81' lang='lat' dir='ltr'><strong>irattSt-O</strong></span> <span class='ocrx_word' id='word_1_250' title='bbox 2370 1697 2383 1734; x_wconf 89' lang='lat'><strong>:</strong></span> <span class='ocrx_word' id='word_1_251' title='bbox 2426 1698 2444 1730; x_wconf 76' lang='grc' dir='ltr'><strong>ι</strong></span> <span class='ocrx_word' id='word_1_252' title='bbox 2479 1680 2558 1734; x_wconf 90' lang='lat' dir='ltr'><strong>vel</strong></span> <span class='ocrx_word' id='word_1_253' title='bbox 2589 1680 2868 1734; x_wconf 75' lang='lat' dir='ltr'><strong>obscurius</strong></span> <span class='ocrx_word' id='word_1_254' title='bbox 2899 1695 2960 1733; x_wconf 85' lang='lat' dir='ltr'><strong>ac</strong></span> <span class='ocrx_word' id='word_1_255' title='bbox 2989 1689 3244 1744; x_wconf 87' lang='lat' dir='ltr'><strong>corrupte</strong></span> <span class='ocrx_word' id='word_1_256' title='bbox 3300 1679 3351 1732; x_wconf 92' lang='lat' dir='ltr'><strong>itt</strong></span> <span class='ocrx_word' id='word_1_257' title='bbox 3401 1677 3588 1731; x_wconf 80' lang='lat' dir='ltr'><strong>codice</strong></span> <span class='ocrx_word' id='word_1_258' title='bbox 3638 1692 3724 1732; x_wconf 89' lang='lat' dir='ltr'><strong>re-</strong></span> 
     </span>
    </p>
   </div>
   <div class='ocr_carea' id='block_1_33' title="bbox 420 1767 3723 1844">
    <p class='ocr_par' dir='ltr' id='par_1_33' title="bbox 420 1767 3723 1844">
     <span class='ocr_line' id='line_1_33' title="bbox 420 1767 3723 1844; baseline -0.002 -15"><span class='ocrx_word' id='word_1_259' title='bbox 420 1773 660 1844; x_wconf 81' lang='lat' dir='ltr'><strong>ingenito</strong></span> <span class='ocrx_word' id='word_1_260' title='bbox 697 1773 805 1825; x_wconf 82' lang='lat' dir='ltr'><strong>Deo</strong></span> <span class='ocrx_word' id='word_1_261' title='bbox 824 1771 1111 1832; x_wconf 88' lang='lat' dir='ltr'><strong>sententia,</strong></span> <span class='ocrx_word' id='word_1_262' title='bbox 1145 1785 1211 1824; x_wconf 89' lang='lat' dir='ltr'><strong>ne</strong></span> <span class='ocrx_word' id='word_1_263' title='bbox 1253 1783 1348 1822; x_wconf 90' lang='lat' dir='ltr'><strong>nos</strong></span> <span class='ocrx_word' id='word_1_264' title='bbox 1374 1770 1585 1837; x_wconf 86' lang='lat' dir='ltr'><strong>quidem</strong></span> <span class='ocrx_word' id='word_1_265' title='bbox 1618 1767 1876 1822; x_wconf 73' lang='lat' dir='ltr'><strong>fuerimus</strong></span> <span class='ocrx_word' id='word_1_266' title='bbox 1915 1769 2014 1822; x_wconf 90' lang='lat' dir='ltr'><strong>im-</strong></span> <span class='ocrx_word' id='word_1_267' title='bbox 2048 1768 2092 1827; x_wconf 86' lang='grc' dir='ltr'>Β</span> <span class='ocrx_word' id='word_1_268' title='bbox 2120 1775 2208 1842; x_wconf 82' lang='lat' dir='ltr'><strong>gio</strong></span> <span class='ocrx_word' id='word_1_269' title='bbox 2243 1793 2260 1825; x_wconf 74' lang='grc' dir='ltr'><strong>ι</strong></span> <span class='ocrx_word' id='word_1_270' title='bbox 2291 1790 2387 1844; x_wconf 87' lang='lat' dir='ltr'><strong>per</strong></span> <span class='ocrx_word' id='word_1_271' title='bbox 2419 1783 2686 1827; x_wconf 75' lang='lat' dir='ltr'><strong>mortuam</strong></span> <span class='ocrx_word' id='word_1_272' title='bbox 2735 1774 2986 1826; x_wconf 89' lang='lat' dir='ltr'><strong>fabulam.</strong></span> <span class='ocrx_word' id='word_1_273' title='bbox 3027 1792 3044 1824; x_wconf 70' lang='grc' dir='ltr'><strong>ι</strong></span> <span class='ocrx_word' id='word_1_274' title='bbox 3086 1773 3274 1826; x_wconf 86' lang='lat' dir='ltr'><strong>Paucis</strong></span> <span class='ocrx_word' id='word_1_275' title='bbox 3307 1771 3389 1826; x_wconf 86' lang='lat' dir='ltr'><strong>his</strong></span> <span class='ocrx_word' id='word_1_276' title='bbox 3418 1773 3598 1826; x_wconf 87' lang='lat' dir='ltr'><strong>verbis</strong></span> <span class='ocrx_word' id='word_1_277' title='bbox 3628 1771 3723 1825; x_wconf 84' lang='lat' dir='ltr'><strong>Mi-</strong></span> 
     </span>
    </p>
   </div>
   <div class='ocr_carea' id='block_1_34' title="bbox 423 1861 2015 1938">
    <p class='ocr_par' dir='ltr' id='par_1_34' title="bbox 423 1861 2015 1938">
     <span class='ocr_line' id='line_1_34' title="bbox 423 1861 2015 1938; baseline -0.004 -18"><span class='ocrx_word' id='word_1_278' title='bbox 423 1868 522 1938; x_wconf 84' lang='lat' dir='ltr'><strong>pii,</strong></span> <span class='ocrx_word' id='word_1_279' title='bbox 545 1867 632 1936; x_wconf 88' lang='lat' dir='ltr'><strong>qui</strong></span> <span class='ocrx_word' id='word_1_280' title='bbox 664 1865 812 1919; x_wconf 91' lang='lat' dir='ltr'><strong>illum</strong></span> <span class='ocrx_word' id='word_1_281' title='bbox 851 1869 1191 1934; x_wconf 83' lang='lat' dir='ltr'><strong>agnoscimus</strong></span> <span class='ocrx_word' id='word_1_282' title='bbox 1218 1871 1273 1916; x_wconf 89' lang='lat' dir='ltr'><strong>et</strong></span> <span class='ocrx_word' id='word_1_283' title='bbox 1313 1861 1661 1916; x_wconf 81' lang='lat' dir='ltr'><strong>observamus</strong></span> <span class='ocrx_word' id='word_1_284' title='bbox 1694 1861 1879 1928; x_wconf 89' lang='lat' dir='ltr'><strong>Deum,</strong></span> <span class='ocrx_word' id='word_1_285' title='bbox 1919 1876 2015 1914; x_wconf 85' lang='lat' dir='ltr'><strong>cu-</strong></span> 
     </span>
    </p>
   </div>
   <div class='ocr_carea' id='block_1_35' title="bbox 416 1955 2016 2031">
    <p class='ocr_par' dir='ltr' id='par_1_35' title="bbox 416 1955 2016 2031">
     <span class='ocr_line' id='line_1_35' title="bbox 416 1955 2016 2031; baseline -0.004 -16"><span class='ocrx_word' id='word_1_286' title='bbox 416 1962 506 2031; x_wconf 87' lang='lat' dir='ltr'><strong>jus</strong></span> <span class='ocrx_word' id='word_1_287' title='bbox 533 1969 588 2014; x_wconf 92' lang='lat' dir='ltr'><strong>ut</strong></span> <span class='ocrx_word' id='word_1_288' title='bbox 634 1957 800 2013; x_wconf 83' lang='lat' dir='ltr'><strong>verbo</strong></span> <span class='ocrx_word' id='word_1_289' title='bbox 847 1956 1098 2012; x_wconf 85' lang='lat' dir='ltr'><strong>fabricata</strong></span> <span class='ocrx_word' id='word_1_290' title='bbox 1147 1965 1292 2021; x_wconf 87' lang='lat' dir='ltr'><strong>sunt,</strong></span> <span class='ocrx_word' id='word_1_291' title='bbox 1343 1959 1421 2008; x_wconf 85' lang='lat' dir='ltr'><strong>sic</strong></span> <span class='ocrx_word' id='word_1_292' title='bbox 1460 1955 1646 2026; x_wconf 88' lang='lat' dir='ltr'><strong>spiritu</strong></span> <span class='ocrx_word' id='word_1_293' title='bbox 1675 1956 2016 2010; x_wconf 91' lang='lat' dir='ltr'><strong>continentur</strong></span> 
     </span>
    </p>
   </div>
   <div class='ocr_carea' id='block_1_36' title="bbox 419 2052 880 2107">
    <p class='ocr_par' dir='ltr' id='par_1_36' title="bbox 419 2052 880 2107">
     <span class='ocr_line' id='line_1_36' title="bbox 419 2052 880 2107; baseline -0.002 -1"><span class='ocrx_word' id='word_1_294' title='bbox 419 2052 535 2107; x_wconf 69' lang='lat' dir='ltr'><strong>haec</strong></span> <span class='ocrx_word' id='word_1_295' title='bbox 568 2053 829 2107; x_wconf 86' lang='lat' dir='ltr'><strong>universa.</strong></span> <span class='ocrx_word' id='word_1_296' title='bbox 863 2070 880 2100; x_wconf 79' lang='grc' dir='ltr'><strong>ι</strong></span> 
     </span>
    </p>
   </div>
   <div class='ocr_carea' id='block_1_37' title="bbox 493 2141 2012 2214">
    <p class='ocr_par' dir='ltr' id='par_1_37' title="bbox 493 2141 2012 2214">
     <span class='ocr_line' id='line_1_37' title="bbox 493 2141 2012 2214; baseline -0.003 -15"><span class='ocrx_word' id='word_1_297' title='bbox 493 2145 572 2200; x_wconf 81' lang='lat' dir='ltr'><strong>Ex</strong></span> <span class='ocrx_word' id='word_1_298' title='bbox 631 2148 710 2200; x_wconf 89' lang='lat' dir='ltr'><strong>his</strong></span> <span class='ocrx_word' id='word_1_299' title='bbox 763 2143 1014 2199; x_wconf 90' lang='lat' dir='ltr'><strong>omnibus</strong></span> <span class='ocrx_word' id='word_1_300' title='bbox 1062 2143 1502 2214; x_wconf 81' lang='lat' dir='ltr'><strong>philosophorum</strong></span> <span class='ocrx_word' id='word_1_301' title='bbox 1557 2142 1896 2212; x_wconf 89' lang='lat' dir='ltr'><strong>opinionibus</strong></span> <span class='ocrx_word' id='word_1_302' title='bbox 1942 2141 2012 2196; x_wconf 88' lang='lat' dir='ltr'><strong>ita</strong></span> 
     </span>
    </p>
   </div>
   <div class='ocr_carea' id='block_1_38' title="bbox 423 2235 2014 2309">
    <p class='ocr_par' dir='ltr' id='par_1_38' title="bbox 423 2235 2014 2309">
     <span class='ocr_line' id='line_1_38' title="bbox 423 2235 2014 2309; baseline -0.004 -15"><span class='ocrx_word' id='word_1_303' title='bbox 423 2237 702 2309; x_wconf 79' lang='lat' dir='ltr'><strong>explicatis</strong></span> <span class='ocrx_word' id='word_1_304' title='bbox 725 2237 858 2291; x_wconf 91' lang='lat' dir='ltr'><strong>bauc</strong></span> <span class='ocrx_word' id='word_1_305' title='bbox 883 2235 1140 2290; x_wconf 69' lang='lat' dir='ltr'><strong>Minucius</strong></span> <span class='ocrx_word' id='word_1_306' title='bbox 1163 2236 1561 2290; x_wconf 80' lang='lat' dir='ltr'><strong>conclusiOHcm</strong></span> <span class='ocrx_word' id='word_1_307' title='bbox 1587 2235 1731 2289; x_wconf 89' lang='lat' dir='ltr'><strong>elicit</strong></span> <span class='ocrx_word' id='word_1_308' title='bbox 1758 2253 1770 2288; x_wconf 89' lang='lat'><strong>:</strong></span> <span class='ocrx_word' id='word_1_309' title='bbox 1802 2252 1820 2284; x_wconf 73' lang='grc' dir='ltr'><strong>ι</strong></span> <span class='ocrx_word' id='word_1_310' title='bbox 1839 2235 2014 2302; x_wconf 79' lang='lat' dir='ltr'><strong>Expo-</strong></span> 
     </span>
    </p>
   </div>
   <div class='ocr_carea' id='block_1_39' title="bbox 419 2329 2009 2403">
    <p class='ocr_par' dir='ltr' id='par_1_39' title="bbox 419 2329 2009 2403">
     <span class='ocr_line' id='line_1_39' title="bbox 419 2329 2009 2403; baseline -0.004 -15"><span class='ocrx_word' id='word_1_311' title='bbox 419 2333 502 2388; x_wconf 90' lang='lat' dir='ltr'><strong>sui</strong></span> <span class='ocrx_word' id='word_1_312' title='bbox 530 2331 813 2403; x_wconf 88' lang='lat' dir='ltr'><strong>opiniones</strong></span> <span class='ocrx_word' id='word_1_313' title='bbox 840 2332 1079 2386; x_wconf 90' lang='lat' dir='ltr'><strong>omnium</strong></span> <span class='ocrx_word' id='word_1_314' title='bbox 1123 2331 1290 2386; x_wconf 86' lang='lat' dir='ltr'><strong>ferme</strong></span> <span class='ocrx_word' id='word_1_315' title='bbox 1331 2329 1792 2400; x_wconf 64' lang='lat' dir='ltr'><strong>pltilost‘tphorttm,</strong></span> <span class='ocrx_word' id='word_1_316' title='bbox 1819 2329 2009 2398; x_wconf 85' lang='lat' dir='ltr'><strong>quibus</strong></span> 
     </span>
    </p>
   </div>
   <div class='ocr_carea' id='block_1_40' title="bbox 421 2423 2008 2496">
    <p class='ocr_par' dir='ltr' id='par_1_40' title="bbox 421 2423 2008 2496">
     <span class='ocr_line' id='line_1_40' title="bbox 421 2423 2008 2496; baseline -0.003 -15"><span class='ocrx_word' id='word_1_317' title='bbox 421 2426 676 2481; x_wconf 85' lang='lat' dir='ltr'><strong>illustrior</strong></span> <span class='ocrx_word' id='word_1_318' title='bbox 723 2426 892 2496; x_wconf 84' lang='lat' dir='ltr'><strong>gloria</strong></span> <span class='ocrx_word' id='word_1_319' title='bbox 933 2434 1035 2487; x_wconf 88' lang='lat' dir='ltr'><strong>est,</strong></span> <span class='ocrx_word' id='word_1_320' title='bbox 1073 2425 1240 2478; x_wconf 82' lang='lat' dir='ltr'><strong>Deum</strong></span> <span class='ocrx_word' id='word_1_321' title='bbox 1277 2441 1436 2478; x_wconf 90' lang='lat' dir='ltr'><strong>unum</strong></span> <span class='ocrx_word' id='word_1_322' title='bbox 1481 2423 1660 2477; x_wconf 83' lang='lat' dir='ltr'><strong>multis</strong></span> <span class='ocrx_word' id='word_1_323' title='bbox 1714 2423 1837 2477; x_wconf 89' lang='lat' dir='ltr'><strong>licet</strong></span> <span class='ocrx_word' id='word_1_324' title='bbox 1868 2423 2008 2476; x_wconf 63' lang='lat' dir='ltr'><strong>desi-</strong></span> 
     </span>
    </p>
   </div>
   <div class='ocr_carea' id='block_1_41' title="bbox 418 2517 2011 2592">
    <p class='ocr_par' dir='ltr' id='par_1_41' title="bbox 418 2517 2011 2592">
     <span class='ocr_line' id='line_1_41' title="bbox 418 2517 2011 2592; baseline -0.004 -17"><span class='ocrx_word' id='word_1_325' title='bbox 418 2534 613 2592; x_wconf 82' lang='lat' dir='ltr'><strong>gnasse</strong></span> <span class='ocrx_word' id='word_1_326' title='bbox 642 2519 970 2582; x_wconf 89' lang='lat' dir='ltr'><strong>nominibus,</strong></span> <span class='ocrx_word' id='word_1_327' title='bbox 1000 2528 1056 2573; x_wconf 89' lang='lat' dir='ltr'><strong>ut</strong></span> <span class='ocrx_word' id='word_1_328' title='bbox 1084 2519 1260 2586; x_wconf 81' lang='lat' dir='ltr'><strong>quivis</strong></span> <span class='ocrx_word' id='word_1_329' title='bbox 1279 2519 1567 2572; x_wconf 72' lang='lat' dir='ltr'><strong>arbitretur</strong></span> <span class='ocrx_word' id='word_1_330' title='bbox 1588 2527 1676 2570; x_wconf 88' lang='lat' dir='ltr'><strong>aut</strong></span> <span class='ocrx_word' id='word_1_331' title='bbox 1698 2532 1836 2570; x_wconf 87' lang='lat' dir='ltr'><strong>nunc</strong></span> <span class='ocrx_word' id='word_1_332' title='bbox 1855 2517 2011 2570; x_wconf 76' lang='lat' dir='ltr'><strong>Ultri-</strong></span> 
     </span>
    </p>
   </div>
   <div class='ocr_carea' id='block_1_42' title="bbox 417 2608 2012 2681">
    <p class='ocr_par' dir='ltr' id='par_1_42' title="bbox 417 2608 2012 2681">
     <span class='ocr_line' id='line_1_42' title="bbox 417 2608 2012 2681; baseline -0.003 -14"><span class='ocrx_word' id='word_1_333' title='bbox 417 2613 624 2667; x_wconf 85' lang='lat' dir='ltr'><strong>stianos</strong></span> <span class='ocrx_word' id='word_1_334' title='bbox 654 2626 778 2666; x_wconf 86' lang='lat' dir='ltr'><strong>esse</strong></span> <span class='ocrx_word' id='word_1_335' title='bbox 806 2609 1176 2681; x_wconf 86' lang='lat' dir='ltr'><strong>philosophos,</strong></span> <span class='ocrx_word' id='word_1_336' title='bbox 1209 2618 1299 2664; x_wconf 86' lang='lat' dir='ltr'><strong>aut</strong></span> <span class='ocrx_word' id='word_1_337' title='bbox 1336 2609 1681 2678; x_wconf 85' lang='lat' dir='ltr'><strong>philosophos</strong></span> <span class='ocrx_word' id='word_1_338' title='bbox 1719 2608 1882 2664; x_wconf 87' lang='lat' dir='ltr'><strong>fuisse</strong></span> <span class='ocrx_word' id='word_1_339' title='bbox 1903 2611 2012 2674; x_wconf 88' lang='lat' dir='ltr'><strong>jam</strong></span> 
     </span>
    </p>
   </div>
   <div class='ocr_carea' id='block_1_43' title="bbox 419 2702 2012 2772">
    <p class='ocr_par' dir='ltr' id='par_1_43' title="bbox 419 2702 2012 2772">
     <span class='ocr_line' id='line_1_43' title="bbox 419 2702 2012 2772; baseline -0.001 -14"><span class='ocrx_word' id='word_1_340' title='bbox 419 2714 547 2759; x_wconf 90' lang='lat' dir='ltr'><strong>tunc</strong></span> <span class='ocrx_word' id='word_1_341' title='bbox 592 2704 951 2769; x_wconf 71' lang='lat' dir='ltr'><strong>Christianos,</strong></span> <span class='ocrx_word' id='word_1_342' title='bbox 992 2722 1009 2754; x_wconf 77' lang='grc' dir='ltr'><strong>ι</strong></span> <span class='ocrx_word' id='word_1_343' title='bbox 1043 2718 1111 2760; x_wconf 88' lang='lat' dir='ltr'><strong>eo</strong></span> <span class='ocrx_word' id='word_1_344' title='bbox 1141 2702 1390 2757; x_wconf 82' lang='lat' dir='ltr'><strong>videlicet</strong></span> <span class='ocrx_word' id='word_1_345' title='bbox 1428 2717 1609 2765; x_wconf 82' lang='lat' dir='ltr'><strong>sensu,</strong></span> <span class='ocrx_word' id='word_1_346' title='bbox 1643 2719 1802 2772; x_wconf 86' lang='lat' dir='ltr'><strong>quem</strong></span> <span class='ocrx_word' id='word_1_347' title='bbox 1851 2717 2012 2771; x_wconf 81' lang='lat' dir='ltr'><strong>supe-</strong></span> 
     </span>
    </p>
   </div>
   <div class='ocr_carea' id='block_1_44' title="bbox 419 2795 2014 2865">
    <p class='ocr_par' dir='ltr' id='par_1_44' title="bbox 419 2795 2014 2865">
     <span class='ocr_line' id='line_1_44' title="bbox 419 2795 2014 2865; baseline -0.001 -13"><span class='ocrx_word' id='word_1_348' title='bbox 419 2797 532 2852; x_wconf 91' lang='lat' dir='ltr'><strong>rius</strong></span> <span class='ocrx_word' id='word_1_349' title='bbox 580 2795 984 2863; x_wconf 77' lang='lat' dir='ltr'><strong>explicavimus.</strong></span> <span class='ocrx_word' id='word_1_350' title='bbox 1042 2795 1110 2850; x_wconf 83' lang='lat' dir='ltr'><strong>At</strong></span> <span class='ocrx_word' id='word_1_351' title='bbox 1142 2795 1435 2865; x_wconf 89' lang='lat' dir='ltr'><strong>perpende,</strong></span> <span class='ocrx_word' id='word_1_352' title='bbox 1485 2812 1689 2864; x_wconf 82' lang='lat' dir='ltr'><strong>qua-so,</strong></span> <span class='ocrx_word' id='word_1_353' title='bbox 1725 2806 1901 2850; x_wconf 87' lang='lat' dir='ltr'><strong>utrum</strong></span> <span class='ocrx_word' id='word_1_354' title='bbox 1947 2795 2014 2850; x_wconf 89' lang='lat' dir='ltr'><strong>ab</strong></span> 
     </span>
    </p>
   </div>
   <div class='ocr_carea' id='block_1_45' title="bbox 423 2888 2015 2959">
    <p class='ocr_par' dir='ltr' id='par_1_45' title="bbox 423 2888 2015 2959">
     <span class='ocr_line' id='line_1_45' title="bbox 423 2888 2015 2959; baseline 0 -15"><span class='ocrx_word' id='word_1_355' title='bbox 423 2891 522 2945; x_wconf 90' lang='lat' dir='ltr'><strong>hac</strong></span> <span class='ocrx_word' id='word_1_356' title='bbox 559 2891 907 2946; x_wconf 47' lang='lat' dir='ltr'><strong>conclusione</strong></span> <span class='ocrx_word' id='word_1_357' title='bbox 938 2890 1093 2959; x_wconf 80' lang='lat' dir='ltr'><strong>longe</strong></span> <span class='ocrx_word' id='word_1_358' title='bbox 1122 2889 1405 2944; x_wconf 60' lang='lat' dir='ltr'><strong>recesserit</strong></span> <span class='ocrx_word' id='word_1_359' title='bbox 1435 2890 1785 2959; x_wconf 71' lang='lat' dir='ltr'><strong>AugUslinus,</strong></span> <span class='ocrx_word' id='word_1_360' title='bbox 1827 2889 1914 2957; x_wconf 89' lang='lat' dir='ltr'><strong>qui</strong></span> <span class='ocrx_word' id='word_1_361' title='bbox 1948 2888 2015 2944; x_wconf 90' lang='lat' dir='ltr'><strong>de</strong></span> 
     </span>
    </p>
   </div>
   <div class='ocr_carea' id='block_1_46' title="bbox 423 2981 2017 3052">
    <p class='ocr_par' dir='ltr' id='par_1_46' title="bbox 423 2981 2017 3052">
     <span class='ocr_line' id='line_1_46' title="bbox 423 2981 2017 3052; baseline -0.003 -14"><span class='ocrx_word' id='word_1_362' title='bbox 423 2983 610 3039; x_wconf 84' lang='lat' dir='ltr'><strong>iisdem</strong></span> <span class='ocrx_word' id='word_1_363' title='bbox 641 2983 976 3052; x_wconf 86' lang='lat' dir='ltr'><strong>philosophis</strong></span> <span class='ocrx_word' id='word_1_364' title='bbox 1017 2983 1130 3035; x_wconf 61' lang='lat' dir='ltr'><strong>haec</strong></span> <span class='ocrx_word' id='word_1_365' title='bbox 1161 2981 1467 3051; x_wconf 88' lang='lat' dir='ltr'><strong>pronuntiat</strong></span> <span class='ocrx_word' id='word_1_366' title='bbox 1502 2998 1514 3032; x_wconf 77' lang='grc' dir='ltr'><strong><em>τ</em></strong></span> <span class='ocrx_word' id='word_1_367' title='bbox 1553 3000 1570 3033; x_wconf 77' lang='grc' dir='ltr'><strong>ι</strong></span> <span class='ocrx_word' id='word_1_368' title='bbox 1606 2981 1789 3050; x_wconf 83' lang='lat' dir='ltr'><strong>Itaque</strong></span> <span class='ocrx_word' id='word_1_369' title='bbox 1811 2982 1853 3034; x_wconf 89' lang='lat' dir='ltr'><strong>si</strong></span> <span class='ocrx_word' id='word_1_370' title='bbox 1880 2981 2017 3034; x_wconf 89' lang='lat' dir='ltr'><strong>hanc</strong></span> 
     </span>
    </p>
   </div>
   <div class='ocr_carea' id='block_1_47' title="bbox 421 3073 2016 3144">
    <p class='ocr_par' dir='ltr' id='par_1_47' title="bbox 421 3073 2016 3144">
     <span class='ocr_line' id='line_1_47' title="bbox 421 3073 2016 3144; baseline -0.001 -15"><span class='ocrx_word' id='word_1_371' title='bbox 421 3076 581 3129; x_wconf 86' lang='lat' dir='ltr'><strong>vitam</strong></span> <span class='ocrx_word' id='word_1_372' title='bbox 611 3076 682 3129; x_wconf 87' lang='lat' dir='ltr'><strong>illi</strong></span> <span class='ocrx_word' id='word_1_373' title='bbox 707 3075 805 3130; x_wconf 90' lang='lat' dir='ltr'><strong>viri</strong></span> <span class='ocrx_word' id='word_1_374' title='bbox 835 3075 1113 3130; x_wconf 85' lang='lat' dir='ltr'><strong>nobiscum</strong></span> <span class='ocrx_word' id='word_1_375' title='bbox 1143 3090 1357 3129; x_wconf 88' lang='lat' dir='ltr'><strong>rursum</strong></span> <span class='ocrx_word' id='word_1_376' title='bbox 1388 3089 1547 3144; x_wconf 82' lang='lat' dir='ltr'><strong>agere</strong></span> <span class='ocrx_word' id='word_1_377' title='bbox 1577 3073 1900 3143; x_wconf 85' lang='lat' dir='ltr'><strong>potuissent,</strong></span> <span class='ocrx_word' id='word_1_378' title='bbox 1933 3074 2016 3128; x_wconf 87' lang='lat' dir='ltr'><strong>vi-</strong></span> 
     </span>
    </p>
   </div>
   <div class='ocr_carea' id='block_1_48' title="bbox 2125 1864 3722 1936">
    <p class='ocr_par' dir='ltr' id='par_1_48' title="bbox 2125 1864 3722 1936">
     <span class='ocr_line' id='line_1_48' title="bbox 2125 1864 3722 1936; baseline -0.001 -16"><span class='ocrx_word' id='word_1_379' title='bbox 2125 1873 2310 1921; x_wconf 76' lang='lat' dir='ltr'><strong>nucins</strong></span> <span class='ocrx_word' id='word_1_380' title='bbox 2353 1868 2690 1922; x_wconf 90' lang='lat' dir='ltr'><strong>decantatam</strong></span> <span class='ocrx_word' id='word_1_381' title='bbox 2745 1883 2772 1917; x_wconf 90' lang='lat' dir='ltr'><strong>a</strong></span> <span class='ocrx_word' id='word_1_382' title='bbox 2840 1867 3012 1921; x_wconf 84' lang='lat' dir='ltr'><strong>Statio</strong></span> <span class='ocrx_word' id='word_1_383' title='bbox 3075 1865 3340 1936; x_wconf 83' lang='lat' dir='ltr'><strong>Polynicis</strong></span> <span class='ocrx_word' id='word_1_384' title='bbox 3383 1875 3437 1919; x_wconf 91' lang='lat' dir='ltr'><strong>et</strong></span> <span class='ocrx_word' id='word_1_385' title='bbox 3486 1864 3722 1919; x_wconf 87' lang='lat' dir='ltr'><strong>Eteoclis</strong></span> 
     </span>
    </p>
   </div>
   <div class='ocr_carea' id='block_1_49' title="bbox 2125 1959 3719 2030">
    <p class='ocr_par' dir='ltr' id='par_1_49' title="bbox 2125 1959 3719 2030">
     <span class='ocr_line' id='line_1_49' title="bbox 2125 1959 3719 2030; baseline -0.001 -16"><span class='ocrx_word' id='word_1_386' title='bbox 2125 1961 2374 2025; x_wconf 83' lang='lat' dir='ltr'><strong>fratrum,</strong></span> <span class='ocrx_word' id='word_1_387' title='bbox 2396 1975 2558 2030; x_wconf 89' lang='lat' dir='ltr'><strong>atque</strong></span> <span class='ocrx_word' id='word_1_388' title='bbox 2577 1959 2770 2026; x_wconf 89' lang='lat' dir='ltr'><strong>OEdipi</strong></span> <span class='ocrx_word' id='word_1_389' title='bbox 2795 1959 3174 2014; x_wconf 84' lang='lat' dir='ltr'><strong>Thebanorum</strong></span> <span class='ocrx_word' id='word_1_390' title='bbox 3205 1960 3344 2027; x_wconf 79' lang='lat' dir='ltr'><strong>regis</strong></span> <span class='ocrx_word' id='word_1_391' title='bbox 3376 1960 3607 2013; x_wconf 85' lang='lat' dir='ltr'><strong>ﬁliorum</strong></span> <span class='ocrx_word' id='word_1_392' title='bbox 3640 1959 3719 2013; x_wconf 88' lang='lat' dir='ltr'><strong>fa-</strong></span> 
     </span>
    </p>
   </div>
   <div class='ocr_carea' id='block_1_50' title="bbox 2121 2050 3710 2122">
    <p class='ocr_par' dir='ltr' id='par_1_50' title="bbox 2121 2050 3710 2122">
     <span class='ocr_line' id='line_1_50' title="bbox 2121 2050 3710 2122; baseline -0.001 -15"><span class='ocrx_word' id='word_1_393' title='bbox 2121 2053 2298 2107; x_wconf 89' lang='lat' dir='ltr'><strong>bulam</strong></span> <span class='ocrx_word' id='word_1_394' title='bbox 2354 2053 2664 2122; x_wconf 77' lang='lat' dir='ltr'><strong>perstringit</strong></span> <span class='ocrx_word' id='word_1_395' title='bbox 2706 2052 2968 2122; x_wconf 87' lang='lat' dir='ltr'><strong>(Statius,</strong></span> <span class='ocrx_word' id='word_1_396' title='bbox 3002 2052 3089 2105; x_wconf 89' lang='lat' dir='ltr'><strong>lib.</strong></span> <span class='ocrx_word' id='word_1_397' title='bbox 3129 2068 3180 2106; x_wconf 78' lang='lat' dir='ltr'><strong>XI</strong></span> <span class='ocrx_word' id='word_1_398' title='bbox 3212 2061 3265 2105; x_wconf 90' lang='lat' dir='ltr'><strong>et</strong></span> <span class='ocrx_word' id='word_1_399' title='bbox 3305 2067 3374 2106; x_wconf 73' lang='lat' dir='ltr'><strong>xu</strong></span> <span class='ocrx_word' id='word_1_400' title='bbox 3415 2050 3710 2122; x_wconf 71' lang='lat' dir='ltr'><strong>Thebaid).</strong></span> 
     </span>
    </p>
   </div>
   <div class='ocr_carea' id='block_1_51' title="bbox 2126 2143 3712 2212">
    <p class='ocr_par' dir='ltr' id='par_1_51' title="bbox 2126 2143 3712 2212">
     <span class='ocr_line' id='line_1_51' title="bbox 2126 2143 3712 2212; baseline -0.001 -14"><span class='ocrx_word' id='word_1_401' title='bbox 2126 2144 2252 2198; x_wconf 67' lang='lat' dir='ltr'><strong>l-latc</strong></span> <span class='ocrx_word' id='word_1_402' title='bbox 2300 2155 2476 2197; x_wconf 89' lang='lat' dir='ltr'><strong>autem</strong></span> <span class='ocrx_word' id='word_1_403' title='bbox 2507 2145 2584 2197; x_wconf 90' lang='lat' dir='ltr'><strong>sic</strong></span> <span class='ocrx_word' id='word_1_404' title='bbox 2631 2153 2899 2198; x_wconf 88' lang='lat' dir='ltr'><strong>narratur.</strong></span> <span class='ocrx_word' id='word_1_405' title='bbox 2943 2144 3076 2198; x_wconf 82' lang='lat' dir='ltr'><strong>Cum</strong></span> <span class='ocrx_word' id='word_1_406' title='bbox 3108 2143 3349 2212; x_wconf 70' lang='lat' dir='ltr'><strong>(Edipus</strong></span> <span class='ocrx_word' id='word_1_407' title='bbox 3381 2145 3432 2197; x_wconf 91' lang='lat' dir='ltr'><strong>in</strong></span> <span class='ocrx_word' id='word_1_408' title='bbox 3461 2144 3712 2198; x_wconf 77' lang='lat' dir='ltr'><strong>exsilium</strong></span> 
     </span>
    </p>
   </div>
   <div class='ocr_carea' id='block_1_52' title="bbox 2121 2237 3721 2307">
    <p class='ocr_par' dir='ltr' id='par_1_52' title="bbox 2121 2237 3721 2307">
     <span class='ocr_line' id='line_1_52' title="bbox 2121 2237 3721 2307; baseline 0 -17"><span class='ocrx_word' id='word_1_409' title='bbox 2121 2246 2312 2306; x_wconf 89' lang='lat' dir='ltr'><strong>sponte</strong></span> <span class='ocrx_word' id='word_1_410' title='bbox 2355 2238 2804 2305; x_wconf 76' lang='lat' dir='ltr'><strong>proficisceretur,</strong></span> <span class='ocrx_word' id='word_1_411' title='bbox 2860 2237 3061 2292; x_wconf 82' lang='lat' dir='ltr'><strong>eisdem</strong></span> <span class='ocrx_word' id='word_1_412' title='bbox 3119 2238 3220 2291; x_wconf 91' lang='lat' dir='ltr'><strong>illis</strong></span> <span class='ocrx_word' id='word_1_413' title='bbox 3261 2237 3387 2291; x_wconf 85' lang='lat' dir='ltr'><strong>filiis</strong></span> <span class='ocrx_word' id='word_1_414' title='bbox 3416 2239 3526 2292; x_wconf 85' lang='lat' dir='ltr'><strong>suis</strong></span> <span class='ocrx_word' id='word_1_415' title='bbox 3555 2252 3721 2307; x_wconf 79' lang='lat' dir='ltr'><strong>regno</strong></span> 
     </span>
    </p>
   </div>
   <div class='ocr_carea' id='block_1_53' title="bbox 2121 2329 3720 2397">
    <p class='ocr_par' dir='ltr' id='par_1_53' title="bbox 2121 2329 3720 2397">
     <span class='ocr_line' id='line_1_53' title="bbox 2121 2329 3720 2397; baseline 0.001 -14"><span class='ocrx_word' id='word_1_416' title='bbox 2121 2344 2217 2383; x_wconf 91' lang='lat' dir='ltr'><strong>suo</strong></span> <span class='ocrx_word' id='word_1_417' title='bbox 2243 2347 2301 2384; x_wconf 86' lang='lat' dir='ltr'><strong>ea</strong></span> <span class='ocrx_word' id='word_1_418' title='bbox 2324 2329 2438 2397; x_wconf 78' lang='lat' dir='ltr'><strong>lege</strong></span> <span class='ocrx_word' id='word_1_419' title='bbox 2467 2332 2648 2392; x_wconf 86' lang='lat' dir='ltr'><strong>cessit,</strong></span> <span class='ocrx_word' id='word_1_420' title='bbox 2683 2343 2738 2383; x_wconf 86' lang='grc' dir='ltr'><strong>ιιι</strong></span> <span class='ocrx_word' id='word_1_421' title='bbox 2763 2332 2987 2384; x_wconf 89' lang='lat' dir='ltr'><strong>alternis</strong></span> <span class='ocrx_word' id='word_1_422' title='bbox 3012 2330 3358 2392; x_wconf 82' lang='lat' dir='ltr'><strong>imperarent.</strong></span> <span class='ocrx_word' id='word_1_423' title='bbox 3391 2329 3526 2383; x_wconf 88' lang='lat' dir='ltr'><strong>Natu</strong></span> <span class='ocrx_word' id='word_1_424' title='bbox 3560 2344 3720 2396; x_wconf 89' lang='lat' dir='ltr'><strong>porro</strong></span> 
     </span>
    </p>
   </div>
   <div class='ocr_carea' id='block_1_54' title="bbox 2121 2421 3718 2490">
    <p class='ocr_par' dir='ltr' id='par_1_54' title="bbox 2121 2421 3718 2490">
     <span class='ocr_line' id='line_1_54' title="bbox 2121 2421 3718 2490; baseline 0.001 -16"><span class='ocrx_word' id='word_1_425' title='bbox 2121 2422 2293 2490; x_wconf 89' lang='lat' dir='ltr'><strong>major</strong></span> <span class='ocrx_word' id='word_1_426' title='bbox 2323 2422 2570 2475; x_wconf 84' lang='lat' dir='ltr'><strong>Eteocles</strong></span> <span class='ocrx_word' id='word_1_427' title='bbox 2599 2432 2879 2487; x_wconf 69' lang='lat' dir='ltr'><strong>postquam</strong></span> <span class='ocrx_word' id='word_1_428' title='bbox 2907 2436 3048 2474; x_wconf 90' lang='lat' dir='ltr'><strong>anno</strong></span> <span class='ocrx_word' id='word_1_429' title='bbox 3081 2422 3253 2489; x_wconf 89' lang='lat' dir='ltr'><strong>primo</strong></span> <span class='ocrx_word' id='word_1_430' title='bbox 3294 2431 3590 2490; x_wconf 63' lang='lat' dir='ltr'><strong>rt-gnaswt,</strong></span> <span class='ocrx_word' id='word_1_431' title='bbox 3618 2421 3718 2474; x_wconf 88' lang='lat' dir='ltr'><strong>Po-</strong></span> 
     </span>
    </p>
   </div>
   <div class='ocr_carea' id='block_1_55' title="bbox 2122 2513 3714 2584">
    <p class='ocr_par' dir='ltr' id='par_1_55' title="bbox 2122 2513 3714 2584">
     <span class='ocr_line' id='line_1_55' title="bbox 2122 2513 3714 2584; baseline 0.002 -20"><span class='ocrx_word' id='word_1_432' title='bbox 2122 2513 2279 2584; x_wconf 82' lang='lat' dir='ltr'><strong>lynici</strong></span> <span class='ocrx_word' id='word_1_433' title='bbox 2313 2514 2662 2582; x_wconf 77' lang='lat' dir='ltr'><strong>subSequenti</strong></span> <span class='ocrx_word' id='word_1_434' title='bbox 2692 2529 2832 2566; x_wconf 86' lang='lat' dir='ltr'><strong>anno</strong></span> <span class='ocrx_word' id='word_1_435' title='bbox 2862 2513 3156 2582; x_wconf 89' lang='lat' dir='ltr'><strong>imperandi</strong></span> <span class='ocrx_word' id='word_1_436' title='bbox 3192 2515 3366 2567; x_wconf 79' lang='lat' dir='ltr'><strong>let-um</strong></span> <span class='ocrx_word' id='word_1_437' title='bbox 3412 2513 3714 2580; x_wconf 70' lang='lat' dir='ltr'><strong>denegavit;</strong></span> 
     </span>
    </p>
   </div>
   <div class='ocr_carea' id='block_1_56' title="bbox 2120 2603 3717 2674">
    <p class='ocr_par' dir='ltr' id='par_1_56' title="bbox 2120 2603 3717 2674">
     <span class='ocr_line' id='line_1_56' title="bbox 2120 2603 3717 2674; baseline -0.001 -15"><span class='ocrx_word' id='word_1_438' title='bbox 2120 2606 2409 2673; x_wconf 76' lang='lat' dir='ltr'><strong>llepulsam</strong></span> <span class='ocrx_word' id='word_1_439' title='bbox 2442 2606 2529 2659; x_wconf 91' lang='lat' dir='ltr'><strong>ille</strong></span> <span class='ocrx_word' id='word_1_440' title='bbox 2555 2621 2764 2674; x_wconf 88' lang='lat' dir='ltr'><strong>passus,</strong></span> <span class='ocrx_word' id='word_1_441' title='bbox 2797 2621 2856 2659; x_wconf 90' lang='lat' dir='ltr'><strong>se</strong></span> <span class='ocrx_word' id='word_1_442' title='bbox 2881 2606 3102 2660; x_wconf 88' lang='lat' dir='ltr'><strong>contulit</strong></span> <span class='ocrx_word' id='word_1_443' title='bbox 3135 2603 3200 2657; x_wconf 88' lang='lat' dir='ltr'><strong>ad</strong></span> <span class='ocrx_word' id='word_1_444' title='bbox 3237 2605 3520 2657; x_wconf 78' lang='lat' dir='ltr'><strong>Adrastum</strong></span> <span class='ocrx_word' id='word_1_445' title='bbox 3559 2605 3717 2673; x_wconf 73' lang='lat' dir='ltr'><strong>Argi-</strong></span> 
     </span>
    </p>
   </div>
   <div class='ocr_carea' id='block_1_57' title="bbox 2121 2694 3713 2766">
    <p class='ocr_par' dir='ltr' id='par_1_57' title="bbox 2121 2694 3713 2766">
     <span class='ocr_line' id='line_1_57' title="bbox 2121 2694 3713 2766; baseline -0.002 -17"><span class='ocrx_word' id='word_1_446' title='bbox 2121 2714 2308 2750; x_wconf 88' lang='lat' dir='ltr'><strong>vorutu</strong></span> <span class='ocrx_word' id='word_1_447' title='bbox 2337 2713 2538 2766; x_wconf 85' lang='lat' dir='ltr'><strong>regem,</strong></span> <span class='ocrx_word' id='word_1_448' title='bbox 2574 2709 2623 2750; x_wconf 89' lang='lat' dir='ltr'><strong>et</strong></span> <span class='ocrx_word' id='word_1_449' title='bbox 2656 2696 2870 2766; x_wconf 82' lang='lat' dir='ltr'><strong>Argiam</strong></span> <span class='ocrx_word' id='word_1_450' title='bbox 2905 2696 3048 2749; x_wconf 90' lang='lat' dir='ltr'><strong>illius</strong></span> <span class='ocrx_word' id='word_1_451' title='bbox 3081 2694 3242 2749; x_wconf 85' lang='lat' dir='ltr'><strong>filiam</strong></span> <span class='ocrx_word' id='word_1_452' title='bbox 3272 2695 3374 2748; x_wconf 87' lang='lat' dir='ltr'><strong>sibi</strong></span> <span class='ocrx_word' id='word_1_453' title='bbox 3406 2694 3713 2758; x_wconf 70' lang='lat' dir='ltr'><strong>desitondit.</strong></span> 
     </span>
    </p>
   </div>
   <div class='ocr_carea' id='block_1_58' title="bbox 2121 2783 3716 2855">
    <p class='ocr_par' dir='ltr' id='par_1_58' title="bbox 2121 2783 3716 2855">
     <span class='ocr_line' id='line_1_58' title="bbox 2121 2783 3716 2855; baseline -0.003 -13"><span class='ocrx_word' id='word_1_454' title='bbox 2121 2787 2255 2842; x_wconf 91' lang='lat' dir='ltr'><strong>Tum</strong></span> <span class='ocrx_word' id='word_1_455' title='bbox 2287 2795 2474 2841; x_wconf 86' lang='lat' dir='ltr'><strong>coacto</strong></span> <span class='ocrx_word' id='word_1_456' title='bbox 2495 2788 2756 2848; x_wconf 72' lang='lat' dir='ltr'><strong>exercitu,</strong></span> <span class='ocrx_word' id='word_1_457' title='bbox 2789 2786 3059 2840; x_wconf 83' lang='lat' dir='ltr'><strong>Thebanis</strong></span> <span class='ocrx_word' id='word_1_458' title='bbox 3092 2786 3180 2839; x_wconf 88' lang='lat' dir='ltr'><strong>ille</strong></span> <span class='ocrx_word' id='word_1_459' title='bbox 3220 2800 3339 2839; x_wconf 89' lang='lat' dir='ltr'><strong>cum</strong></span> <span class='ocrx_word' id='word_1_460' title='bbox 3381 2783 3603 2855; x_wconf 63' lang='lat' dir='ltr'><strong>Tydaao,</strong></span> <span class='ocrx_word' id='word_1_461' title='bbox 3632 2784 3716 2838; x_wconf 87' lang='lat' dir='ltr'><strong>al-</strong></span> 
     </span>
    </p>
   </div>
   <div class='ocr_carea' id='block_1_59' title="bbox 2122 2877 3714 2949">
    <p class='ocr_par' dir='ltr' id='par_1_59' title="bbox 2122 2877 3714 2949">
     <span class='ocr_line' id='line_1_59' title="bbox 2122 2877 3714 2949; baseline -0.002 -17"><span class='ocrx_word' id='word_1_462' title='bbox 2122 2888 2239 2933; x_wconf 90' lang='lat' dir='ltr'><strong>tero</strong></span> <span class='ocrx_word' id='word_1_463' title='bbox 2292 2878 2503 2934; x_wconf 84' lang='lat' dir='ltr'><strong>Adrasti</strong></span> <span class='ocrx_word' id='word_1_464' title='bbox 2560 2894 2782 2949; x_wconf 75' lang='lat' dir='ltr'><strong>genero,</strong></span> <span class='ocrx_word' id='word_1_465' title='bbox 2827 2879 3004 2932; x_wconf 90' lang='lat' dir='ltr'><strong>intulit</strong></span> <span class='ocrx_word' id='word_1_466' title='bbox 3054 2877 3275 2931; x_wconf 87' lang='lat' dir='ltr'><strong>bellmn.</strong></span> <span class='ocrx_word' id='word_1_467' title='bbox 3329 2877 3384 2931; x_wconf 93' lang='lat' dir='ltr'><strong>lu</strong></span> <span class='ocrx_word' id='word_1_468' title='bbox 3431 2890 3497 2930; x_wconf 91' lang='lat' dir='ltr'><strong>eo</strong></span> <span class='ocrx_word' id='word_1_469' title='bbox 3536 2883 3714 2931; x_wconf 89' lang='lat' dir='ltr'><strong>autem</strong></span> 
     </span>
    </p>
   </div>
   <div class='ocr_carea' id='block_1_60' title="bbox 2123 2967 3718 3040">
    <p class='ocr_par' dir='ltr' id='par_1_60' title="bbox 2123 2967 3718 3040">
     <span class='ocr_line' id='line_1_60' title="bbox 2123 2967 3718 3040; baseline -0.003 -14"><span class='ocrx_word' id='word_1_470' title='bbox 2123 2973 2280 3026; x_wconf 88' lang='lat' dir='ltr'><strong>atnbo</strong></span> <span class='ocrx_word' id='word_1_471' title='bbox 2331 2970 2522 3025; x_wconf 79' lang='lat' dir='ltr'><strong>fratres</strong></span> <span class='ocrx_word' id='word_1_472' title='bbox 2574 2971 2822 3025; x_wconf 83' lang='lat' dir='ltr'><strong>Eteocles</strong></span> <span class='ocrx_word' id='word_1_473' title='bbox 2872 2981 2924 3023; x_wconf 90' lang='lat' dir='ltr'><strong>et</strong></span> <span class='ocrx_word' id='word_1_474' title='bbox 2951 2970 3233 3040; x_wconf 84' lang='lat' dir='ltr'><strong>Polynices</strong></span> <span class='ocrx_word' id='word_1_475' title='bbox 3263 2967 3514 3033; x_wconf 77' lang='lat' dir='ltr'><strong>singulari</strong></span> <span class='ocrx_word' id='word_1_476' title='bbox 3543 2976 3718 3022; x_wconf 83' lang='lat' dir='ltr'><strong>certa-</strong></span> 
     </span>
    </p>
   </div>
   <div class='ocr_carea' id='block_1_61' title="bbox 2126 3059 3716 3129">
    <p class='ocr_par' dir='ltr' id='par_1_61' title="bbox 2126 3059 3716 3129">
     <span class='ocr_line' id='line_1_61' title="bbox 2126 3059 3716 3129; baseline -0.004 -11"><span class='ocrx_word' id='word_1_477' title='bbox 2126 3073 2270 3119; x_wconf 90' lang='lat' dir='ltr'><strong>mine</strong></span> <span class='ocrx_word' id='word_1_478' title='bbox 2302 3064 2433 3118; x_wconf 88' lang='lat' dir='ltr'><strong>inito</strong></span> <span class='ocrx_word' id='word_1_479' title='bbox 2461 3105 2474 3125; x_wconf 91' lang='lat'><strong>,</strong></span> <span class='ocrx_word' id='word_1_480' title='bbox 2519 3063 2715 3116; x_wconf 77' lang='lat' dir='ltr'><strong>mutuis</strong></span> <span class='ocrx_word' id='word_1_481' title='bbox 2763 3062 3075 3116; x_wconf 88' lang='lat' dir='ltr'><strong>vulneribus</strong></span> <span class='ocrx_word' id='word_1_482' title='bbox 3104 3061 3437 3114; x_wconf 86' lang='lat' dir='ltr'><strong>occiderunt.</strong></span> <span class='ocrx_word' id='word_1_483' title='bbox 3480 3059 3716 3129; x_wconf 89' lang='lat' dir='ltr'><strong>Denique</strong></span> 
     </span>
    </p>
   </div>
   <div class='ocr_carea' id='block_1_62' title="bbox 420 3153 3716 3239">
    <p class='ocr_par' dir='ltr' id='par_1_62' title="bbox 420 3153 3716 3239">
     <span class='ocr_line' id='line_1_62' title="bbox 420 3153 3716 3239; baseline -0.006 -14"><span class='ocrx_word' id='word_1_484' title='bbox 420 3168 609 3225; x_wconf 90' lang='lat' dir='ltr'><strong>derent</strong></span> <span class='ocrx_word' id='word_1_485' title='bbox 639 3168 878 3239; x_wconf 80' lang='lat' dir='ltr'><strong>profecto</strong></span> <span class='ocrx_word' id='word_1_486' title='bbox 907 3171 1060 3233; x_wconf 86' lang='lat' dir='ltr'><strong>cujus</strong></span> <span class='ocrx_word' id='word_1_487' title='bbox 1097 3178 1420 3223; x_wconf 66' lang='lat' dir='ltr'><strong>auctontate</strong></span> <span class='ocrx_word' id='word_1_488' title='bbox 1458 3167 1668 3222; x_wconf 79' lang='lat' dir='ltr'><strong>facilius</strong></span> <span class='ocrx_word' id='word_1_489' title='bbox 1703 3168 2011 3222; x_wconf 71' lang='lat' dir='ltr'><strong>COllSIIlerc-</strong></span> <span class='ocrx_word' id='word_1_490' title='bbox 2041 3163 2086 3225; x_wconf 89' lang='lat' dir='ltr'><strong>C</strong></span> <span class='ocrx_word' id='word_1_491' title='bbox 2120 3173 2305 3212; x_wconf 87' lang='lat' dir='ltr'><strong>eorum</strong></span> <span class='ocrx_word' id='word_1_492' title='bbox 2348 3156 2698 3210; x_wconf 74' lang='lat' dir='ltr'><strong>cadaveribus</strong></span> <span class='ocrx_word' id='word_1_493' title='bbox 2741 3171 2869 3224; x_wconf 76' lang='lat' dir='ltr'><strong>rogo</strong></span> <span class='ocrx_word' id='word_1_494' title='bbox 2903 3154 3190 3223; x_wconf 60' lang='lat' dir='ltr'><strong>impositis,</strong></span> <span class='ocrx_word' id='word_1_495' title='bbox 3237 3153 3450 3207; x_wconf 83' lang='lat' dir='ltr'><strong>flamma</strong></span> <span class='ocrx_word' id='word_1_496' title='bbox 3487 3153 3622 3205; x_wconf 88' lang='lat' dir='ltr'><strong>duas</strong></span> <span class='ocrx_word' id='word_1_497' title='bbox 3663 3153 3716 3205; x_wconf 93' lang='lat' dir='ltr'><strong>in</strong></span> 
     </span>
    </p>
   </div>
   <div class='ocr_carea' id='block_1_63' title="bbox 420 3262 2015 3331">
    <p class='ocr_par' dir='ltr' id='par_1_63' title="bbox 420 3262 2015 3331">
     <span class='ocr_line' id='line_1_63' title="bbox 420 3262 2015 3331; baseline -0.002 -14"><span class='ocrx_word' id='word_1_498' title='bbox 420 3273 507 3318; x_wconf 85' lang='lat' dir='ltr'><strong>tur</strong></span> <span class='ocrx_word' id='word_1_499' title='bbox 550 3262 883 3327; x_wconf 85' lang='lat' dir='ltr'><strong>hominibus,</strong></span> <span class='ocrx_word' id='word_1_500' title='bbox 936 3271 990 3316; x_wconf 85' lang='lat' dir='ltr'><strong>et</strong></span> <span class='ocrx_word' id='word_1_501' title='bbox 1019 3262 1202 3331; x_wconf 84' lang='lat' dir='ltr'><strong>paucis</strong></span> <span class='ocrx_word' id='word_1_502' title='bbox 1230 3263 1448 3317; x_wconf 82' lang='lat' dir='ltr'><strong>mutatis</strong></span> <span class='ocrx_word' id='word_1_503' title='bbox 1477 3263 1653 3316; x_wconf 89' lang='lat' dir='ltr'><strong>verbis</strong></span> <span class='ocrx_word' id='word_1_504' title='bbox 1684 3272 1843 3331; x_wconf 87' lang='lat' dir='ltr'><strong>atque</strong></span> <span class='ocrx_word' id='word_1_505' title='bbox 1890 3276 2015 3315; x_wconf 83' lang='lat' dir='ltr'><strong>scn-</strong></span> 
     </span>
    </p>
   </div>
   <div class='ocr_carea' id='block_1_64' title="bbox 422 3353 2011 3424">
    <p class='ocr_par' dir='ltr' id='par_1_64' title="bbox 422 3353 2011 3424">
     <span class='ocr_line' id='line_1_64' title="bbox 422 3353 2011 3424; baseline -0.001 -14"><span class='ocrx_word' id='word_1_506' title='bbox 422 3357 624 3422; x_wconf 89' lang='lat' dir='ltr'><strong>tentiis,</strong></span> <span class='ocrx_word' id='word_1_507' title='bbox 645 3355 932 3410; x_wconf 86' lang='lat' dir='ltr'><strong>Christiani</strong></span> <span class='ocrx_word' id='word_1_508' title='bbox 963 3355 1172 3413; x_wconf 85' lang='lat' dir='ltr'><strong>tierent.</strong></span> <span class='ocrx_word' id='word_1_509' title='bbox 1203 3356 1334 3408; x_wconf 78' lang='lat' dir='ltr'><strong>sicut</strong></span> <span class='ocrx_word' id='word_1_510' title='bbox 1372 3355 1616 3424; x_wconf 87' lang='lat' dir='ltr'><strong>plerique</strong></span> <span class='ocrx_word' id='word_1_511' title='bbox 1649 3353 2011 3408; x_wconf 89' lang='lat' dir='ltr'><strong>recentiorum</strong></span> 
     </span>
    </p>
   </div>
   <div class='ocr_carea' id='block_1_65' title="bbox 395 3446 2012 3529">
    <p class='ocr_par' dir='ltr' id='par_1_65' title="bbox 395 3446 2012 3529">
     <span class='ocr_line' id='line_1_65' title="bbox 395 3446 2012 3529; baseline -0.001 -25"><span class='ocrx_word' id='word_1_512' title='bbox 395 3457 833 3529; x_wconf 43' lang='lat' dir='ltr'><strong>‘nostrorumque</strong></span> <span class='ocrx_word' id='word_1_513' title='bbox 857 3457 1159 3516; x_wconf 88' lang='lat' dir='ltr'><strong>temporum</strong></span> <span class='ocrx_word' id='word_1_514' title='bbox 1189 3446 1447 3500; x_wconf 86' lang='lat' dir='ltr'><strong>Platonici</strong></span> <span class='ocrx_word' id='word_1_515' title='bbox 1471 3447 1712 3501; x_wconf 84' lang='lat' dir='ltr'><strong>fecerunt</strong></span> <span class='ocrx_word' id='word_1_516' title='bbox 1745 3465 1764 3498; x_wconf 83' lang='grc'><strong>›</strong></span> <span class='ocrx_word' id='word_1_517' title='bbox 1799 3447 1816 3517; x_wconf 88' lang='grc'><strong>(</strong></span> <span class='ocrx_word' id='word_1_518' title='bbox 1847 3449 2012 3517; x_wconf 78' lang='lat' dir='ltr'><strong>Aug.,</strong></span> 
     </span>
    </p>
   </div>
   <div class='ocr_carea' id='block_1_66' title="bbox 421 3539 2012 3612">
    <p class='ocr_par' dir='ltr' id='par_1_66' title="bbox 421 3539 2012 3612">
     <span class='ocr_line' id='line_1_66' title="bbox 421 3539 2012 3612; baseline -0.001 -14"><span class='ocrx_word' id='word_1_519' title='bbox 421 3544 514 3598; x_wconf 91' lang='lat' dir='ltr'><strong>lib.</strong></span> <span class='ocrx_word' id='word_1_520' title='bbox 559 3541 622 3594; x_wconf 79' lang='lat' dir='ltr'><strong>de</strong></span> <span class='ocrx_word' id='word_1_521' title='bbox 678 3556 794 3594; x_wconf 69' lang='lat' dir='ltr'><strong>vera</strong></span> <span class='ocrx_word' id='word_1_522' title='bbox 851 3539 1047 3611; x_wconf 82' lang='lat' dir='ltr'><strong>Relig.,</strong></span> <span class='ocrx_word' id='word_1_523' title='bbox 1106 3556 1224 3608; x_wconf 88' lang='lat' dir='ltr'><strong>cap.</strong></span> <span class='ocrx_word' id='word_1_524' title='bbox 1271 3541 1332 3606; x_wconf 74' lang='grc' dir='ltr'>ι,</span> <span class='ocrx_word' id='word_1_525' title='bbox 1366 3549 1496 3595; x_wconf 91' lang='lat' dir='ltr'><strong>tom.</strong></span> <span class='ocrx_word' id='word_1_526' title='bbox 1555 3540 1624 3600; x_wconf 87' lang='grc'><strong>7,</strong></span> <span class='ocrx_word' id='word_1_527' title='bbox 1675 3555 1794 3610; x_wconf 82' lang='lat' dir='ltr'><strong>pag.</strong></span> <span class='ocrx_word' id='word_1_528' title='bbox 1838 3540 2012 3612; x_wconf 82' lang='lat'><strong>750).</strong></span> 
     </span>
    </p>
   </div>
   <div class='ocr_carea' id='block_1_67' title="bbox 421 3633 2013 3704">
    <p class='ocr_par' dir='ltr' id='par_1_67' title="bbox 421 3633 2013 3704">
     <span class='ocr_line' id='line_1_67' title="bbox 421 3633 2013 3704; baseline -0.003 -13"><span class='ocrx_word' id='word_1_529' title='bbox 421 3635 600 3692; x_wconf 86' lang='lat' dir='ltr'><strong>Unum</strong></span> <span class='ocrx_word' id='word_1_530' title='bbox 627 3650 786 3704; x_wconf 90' lang='lat' dir='ltr'><strong>porro</strong></span> <span class='ocrx_word' id='word_1_531' title='bbox 830 3634 914 3689; x_wconf 90' lang='lat' dir='ltr'><strong>bis</strong></span> <span class='ocrx_word' id='word_1_532' title='bbox 955 3634 1192 3703; x_wconf 90' lang='lat' dir='ltr'><strong>adjicere</strong></span> <span class='ocrx_word' id='word_1_533' title='bbox 1216 3634 1396 3700; x_wconf 89' lang='lat' dir='ltr'><strong>liceat,</strong></span> <span class='ocrx_word' id='word_1_534' title='bbox 1430 3634 1709 3704; x_wconf 87' lang='lat' dir='ltr'><strong>plerosque</strong></span> <span class='ocrx_word' id='word_1_535' title='bbox 1742 3635 1861 3688; x_wconf 87' lang='lat' dir='ltr'><strong>illos</strong></span> <span class='ocrx_word' id='word_1_536' title='bbox 1894 3633 2013 3701; x_wconf 90' lang='lat' dir='ltr'><strong>phi-</strong></span> 
     </span>
    </p>
   </div>
   <div class='ocr_carea' id='block_1_68' title="bbox 426 3724 2014 3792">
    <p class='ocr_par' dir='ltr' id='par_1_68' title="bbox 426 3724 2014 3792">
     <span class='ocr_line' id='line_1_68' title="bbox 426 3724 2014 3792; baseline -0.001 -12"><span class='ocrx_word' id='word_1_537' title='bbox 426 3727 681 3792; x_wconf 88' lang='lat' dir='ltr'><strong>losophos</strong></span> <span class='ocrx_word' id='word_1_538' title='bbox 729 3727 970 3780; x_wconf 88' lang='lat' dir='ltr'><strong>eamdem</strong></span> <span class='ocrx_word' id='word_1_539' title='bbox 1015 3726 1084 3779; x_wconf 90' lang='lat' dir='ltr'><strong>ob</strong></span> <span class='ocrx_word' id='word_1_540' title='bbox 1119 3740 1334 3779; x_wconf 87' lang='lat' dir='ltr'><strong>causam</strong></span> <span class='ocrx_word' id='word_1_541' title='bbox 1383 3725 1533 3779; x_wconf 87' lang='lat' dir='ltr'><strong>citari</strong></span> <span class='ocrx_word' id='word_1_542' title='bbox 1579 3740 1609 3779; x_wconf 85' lang='lat' dir='ltr'><strong>a</strong></span> <span class='ocrx_word' id='word_1_543' title='bbox 1662 3724 2014 3790; x_wconf 84' lang='lat' dir='ltr'><strong>Tertulliano,</strong></span> 
     </span>
    </p>
   </div>
   <div class='ocr_carea' id='block_1_69' title="bbox 427 3814 2015 3885">
    <p class='ocr_par' dir='ltr' id='par_1_69' title="bbox 427 3814 2015 3885">
     <span class='ocr_line' id='line_1_69' title="bbox 427 3814 2015 3885; baseline -0.001 -15"><span class='ocrx_word' id='word_1_544' title='bbox 427 3815 724 3881; x_wconf 86' lang='lat' dir='ltr'><strong>Lactantio,</strong></span> <span class='ocrx_word' id='word_1_545' title='bbox 753 3825 806 3869; x_wconf 91' lang='lat' dir='ltr'><strong>et</strong></span> <span class='ocrx_word' id='word_1_546' title='bbox 831 3815 969 3877; x_wconf 88' lang='lat' dir='ltr'><strong>aliis,</strong></span> <span class='ocrx_word' id='word_1_547' title='bbox 991 3827 1150 3885; x_wconf 84' lang='lat' dir='ltr'><strong>atque.</strong></span> <span class='ocrx_word' id='word_1_548' title='bbox 1183 3830 1250 3870; x_wconf 82' lang='lat' dir='ltr'><strong>ex</strong></span> <span class='ocrx_word' id='word_1_549' title='bbox 1289 3830 1473 3868; x_wconf 89' lang='lat' dir='ltr'><strong>eorum</strong></span> <span class='ocrx_word' id='word_1_550' title='bbox 1503 3814 1847 3883; x_wconf 78' lang='lat' dir='ltr'><strong>opinionibus</strong></span> <span class='ocrx_word' id='word_1_551' title='bbox 1873 3816 2015 3870; x_wconf 88' lang='lat' dir='ltr'><strong>idem</strong></span> 
     </span>
    </p>
   </div>
   <div class='ocr_carea' id='block_1_70' title="bbox 426 3907 2011 3982">
    <p class='ocr_par' dir='ltr' id='par_1_70' title="bbox 426 3907 2011 3982">
     <span class='ocr_line' id='line_1_70' title="bbox 426 3907 2011 3982; baseline -0.001 -18"><span class='ocrx_word' id='word_1_552' title='bbox 426 3909 588 3982; x_wconf 88' lang='lat' dir='ltr'><strong>plane</strong></span> <span class='ocrx_word' id='word_1_553' title='bbox 617 3909 806 3964; x_wconf 88' lang='lat' dir='ltr'><strong>confici</strong></span> <span class='ocrx_word' id='word_1_554' title='bbox 841 3923 905 3965; x_wconf 89' lang='lat' dir='ltr'><strong>ac</strong></span> <span class='ocrx_word' id='word_1_555' title='bbox 927 3909 1316 3964; x_wconf 90' lang='lat' dir='ltr'><strong>concludi.Sed</strong></span> <span class='ocrx_word' id='word_1_556' title='bbox 1339 3908 1403 3963; x_wconf 89' lang='lat' dir='ltr'><strong>de</strong></span> <span class='ocrx_word' id='word_1_557' title='bbox 1435 3907 1542 3963; x_wconf 88' lang='lat' dir='ltr'><strong>illis</strong></span> <span class='ocrx_word' id='word_1_558' title='bbox 1570 3918 1750 3977; x_wconf 88' lang='lat' dir='ltr'><strong>postea</strong></span> <span class='ocrx_word' id='word_1_559' title='bbox 1774 3921 2011 3977; x_wconf 77' lang='lat' dir='ltr'><strong>agemus.</strong></span> 
     </span>
    </p>
   </div>
   <div class='ocr_carea' id='block_1_71' title="bbox 1015 4057 1422 4097">
    <p class='ocr_par' dir='ltr' id='par_1_71' title="bbox 1015 4057 1422 4097">
     <span class='ocr_line' id='line_1_71' title="bbox 1015 4057 1422 4097; baseline -0.007 -1"><span class='ocrx_word' id='word_1_560' title='bbox 1015 4057 1307 4097; x_wconf 77' lang='lat' dir='ltr'><strong>ARTICULUS</strong></span> <span class='ocrx_word' id='word_1_561' title='bbox 1349 4057 1422 4096; x_wconf 87' lang='lat' dir='ltr'><strong>Ill.</strong></span> 
     </span>
    </p>
   </div>
   <div class='ocr_carea' id='block_1_72' title="bbox 423 4155 2020 4226">
    <p class='ocr_par' dir='ltr' id='par_1_72' title="bbox 423 4155 2020 4226">
     <span class='ocr_line' id='line_1_72' title="bbox 423 4155 2020 4226; baseline -0.005 -11"><span class='ocrx_word' id='word_1_562' title='bbox 423 4158 748 4226; x_wconf 75' lang='lat' dir='ltr'><strong>Expenditur</strong></span> <span class='ocrx_word' id='word_1_563' title='bbox 785 4157 932 4212; x_wconf 80' lang='lat' dir='ltr'><strong>aliud</strong></span> <span class='ocrx_word' id='word_1_564' title='bbox 964 4157 1160 4212; x_wconf 84' lang='lat' dir='ltr'><strong>Octavii</strong></span> <span class='ocrx_word' id='word_1_565' title='bbox 1192 4157 1253 4209; x_wconf 84' lang='lat' dir='ltr'><strong>de</strong></span> <span class='ocrx_word' id='word_1_566' title='bbox 1283 4155 1391 4210; x_wconf 80' lang='lat' dir='ltr'><strong>Deo</strong></span> <span class='ocrx_word' id='word_1_567' title='bbox 1418 4171 1518 4209; x_wconf 88' lang='lat' dir='ltr'><strong>uno</strong></span> <span class='ocrx_word' id='word_1_568' title='bbox 1546 4161 1918 4224; x_wconf 78' lang='lat' dir='ltr'><strong>argumentum,</strong></span> <span class='ocrx_word' id='word_1_569' title='bbox 1958 4168 2020 4207; x_wconf 73' lang='lat' dir='ltr'><strong>ex</strong></span> 
     </span>
    </p>
   </div>
   <div class='ocr_carea' id='block_1_73' title="bbox 495 4245 2020 4320">
    <p class='ocr_par' dir='ltr' id='par_1_73' title="bbox 495 4245 2020 4320">
     <span class='ocr_line' id='line_1_73' title="bbox 495 4245 2020 4320; baseline -0.004 -16"><span class='ocrx_word' id='word_1_570' title='bbox 495 4261 805 4306; x_wconf 84' lang='lat' dir='ltr'><strong>terrenarum</strong></span> <span class='ocrx_word' id='word_1_571' title='bbox 843 4265 1136 4320; x_wconf 82' lang='lat' dir='ltr'><strong>regnarunt,</strong></span> <span class='ocrx_word' id='word_1_572' title='bbox 1170 4258 1216 4304; x_wconf 79' lang='lat' dir='ltr'><strong>et</strong></span> <span class='ocrx_word' id='word_1_573' title='bbox 1240 4264 1404 4302; x_wconf 82' lang='lat' dir='ltr'><strong>rerum</strong></span> <span class='ocrx_word' id='word_1_574' title='bbox 1434 4245 1749 4300; x_wconf 78' lang='lat' dir='ltr'><strong>naturalium</strong></span> <span class='ocrx_word' id='word_1_575' title='bbox 1776 4245 2020 4315; x_wconf 71' lang='lat' dir='ltr'><strong>exetnplis</strong></span> 
     </span>
    </p>
   </div>
   <div class='ocr_carea' id='block_1_74' title="bbox 495 4347 836 4415">
    <p class='ocr_par' dir='ltr' id='par_1_74' title="bbox 495 4347 836 4415">
     <span class='ocr_line' id='line_1_74' title="bbox 495 4347 836 4415; baseline -0.015 -14"><span class='ocrx_word' id='word_1_576' title='bbox 495 4347 666 4402; x_wconf 79' lang='lat' dir='ltr'><strong>desum</strong></span> <span class='ocrx_word' id='word_1_577' title='bbox 672 4355 836 4415; x_wconf 84' lang='lat' dir='ltr'><strong>ptum.</strong></span> 
     </span>
    </p>
   </div>
   <div class='ocr_carea' id='block_1_75' title="bbox 495 4475 2018 4549">
    <p class='ocr_par' dir='ltr' id='par_1_75' title="bbox 495 4475 2018 4549">
     <span class='ocr_line' id='line_1_75' title="bbox 495 4475 2018 4549; baseline -0.005 -12"><span class='ocrx_word' id='word_1_578' title='bbox 495 4482 574 4537; x_wconf 81' lang='lat' dir='ltr'><strong>Ex</strong></span> <span class='ocrx_word' id='word_1_579' title='bbox 606 4481 838 4536; x_wconf 87' lang='lat' dir='ltr'><strong>terrenis</strong></span> <span class='ocrx_word' id='word_1_580' title='bbox 882 4479 1144 4549; x_wconf 89' lang='lat' dir='ltr'><strong>imperiis,</strong></span> <span class='ocrx_word' id='word_1_581' title='bbox 1177 4479 1266 4533; x_wconf 93' lang='lat' dir='ltr'><strong>ubi</strong></span> <span class='ocrx_word' id='word_1_582' title='bbox 1293 4478 1468 4532; x_wconf 90' lang='lat' dir='ltr'><strong>nullus</strong></span> <span class='ocrx_word' id='word_1_583' title='bbox 1492 4476 1643 4547; x_wconf 76' lang='lat' dir='ltr'><strong>regni</strong></span> <span class='ocrx_word' id='word_1_584' title='bbox 1673 4475 1877 4530; x_wconf 90' lang='lat' dir='ltr'><strong>socium</strong></span> <span class='ocrx_word' id='word_1_585' title='bbox 1910 4477 2018 4543; x_wconf 88' lang='lat' dir='ltr'><strong>pati</strong></span> 
     </span>
    </p>
   </div>
   <div class='ocr_carea' id='block_1_76' title="bbox 2121 3246 3715 3320">
    <p class='ocr_par' dir='ltr' id='par_1_76' title="bbox 2121 3246 3715 3320">
     <span class='ocr_line' id='line_1_76' title="bbox 2121 3246 3715 3320; baseline -0.002 -17"><span class='ocrx_word' id='word_1_586' title='bbox 2121 3260 2297 3320; x_wconf 82' lang='lat' dir='ltr'><strong>partes</strong></span> <span class='ocrx_word' id='word_1_587' title='bbox 2336 3265 2456 3303; x_wconf 75' lang='lat' dir='ltr'><strong>sese</strong></span> <span class='ocrx_word' id='word_1_588' title='bbox 2489 3250 2538 3301; x_wconf 92' lang='lat' dir='ltr'><strong>in</strong></span> <span class='ocrx_word' id='word_1_589' title='bbox 2567 3247 2675 3302; x_wconf 92' lang='lat' dir='ltr'><strong>odii</strong></span> <span class='ocrx_word' id='word_1_590' title='bbox 2710 3247 3064 3318; x_wconf 85' lang='lat' dir='ltr'><strong>implacabilis</strong></span> <span class='ocrx_word' id='word_1_591' title='bbox 3094 3249 3304 3312; x_wconf 66' lang='lat' dir='ltr'><strong>signum</strong></span> <span class='ocrx_word' id='word_1_592' title='bbox 3335 3247 3586 3300; x_wconf 58' lang='lat' dir='ltr'><strong>divisisse</strong></span> <span class='ocrx_word' id='word_1_593' title='bbox 3611 3246 3715 3300; x_wconf 87' lang='lat' dir='ltr'><strong>fer—</strong></span> 
     </span>
    </p>
   </div>
   <div class='ocr_carea' id='block_1_77' title="bbox 2122 3342 3714 3410">
    <p class='ocr_par' dir='ltr' id='par_1_77' title="bbox 2122 3342 3714 3410">
     <span class='ocr_line' id='line_1_77' title="bbox 2122 3342 3714 3410; baseline -0.002 -12"><span class='ocrx_word' id='word_1_594' title='bbox 2122 3354 2224 3398; x_wconf 90' lang='lat' dir='ltr'><strong>tur.</strong></span> <span class='ocrx_word' id='word_1_595' title='bbox 2258 3344 2417 3410; x_wconf 81' lang='lat' dir='ltr'><strong>Audi,</strong></span> <span class='ocrx_word' id='word_1_596' title='bbox 2443 3344 2485 3396; x_wconf 87' lang='lat' dir='ltr'><strong>si</strong></span> <span class='ocrx_word' id='word_1_597' title='bbox 2513 3343 2678 3409; x_wconf 89' lang='lat' dir='ltr'><strong>lubet,</strong></span> <span class='ocrx_word' id='word_1_598' title='bbox 2703 3342 2955 3398; x_wconf 88' lang='lat' dir='ltr'><strong>Ovidium</strong></span> <span class='ocrx_word' id='word_1_599' title='bbox 2983 3343 3216 3398; x_wconf 88' lang='lat' dir='ltr'><strong>illuditis</strong></span> <span class='ocrx_word' id='word_1_600' title='bbox 3245 3344 3490 3398; x_wconf 85' lang='lat' dir='ltr'><strong>versibus</strong></span> <span class='ocrx_word' id='word_1_601' title='bbox 3515 3355 3714 3396; x_wconf 86' lang='lat' dir='ltr'><strong>cauen-</strong></span> 
     </span>
    </p>
   </div>
   <div class='ocr_carea' id='block_1_78' title="bbox 2118 3446 2270 3491">
    <p class='ocr_par' dir='ltr' id='par_1_78' title="bbox 2118 3446 2270 3491">
     <span class='ocr_line' id='line_1_78' title="bbox 2118 3446 2270 3491; baseline -0.007 0"><span class='ocrx_word' id='word_1_602' title='bbox 2118 3446 2223 3491; x_wconf 90' lang='lat' dir='ltr'><strong>tem</strong></span> <span class='ocrx_word' id='word_1_603' title='bbox 2257 3453 2270 3490; x_wconf 75' lang='grc' dir='ltr'>ζ</span> 
     </span>
    </p>
   </div>
   <div class='ocr_carea' id='block_1_79' title="bbox 2274 3548 3411 3604">
    <p class='ocr_par' dir='ltr' id='par_1_79' title="bbox 2274 3548 3411 3604">
     <span class='ocr_line' id='line_1_79' title="bbox 2274 3548 3411 3604; baseline -0.003 -4"><span class='ocrx_word' id='word_1_604' title='bbox 2274 3549 2500 3604; x_wconf 78' lang='lat' dir='ltr'><strong>Consilio.</strong></span> <span class='ocrx_word' id='word_1_605' title='bbox 2525 3562 2782 3598; x_wconf 88' lang='lat' dir='ltr'><strong>commune</strong></span> <span class='ocrx_word' id='word_1_606' title='bbox 2805 3562 2994 3599; x_wconf 85' lang='lat' dir='ltr'><strong>sacrum</strong></span> <span class='ocrx_word' id='word_1_607' title='bbox 3019 3563 3127 3598; x_wconf 87' lang='lat' dir='ltr'><strong>eum</strong></span> <span class='ocrx_word' id='word_1_608' title='bbox 3153 3548 3233 3599; x_wconf 85' lang='lat' dir='ltr'><strong>fiat</strong></span> <span class='ocrx_word' id='word_1_609' title='bbox 3250 3551 3298 3598; x_wconf 91' lang='lat' dir='ltr'><strong>in</strong></span> <span class='ocrx_word' id='word_1_610' title='bbox 3327 3564 3411 3598; x_wconf 91' lang='lat' dir='ltr'><strong>ara</strong></span> 
     </span>
    </p>
   </div>
   <div class='ocr_carea' id='block_1_80' title="bbox 2339 3613 3350 3676">
    <p class='ocr_par' dir='ltr' id='par_1_80' title="bbox 2339 3613 3350 3676">
     <span class='ocr_line' id='line_1_80' title="bbox 2339 3613 3350 3676; baseline 0.001 -15"><span class='ocrx_word' id='word_1_611' title='bbox 2339 3613 2608 3667; x_wconf 78' lang='lat' dir='ltr'><strong>Fratribus.</strong></span> <span class='ocrx_word' id='word_1_612' title='bbox 2633 3615 2825 3662; x_wconf 85' lang='lat' dir='ltr'><strong>alterna</strong></span> <span class='ocrx_word' id='word_1_613' title='bbox 2848 3615 2931 3676; x_wconf 88' lang='lat' dir='ltr'><strong>qui</strong></span> <span class='ocrx_word' id='word_1_614' title='bbox 2960 3615 3160 3676; x_wconf 81' lang='lat' dir='ltr'><strong>perit-re</strong></span> <span class='ocrx_word' id='word_1_615' title='bbox 3187 3626 3350 3662; x_wconf 89' lang='lat' dir='ltr'><strong>manu.</strong></span> 
     </span>
    </p>
   </div>
   <div class='ocr_carea' id='block_1_81' title="bbox 2272 3674 3448 3738">
    <p class='ocr_par' dir='ltr' id='par_1_81' title="bbox 2272 3674 3448 3738">
     <span class='ocr_line' id='line_1_81' title="bbox 2272 3674 3448 3738; baseline 0.003 -16"><span class='ocrx_word' id='word_1_616' title='bbox 2272 3674 2379 3738; x_wconf 86' lang='lat' dir='ltr'><strong>Ipsa</strong></span> <span class='ocrx_word' id='word_1_617' title='bbox 2405 3676 2493 3724; x_wconf 89' lang='lat' dir='ltr'><strong>sibi</strong></span> <span class='ocrx_word' id='word_1_618' title='bbox 2518 3677 2718 3731; x_wconf 84' lang='lat' dir='ltr'><strong>discors,</strong></span> <span class='ocrx_word' id='word_1_619' title='bbox 2740 3674 2972 3737; x_wconf 72' lang='lat' dir='ltr'><strong>tanquam</strong></span> <span class='ocrx_word' id='word_1_620' title='bbox 2990 3677 3245 3738; x_wconf 79' lang='lat' dir='ltr'><strong>mandetur</strong></span> <span class='ocrx_word' id='word_1_621' title='bbox 3269 3679 3330 3724; x_wconf 86' lang='lat' dir='ltr'><strong>ah</strong></span> <span class='ocrx_word' id='word_1_622' title='bbox 3353 3674 3448 3725; x_wconf 83' lang='lat' dir='ltr'><strong>illis</strong></span> 
     </span>
    </p>
   </div>
   <div class='ocr_carea' id='block_1_82' title="bbox 2336 3736 3306 3798">
    <p class='ocr_par' dir='ltr' id='par_1_82' title="bbox 2336 3736 3306 3798">
     <span class='ocr_line' id='line_1_82' title="bbox 2336 3736 3306 3798; baseline -0.001 -13"><span class='ocrx_word' id='word_1_623' title='bbox 2336 3737 2580 3785; x_wconf 78' lang='lat' dir='ltr'><strong>Scinditur</strong></span> <span class='ocrx_word' id='word_1_624' title='bbox 2604 3740 2650 3785; x_wconf 90' lang='lat' dir='ltr'><strong>in</strong></span> <span class='ocrx_word' id='word_1_625' title='bbox 2679 3736 2962 3798; x_wconf 77' lang='lat' dir='ltr'><strong>partesatra</strong></span> <span class='ocrx_word' id='word_1_626' title='bbox 2988 3736 3148 3784; x_wconf 75' lang='lat' dir='ltr'><strong>favilla</strong></span> <span class='ocrx_word' id='word_1_627' title='bbox 3166 3739 3306 3786; x_wconf 83' lang='lat' dir='ltr'><strong>duas.</strong></span> 
     </span>
    </p>
   </div>
   <div class='ocr_carea' id='block_1_83' title="bbox 2368 3796 3512 3863">
    <p class='ocr_par' dir='ltr' id='par_1_83' title="bbox 2368 3796 3512 3863">
     <span class='ocr_line' id='line_1_83' title="bbox 2368 3796 3512 3863; baseline -0.004 -14"><span class='ocrx_word' id='word_1_628' title='bbox 2368 3799 2567 3861; x_wconf 84' lang='lat' dir='ltr'><strong>(0vid.,</strong></span> <span class='ocrx_word' id='word_1_629' title='bbox 2588 3800 2620 3848; x_wconf 95' lang='lat' dir='ltr'><strong>I.</strong></span> <span class='ocrx_word' id='word_1_630' title='bbox 2647 3796 2687 3848; x_wconf 23' lang='lat' dir='ltr'><strong>vi</strong></span> <span class='ocrx_word' id='word_1_631' title='bbox 2707 3796 2875 3863; x_wconf 60' lang='lat' dir='ltr'><strong>Trist,</strong></span> <span class='ocrx_word' id='word_1_632' title='bbox 2910 3800 3032 3863; x_wconf 86' lang='lat' dir='ltr'><strong>eleg.</strong></span> <span class='ocrx_word' id='word_1_633' title='bbox 3060 3801 3107 3858; x_wconf 73' lang='lat' dir='ltr'><strong>ES,</strong></span> <span class='ocrx_word' id='word_1_634' title='bbox 3129 3813 3173 3848; x_wconf 85' lang='grc' dir='ltr'><strong>υ.</strong></span> <span class='ocrx_word' id='word_1_635' title='bbox 3199 3801 3262 3849; x_wconf 78' lang='grc'><strong>35</strong></span> <span class='ocrx_word' id='word_1_636' title='bbox 3285 3806 3330 3850; x_wconf 84' lang='lat' dir='ltr'><strong>et</strong></span> <span class='ocrx_word' id='word_1_637' title='bbox 3352 3801 3512 3861; x_wconf 77' lang='lat' dir='ltr'><strong>seqq.)</strong></span> 
     </span>
    </p>
   </div>
   <div class='ocr_carea' id='block_1_84' title="bbox 2194 3923 3714 3992">
    <p class='ocr_par' dir='ltr' id='par_1_84' title="bbox 2194 3923 3714 3992">
     <span class='ocr_line' id='line_1_84' title="bbox 2194 3923 3714 3992; baseline -0.001 -17"><span class='ocrx_word' id='word_1_638' title='bbox 2194 3923 2420 3976; x_wconf 79' lang='lat' dir='ltr'><strong>Exstant</strong></span> <span class='ocrx_word' id='word_1_639' title='bbox 2446 3925 2582 3976; x_wconf 88' lang='lat' dir='ltr'><strong>hanc</strong></span> <span class='ocrx_word' id='word_1_640' title='bbox 2617 3924 2669 3977; x_wconf 92' lang='lat' dir='ltr'><strong>iu</strong></span> <span class='ocrx_word' id='word_1_641' title='bbox 2704 3940 2817 3978; x_wconf 92' lang='lat' dir='ltr'><strong>rem</strong></span> <span class='ocrx_word' id='word_1_642' title='bbox 2850 3924 3020 3979; x_wconf 66' lang='lat' dir='ltr'><strong>Graeci</strong></span> <span class='ocrx_word' id='word_1_643' title='bbox 3055 3923 3308 3977; x_wconf 83' lang='lat' dir='ltr'><strong>Branoris</strong></span> <span class='ocrx_word' id='word_1_644' title='bbox 3340 3938 3541 3986; x_wconf 89' lang='lat' dir='ltr'><strong>versus,</strong></span> <span class='ocrx_word' id='word_1_645' title='bbox 3577 3937 3714 3992; x_wconf 86' lang='lat' dir='ltr'><strong>quos</strong></span> 
     </span>
    </p>
   </div>
   <div class='ocr_carea' id='block_1_85' title="bbox 2123 4016 3718 4085">
    <p class='ocr_par' dir='ltr' id='par_1_85' title="bbox 2123 4016 3718 4085">
     <span class='ocr_line' id='line_1_85' title="bbox 2123 4016 3718 4085; baseline -0.001 -15"><span class='ocrx_word' id='word_1_646' title='bbox 2123 4017 2392 4071; x_wconf 66' lang='lat' dir='ltr'><strong>Ansnnius</strong></span> <span class='ocrx_word' id='word_1_647' title='bbox 2422 4017 2613 4070; x_wconf 86' lang='lat' dir='ltr'><strong>latinos</strong></span> <span class='ocrx_word' id='word_1_648' title='bbox 2654 4017 2778 4070; x_wconf 88' lang='lat' dir='ltr'><strong>fecit</strong></span> <span class='ocrx_word' id='word_1_649' title='bbox 2802 4018 2819 4085; x_wconf 90' lang='lat'>(</span> <span class='ocrx_word' id='word_1_650' title='bbox 2843 4020 3067 4078; x_wconf 79' lang='lat' dir='ltr'><strong>Auson.,</strong></span> <span class='ocrx_word' id='word_1_651' title='bbox 3103 4017 3287 4084; x_wconf 72' lang='lat' dir='ltr'><strong>Epigr.</strong></span> <span class='ocrx_word' id='word_1_652' title='bbox 3346 4016 3506 4085; x_wconf 71' lang='lat'><strong>19.9).</strong></span> <span class='ocrx_word' id='word_1_653' title='bbox 3543 4018 3718 4084; x_wconf 88' lang='lat' dir='ltr'><strong>Atque</strong></span> 
     </span>
    </p>
   </div>
   <div class='ocr_carea' id='block_1_86' title="bbox 2122 4107 3714 4174">
    <p class='ocr_par' dir='ltr' id='par_1_86' title="bbox 2122 4107 3714 4174">
     <span class='ocr_line' id='line_1_86' title="bbox 2122 4107 3714 4174; baseline -0.001 -13"><span class='ocrx_word' id='word_1_654' title='bbox 2122 4119 2178 4162; x_wconf 90' lang='lat' dir='ltr'><strong>ut</strong></span> <span class='ocrx_word' id='word_1_655' title='bbox 2208 4108 2544 4171; x_wconf 84' lang='lat' dir='ltr'><strong>Pausaniam,</strong></span> <span class='ocrx_word' id='word_1_656' title='bbox 2577 4108 2867 4162; x_wconf 87' lang='lat' dir='ltr'><strong>Diodorum</strong></span> <span class='ocrx_word' id='word_1_657' title='bbox 2888 4108 3152 4171; x_wconf 89' lang='lat' dir='ltr'><strong>Siculum,</strong></span> <span class='ocrx_word' id='word_1_658' title='bbox 3185 4108 3446 4163; x_wconf 88' lang='lat' dir='ltr'><strong>Senecam</strong></span> <span class='ocrx_word' id='word_1_659' title='bbox 3471 4107 3714 4174; x_wconf 88' lang='lat' dir='ltr'><strong>aliosque</strong></span> 
     </span>
    </p>
   </div>
   <div class='ocr_carea' id='block_1_87' title="bbox 2122 4199 3521 4267">
    <p class='ocr_par' dir='ltr' id='par_1_87' title="bbox 2122 4199 3521 4267">
     <span class='ocr_line' id='line_1_87' title="bbox 2122 4199 3521 4267; baseline -0.002 -12"><span class='ocrx_word' id='word_1_660' title='bbox 2122 4205 2450 4267; x_wconf 90' lang='lat' dir='ltr'><strong>omittamus,</strong></span> <span class='ocrx_word' id='word_1_661' title='bbox 2483 4201 2726 4255; x_wconf 90' lang='lat' dir='ltr'><strong>Lucanus</strong></span> <span class='ocrx_word' id='word_1_662' title='bbox 2756 4200 2820 4254; x_wconf 88' lang='lat' dir='ltr'><strong>ad</strong></span> <span class='ocrx_word' id='word_1_663' title='bbox 2853 4200 2901 4254; x_wconf 85' lang='lat' dir='ltr'><strong>id</strong></span> <span class='ocrx_word' id='word_1_664' title='bbox 2924 4200 3102 4253; x_wconf 71' lang='lat' dir='ltr'><strong>allusit</strong></span> <span class='ocrx_word' id='word_1_665' title='bbox 3129 4200 3208 4252; x_wconf 90' lang='lat' dir='ltr'><strong>his</strong></span> <span class='ocrx_word' id='word_1_666' title='bbox 3233 4199 3479 4253; x_wconf 89' lang='lat' dir='ltr'><strong>versibus</strong></span> <span class='ocrx_word' id='word_1_667' title='bbox 3510 4218 3521 4252; x_wconf 91' lang='lat'>:</span> 
     </span>
    </p>
   </div>
   <div class='ocr_carea' id='block_1_88' title="bbox 2465 4313 3436 4365">
    <p class='ocr_par' dir='ltr' id='par_1_88' title="bbox 2465 4313 3436 4365">
     <span class='ocr_line' id='line_1_88' title="bbox 2465 4313 3436 4365; baseline 0.002 -2"><span class='ocrx_word' id='word_1_668' title='bbox 2465 4313 2748 4364; x_wconf 88' lang='lat' dir='ltr'><strong>Ostendens</strong></span> <span class='ocrx_word' id='word_1_669' title='bbox 2770 4313 3016 4364; x_wconf 83' lang='lat' dir='ltr'><strong>confectas</strong></span> <span class='ocrx_word' id='word_1_670' title='bbox 3035 4315 3222 4364; x_wconf 78' lang='lat' dir='ltr'><strong>flamma</strong></span> <span class='ocrx_word' id='word_1_671' title='bbox 3259 4314 3436 4365; x_wconf 87' lang='lat' dir='ltr'><strong>latinas</strong></span> 
     </span>
    </p>
   </div>
   <div class='ocr_carea' id='block_1_89' title="bbox 2249 4375 3560 4441">
    <p class='ocr_par' dir='ltr' id='par_1_89' title="bbox 2249 4375 3560 4441">
     <span class='ocr_line' id='line_1_89' title="bbox 2249 4375 3560 4441; baseline 0.002 -18"><span class='ocrx_word' id='word_1_672' title='bbox 2249 4375 2496 4441; x_wconf 62' lang='lat' dir='ltr'><strong>Scinditur</strong></span> <span class='ocrx_word' id='word_1_673' title='bbox 2521 4382 2570 4425; x_wconf 90' lang='lat' dir='ltr'><strong>tn</strong></span> <span class='ocrx_word' id='word_1_674' title='bbox 2597 4385 2778 4439; x_wconf 64' lang='lat' dir='ltr'><strong>partes,</strong></span> <span class='ocrx_word' id='word_1_675' title='bbox 2807 4382 3108 4441; x_wconf 70' lang='lat' dir='ltr'><strong>geminoque</strong></span> <span class='ocrx_word' id='word_1_676' title='bbox 3127 4381 3382 4428; x_wconf 85' lang='lat' dir='ltr'><strong>cacumine</strong></span> <span class='ocrx_word' id='word_1_677' title='bbox 3399 4380 3560 4440; x_wconf 83' lang='lat' dir='ltr'><strong>surgit</strong></span> 
     </span>
    </p>
   </div>
   <div class='ocr_carea' id='block_1_90' title="bbox 2249 4439 2914 4504">
    <p class='ocr_par' dir='ltr' id='par_1_90' title="bbox 2249 4439 2914 4504">
     <span class='ocr_line' id='line_1_90' title="bbox 2249 4439 2914 4504; baseline 0.005 -16"><span class='ocrx_word' id='word_1_678' title='bbox 2249 4439 2510 4489; x_wconf 85' lang='lat' dir='ltr'><strong>Thebanos</strong></span> <span class='ocrx_word' id='word_1_679' title='bbox 2536 4441 2719 4490; x_wconf 80' lang='lat' dir='ltr'><strong>imitata</strong></span> <span class='ocrx_word' id='word_1_680' title='bbox 2752 4454 2914 4504; x_wconf 79' lang='lat' dir='ltr'><strong>rogos.</strong></span> 
     </span>
    </p>
   </div>
   <div class='ocr_carea' id='block_1_91' title="bbox 426 4557 3722 4643">
    <p class='ocr_par' dir='ltr' id='par_1_91' title="bbox 426 4557 3722 4643">
     <span class='ocr_line' id='line_1_91' title="bbox 426 4557 3722 4643; baseline -0.002 -17"><span class='ocrx_word' id='word_1_681' title='bbox 426 4581 621 4643; x_wconf 85' lang='lat' dir='ltr'><strong>potest,</strong></span> <span class='ocrx_word' id='word_1_682' title='bbox 652 4574 793 4626; x_wconf 84' lang='lat' dir='ltr'><strong>aliud</strong></span> <span class='ocrx_word' id='word_1_683' title='bbox 825 4571 1086 4626; x_wconf 79' lang='lat' dir='ltr'><strong>Minucius</strong></span> <span class='ocrx_word' id='word_1_684' title='bbox 1128 4571 1258 4638; x_wconf 83' lang='lat' dir='ltr'><strong>petit</strong></span> <span class='ocrx_word' id='word_1_685' title='bbox 1287 4578 1658 4640; x_wconf 82' lang='lat' dir='ltr'><strong>argumentum</strong></span> <span class='ocrx_word' id='word_1_686' title='bbox 1689 4611 1704 4634; x_wconf 91' lang='lat'><strong>,</strong></span> <span class='ocrx_word' id='word_1_687' title='bbox 1756 4584 1860 4632; x_wconf 90' lang='lat' dir='ltr'><strong>quo</strong></span> <span class='ocrx_word' id='word_1_688' title='bbox 1909 4583 2018 4621; x_wconf 93' lang='lat' dir='ltr'><strong>non</strong></span> <span class='ocrx_word' id='word_1_689' title='bbox 2043 4557 2097 4618; x_wconf 87' lang='lat' dir='ltr'>D</span> <span class='ocrx_word' id='word_1_690' title='bbox 2196 4565 2396 4619; x_wconf 84' lang='lat' dir='ltr'><strong>Deinde</strong></span> <span class='ocrx_word' id='word_1_691' title='bbox 2421 4582 2549 4621; x_wconf 88' lang='lat' dir='ltr'><strong>vero</strong></span> <span class='ocrx_word' id='word_1_692' title='bbox 2573 4566 2860 4626; x_wconf 61' lang='lat' dir='ltr'><strong>Minucius:</strong></span> <span class='ocrx_word' id='word_1_693' title='bbox 2887 4586 2906 4619; x_wconf 86' lang='grc'><strong><em>‹</em></strong></span> <span class='ocrx_word' id='word_1_694' title='bbox 2939 4567 3018 4620; x_wconf 90' lang='lat' dir='ltr'><strong>Ob</strong></span> <span class='ocrx_word' id='word_1_695' title='bbox 3041 4578 3370 4637; x_wconf 69' lang='lat' dir='ltr'><strong>pastorum,»</strong></span> <span class='ocrx_word' id='word_1_696' title='bbox 3399 4569 3586 4639; x_wconf 86' lang='lat' dir='ltr'><strong>inquit,</strong></span> <span class='ocrx_word' id='word_1_697' title='bbox 3625 4587 3644 4620; x_wconf 77' lang='grc' dir='ltr'><strong>ι</strong></span> <span class='ocrx_word' id='word_1_698' title='bbox 3665 4576 3722 4624; x_wconf 88' lang='lat' dir='ltr'><strong>et</strong></span> 
     </span>
    </p>
   </div>
   <div class='ocr_carea' id='block_1_92' title="bbox 429 4658 2023 4726">
    <p class='ocr_par' dir='ltr' id='par_1_92' title="bbox 429 4658 2023 4726">
     <span class='ocr_line' id='line_1_92' title="bbox 429 4658 2023 4726; baseline -0.004 -8"><span class='ocrx_word' id='word_1_699' title='bbox 429 4664 588 4718; x_wconf 90' lang='lat' dir='ltr'><strong>modo</strong></span> <span class='ocrx_word' id='word_1_700' title='bbox 634 4679 797 4718; x_wconf 92' lang='lat' dir='ltr'><strong>unum</strong></span> <span class='ocrx_word' id='word_1_701' title='bbox 834 4664 1110 4718; x_wconf 83' lang='lat' dir='ltr'><strong>dumtaxat</strong></span> <span class='ocrx_word' id='word_1_702' title='bbox 1168 4663 1330 4715; x_wconf 86' lang='lat' dir='ltr'><strong>Deum</strong></span> <span class='ocrx_word' id='word_1_703' title='bbox 1363 4677 1500 4726; x_wconf 86' lang='lat' dir='ltr'><strong>esse,</strong></span> <span class='ocrx_word' id='word_1_704' title='bbox 1545 4660 1638 4715; x_wconf 89' lang='lat' dir='ltr'><strong>sed</strong></span> <span class='ocrx_word' id='word_1_705' title='bbox 1684 4659 1824 4712; x_wconf 89' lang='lat' dir='ltr'><strong>illius</strong></span> <span class='ocrx_word' id='word_1_706' title='bbox 1865 4658 2023 4712; x_wconf 88' lang='lat' dir='ltr'><strong>unius</strong></span> 
     </span>
    </p>
   </div>
   <div class='ocr_carea' id='block_1_93' title="bbox 432 4755 2021 4826">
    <p class='ocr_par' dir='ltr' id='par_1_93' title="bbox 432 4755 2021 4826">
     <span class='ocr_line' id='line_1_93' title="bbox 432 4755 2021 4826; baseline -0.003 -17"><span class='ocrx_word' id='word_1_707' title='bbox 432 4764 633 4809; x_wconf 90' lang='lat' dir='ltr'><strong>tantum</strong></span> <span class='ocrx_word' id='word_1_708' title='bbox 666 4757 889 4826; x_wconf 88' lang='lat' dir='ltr'><strong>imperio</strong></span> <span class='ocrx_word' id='word_1_709' title='bbox 918 4755 1099 4810; x_wconf 90' lang='lat' dir='ltr'><strong>omnia</strong></span> <span class='ocrx_word' id='word_1_710' title='bbox 1130 4756 1413 4825; x_wconf 73' lang='lat' dir='ltr'><strong>gubernari</strong></span> <span class='ocrx_word' id='word_1_711' title='bbox 1461 4755 1745 4808; x_wconf 86' lang='lat' dir='ltr'><strong>ccutirmat</strong></span> <span class='ocrx_word' id='word_1_712' title='bbox 1784 4769 1844 4806; x_wconf 85' lang='lat' dir='ltr'><strong>ac</strong></span> <span class='ocrx_word' id='word_1_713' title='bbox 1887 4767 2021 4805; x_wconf 91' lang='lat' dir='ltr'><strong>con-</strong></span> 
     </span>
    </p>
   </div>
   <div class='ocr_carea' id='block_1_94' title="bbox 430 4841 2022 4916">
    <p class='ocr_par' dir='ltr' id='par_1_94' title="bbox 430 4841 2022 4916">
     <span class='ocr_line' id='line_1_94' title="bbox 430 4841 2022 4916; baseline -0.004 -13"><span class='ocrx_word' id='word_1_714' title='bbox 430 4848 592 4904; x_wconf 87' lang='lat' dir='ltr'><strong>vincit</strong></span> <span class='ocrx_word' id='word_1_715' title='bbox 625 4865 636 4900; x_wconf 92' lang='lat'>:</span> <span class='ocrx_word' id='word_1_716' title='bbox 673 4867 690 4898; x_wconf 73' lang='lat' dir='ltr'><strong>t</strong></span> <span class='ocrx_word' id='word_1_717' title='bbox 727 4847 951 4914; x_wconf 83' lang='lat' dir='ltr'><strong>Quando</strong></span> <span class='ocrx_word' id='word_1_718' title='bbox 977 4848 1176 4911; x_wconf 67' lang='lat' dir='ltr'><strong>enim,»</strong></span> <span class='ocrx_word' id='word_1_719' title='bbox 1215 4848 1384 4916; x_wconf 88' lang='lat' dir='ltr'><strong>inquit</strong></span> <span class='ocrx_word' id='word_1_720' title='bbox 1414 4847 1522 4908; x_wconf 90' lang='lat' dir='ltr'><strong>ille,</strong></span> <span class='ocrx_word' id='word_1_721' title='bbox 1550 4864 1569 4896; x_wconf 72' lang='grc' dir='ltr'><strong>ι</strong></span> <span class='ocrx_word' id='word_1_722' title='bbox 1596 4860 1844 4914; x_wconf 88' lang='lat' dir='ltr'><strong>umquam</strong></span> <span class='ocrx_word' id='word_1_723' title='bbox 1874 4841 2022 4911; x_wconf 73' lang='lat' dir='ltr'><strong>regni</strong></span> 
     </span>
    </p>
   </div>
   <div class='ocr_carea' id='block_1_95' title="bbox 429 4939 2026 5010">
    <p class='ocr_par' dir='ltr' id='par_1_95' title="bbox 429 4939 2026 5010">
     <span class='ocr_line' id='line_1_95' title="bbox 429 4939 2026 5010; baseline -0.004 -14"><span class='ocrx_word' id='word_1_724' title='bbox 429 4943 654 4996; x_wconf 84' lang='lat' dir='ltr'><strong>societas</strong></span> <span class='ocrx_word' id='word_1_725' title='bbox 693 4951 785 4996; x_wconf 86' lang='lat' dir='ltr'><strong>aut</strong></span> <span class='ocrx_word' id='word_1_726' title='bbox 815 4958 936 4995; x_wconf 91' lang='lat' dir='ltr'><strong>cum</strong></span> <span class='ocrx_word' id='word_1_727' title='bbox 978 4942 1082 4996; x_wconf 83' lang='lat' dir='ltr'><strong>fide</strong></span> <span class='ocrx_word' id='word_1_728' title='bbox 1109 4943 1270 5010; x_wconf 77' lang='lat' dir='ltr'><strong>(-cepit</strong></span> <span class='ocrx_word' id='word_1_729' title='bbox 1297 4950 1386 4995; x_wconf 90' lang='lat' dir='ltr'><strong>aut</strong></span> <span class='ocrx_word' id='word_1_730' title='bbox 1415 4939 1530 4994; x_wconf 85' lang='lat' dir='ltr'><strong>sine</strong></span> <span class='ocrx_word' id='word_1_731' title='bbox 1555 4954 1750 4994; x_wconf 87' lang='lat' dir='ltr'><strong>cruore</strong></span> <span class='ocrx_word' id='word_1_732' title='bbox 1776 4953 2026 5007; x_wconf 85' lang='lat' dir='ltr'><strong>perman-</strong></span> 
     </span>
    </p>
   </div>
   <div class='ocr_carea' id='block_1_96' title="bbox 427 5034 1591 5104">
    <p class='ocr_par' dir='ltr' id='par_1_96' title="bbox 427 5034 1591 5104">
     <span class='ocr_line' id='line_1_96' title="bbox 427 5034 1591 5104; baseline -0.002 -14"><span class='ocrx_word' id='word_1_733' title='bbox 427 5035 540 5090; x_wconf 79' lang='lat' dir='ltr'><strong>sit?</strong></span> <span class='ocrx_word' id='word_1_734' title='bbox 571 5053 593 5088; x_wconf 69' lang='lat'><strong><em>2</em></strong></span> <span class='ocrx_word' id='word_1_735' title='bbox 627 5037 797 5091; x_wconf 80' lang='lat' dir='ltr'><strong>Antea</strong></span> <span class='ocrx_word' id='word_1_736' title='bbox 829 5035 1030 5090; x_wconf 74' lang='lat' dir='ltr'><strong>Ennius</strong></span> <span class='ocrx_word' id='word_1_737' title='bbox 1067 5035 1204 5104; x_wconf 88' lang='lat' dir='ltr'><strong>apud</strong></span> <span class='ocrx_word' id='word_1_738' title='bbox 1227 5034 1542 5090; x_wconf 83' lang='lat' dir='ltr'><strong>Ciceronem</strong></span> <span class='ocrx_word' id='word_1_739' title='bbox 1578 5051 1591 5088; x_wconf 90' lang='lat'><strong>:</strong></span> 
     </span>
    </p>
   </div>
   <div class='ocr_carea' id='block_1_97' title="bbox 582 5145 1708 5208">
    <p class='ocr_par' dir='ltr' id='par_1_97' title="bbox 582 5145 1708 5208">
     <span class='ocr_line' id='line_1_97' title="bbox 582 5145 1708 5208; baseline -0.001 -11"><span class='ocrx_word' id='word_1_740' title='bbox 582 5145 721 5197; x_wconf 80' lang='lat' dir='ltr'><strong>Nulla</strong></span> <span class='ocrx_word' id='word_1_741' title='bbox 747 5156 914 5198; x_wconf 86' lang='lat' dir='ltr'><strong>sancta</strong></span> <span class='ocrx_word' id='word_1_742' title='bbox 939 5151 1170 5207; x_wconf 82' lang='lat' dir='ltr'><strong>societas,</strong></span> <span class='ocrx_word' id='word_1_743' title='bbox 1197 5162 1290 5199; x_wconf 82' lang='lat' dir='ltr'><strong>nec</strong></span> <span class='ocrx_word' id='word_1_744' title='bbox 1307 5149 1429 5198; x_wconf 81' lang='lat' dir='ltr'><strong>ﬁdes</strong></span> <span class='ocrx_word' id='word_1_745' title='bbox 1451 5149 1593 5208; x_wconf 77' lang='lat' dir='ltr'><strong>regni</strong></span> <span class='ocrx_word' id='word_1_746' title='bbox 1616 5153 1708 5196; x_wconf 85' lang='lat' dir='ltr'><strong>est.</strong></span> 
     </span>
    </p>
   </div>
   <div class='ocr_carea' id='block_1_98' title="bbox 672 5208 1623 5276">
    <p class='ocr_par' dir='ltr' id='par_1_98' title="bbox 672 5208 1623 5276">
     <span class='ocr_line' id='line_1_98' title="bbox 672 5208 1623 5276; baseline -0.003 -14"><span class='ocrx_word' id='word_1_747' title='bbox 672 5210 817 5272; x_wconf 82' lang='lat' dir='ltr'><strong>(Cic.,</strong></span> <span class='ocrx_word' id='word_1_748' title='bbox 845 5211 880 5260; x_wconf 90' lang='lat' dir='ltr'><strong>l.</strong></span> <span class='ocrx_word' id='word_1_749' title='bbox 907 5227 921 5260; x_wconf 93' lang='lat' dir='ltr'><strong>I</strong></span> <span class='ocrx_word' id='word_1_750' title='bbox 951 5212 1016 5262; x_wconf 79' lang='lat' dir='ltr'><strong>de</strong></span> <span class='ocrx_word' id='word_1_751' title='bbox 1035 5210 1194 5276; x_wconf 75' lang='lat' dir='ltr'><strong>Oﬂic.,</strong></span> <span class='ocrx_word' id='word_1_752' title='bbox 1222 5227 1270 5275; x_wconf 89' lang='lat' dir='ltr'><strong>p.</strong></span> <span class='ocrx_word' id='word_1_753' title='bbox 1296 5213 1408 5266; x_wconf 68' lang='grc'><strong>554,</strong></span> <span class='ocrx_word' id='word_1_754' title='bbox 1437 5211 1522 5260; x_wconf 90' lang='lat' dir='ltr'><strong>lin.</strong></span> <span class='ocrx_word' id='word_1_755' title='bbox 1549 5208 1623 5272; x_wconf 83' lang='lat'><strong>9.)</strong></span> 
     </span>
    </p>
   </div>
   <div class='ocr_carea' id='block_1_99' title="bbox 497 5311 2022 5385">
    <p class='ocr_par' dir='ltr' id='par_1_99' title="bbox 497 5311 2022 5385">
     <span class='ocr_line' id='line_1_99' title="bbox 497 5311 2022 5385; baseline -0.002 -18"><span class='ocrx_word' id='word_1_756' title='bbox 497 5314 761 5369; x_wconf 77' lang='lat' dir='ltr'><strong>Minucius</strong></span> <span class='ocrx_word' id='word_1_757' title='bbox 798 5330 927 5371; x_wconf 85' lang='lat' dir='ltr'><strong>vero</strong></span> <span class='ocrx_word' id='word_1_758' title='bbox 959 5326 1142 5370; x_wconf 87' lang='lat' dir='ltr'><strong>noster</strong></span> <span class='ocrx_word' id='word_1_759' title='bbox 1168 5316 1216 5370; x_wconf 92' lang='lat' dir='ltr'><strong>id</strong></span> <span class='ocrx_word' id='word_1_760' title='bbox 1245 5325 1474 5385; x_wconf 88' lang='lat' dir='ltr'><strong>quatuor</strong></span> <span class='ocrx_word' id='word_1_761' title='bbox 1505 5313 1698 5383; x_wconf 90' lang='lat' dir='ltr'><strong>probat</strong></span> <span class='ocrx_word' id='word_1_762' title='bbox 1722 5311 1985 5380; x_wconf 81' lang='lat' dir='ltr'><strong>exemplis</strong></span> <span class='ocrx_word' id='word_1_763' title='bbox 2008 5352 2022 5376; x_wconf 95' lang='lat'><strong>,</strong></span> 
     </span>
    </p>
   </div>
   <div class='ocr_carea' id='block_1_100' title="bbox 426 5402 2024 5476">
    <p class='ocr_par' dir='ltr' id='par_1_100' title="bbox 426 5402 2024 5476">
     <span class='ocr_line' id='line_1_100' title="bbox 426 5402 2024 5476; baseline -0.003 -16"><span class='ocrx_word' id='word_1_764' title='bbox 426 5421 655 5476; x_wconf 87' lang='lat' dir='ltr'><strong>quorum</strong></span> <span class='ocrx_word' id='word_1_765' title='bbox 686 5407 931 5462; x_wconf 89' lang='lat' dir='ltr'><strong>ultimum</strong></span> <span class='ocrx_word' id='word_1_766' title='bbox 954 5424 983 5462; x_wconf 74' lang='grc' dir='ltr'>τι</span> <span class='ocrx_word' id='word_1_767' title='bbox 1027 5407 1288 5464; x_wconf 81' lang='lat' dir='ltr'><strong>Cicerone</strong></span> <span class='ocrx_word' id='word_1_768' title='bbox 1319 5407 1515 5461; x_wconf 89' lang='lat' dir='ltr'><strong>ibidetn</strong></span> <span class='ocrx_word' id='word_1_769' title='bbox 1550 5406 1882 5476; x_wconf 77' lang='lat' dir='ltr'><strong>pteponitur.</strong></span> <span class='ocrx_word' id='word_1_770' title='bbox 1920 5402 2024 5458; x_wconf 83' lang='lat' dir='ltr'><strong>Sed</strong></span> 
     </span>
    </p>
   </div>
   <div class='ocr_carea' id='block_1_101' title="bbox 427 5493 2025 5566">
    <p class='ocr_par' dir='ltr' id='par_1_101' title="bbox 427 5493 2025 5566">
     <span class='ocr_line' id='line_1_101' title="bbox 427 5493 2025 5566; baseline -0.002 -14"><span class='ocrx_word' id='word_1_771' title='bbox 427 5511 487 5550; x_wconf 85' lang='lat' dir='ltr'><strong>ea</strong></span> <span class='ocrx_word' id='word_1_772' title='bbox 527 5506 717 5551; x_wconf 78' lang='lat' dir='ltr'><strong>auctor</strong></span> <span class='ocrx_word' id='word_1_773' title='bbox 743 5509 927 5554; x_wconf 84' lang='lat' dir='ltr'><strong>noster</strong></span> <span class='ocrx_word' id='word_1_774' title='bbox 966 5515 1073 5566; x_wconf 88' lang='lat' dir='ltr'><strong>quo</strong></span> <span class='ocrx_word' id='word_1_775' title='bbox 1121 5499 1355 5563; x_wconf 85' lang='lat' dir='ltr'><strong>brevius,</strong></span> <span class='ocrx_word' id='word_1_776' title='bbox 1402 5512 1468 5551; x_wconf 89' lang='lat' dir='ltr'><strong>eo</strong></span> <span class='ocrx_word' id='word_1_777' title='bbox 1513 5495 1794 5548; x_wconf 77' lang='lat' dir='ltr'><strong>obscurius</strong></span> <span class='ocrx_word' id='word_1_778' title='bbox 1826 5493 2025 5549; x_wconf 84' lang='lat' dir='ltr'><strong>retulit.</strong></span> 
     </span>
    </p>
   </div>
   <div class='ocr_carea' id='block_1_102' title="bbox 429 5585 2022 5660">
    <p class='ocr_par' dir='ltr' id='par_1_102' title="bbox 429 5585 2022 5660">
     <span class='ocr_line' id='line_1_102' title="bbox 429 5585 2022 5660; baseline -0.003 -17"><span class='ocrx_word' id='word_1_779' title='bbox 429 5587 560 5643; x_wconf 84' lang='lat' dir='ltr'><strong>Nam</strong></span> <span class='ocrx_word' id='word_1_780' title='bbox 587 5605 654 5645; x_wconf 91' lang='lat' dir='ltr'><strong>ne</strong></span> <span class='ocrx_word' id='word_1_781' title='bbox 683 5593 900 5644; x_wconf 87' lang='lat' dir='ltr'><strong>nomine</strong></span> <span class='ocrx_word' id='word_1_782' title='bbox 930 5592 1143 5660; x_wconf 89' lang='lat' dir='ltr'><strong>quidem</strong></span> <span class='ocrx_word' id='word_1_783' title='bbox 1169 5606 1268 5643; x_wconf 89' lang='lat' dir='ltr'><strong>suo</strong></span> <span class='ocrx_word' id='word_1_784' title='bbox 1295 5589 1444 5648; x_wconf 85' lang='lat' dir='ltr'><strong>illos.</strong></span> <span class='ocrx_word' id='word_1_785' title='bbox 1494 5587 1684 5656; x_wconf 88' lang='lat' dir='ltr'><strong>quibus</strong></span> <span class='ocrx_word' id='word_1_786' title='bbox 1731 5585 1796 5637; x_wconf 79' lang='lat' dir='ltr'><strong>de</strong></span> <span class='ocrx_word' id='word_1_787' title='bbox 1827 5585 2022 5654; x_wconf 79' lang='lat' dir='ltr'><strong>agitur,</strong></span> 
     </span>
    </p>
   </div>
   <div class='ocr_carea' id='block_1_103' title="bbox 434 5676 2026 5752">
    <p class='ocr_par' dir='ltr' id='par_1_103' title="bbox 434 5676 2026 5752">
     <span class='ocr_line' id='line_1_103' title="bbox 434 5676 2026 5752; baseline -0.002 -17"><span class='ocrx_word' id='word_1_788' title='bbox 434 5696 680 5752; x_wconf 89' lang='lat' dir='ltr'><strong>umquam</strong></span> <span class='ocrx_word' id='word_1_789' title='bbox 713 5683 969 5752; x_wconf 85' lang='lat' dir='ltr'><strong>appellat.</strong></span> <span class='ocrx_word' id='word_1_790' title='bbox 1002 5684 1112 5735; x_wconf 75' lang='lat' dir='ltr'><strong>Non</strong></span> <span class='ocrx_word' id='word_1_791' title='bbox 1145 5682 1240 5735; x_wconf 89' lang='lat' dir='ltr'><strong>abs</strong></span> <span class='ocrx_word' id='word_1_792' title='bbox 1269 5695 1326 5734; x_wconf 92' lang='lat' dir='ltr'><strong>re</strong></span> <span class='ocrx_word' id='word_1_793' title='bbox 1357 5679 1534 5748; x_wconf 86' lang='lat' dir='ltr'><strong>itaque</strong></span> <span class='ocrx_word' id='word_1_794' title='bbox 1579 5677 1682 5731; x_wconf 81' lang='lat' dir='ltr'><strong>erit</strong></span> <span class='ocrx_word' id='word_1_795' title='bbox 1714 5676 1828 5730; x_wconf 81' lang='lat' dir='ltr'><strong>haec</strong></span> <span class='ocrx_word' id='word_1_796' title='bbox 1871 5676 2026 5746; x_wconf 88' lang='lat' dir='ltr'><strong>paulo</strong></span> 
     </span>
    </p>
   </div>
   <div class='ocr_carea' id='block_1_104' title="bbox 432 5776 1036 5846">
    <p class='ocr_par' dir='ltr' id='par_1_104' title="bbox 432 5776 1036 5846">
     <span class='ocr_line' id='line_1_104' title="bbox 432 5776 1036 5846; baseline -0.003 -14"><span class='ocrx_word' id='word_1_797' title='bbox 432 5776 717 5834; x_wconf 86' lang='lat' dir='ltr'><strong>enodatius</strong></span> <span class='ocrx_word' id='word_1_798' title='bbox 744 5777 1036 5846; x_wconf 80' lang='lat' dir='ltr'><strong>explicare.</strong></span> 
     </span>
    </p>
   </div>
   <div class='ocr_carea' id='block_1_105' title="bbox 2126 4658 3715 4729">
    <p class='ocr_par' dir='ltr' id='par_1_105' title="bbox 2126 4658 3715 4729">
     <span class='ocr_line' id='line_1_105' title="bbox 2126 4658 3715 4729; baseline 0.001 -18"><span class='ocrx_word' id='word_1_799' title='bbox 2126 4673 2264 4711; x_wconf 72' lang='lat' dir='ltr'><strong>easze</strong></span> <span class='ocrx_word' id='word_1_800' title='bbox 2297 4674 2541 4728; x_wconf 79' lang='lat' dir='ltr'><strong>regnum,</strong></span> <span class='ocrx_word' id='word_1_801' title='bbox 2574 4658 2640 4712; x_wconf 93' lang='lat' dir='ltr'><strong>de</strong></span> <span class='ocrx_word' id='word_1_802' title='bbox 2668 4659 2895 4729; x_wconf 82' lang='lat' dir='ltr'><strong>geminis</strong></span> <span class='ocrx_word' id='word_1_803' title='bbox 2939 4661 3195 4714; x_wconf 86' lang='lat' dir='ltr'><strong>memoria</strong></span> <span class='ocrx_word' id='word_1_804' title='bbox 3255 4662 3532 4716; x_wconf 59' lang='lat' dir='ltr'><strong>notissima</strong></span> <span class='ocrx_word' id='word_1_805' title='bbox 3564 4670 3664 4715; x_wconf 71' lang='lat' dir='ltr'><strong>est.</strong></span> <span class='ocrx_word' id='word_1_806' title='bbox 3697 4680 3715 4712; x_wconf 75' lang='grc' dir='ltr'><strong>ι</strong></span> 
     </span>
    </p>
   </div>
   <div class='ocr_carea' id='block_1_106' title="bbox 2127 4751 3724 4823">
    <p class='ocr_par' dir='ltr' id='par_1_106' title="bbox 2127 4751 3724 4823">
     <span class='ocr_line' id='line_1_106' title="bbox 2127 4751 3724 4823; baseline 0.001 -19"><span class='ocrx_word' id='word_1_807' title='bbox 2127 4751 2293 4806; x_wconf 77' lang='lat' dir='ltr'><strong>Recte</strong></span> <span class='ocrx_word' id='word_1_808' title='bbox 2323 4754 2560 4823; x_wconf 88' lang='lat' dir='ltr'><strong>quidem,</strong></span> <span class='ocrx_word' id='word_1_809' title='bbox 2595 4755 2685 4806; x_wconf 82' lang='lat' dir='ltr'><strong>sed</strong></span> <span class='ocrx_word' id='word_1_810' title='bbox 2714 4753 2870 4821; x_wconf 82' lang='lat' dir='ltr'><strong>longe</strong></span> <span class='ocrx_word' id='word_1_811' title='bbox 2891 4753 3106 4814; x_wconf 84' lang='lat' dir='ltr'><strong>clarius,</strong></span> <span class='ocrx_word' id='word_1_812' title='bbox 3158 4755 3198 4805; x_wconf 72' lang='lat' dir='ltr'><strong>si</strong></span> <span class='ocrx_word' id='word_1_813' title='bbox 3246 4754 3455 4806; x_wconf 69' lang='lat' dir='ltr'><strong>“(illiilli</strong></span> <span class='ocrx_word' id='word_1_814' title='bbox 3483 4765 3528 4807; x_wconf 93' lang='lat' dir='ltr'><strong>ct</strong></span> <span class='ocrx_word' id='word_1_815' title='bbox 3569 4753 3724 4806; x_wconf 76' lang='lat' dir='ltr'><strong>flenti</strong></span> 
     </span>
    </p>
   </div>
   <div class='ocr_carea' id='block_1_107' title="bbox 2128 4843 3728 4910">
    <p class='ocr_par' dir='ltr' id='par_1_107' title="bbox 2128 4843 3728 4910">
     <span class='ocr_line' id='line_1_107' title="bbox 2128 4843 3728 4910; baseline -0.002 -12"><span class='ocrx_word' id='word_1_816' title='bbox 2128 4860 2324 4898; x_wconf 89' lang='lat' dir='ltr'><strong>nomen</strong></span> <span class='ocrx_word' id='word_1_817' title='bbox 2376 4843 2689 4898; x_wconf 52' lang='lat' dir='ltr'><strong>addidisset.</strong></span> <span class='ocrx_word' id='word_1_818' title='bbox 2723 4843 2894 4898; x_wconf 86' lang='lat' dir='ltr'><strong>Nemo</strong></span> <span class='ocrx_word' id='word_1_819' title='bbox 2917 4845 3057 4897; x_wconf 87' lang='lat' dir='ltr'><strong>enim</strong></span> <span class='ocrx_word' id='word_1_820' title='bbox 3103 4845 3268 4897; x_wconf 86' lang='lat' dir='ltr'><strong>nescit</strong></span> <span class='ocrx_word' id='word_1_821' title='bbox 3302 4845 3527 4897; x_wconf 49' lang='lat' dir='ltr'><strong>Remum</strong></span> <span class='ocrx_word' id='word_1_822' title='bbox 3553 4884 3568 4905; x_wconf 86' lang='lat'><strong>,</strong></span> <span class='ocrx_word' id='word_1_823' title='bbox 3605 4857 3728 4910; x_wconf 93' lang='lat' dir='ltr'><strong>pro-</strong></span> 
     </span>
    </p>
   </div>
   <div class='ocr_carea' id='block_1_108' title="bbox 2130 4933 3724 5006">
    <p class='ocr_par' dir='ltr' id='par_1_108' title="bbox 2130 4933 3724 5006">
     <span class='ocr_line' id='line_1_108' title="bbox 2130 4933 3724 5006; baseline -0.004 -17"><span class='ocrx_word' id='word_1_824' title='bbox 2130 4947 2308 5006; x_wconf 87' lang='lat' dir='ltr'><strong>pterea</strong></span> <span class='ocrx_word' id='word_1_825' title='bbox 2334 4935 2471 5005; x_wconf 90' lang='lat' dir='ltr'><strong>quod</strong></span> <span class='ocrx_word' id='word_1_826' title='bbox 2498 4936 2674 4988; x_wconf 88' lang='lat' dir='ltr'><strong>fratris</strong></span> <span class='ocrx_word' id='word_1_827' title='bbox 2697 4935 2925 4987; x_wconf 88' lang='lat' dir='ltr'><strong>lttdibrio</strong></span> <span class='ocrx_word' id='word_1_828' title='bbox 2946 4949 3114 4987; x_wconf 88' lang='lat' dir='ltr'><strong>novos</strong></span> <span class='ocrx_word' id='word_1_829' title='bbox 3133 4934 3505 4987; x_wconf 50' lang='lat' dir='ltr'><strong>trausilivisset</strong></span> <span class='ocrx_word' id='word_1_830' title='bbox 3538 4933 3724 4985; x_wconf 72' lang='lat' dir='ltr'><strong>Roma:</strong></span> 
     </span>
    </p>
   </div>
   <div class='ocr_carea' id='block_1_109' title="bbox 2129 5023 3723 5090">
    <p class='ocr_par' dir='ltr' id='par_1_109' title="bbox 2129 5023 3723 5090">
     <span class='ocr_line' id='line_1_109' title="bbox 2129 5023 3723 5090; baseline -0.002 -10"><span class='ocrx_word' id='word_1_831' title='bbox 2129 5041 2333 5090; x_wconf 84' lang='lat' dir='ltr'><strong>muros,</strong></span> <span class='ocrx_word' id='word_1_832' title='bbox 2369 5028 2434 5079; x_wconf 88' lang='lat' dir='ltr'><strong>ab</strong></span> <span class='ocrx_word' id='word_1_833' title='bbox 2455 5028 2588 5078; x_wconf 77' lang='lat' dir='ltr'><strong>irato</strong></span> <span class='ocrx_word' id='word_1_834' title='bbox 2619 5025 2783 5079; x_wconf 85' lang='lat' dir='ltr'><strong>fratre</strong></span> <span class='ocrx_word' id='word_1_835' title='bbox 2809 5025 3055 5089; x_wconf 77' lang='lat' dir='ltr'><strong>Romulo,</strong></span> <span class='ocrx_word' id='word_1_836' title='bbox 3082 5032 3172 5076; x_wconf 90' lang='lat' dir='ltr'><strong>aut</strong></span> <span class='ocrx_word' id='word_1_837' title='bbox 3195 5025 3336 5077; x_wconf 91' lang='lat' dir='ltr'><strong>illius</strong></span> <span class='ocrx_word' id='word_1_838' title='bbox 3365 5023 3723 5090; x_wconf 87' lang='lat' dir='ltr'><strong>saltemjussu</strong></span> 
     </span>
    </p>
   </div>
   <div class='ocr_carea' id='block_1_110' title="bbox 2130 5115 3581 5188">
    <p class='ocr_par' dir='ltr' id='par_1_110' title="bbox 2130 5115 3581 5188">
     <span class='ocr_line' id='line_1_110' title="bbox 2130 5115 3581 5188; baseline -0.004 -14"><span class='ocrx_word' id='word_1_839' title='bbox 2130 5118 2466 5174; x_wconf 75' lang='lat' dir='ltr'><strong>interfectum</strong></span> <span class='ocrx_word' id='word_1_840' title='bbox 2503 5117 2729 5188; x_wconf 82' lang='lat' dir='ltr'><strong>(Livius,</strong></span> <span class='ocrx_word' id='word_1_841' title='bbox 2761 5117 2834 5169; x_wconf 91' lang='lat' dir='ltr'><strong>lib</strong></span> <span class='ocrx_word' id='word_1_842' title='bbox 2883 5132 2931 5173; x_wconf 72' lang='grc' dir='ltr'>ιε</span> <span class='ocrx_word' id='word_1_843' title='bbox 2961 5115 3172 5174; x_wconf 83' lang='lat' dir='ltr'><strong>Florus.</strong></span> <span class='ocrx_word' id='word_1_844' title='bbox 3193 5116 3280 5168; x_wconf 90' lang='lat' dir='ltr'><strong>lib.</strong></span> <span class='ocrx_word' id='word_1_845' title='bbox 3311 5131 3345 5177; x_wconf 83' lang='grc' dir='ltr'>ι,</span> <span class='ocrx_word' id='word_1_846' title='bbox 3371 5123 3424 5168; x_wconf 88' lang='lat' dir='ltr'><strong>et</strong></span> <span class='ocrx_word' id='word_1_847' title='bbox 3446 5115 3581 5182; x_wconf 90' lang='lat' dir='ltr'><strong>alii).</strong></span> 
     </span>
    </p>
   </div>
   <div class='ocr_carea' id='block_1_111' title="bbox 2203 5207 3720 5279">
    <p class='ocr_par' dir='ltr' id='par_1_111' title="bbox 2203 5207 3720 5279">
     <span class='ocr_line' id='line_1_111' title="bbox 2203 5207 3720 5279; baseline -0.005 -15"><span class='ocrx_word' id='word_1_848' title='bbox 2203 5211 2401 5264; x_wconf 80' lang='lat' dir='ltr'><strong>Eorum</strong></span> <span class='ocrx_word' id='word_1_849' title='bbox 2429 5224 2673 5279; x_wconf 81' lang='lat' dir='ltr'><strong>quoque,</strong></span> <span class='ocrx_word' id='word_1_850' title='bbox 2712 5223 2848 5277; x_wconf 90' lang='lat' dir='ltr'><strong>quos</strong></span> <span class='ocrx_word' id='word_1_851' title='bbox 2878 5218 3064 5262; x_wconf 88' lang='lat' dir='ltr'><strong>auctor</strong></span> <span class='ocrx_word' id='word_1_852' title='bbox 3095 5216 3277 5260; x_wconf 78' lang='lat' dir='ltr'><strong>noster</strong></span> <span class='ocrx_word' id='word_1_853' title='bbox 3319 5207 3563 5260; x_wconf 90' lang='lat' dir='ltr'><strong>ultinmm</strong></span> <span class='ocrx_word' id='word_1_854' title='bbox 3593 5219 3720 5274; x_wconf 85' lang='lat' dir='ltr'><strong>pro-</strong></span> 
     </span>
    </p>
   </div>
   <div class='ocr_carea' id='block_1_112' title="bbox 2131 5296 3722 5364">
    <p class='ocr_par' dir='ltr' id='par_1_112' title="bbox 2131 5296 3722 5364">
     <span class='ocr_line' id='line_1_112' title="bbox 2131 5296 3722 5364; baseline -0.003 -10"><span class='ocrx_word' id='word_1_855' title='bbox 2131 5300 2233 5355; x_wconf 90' lang='lat' dir='ltr'><strong>fert</strong></span> <span class='ocrx_word' id='word_1_856' title='bbox 2271 5301 2322 5352; x_wconf 92' lang='lat' dir='ltr'><strong>itt</strong></span> <span class='ocrx_word' id='word_1_857' title='bbox 2352 5299 2680 5364; x_wconf 82' lang='lat' dir='ltr'><strong>exemplum,</strong></span> <span class='ocrx_word' id='word_1_858' title='bbox 2731 5300 2943 5351; x_wconf 88' lang='lat' dir='ltr'><strong>nomina</strong></span> <span class='ocrx_word' id='word_1_859' title='bbox 2973 5298 3186 5350; x_wconf 87' lang='lat' dir='ltr'><strong>reticuit</strong></span> <span class='ocrx_word' id='word_1_860' title='bbox 3220 5314 3230 5349; x_wconf 93' lang='lat'>:</span> <span class='ocrx_word' id='word_1_861' title='bbox 3281 5315 3299 5348; x_wconf 77' lang='grc' dir='ltr'><strong>ι</strong></span> <span class='ocrx_word' id='word_1_862' title='bbox 3329 5296 3524 5351; x_wconf 90' lang='lat' dir='ltr'><strong>Generi</strong></span> <span class='ocrx_word' id='word_1_863' title='bbox 3552 5304 3606 5350; x_wconf 91' lang='lat' dir='ltr'><strong>et</strong></span> <span class='ocrx_word' id='word_1_864' title='bbox 3635 5309 3722 5349; x_wconf 84' lang='lat' dir='ltr'><strong>so-</strong></span> 
     </span>
    </p>
   </div>
   <div class='ocr_carea' id='block_1_113' title="bbox 2133 5389 3725 5458">
    <p class='ocr_par' dir='ltr' id='par_1_113' title="bbox 2133 5389 3725 5458">
     <span class='ocr_line' id='line_1_113' title="bbox 2133 5389 3725 5458; baseline -0.004 -10"><span class='ocrx_word' id='word_1_865' title='bbox 2133 5394 2261 5458; x_wconf 89' lang='lat' dir='ltr'><strong>ceri,</strong></span> <span class='ocrx_word' id='word_1_866' title='bbox 2279 5411 2296 5443; x_wconf 74' lang='grc' dir='ltr'><strong>ι</strong></span> <span class='ocrx_word' id='word_1_867' title='bbox 2316 5392 2388 5444; x_wconf 89' lang='lat' dir='ltr'><strong>ait</strong></span> <span class='ocrx_word' id='word_1_868' title='bbox 2411 5391 2549 5456; x_wconf 77' lang='lat' dir='ltr'><strong>ille,t</strong></span> <span class='ocrx_word' id='word_1_869' title='bbox 2575 5390 2706 5444; x_wconf 90' lang='lat' dir='ltr'><strong>bella</strong></span> <span class='ocrx_word' id='word_1_870' title='bbox 2735 5400 2848 5442; x_wconf 88' lang='lat' dir='ltr'><strong>toto</strong></span> <span class='ocrx_word' id='word_1_871' title='bbox 2875 5389 3004 5444; x_wconf 90' lang='lat' dir='ltr'><strong>orbe</strong></span> <span class='ocrx_word' id='word_1_872' title='bbox 3030 5389 3217 5443; x_wconf 81' lang='lat' dir='ltr'><strong>diffusa</strong></span> <span class='ocrx_word' id='word_1_873' title='bbox 3238 5399 3447 5456; x_wconf 86' lang='lat' dir='ltr'><strong>sunt,et</strong></span> <span class='ocrx_word' id='word_1_874' title='bbox 3475 5399 3580 5444; x_wconf 86' lang='lat' dir='ltr'><strong>tam</strong></span> <span class='ocrx_word' id='word_1_875' title='bbox 3610 5403 3725 5442; x_wconf 84' lang='lat' dir='ltr'><strong>ma-</strong></span> 
     </span>
    </p>
   </div>
   <div class='ocr_carea' id='block_1_114' title="bbox 2130 5483 3715 5556">
    <p class='ocr_par' dir='ltr' id='par_1_114' title="bbox 2130 5483 3715 5556">
     <span class='ocr_line' id='line_1_114' title="bbox 2130 5483 3715 5556; baseline -0.003 -17"><span class='ocrx_word' id='word_1_876' title='bbox 2130 5489 2218 5556; x_wconf 83' lang='lat' dir='ltr'><strong>gni</strong></span> <span class='ocrx_word' id='word_1_877' title='bbox 2262 5486 2468 5553; x_wconf 89' lang='lat' dir='ltr'><strong>imperii</strong></span> <span class='ocrx_word' id='word_1_878' title='bbox 2509 5483 2644 5537; x_wconf 91' lang='lat' dir='ltr'><strong>duos</strong></span> <span class='ocrx_word' id='word_1_879' title='bbox 2672 5487 2879 5536; x_wconf 82' lang='lat' dir='ltr'><strong>fortuna</strong></span> <span class='ocrx_word' id='word_1_880' title='bbox 2915 5499 3018 5535; x_wconf 91' lang='lat' dir='ltr'><strong>non</strong></span> <span class='ocrx_word' id='word_1_881' title='bbox 3049 5485 3189 5551; x_wconf 79' lang='lat' dir='ltr'><strong>cepit</strong></span> <span class='ocrx_word' id='word_1_882' title='bbox 3246 5503 3266 5536; x_wconf 78' lang='grc'><strong>›</strong></span> <span class='ocrx_word' id='word_1_883' title='bbox 3306 5484 3715 5554; x_wconf 77' lang='lat' dir='ltr'><strong>AtCyprianus,</strong></span> 
     </span>
    </p>
   </div>
   <div class='ocr_carea' id='block_1_115' title="bbox 2133 5576 3723 5647">
    <p class='ocr_par' dir='ltr' id='par_1_115' title="bbox 2133 5576 3723 5647">
     <span class='ocr_line' id='line_1_115' title="bbox 2133 5576 3723 5647; baseline -0.003 -14"><span class='ocrx_word' id='word_1_884' title='bbox 2133 5585 2219 5647; x_wconf 89' lang='lat' dir='ltr'><strong>qui</strong></span> <span class='ocrx_word' id='word_1_885' title='bbox 2265 5578 2378 5631; x_wconf 66' lang='lat' dir='ltr'><strong>hanc</strong></span> <span class='ocrx_word' id='word_1_886' title='bbox 2425 5579 2519 5630; x_wconf 89' lang='lat' dir='ltr'><strong>tria</strong></span> <span class='ocrx_word' id='word_1_887' title='bbox 2555 5577 2848 5646; x_wconf 86' lang='lat' dir='ltr'><strong>posteriora</strong></span> <span class='ocrx_word' id='word_1_888' title='bbox 2878 5576 3151 5645; x_wconf 82' lang='lat' dir='ltr'><strong>exempla,</strong></span> <span class='ocrx_word' id='word_1_889' title='bbox 3185 5577 3320 5631; x_wconf 90' lang='lat' dir='ltr'><strong>sicut</strong></span> <span class='ocrx_word' id='word_1_890' title='bbox 3357 5587 3409 5631; x_wconf 89' lang='lat' dir='ltr'><strong>et</strong></span> <span class='ocrx_word' id='word_1_891' title='bbox 3438 5579 3539 5630; x_wconf 85' lang='lat' dir='ltr'><strong>alia</strong></span> <span class='ocrx_word' id='word_1_892' title='bbox 3572 5577 3723 5646; x_wconf 90' lang='lat' dir='ltr'><strong>plura</strong></span> 
     </span>
    </p>
   </div>
   <div class='ocr_carea' id='block_1_116' title="bbox 2133 5667 3722 5739">
    <p class='ocr_par' dir='ltr' id='par_1_116' title="bbox 2133 5667 3722 5739">
     <span class='ocr_line' id='line_1_116' title="bbox 2133 5667 3722 5739; baseline -0.004 -12"><span class='ocrx_word' id='word_1_893' title='bbox 2133 5689 2198 5727; x_wconf 76' lang='lat' dir='ltr'><strong>ex</strong></span> <span class='ocrx_word' id='word_1_894' title='bbox 2228 5668 2480 5734; x_wconf 85' lang='lat' dir='ltr'><strong>Minucio,</strong></span> <span class='ocrx_word' id='word_1_895' title='bbox 2522 5669 2594 5721; x_wconf 91' lang='lat' dir='ltr'><strong>uti</strong></span> <span class='ocrx_word' id='word_1_896' title='bbox 2636 5668 2903 5734; x_wconf 80' lang='lat' dir='ltr'><strong>diximus,</strong></span> <span class='ocrx_word' id='word_1_897' title='bbox 2936 5667 3276 5739; x_wconf 85' lang='lat' dir='ltr'><strong>compilavit;</strong></span> <span class='ocrx_word' id='word_1_898' title='bbox 3308 5677 3594 5738; x_wconf 90' lang='lat' dir='ltr'><strong>utrumque</strong></span> <span class='ocrx_word' id='word_1_899' title='bbox 3624 5682 3722 5721; x_wconf 86' lang='lat' dir='ltr'><strong>suo</strong></span> 
     </span>
    </p>
   </div>
   <div class='ocr_carea' id='block_1_117' title="bbox 2133 5760 3732 5838">
    <p class='ocr_par' dir='ltr' id='par_1_117' title="bbox 2133 5760 3732 5838">
     <span class='ocr_line' id='line_1_117' title="bbox 2133 5760 3732 5838; baseline -0.003 -18"><span class='ocrx_word' id='word_1_900' title='bbox 2133 5764 2362 5838; x_wconf 83' lang='lat' dir='ltr'><strong>appellat</strong></span> <span class='ocrx_word' id='word_1_901' title='bbox 2382 5764 2598 5822; x_wconf 86' lang='lat' dir='ltr'><strong>nomine</strong></span> <span class='ocrx_word' id='word_1_902' title='bbox 2625 5782 2637 5820; x_wconf 89' lang='lat'>:</span> <span class='ocrx_word' id='word_1_903' title='bbox 2669 5782 2686 5818; x_wconf 80' lang='grc' dir='ltr'><strong>ι</strong></span> <span class='ocrx_word' id='word_1_904' title='bbox 2717 5763 3055 5835; x_wconf 64' lang='lat' dir='ltr'><strong>Pompeius,»</strong></span> <span class='ocrx_word' id='word_1_905' title='bbox 3081 5764 3268 5836; x_wconf 83' lang='lat' dir='ltr'><strong>inquit,</strong></span> <span class='ocrx_word' id='word_1_906' title='bbox 3291 5783 3310 5815; x_wconf 71' lang='grc' dir='ltr'><em>ς</em></span> <span class='ocrx_word' id='word_1_907' title='bbox 3332 5777 3382 5821; x_wconf 87' lang='lat' dir='ltr'><strong>et</strong></span> <span class='ocrx_word' id='word_1_908' title='bbox 3407 5762 3589 5822; x_wconf 69' lang='lat' dir='ltr'><strong>Cmsar</strong></span> <span class='ocrx_word' id='word_1_909' title='bbox 3617 5760 3732 5818; x_wconf 78' lang='lat' dir='ltr'><strong>affi-</strong></span> 
     </span>
    </p>
   </div>
  </div>
