4230 6242
469 263 574 318 459

1733 258 1817 312 DE
1856 252 2114 311 MINUCII
2151 250 2450 310 OCTAVIO

3666 251 3772 307 4ἰο

466 391 562 432 nes
591 374 825 440 fuerunt,
844 388 941 429 nec
962 381 1138 427 tamen
1157 372 1569 427 necessitudinis
1591 371 1764 426 fmdus
1796 373 1845 426 in
1871 372 2061 426 mmnla
2091 371 2140 431 A
2169 369 2456 439 imperaret
2485 379 2538 424 et
2563 369 2948 430 dominaretur,
2966 384 3124 424 nemo
3148 370 3236 438 qui
3261 375 3473 437 regeret
3495 375 3548 422 et
3577 368 3770 438 guber-

467 480 738 541 potesmte
769 479 1056 523 tenuerunt
1095 485 1111 518 ι
1138 468 1156 536 (
1185 468 1459 538 t1yprian.,
1491 465 1584 519 lib.
1632 466 1694 518 de
1724 464 1924 520 Idolor.
1971 463 2068 518 Va-

467 569 645 631 nitat.,
697 580 819 634 pag.
877 564 941 616 Η
975 563 1016 632 ).
1074 561 1355 629 Quomodo
1399 571 1576 614 autem
1634 559 1852 621 afﬁnes,
1911 568 2069 628 atque

469 673 608 711 unus
663 671 838 717 socer,
886 670 1157 723 generque
1209 654 1347 706 alitis
1395 653 1576 715 fuerit,
1621 651 1704 704 his
1733 652 1971 706 Suetonii
2001 652 2069 706 de

471 750 684 803 Caesare
734 748 912 801 verbis
935 748 1084 801 dices
1119 764 1130 798 :
1174 765 1191 798 ‹
1232 746 1309 800 Ad
1342 745 1675 800 retinendam
1702 743 1938 811 Pompeii
1971 758 2066 796 ne-

470 841 855 897 cessitudinem
895 855 957 894 ac
1000 841 1370 901 voluntatem,
1417 837 1693 892 Octaviam
1727 836 1930 890 sororis
1955 851 2067 888 sua:

470 943 709 1003 neptem,
742 949 860 1003 qua:
901 930 962 985 C.
1020 931 1269 985 Marcello
1301 943 1461 1000 nupta
1493 937 1628 989 erat,
1676 928 1980 981 conditione
2018 927 2066 981 ei

471 1028 686 1093 detulit,
722 1027 929 1096 sibique
973 1026 1134 1079 ﬁliam
1181 1025 1296 1095 ejus
1328 1026 1377 1078 in
1410 1025 1808 1078 ntatrimonitmt
1856 1022 2007 1093 petiit
2046 1042 2062 1072 υ

469 1123 742 1192 (Suetou.,
766 1124 820 1176 in
860 1121 971 1174 Vita
997 1120 1214 1184 Cresam,
1311 1120 1428 1187 ‘27),
1475 1119 1671 1173 Fausto
1701 1118 1864 1189 Sylla:
1902 1117 2068 1171 desti-

473 1227 677 1269 natam.
715 1216 866 1269 Prius
891 1229 1016 1268 vero
1045 1213 1253 1266 dixerat
1282 1228 1296 1266 ε
1327 1230 1345 1262 ‹
1383 1210 1494 1266 Sub
1528 1211 1670 1264 idem
1703 1221 1912 1278 tempus
1942 1207 2064 1262 Cal-

473 1308 756 1377 phnrniam
789 1307 852 1362 L.
882 1307 1088 1359 Pisonis
1112 1306 1295 1369 ﬁliam,
1330 1306 1628 1359 successuri
1664 1304 1764 1357 sibi
1795 1305 1844 1356 in
1883 1317 2072 1356 consu-

472 1401 606 1464 latu,
633 1401 778 1454 duxit
831 1415 1073 1464 uxorem,
1132 1413 1390 1467 suamque
1438 1397 1632 1451 Juliam
1678 1397 1777 1449 Cn.
1813 1395 2069 1464 Pompeio

467 1493 771 1556 collocavit,
800 1493 1076 1561 repudiato
1101 1493 1279 1561 priore
1300 1506 1500 1560 sponso
1523 1490 1752 1545 Servilio
1773 1489 2024 1558 Crepione
2045 1507 2063 1540 ι

469 1585 524 1654 (§
550 1584 666 1654 21).
700 1584 834 1640 Vide
863 1598 1143 1653 przeterea,
1177 1585 1220 1637 si
1277 1585 1443 1649 lubet,
1487 1582 1831 1636 Plutarchum
1863 1583 1913 1635 in
1954 1581 2083 1636 Vita‘

470 1676 710 1748 Pompeii
731 1719 744 1740 ,
793 1687 846 1732 et
877 1678 1012 1732 alios
1044 1677 1298 1731 Romana:
1329 1677 1566 1732 historia:
1602 1677 1896 1746 scriptores
1927 1675 2066 1745 (Plu-

472 1769 671 1830 tarch.,
699 1778 829 1822 tom.
859 1787 896 1834 ι,
929 1784 1046 1839 pag.
1080 1768 1231 1840 (ΞΗ).

545 1860 728 1930 Neque
753 1876 912 1930 porro
942 1861 1188 1915 homines
1221 1870 1448 1926 tanttnn,
1477 1859 1633 1916 sicuti
1660 1861 1921 1916 Minucius
1948 1874 2067 1929 per-

471 1953 572 2022 git,
600 1954 704 2022 pati
731 1963 1021 2022 potucrtmt
1046 1968 1268 2022 regnum
1291 1953 1426 2008 duos
1449 1954 1608 2021 inter,
1637 1954 1798 2008 etiam
1825 1953 2070 2006 arctiori-

472 2047 575 2101 bus
621 2056 826 2100 naturm
855 2047 1079 2099 vinculis
1125 2046 1460 2116 conjttnctos,
1491 2047 1679 2112 dividi,
1709 2045 1801 2100 sed
1834 2061 1932 2099 nec
1955 2046 2066 2114 ipsa

473 2151 686 2205 quoque
714 2146 922 2191 natura.
960 2155 978 2188 ι
1017 2136 1168 2200 Vide,
1204 2158 1221 2188 ι
1258 2138 1445 2206 inquit,
1478 2157 1494 2189 ι
1533 2147 1727 2192 cwtera
1756 2137 1900 2191 :Rex
1934 2151 2070 2190 unus

471 2228 702 2297 apibus,
751 2228 854 2282 dux
887 2244 1024 2282 unus
1076 2230 1126 2281 in
1176 2229 1460 2298 gregibus,
1506 2229 1557 2282 in
1604 2228 1863 2282 armentis
1891 2236 2071 2282 rector

475 2337 635 2375 unus.
676 2340 697 2372 ν
730 2320 858 2388 Quze
888 2323 1102 2390 quidem
1144 2319 1442 2391 Cyprianus
1469 2321 1688 2376 totidem
1717 2319 1892 2374 verbis
1919 2329 2068 2372 rclu-

468 2412 536 2466 lit
563 2411 775 2483 (Cypr.,
799 2412 887 2465 lil).
917 2415 978 2465 de
1010 2411 1359 2476 Idol.Vunit.,
1393 2430 1489 2484 pag
1546 2414 1655 2475 Η).
1679 2412 1916 2480 Uterque
1943 2427 2070 2466 vero

475 2503 604 2558 inde
631 2503 926 2568 concludit,
978 2521 1150 2573 neque
1187 2521 1450 2558 summam
1494 2507 1544 2558 in
1584 2507 1723 2560 caelo
1776 2505 1936 2559 dividi
1971 2520 2069 2574 po-

475 2609 759 2668 testatem,
807 2613 966 2671 atque
1012 2602 1178 2656 idirco
1231 2619 1389 2655 unum
1419 2602 1692 2655 dumtaxat
1724 2617 1844 2656 esse
1880 2601 2067 2655 Deum.

477 2693 640 2748 Plura
691 2711 752 2747 ex
787 2693 870 2749 bis
901 2695 1002 2748 alia
1049 2695 1418 2761 hujuscemodi
1464 2703 1586 2763 post
1618 2695 1974 2760 Lactantinm,
2003 2695 2070 2751 de

478 2802 586 2857 quo
611 2803 709 2842 nos
739 2804 837 2844 suo
865 2791 1005 2852 loco,
1039 2790 1398 2861 Hieronymus
1428 2790 1629 2858 profert
1657 2791 1922 2858 exempla,
1950 2791 2070 2859 qui-

476 2879 579 2934 bus
609 2882 939 2947 probaudum
989 2892 1298 2948 susceperat
1330 2897 1490 2935 unum
1525 2883 1576 2935 in
1615 2883 1942 2936 monasterio
1977 2881 2072 2935 de-

476 2970 607 3026 bere
637 2986 756 3026 esse
783 2982 1078 3027 rectorem:
1106 2993 1122 3024 ‹
1157 2975 1325 3028 Etiam
1355 2985 1553 3039 muta”
1583 2976 1707 3039 ειίι,‹
1730 2975 1999 3034 animalia,
2021 2985 2074 3027 et

478 3061 713 3115 ferarum
744 3077 934 3132 greges
957 3065 1118 3118 duces
1149 3075 1446 3134 sequuntur
1467 3080 1612 3118 suos.
1640 3066 1692 3118 In
1721 3066 1909 3135 apibus
1939 3067 2076 3134 prin-

2097 1767 2146 1828 B

2172 473 2324 517 naret
2356 481 2374 514 ›
2423 461 2706 536 (Albanas.
2743 461 2890 515 Orat.
2917 473 3077 515 contr.
3115 460 3289 524 Gent.,
3325 458 3468 531 §38,
3505 475 3623 530 pag.
3655 459 3771 529 37).

2243 556 2370 619 Quis
2415 564 2588 608 autem
2640 571 2743 608 non
2792 554 2969 608 videat
3021 554 3159 608 idem
3208 553 3418 622 penitus
3463 567 3492 605 a
3543 551 3776 607 Minucio

2172 656 2355 699 nostro
2383 647 2481 700 hac
2505 647 2717 714 probari
2747 645 2998 701 ratione?
3041 664 3058 695 ι
3092 643 3226 698 Cum
3274 644 3446 713 palam
3484 644 3550 699 sit
3584 660 3778 713 paren-

2173 746 2278 791 tem
2332 740 2570 792 omnium
2619 739 2784 793 Deum
2821 753 2916 792 nec
2948 738 3266 808 principium
3299 735 3499 791 habere
3531 752 3629 791 nec
3662 749 3776 790 ter-

2172 835 2396 898 minum,
2432 835 2522 903 qui
2567 835 2898 889 nativitatem
2939 836 3190 888 omnibus
3222 841 3460 902 praestet,
3505 831 3608 886 sibi
3650 847 3776 903 per—

2171 927 2507 996 petuitatem,
2539 928 2628 995 qui
2679 936 2803 981 ante
2847 927 3105 980 mundum
3140 925 3318 991 fuerit,
3361 925 3462 978 sibi
3510 925 3622 992 ipse
3673 939 3771 992 pro

2172 1019 2392 1085 mundo,
2424 1020 2510 1088 qui
2553 1019 2799 1074 universa
2827 1034 3180 1090 quaecumque
3226 1027 3351 1072 sunt
3396 1016 3559 1072 verbo
3602 1016 3774 1083 jubet,

2171 1111 2380 1165 ratione
2443 1110 2741 1180 dispensat,
2816 1113 3014 1165 virtute
3075 1120 3428 1165 consummat.
3483 1127 3502 1160 ι
3575 1108 3780 1163 Eadem

2176 1217 2336 1271 porro
2373 1211 2427 1256 et
2452 1212 2608 1256 antea
2669 1218 2696 1254 a
2752 1202 3085 1257 'l‘ertnlbano
3117 1212 3168 1255 et
3214 1209 3398 1271 postea
3429 1218 3458 1254 a
3509 1198 3779 1272 Cypriane

2172 1294 2312 1348 dicta
2344 1310 2463 1348 (ξε-»θ
2489 1295 2740 1348 vidimus.
2772 1296 3034 1350 Cernisnc
3059 1294 3246 1363 quanti
3277 1292 3488 1346 robo-ris
3517 1291 3588 1346 sit
3641 1291 3782 1346 istud

2171 1399 2570 1456 argumentum,
2629 1403 2735 1456 quo
2781 1386 3076 1440 doctissimi
3111 1384 3188 1438 illi
3242 1385 3338 1438 viri
3385 1383 3664 1439 evidenter
3689 1383 3782 1437 de—

2173 1488 2474 1532 monstrant
2516 1478 2691 1532 nullos
2739 1478 2916 1548 plane,
2968 1478 3013 1532 si
3063 1477 3240 1546 plures
3280 1477 3403 1540 sint,
3464 1489 3621 1546 posse
3660 1489 3782 1530 esse

2172 1573 2324 1638 deos,
2357 1585 2518 1644 atque
2541 1573 2740 1628 idcirco
2771 1583 2827 1627 ut
2861 1587 2998 1627 unus
3025 1569 3419 1638 tantummodo,
3458 1583 3558 1625 nec
3597 1568 3779 1639 plures

2173 1668 2284 1722 sint
2311 1667 2406 1737 dii,
2441 1682 2564 1722 esse
2594 1682 2816 1738 prorsus
2844 1666 3247 1722 necessarium?

2810 1802 3038 1858 CAPUT
3076 1802 3140 1857 V.

2349 1936 2414 1975 DE
2466 1935 2553 1974 DEI
2608 1933 2825 1984 NOHINE,
2865 1933 3100 1982 NATUBA,
3153 1933 3220 1972 ΕΤ
3277 1931 3608 1972 ATTRIBUTIS.

2711 2071 3005 2112 ARTICULUS
3035 2071 3247 2111 Ρκιιιυε.

2184 2195 2311 2261 Quis
2339 2204 2382 2248 et
2411 2193 2533 2261 quid
2559 2195 2623 2248 sit
2649 2191 2808 2257 Deus,
2837 2193 3034 2263 quodve
3060 2195 3170 2264 ejus
3207 2209 3409 2260 nomen,
3438 2209 3496 2246 ac
3519 2193 3769 2264 quomodo

2246 2287 2308 2340 ab
2335 2288 2538 2340 homine
2563 2297 2896 2358 cognoscatur
2923 2304 2941 2352 ,'
2971 2289 3168 2342 tametsi
3198 2288 3456 2360 corporeis
3500 2289 3656 2342 oculis
3702 2288 3776 2342 vi-

2262 2381 2367 2433 deri
2396 2396 2496 2434 non
2525 2381 2702 2450 possit.

2248 2515 2500 2584 Quamvis
2542 2515 2796 2570 Octavius
2841 2526 2946 2570 tam
2977 2517 3162 2582 certis,
3217 2532 3374 2587 quam
3426 2516 3786 2585 evidentibus,

2174 2609 2507 2677 argumentis
2539 2606 2845 2676 probaverit
2893 2609 3054 2661 Ucnm
3098 2608 3353 2674 existere,
3388 2624 3621 2678 eumque
3662 2623 3786 2663 esse

2177 2703 2425 2766 unicmn,
2457 2700 2706 2755 Ca-cilius
2749 2711 2925 2755 tamen
2958 2701 3110 2755 Solita
3159 2701 3435 2770 gentilium
3487 2703 3787 2772 pervicacia

2176 2793 2350 2847 adhuc
2382 2804 2592 2857 nutans,
2638 2809 2847 2853 eorum.
2896 2796 2939 2846 si
2987 2803 3161 2847 tamen
3215 2795 3476 2862 potuisset
3507 2810 3781 2863 umquam,

2176 2889 2284 2941 vim
2314 2895 2368 2940 et
2393 2888 2556 2941 robur
2588 2887 2860 2942 inﬁrmare
2893 2887 2992 2940 hac
3048 2888 3480 2956 percunctatione
3516 2891 3744 2941 conatur
3772 2904 3788 2941 :

2184 2996 2203 3029 ι
2241 2977 2415 3043 Unde,
2445 2998 2463 3030 ›
2499 2979 2687 3049 inquit,
2727 2997 2745 3029 ‹
2778 2978 2859 3032 vel
2901 2981 3019 3046 quis
3047 2977 3158 3040 ille,
3177 2988 3265 3031 aut
3292 2978 3378 3032 ubi
3409 2977 3545 3032 Deus
3578 2978 3788 3042 unicus,

2179 3073 2466 3139 solitarius,
2493 3073 2798 3136 destitutus,
2832 3087 2990 3142 quem
3021 3088 3126 3125 non
3163 3086 3297 3141 gens
3325 3071 3514 3136 libera,
3552 3087 3656 3124 non
3706 3087 3792 3125 re-

481 3154 630 3222 cipes
669 3164 807 3207 sunt.
846 3154 1018 3210 Grues
1050 3173 1206 3210 uuam
1241 3167 1536 3226 sequuntur
1581 3156 1770 3212 ordine
1818 3158 2068 3211 litterato.
2103 3158 2146 3219 C
2180 3180 2303 3234 gna,
2350 3181 2453 3217 non
2479 3165 2666 3219 saltem
2723 3164 2960 3218 Romana
3011 3163 3324 3232 superstitio
3369 3162 3788 3217 noverant?Ju-

482 3244 777 3314 Imperator
825 3262 989 3305 unus;
1035 3248 1202 3316 jndex
1253 3264 1390 3301 unus
1448 3249 1754 3316 provinciae.
1814 3249 1976 3301 Itonia
2022 3258 2075 3302 ιιι

483 3339 696 3392 condita
741 3348 840 3403 est,
875 3339 1008 3392 duos
1041 3339 1238 3393 fratres
1264 3341 1419 3394 simul
1453 3340 1649 3394 habere
1672 3355 1823 3409 reges
1847 3357 1951 3394 non
1984 3357 2077 3409 po-

485 3433 606 3495 tttit,
639 3440 694 3486 et
724 3432 1005 3500 parricidio
1052 3432 1348 3486 dedicatur.
1382 3433 1436 3485 ln
1465 3432 1724 3487 Rebeccm
1754 3441 1907 3486 utero
1937 3433 2076 3486 Esau

487 3533 543 3578 et
568 3523 735 3578 .lacob
788 3524 924 3578 bella
969 3535 1368 3594 gesserunt...“
1403 3525 1459 3578 In
1501 3524 1620 3578 navi
1653 3540 1788 3577 unus
1813 3526 2078 3594 guberna-

487 3626 608 3678 tor;
641 3616 690 3668 in
718 3617 878 3669 domo
903 3633 1038 3669 unus
1069 3617 1336 3670 dominus.
1359 3618 1414 3671 In
1442 3619 1686 3687 quamvis
1710 3618 1892 3681 grandi
1925 3634 2077 3672 excr-

487 3709 596 3762 citu
648 3708 802 3761 unius
851 3708 1058 3778 signum
1112 3720 1468 3778 exsliectatur.
1510 3709 1867 3775 i(Lactaut.,
1917 3709 2011 3762 lib.
2063 3727 2079 3764 ι

487 3799 697 3855 Institut
753 3801 935 3867 dii-in”
977 3818 1094 3871 cap.
1129 3803 1182 3865 3,
1213 3812 1267 3856 et
1292 3818 1431 3871 seq.,
1464 3802 1554 3856 lib.
1585 3807 1648 3856 de
1678 3802 1768 3855 Ira
1801 3802 1926 3864 Dei,
1957 3818 2076 3872 cap.

481 3895 573 3959 il,
610 3910 727 3965 pag.
759 3894 885 3958 795;
917 3895 1249 3966 llieronym.,
1277 3895 1447 3964 Epist.
1482 3894 1570 3958 95,
1605 3894 1670 3948 ad
1705 3894 1908 3948 Rustic.
1964 3894 2075 3950 Mo-

481 3986 638 4042 nach.
653 4029 666 4052 ,
704 4002 820 4056 pag.
857 3987 1007 4055 775).

551 4078 630 4132 Ex
662 4081 724 4134 iis
749 4090 924 4134 autem
956 4081 1033 4133 sic
1083 4089 1266 4134 contra
1309 4080 1579 4134 C:rcilium
1626 4079 1877 4150 gentilem
1922 4079 2082 4133 Oeta-

477 4170 596 4225 vius
617 4170 828 4226 Minucii
858 4176 1068 4225 nomine
1099 4182 1500 4243 argunientatnr
1526 4192 1567 4226 ει
1590 4173 1668 4228 Tu
1698 4174 1748 4226 in
1776 4174 1914 4227 etelo
1936 4188 2080 4226 sum-

480 4279 623 4317 ntam
655 4274 972 4332 potestatem
996 4265 1154 4319 dividi
1181 4270 1374 4326 credis,
1421 4275 1474 4318 et
1503 4265 1669 4319 scindi
1704 4266 1814 4320 veri
1857 4265 1994 4318 illius
2019 4280 2080 4318 ac

478 4359 643 4414 divini
668 4360 873 4429 imperii
910 4371 1070 4413 lotam
1098 4360 1451 4428 potestatein?
1488 4379 1506 4410 ι
1541 4359 1839 4429 Cyprianus
1869 4358 2080 4425 paucio-

478 4452 629 4506 ribus
653 4453 831 4507 verbis
857 4470 868 4504 :
908 4470 927 4497 ‹
964 4452 1124 4505 Multo
1153 4455 1374 4520 magis.»
1398 4451 1615 4518 inquit,t
1639 4451 1817 4504 mundi
1845 4465 1978 4502 unus
2002 4457 2083 4502 est

2181 3256 2418 3310 diuorum
2451 3257 2562 3310 sola
2594 3267 2647 3310 et
2678 3259 2872 3311 misera
2904 3255 3178 3326 gentilitas
3205 3270 3370 3309 unum
3397 3264 3453 3309 et
3492 3255 3588 3323 ipsi
3623 3255 3787 3308 Deum

2181 3348 2480 3403 coluerunt.
2513 3366 2530 3398 ι
2567 3348 2644 3401 Ad
2681 3348 2794 3402 hare
2816 3356 2992 3402 autem
3020 3345 3242 3411 CLBCllll,
3273 3347 3608 3416 aliorumque
3637 3344 3786 3400 Gen-

2184 3443 2376 3507 tilium,
2427 3442 2750 3511 interrogata
2803 3439 3064 3494 Minucius
3126 3449 3434 3494 constanter
3501 3437 3789 3508 respondet

2182 3534 2493 3588 earumdem
2546 3535 2768 3588 omnino
2831 3532 3140 3588 Judzeorum
3217 3533 3380 3586 Deum
3451 3546 3567 3585 esse
3624 3541 3785 3600 atque

2183 3627 2626 3699 Christianorum,
2662 3644 2797 3696 quos
2825 3625 3073 3681 Caecilius
3105 3627 3218 3694 ipse
3252 3625 3361 3694 jam
3425 3635 3534 3677 tum
3581 3639 3671 3693 per
3700 3632 3783 3676 to~-

2185 3729 2292 3773 tum
2327 3732 2584 3773 terrarum
2617 3719 2801 3773 orbem
2848 3721 3140 3788 dispersos,
3185 3731 3247 3770 ac
3287 3715 3668 3780 Tertullianns,
3709 3716 3785 3768 ttti

2184 3811 2602 3875 observavimus,
2638 3810 2752 3864 loca
2780 3810 2954 3862 omnia
2980 3808 3287 3876 implevisse
3317 3807 3700 3861 declaraverat.

2256 3904 2606 3974 lnterroganti
2649 3912 2826 3956 autem
2870 3903 2987 3972 quis
3029 3901 3118 3955 ille
3173 3901 3310 3954 lteus
3361 3899 3448 3964 sit,
3499 3897 3789 3967 reSpondet

2183 3997 2472 4050 Octavius:
2513 4015 2531 4046 ί
2566 3994 2675 4049 Nec
2700 4009 2890 4048 nomen
2945 3993 3054 4046 Deo
3106 4006 3318 4061 qua‘ras
3355 4010 3367 4044 :
3401 3989 3541 4046 Deus
3593 4005 3785 4044 nomen

2183 4098 2284 4143 est.
2319 4089 2429 4143 lllic
2452 4087 2720 4141 vocabulis
2743 4101 2877 4154 0an
2894 4095 2996 4148 ρει,
3027 4099 3147 4138 cum
3178 4100 3272 4152 per
3292 4083 3533 4153 singulos
3559 4083 3789 4150 propriis

2183 4180 2601 4252 appellationum
2655 4178 2951 4246 insignibus
2996 4174 3278 4229 mu'titudo
3335 4174 3632 4228 dirimenda
3667 4183 3746 4226 cst
3773 4215 3785 4235 ,

2187 4276 2296 4328 Deo
2325 4274 2413 4343 qui
2445 4273 2592 4326 solus
2617 4282 2720 4337 est,
2768 4269 2864 4323 Dei
2892 4269 3205 4324 voeabnlunt
3257 4275 3425 4320 totum
3469 4277 3580 4330 est;
3629 4281 3787 4331 quem

2185 4369 2227 4422 si
2257 4377 2459 4437 pitrem
2491 4367 2696 4428 dixero,
2735 4374 3004 4417 terrenum
3050 4362 3318 4430 opineris;
3361 4360 3404 4413 si
3438 4375 3639 4429 regem,
3672 4374 3791 4413 car-

2181 4460 2361 4514 nalem
2393 4458 2714 4527 suspiceris;
2747 4457 2789 4509 si
2819 4455 3120 4520 dominum,
3153 4454 3418 4523 intelliges
3441 4457 3621 4522 tttique
3649 4467 3790 4506 mor-

479 4552 658 4596 remo"
707 4542 1096 4613 ((έὲβΐοίδλιίολ
1139 4561 1157 4592 ι
1196 4544 1260 4594 El
1313 4541 1413 4594 ""0
1463 4541 1676 4609 quidem
1713 4549 2080 4609 3"8‘1'1le'llum
2107 4550 2160 4608 D
2188 4554 2367 4607 talem.
2412 4551 2578 4606 Aufer
2634 4549 2992 4605 additamenta
3046 4550 3344 4610 nominum,
3390 4557 3446 4602 et
3501 4547 3790 4616 perspicies

479 4637 805 4691 Athanasius
830 4642 969 4690 hunc
996 4648 1148 4705 uiget
1180 4637 1230 4689 in
1275 4637 1512 4697 modum,
1561 4650 1667 4703 quo
1696 4634 1836 4687 illius
1892 4635 1998 4688 vim
2027 4644 2079 4689 et

475 4732 687 4802 pondus
727 4748 916 4785 omnes
957 4731 1131 4784 adhuc
1195 4729 1398 4782 facilius
1449 4731 1648 4783 sentire
1699 4733 2080 4799 percipereque

475 4834 722 4894 possunt.
750 4843 767 4874 ‹
803 4828 937 4893 Ipse,
973 4842 990 4873 ι
1013 4823 1232 4891 inquit,t
1255 4819 1620 4889 dispositionis
1648 4819 2080 4885 ordo,otnniuni-

473 4934 579 4988 que
626 4918 856 4987 partium
898 4930 1125 4969 cuneors
1168 4915 1515 4982 conspiratio,
1565 4930 1668 4967 non
1717 4913 1934 4979 multos,
1983 4915 2077 4969 sed

473 5029 637 5067 unum
673 5011 854 5064 mundi
888 5008 1076 5064 ducem
1113 5018 1167 5063 et
1221 5009 1617 5061 moderatorem
1655 5020 1773 5062 esse
1801 5007 2081 5062 manifeste

471 5104 728 5160 Ostendit.
753 5104 885 5158 Nam
916 5104 959 5156 si
1010 5103 1189 5174 plures
1222 5101 1423 5156 mundo
1460 5112 1774 5171 prmessent,
1826 5101 1959 5154 ordo
1993 5101 2080 5156 ille

470 5199 679 5253 servari
710 5213 815 5251 non
850 5208 1060 5266 posset;
1092 5198 1185 5252 sed
1209 5198 1387 5252 Omnia
1423 5196 1739 5252 confusione
1781 5207 1834 5251 et
1864 5209 2080 5265 pertur-

471 5291 690 5345 batione
734 5291 893 5360 plena
944 5302 1148 5357 essent,
1209 5291 1332 5345 dum
1363 5293 1730 5360 unusquisque
1783 5293 1960 5345 omnia
2015 5292 2081 5346 ad

467 5399 624 5438 sumn
654 5384 931 5439 arbitrium
962 5388 1216 5450 traheret,
1249 5394 1302 5440 et
1330 5384 1584 5439 adversus
1605 5385 1767 5439 alintn
1800 5395 2079 5454 pugnaret.

468 5479 712 5551 Namque
741 5490 794 5534 et
843 5481 1038 5534 n'mltos
1067 5481 1218 5546 deos,
1249 5481 1423 5534 nullos
1459 5480 1588 5533 deos
1627 5494 1766 5543 csse,
1804 5491 1891 5536 τήν
1931 5489 2076 5532 πολυς

471 5580 675 5634 aeoru-rat.
703 5577 934 5634 ἀθεότητα
961 5573 1105 5634 εἶναι,
1137 5573 1484 5638 ducebantus,
1518 5573 1595 5626 sic
1619 5572 1810 5627 multas
1841 5582 2074 5625 rectores

461 5669 644 5722 nullos
662 5677 913 5733 rectores,
939 5680 1062 5719 esse
1081 5666 1368 5725 dicendum
1396 5676 1493 5722 est.
1523 5661 1656 5719 Cutn
1677 5667 1822 5724 enim
1842 5666 1975 5719 alter
1995 5665 2071 5719 al-

423 5764 616 5819 (eritis
667 5762 959 5830 imperium
1008 5770 1300 5826 everteret,
1351 5763 1530 5834 nullus
1560 5771 1708 5826 certe
1749 5769 1918 5827 esset,
1969 5761 2065 5832 qui

2181 4645 2502 4699 claritatem.
2531 4662 2549 4695 ι
2586 4645 2739 4711 Apud
2762 4640 3109 4714 Cyprianum,
3143 4643 3232 4710 qui
3278 4641 3500 4710 primam
3548 4639 3787 4710 phrasim

2184 4737 2403 4792 totidem
2428 4735 2605 4790 verbis
2622 4733 2980 4800 transcripsit,
2999 4735 3196 4786 omissa
3220 4742 3344 4786 sunt
3364 4734 3475 4787 lucc
3492 4733 3598 4786 duo
3627 4731 3788 4786 verba

2186 4847 2205 4880 ‹
2238 4846 2331 4898 per
2373 4828 2632 4898 singulos,
2668 4845 2686 4878 ι
2716 4838 2874 4896 atque
2921 4825 3114 4880 ibidetn
3138 4826 3394 4894 scriptum
3437 4833 3559 4878 est:
3595 4842 3613 4874 ι
3654 4823 3790 4877 Deus

2181 4939 2376 4979 nomen
2402 4923 2495 4987 illi;
2531 4922 2639 4976 illic
2656 4919 2931 4975 vocabulis
2948 4933 3084 4988 opus
3100 4929 3201 4978 est,
3224 4917 3309 4971 ubi
3340 4917 3568 4994 protiriis
3598 4918 3786 4984 appel-

2187 5017 2445 5072 latiooum
2477 5015 2770 5083 insignibus
2801 5009 3399 5065 tnnltitutlodtrimenda
3414 5021 3490 5063 ρει
3522 5027 3539 5058 ι
3575 5007 3786 5079 (Cypr.,

2182 5110 2274 5164 lib.
2301 5109 2363 5163 de
2387 5109 2582 5162 ldolor.
2619 5106 2815 5171 Vanit.,
2837 5121 2954 5174 pag.
3001 5106 3066 5160 15
3173 5103 3358 5172 Neque
3385 5102 3455 5156 ibi
3486 5102 3573 5156 ille
3613 5101 3788 5172 plura.

2252 5199 2558 5255 Laetantins
2588 5209 2764 5252 autem
2791 5198 2856 5252 de
2905 5196 3256 5265 Trismegisto
3287 5213 3301 5249 :
3337 5213 3355 5246 ι
3399 5194 3514 5258 llic,
3550 5212 3570 5245 ι
3593 5193 3786 5262 inquit,

2189 5311 2209 5344 ‹
2244 5292 2454 5358 scripsit
2483 5291 2665 5354 libros,
2691 5300 2744 5344 et
2782 5289 2996 5359 quidem
3031 5291 3245 5354 multos,
3274 5287 3324 5340 in
3355 5287 3550 5356 quibus
3594 5285 3790 5353 majes-

2183 5395 2346 5440 tatetn
2379 5385 2570 5438 summi
2595 5397 2657 5437 ac
2686 5382 2972 5450 singularis
2997 5382 3088 5435 Dei
3112 5381 3329 5445 asserit,
3356 5379 3651 5445 iisdemque
3693 5391 3790 5431 no-

2181 5479 2411 5534 minibus
2439 5477 2694 5546 appellat,
2727 5476 2921 5546 quibus
2959 5489 3078 5536 nos,
3123 5473 3289 5526 Deum
3318 5481 3372 5525 et
3421 5471 3634 5524 Patrem
3665 5489 3676 5521 :
3724 5485 3792 5524 ac

2179 5589 2246 5628 ne
2287 5573 2406 5642 quis
2441 5585 2634 5625 nomen
2675 5571 2789 5636 ejus
2835 5569 3155 5637 requireret,
3199 5571 3438 5632 ἀνώνυμον
3484 5579 3604 5618 esse
3651 5562 3792 5617 dixit

2179 5681 2245 5721 co
2275 5666 2416 5735 qutid
2446 5665 2676 5720 nominis
2726 5663 3055 5735 proprietate
3106 5676 3210 5716 non
3264 5669 3437 5730 egeat,
3485 5657 3555 5711 ob
3613 5659 3790 5727 ipsam

2179 5761 2436 5818 unitatem
2477 5782 2494 5816 ι
2526 5758 2818 5831 (Lactant,
2848 5757 2920 5812 lib
2942 5773 2978 5822 I,
3013 5771 3128 5826 cap.
3165 5755 3217 5820 6,
3249 5770 3370 5827 pag.
3401 5750 3516 5824 50).
3546 5751 3792 5809 Trisme-
