4248 6264
253 346 363 402 441

1636 338 2115 397 DISSERTATIO.

3471 349 3584 403 ΗΞ.

253 460 379 531 gisti
409 459 574 516 verba
602 472 633 513 a
660 457 942 515 Lactantio
968 455 1046 511 sic
1070 455 1232 511 citata
1260 462 1383 510 sunt
1412 470 1426 507 :
1459 444 1502 509 ὁ
1545 457 1595 507 δὲ
1629 461 1744 515 Θεὸς
1785 454 1869 522 εἷς,
1903 455 1952 515 Α
1981 452 2047 508 ad
2094 454 2325 525 aliquam
2357 458 2716 527 cognitionem
2746 455 2837 513 Dei
2868 458 3252 527 manuducere,
3321 470 3577 531 quantum

251 561 278 610 ὁ
305 560 359 612 ὁὶ
405 555 496 621 εἷς,
526 561 751 623 ὃνόματυς
781 557 831 609 οὗ
864 556 1167 624 πρὸσόέεται·
1200 559 1300 606 ἔστι
1326 556 1412 623 γὰρ
1463 555 1488 604 ὁ
1531 556 1590 603 ὢν
1618 553 1869 618 ἀνώνυμος.

252 648 395 705 Tum
426 648 623 704 deinde
651 649 881 718 ipsemet
925 646 1237 701 Lactantius
1272 646 1351 701 sic
1373 645 1652 715 disputat:
1708 663 1726 696 ι
1766 645 1873 699 Deo

254 741 421 812 igitur
446 756 643 796 nomen
660 755 764 794 non
788 748 891 800 est,
921 742 1045 808 quia
1068 739 1235 794 solus.
1269 737 1379 795 Nec
1397 753 1534 805 onus
1561 750 1638 793 est
1657 738 1872 807 proprio

254 836 549 900 vocabulo,
585 834 688 889 nisi
734 849 857 889 cum
907 833 1198 888 discrimen
1227 833 1392 903 exigit
1441 832 1756 897 multitudo;
1815 845 1871 890 ut

255 943 698 999 unamquamque
750 942 1037 997 personam
1086 941 1179 980 sua
1230 935 1356 979 nota
1404 933 1459 979 et
1509 924 1869 995 appellatione

256 1022 527 1093 designes.
560 1022 674 1076 Deo
711 1033 912 1087 autem,
962 1021 1086 1090 quia
1146 1034 1360 1089 semper
1415 1033 1553 1072 unus
1602 1028 1701 1082 est,
1746 1032 1866 1086 pro-

256 1118 433 1188 prium
487 1131 682 1171 nomen
738 1125 821 1170 est
882 1114 1040 1171 Deus.
1075 1133 1094 1167 ›
1129 1116 1199 1169 At
1227 1114 1366 1184 quod
1414 1113 1484 1167 ibi
1528 1121 1649 1183 post
1692 1128 1864 1182 ιιι-δέρει

255 1208 597 1279 Trismegisti
644 1208 806 1265 verba
846 1207 1063 1278 adjecit.
1106 1205 1234 1261 illud
1282 1205 1522 1274 profecto
1568 1221 1632 1258 ex
1683 1217 1866 1259 nostro

256 1310 497 1365 auctore.
551 1302 688 1357 sicut
741 1311 796 1356 et
849 1300 951 1355 alia
989 1302 1161 1370 plura,
1213 1297 1484 1353 delibasse
1530 1296 1759 1364 videtur,
1811 1305 1866 1351 et

257 1407 474 1449 sensum
510 1394 656 1449 illius
687 1394 921 1450 reddidit
948 1393 1257 1448 clariorem.

330 1485 493 1539 Docet
541 1484 723 1555 itaque
764 1484 1027 1540 Minucius
1080 1484 1255 1554 primo
1308 1492 1551 1537 naturam
1606 1480 1704 1535 Dei
1742 1494 1864 1536 esse

254 1576 726 1647 simplicissimain.
749 1593 868 1649 qua:
889 1577 1036 1631 nullo
1062 1575 1275 1648 penitus
1299 1575 1459 1629 modo
1484 1574 1648 1629 dividi
1677 1582 1858 1642 queat,

255 1669 429 1737 ipsum
462 1685 590 1725 vero
616 1685 790 1741 neque
817 1680 1114 1737 terrenum,
1156 1685 1327 1739 neque
1369 1683 1711 1739 corporeum,
1766 1683 1861 1724 ne—

253 1777 361 1832 que
387 1764 695 1829 mortalem,
749 1773 910 1834 atque
951 1763 1072 1819 ideo
1118 1762 1377 1834 spiritalis
1432 1761 1858 1832 imutortalisque

252 1868 376 1910 esse
406 1856 740 1911 substantize.

326 1948 530 2005 Deinde
561 1965 688 2005 vero
720 1950 883 2004 Deum
925 1949 1164 2021 quidem,
1190 1949 1365 2021 qualis
1418 1957 1754 2019 quantusque
1797 1949 1850 2003 in

249 2053 310 2095 se
340 2048 445 2104 est,
478 2055 509 2095 a
537 2040 692 2095 nobis
723 2056 824 2095 non
857 2042 1107 2111 cognosci
1143 2058 1157 2093 :
1190 2040 1482 2111 quemlibet
1525 2051 1699 2095 tamen
1758 2040 1852 2095 lto-

249 2132 453 2187 minem
486 2131 555 2185 ab
587 2131 728 2186 illius
754 2132 891 2196 idea,
920 2147 1280 2203 qumcumque
1309 2142 1521 2188 terrena
1553 2144 1607 2187 et
1654 2132 1851 2203 imper-

248 2223 384 2280 fecta
405 2234 531 2280 sunt
556 2226 903 2293 removendo,
927 2227 995 2283 ad
1020 2226 1357 2282 manifestam
1388 2227 1528 2282 illius
1571 2226 1851 2297 pervenire

248 2318 630 2387 cegnitionem.

318 2409 521 2476 Tertio,
550 2410 766 2465 nomina
799 2410 863 2466 iis
892 2419 1096 2467 tantum
1127 2412 1287 2466 rebus
1318 2411 1539 2481 imponi,
1570 2427 1688 2482 quae
1716 2425 1745 2466 a
1791 2427 1849 2467 se

249 2498 481 2556 invicem
525 2502 810 2568 distinctae,
859 2518 923 2559 ac
984 2503 1210 2558 diversa:
1259 2513 1412 2569 sunt;
1464 2513 1523 2557 ut
1573 2519 1694 2574 qua:
1744 2518 1847 2558 una

247 2608 472 2666 quaeque
520 2597 613 2662 sit,
671 2597 999 2668 designetur.
1043 2597 1404 2665 Quamobrem
1478 2598 1606 2665 Deo,
1654 2596 1845 2668 inquit,

246 2688 334 2757 qui
362 2688 793 2757 simplicissimus
830 2699 930 2754 est,
960 2705 1022 2744 ac
1059 2689 1206 2745 solus
1246 2698 1369 2743 ante
1402 2703 1590 2744 omnes
1638 2699 1847 2743 creatu-

246 2792 332 2831 ras
362 2793 684 2851 semperque
722 2781 946 2843 exstitit,
995 2781 1222 2847 nullmn,
1280 2781 1353 2836 uti
1423 2796 1546 2836 mox
1594 2781 1787 2835 citatus
1816 2796 1846 2835 a

247 2867 525 2927 Lactantio
554 2872 935 2942 Trismegistus
984 2873 1181 2939 aiebat,
1226 2887 1422 2928 nomen
1476 2872 1589 2927 dari
1646 2881 1842 2944 potest.

248 2962 435 3034 Neque
488 2964 720 3022 absimili
792 2981 1011 3037 prorsus
1067 2967 1226 3022 modo
1288 2966 1529 3022 Justinus
1600 2967 1843 3038 Martyr:

248 3066 351 3128 Θεῷ
379 3062 426 3112 δὲ
458 3066 565 3114 οὔτε
604 3065 630 3114 ὀ
659 3064 805 3123 τιθεὶς
847 3068 999 3128 ὄνομα
1023 3072 1346 3132 πρρῡπὶρχεν,
1376 3068 1479 3116 οὔτε
1509 3066 1651 3121 «irrit;
1681 3067 1846 3114 ἑαυτὸν

246 3156 492 3220 ὂνρμάζειν
513 3159 643 3224 ῷήἽη
672 3157 786 3218 δεῖν,
818 3153 883 3217 εἷς
911 3158 994 3207 καὶ
1014 3157 1147 3222 μόνος
1173 3158 1414 3224 ὑπάρχων.
1433 3152 1601 3207 tFieri
1625 3153 1845 3207 omnino

1979 556 2183 601 natura:
2228 548 2477 604 humana:
2521 549 2643 607 licet
2681 552 3161 620 comprehendere,
3205 568 3311 608 non
3344 553 3578 611 absurde

1977 638 2185 694 dicetur
2230 644 2564 698 nominabilis
2609 643 2872 717 (0rigeu.,
2926 645 3018 698 lib.
3063 661 3147 699 ut
3195 658 3359 700 contr.
3414 645 3575 713 Cels.,

1976 748 2097 804 pag.
2128 735 2253 803 520,
2287 737 2336 790 in
2360 737 2463 807 4°).
2502 756 2520 788 ι
2558 738 2773 793 Fatetur
2810 738 3071 808 siquidem
3100 739 3356 810 Origenes
3402 756 3431 795 a
3477 756 3575 796 ne-

1974 828 2118 880 mine
2161 843 2317 897 posse
2366 829 2475 883 Deo
2521 830 2791 898 proprium
2850 845 3043 884 nomen
3090 829 3311 899 imponi,
3364 846 3463 886 nec
3507 832 3575 885 ab

1974 919 2082 973 ullo
2115 920 2398 984 nominari,
2432 921 2531 975 nisi
2561 931 2826 991 quatenus
2854 921 3126 991 fragilitati
3169 920 3417 978 humanze
3472 922 3573 978 da-

1973 1019 2082 1064 tum
2110 1022 2210 1065 est.

2041 1105 2113 1157 At
2157 1103 2220 1156 iis
2248 1103 2462 1173 quidem
2503 1105 2570 1158 ita
2617 1120 2742 1160 vere
2770 1121 3009 1175 prorsus
3056 1123 3118 1161 ac
3162 1114 3307 1161 recte
3360 1107 3567 1177 positis,

1968 1192 2231 1249 Minucius
2269 1206 2471 1257 noster,
2501 1212 2565 1252 ac
2606 1212 2726 1252 cum
2779 1198 2869 1252 illo
2896 1199 3216 1270 Cyprianus,
3248 1212 3301 1254 et
3347 1200 3571 1256 Lactan-

1969 1285 2073 1340 tius
2119 1299 2367 1342 asserunt
2450 1288 2551 1343 hoc
2597 1290 2916 1344 vocabulum
2973 1290 3131 1357 Deus,
3179 1307 3366 1348 revera
3417 1308 3561 1359 esse,

1967 1390 2222 1450 quantum
2252 1381 2473 1449 homini,
2507 1392 2561 1437 ut
2589 1384 2663 1437 ait
2691 1383 2966 1452 Origenes,
3001 1400 3121 1438 eum
3172 1387 3449 1441 nominare
3486 1384 3568 1442 fas

1966 1482 2067 1537 est,
2105 1482 2272 1527 totum
2303 1489 2365 1528 ac
2398 1474 2669 1543 proprium
2698 1491 2805 1529 veri
2836 1475 2926 1530 Dei
2970 1491 3188 1530 nomen.
3221 1475 3388 1530 Antea
3438 1490 3567 1531 vero

1965 1564 2092 1619 illud
2121 1581 2149 1618 a
2180 1565 2508 1620 Tertulliano
2540 1567 2620 1619 his
2646 1568 3051 1636 comprobatum
3084 1568 3261 1623 verbis
3293 1569 3517 1639 legimus
3546 1589 3560 1624 :

1963 1658 2156 1713 Anima
2195 1678 2213 1710 ‹
2250 1659 2367 1713 licet
2418 1674 2643 1730 corpore
2673 1676 2877 1729 pressa,
2930 1661 3142 1717 licet....
3173 1663 3335 1716 Deum
3392 1664 3564 1718 nomi-

1964 1761 2074 1812 nat.
2110 1752 2210 1807 hoc
2230 1754 2364 1821 solo,
2397 1757 2517 1824 quia
2548 1756 2763 1824 proprie
2786 1770 2944 1809 verus
2991 1755 3077 1810 hic
3113 1757 3251 1811 Deus
3291 1756 3462 1827 bonus
3505 1764 3562 1811 et

1883 1847 2181 1914 Bmagnns
2242 1846 2495 1919 (Tertul.,
2540 1847 2832 1918 Apologet.,
2886 1864 3003 1918 cap.
3057 1849 3147 1914 17,
3201 1866 3321 1921 pag.
3377 1848 3490 1921 25).
3536 1868 3554 1902 ι

1955 1938 2293 2009 Quapropter
2324 1941 2423 1995 hoc
2455 1939 2549 1994 Dei
2576 1955 2771 1995 nomen
2813 1941 2910 2011 ipsi
2968 1942 3065 1997 soli
3100 1956 3197 1997 nec
3242 1944 3394 1998 alteri
3423 1942 3559 1998 dan-

1952 2030 2078 2087 dum
2110 2048 2229 2087 esse
2257 2043 2546 2088 asseverat.

2024 2124 2154 2193 Quis
2182 2135 2360 2180 autem
2386 2126 2472 2181 ille
2500 2127 2586 2191 sit,
2617 2127 2659 2181 si
2691 2126 2810 2196 quis
2840 2144 2869 2181 a
2902 2126 3129 2183 Minucio
3178 2138 3382 2196 nostro,
3431 2146 3561 2201 que-

1951 2218 2297 2282 madmodum
2343 2220 2613 2287 Cll'ClllUS,
2668 2221 2991 2288 sciscitetur,
3034 2222 3136 2278 hoc
3195 2225 3440 2295 protinus
3491 2225 3558 2280 ab

1951 2327 2018 2368 eo
2047 2328 2362 2380 reSponsum
2390 2316 2617 2385 aet-ipiet
2646 2333 2661 2371 ε
2693 2334 2710 2366 ι
2749 2316 2845 2371 llic
2880 2332 2977 2371 nec
3005 2317 3170 2372 videri
3210 2328 3407 2387 potest,
3442 2320 3558 2375 visu

1950 2405 2147 2461 clarior
2171 2418 2272 2471 est,
2317 2424 2415 2463 nec
2448 2410 2853 2478 comprehendi,
2890 2421 3030 2466 tactu
3065 2413 3249 2481 purior
3286 2422 3367 2469 est
3400 2413 3554 2486 (haec

1953 2498 2050 2553 tria
2081 2500 2375 2569 posteriora
2400 2500 2561 2555 verba
2607 2501 2707 2555 etsi
2734 2518 2760 2553 a
2793 2500 3063 2573 Cypriane
3115 2505 3451 2575 transeripta,
3500 2505 3555 2560 in

1950 2609 2054 2648 ms.
2087 2594 2272 2650 codice
2295 2595 2439 2665 regio
2468 2596 2682 2661 desunt)
2722 2611 2821 2650 nec
2847 2598 3125 2661 :estinmri,
3160 2599 3405 2653 sensibus
3441 2615 3557 2652 mao
3585 2611 3589 2614 '

1944 2687 2031 2758 jor
2052 2700 2132 2742 cst
2162 2687 2454 2759 (inﬁnitus,
2485 2688 2800 2746 immensus.
2832 2697 2884 2743 et
2904 2688 3003 2741 soli
3049 2688 3150 2743 sibi
3202 2699 3434 2759 quantus
3473 2699 3556 2745 est

1949 2788 2127 2834 notus.
2160 2778 2324 2833 Nobis
2374 2794 2503 2833 vero
2547 2779 2612 2833 ad
2662 2778 2990 2834 intellectum
3034 2791 3219 2850 pectus
3269 2789 3553 2850 angustum

1948 2871 2076 2945 est),
2107 2883 2161 2929 et
2190 2873 2309 2928 ideo
2337 2873 2416 2928 sic
2445 2888 2565 2928 eum
2595 2872 2752 2942 digne
2783 2873 3131 2936 a-stimamus,
3180 2873 3307 2928 dum
3347 2874 3554 2929 intesti-

1950 2970 2200 3024 mabilem
2229 2969 2458 3023 dicimus
2496 2990 2515 3022 ι
2550 2967 2762 3041 (Cypr.,
2792 2969 2886 3025 lib.
2920 2968 2986 3023 de
3018 2968 3158 3023 ldol.
3201 2968 3398 3034 Vauit.,
3430 2984 3551 3040 pag.

1951 3061 2079 3135 14).
2138 3063 2208 3117 Ea
2256 3074 2432 3118 autem
2481 3064 2703 3130 omnia,
2748 3063 2830 3117 his
2878 3072 3080 3118 tantum
3130 3065 3389 3130 exceptis,
3434 3078 3554 3131 qua:

1955 3158 2165 3211 uncinis
2196 3158 2533 3220 clauduntur,
2567 3157 2787 3212 totidem
2819 3158 2996 3213 verbis
3018 3157 3305 3228 descripsit
3331 3158 3553 3228 Cypria-

247 3258 352 3299 n0n
384 3255 578 3312 potest,
611 3257 667 3301 ut
718 3247 993 3314 [imprium
1042 3246 1259 3316 aliquod
1309 3248 1415 3300 Deo
1444 3261 1637 3300 nomen
1690 3245 1845 3299 attri-
1876 3240 1921 3303 C
1955 3266 2076 3305 nus.
2102 3253 2167 3304 At
2196 3260 2423 3321 utroque
2450 3252 2596 3320 prior
2625 3250 3005 3312 Tertullianus,
3042 3250 3179 3305 idem
3210 3250 3327 3304 aliis
3371 3250 3550 3305 verbis

247 3334 457 3401 buntur,
493 3348 774 3408 propterea
803 3337 947 3410 quod
991 3338 1205 3393 nomina
1234 3338 1298 3392 ad
1329 3338 1756 3408 designationem
1795 3345 1849 3392 et

246 3425 621 3485 discretionem
654 3430 1016 3500 subiectarum
1074 3446 1252 3484 rerum
1308 3430 1670 3499 imponantur,
1730 3445 1849 3498 quae

244 3521 409 3575 variae
441 3532 562 3576 sunt
589 3533 643 3577 et
670 3523 869 3579 multm.
905 3524 1012 3579 Deo
1034 3532 1234 3588 autem,
1272 3523 1360 3590 qui
1388 3539 1581 3578 nomen
1616 3522 1844 3589 inderet.

244 3626 403 3667 nemo
431 3624 557 3670 ante
582 3629 706 3670 eum
745 3617 997 3671 exstitit:
1028 3630 1204 3685 neque
1259 3616 1372 3683 ipse
1422 3630 1480 3669 se
1534 3616 1705 3682 ipsum
1753 3632 1847 3671 no-

245 3705 390 3760 mine
416 3708 597 3777 aliquo
620 3708 885 3779 designari
913 3723 1050 3778 opus
1069 3724 1191 3762 esse
1218 3706 1389 3775 duxit,
1425 3725 1563 3764 unus
1607 3719 1660 3764 et
1698 3711 1846 3765 solus

244 3799 490 3854 existens
519 3798 748 3869 (1υμιίιι.
773 3799 979 3855 Coliort.
1013 3802 1081 3855 ad
1109 3800 1299 3865 Greca,
1344 3818 1461 3870 pag.
1510 3801 1619 3874 l9).
1662 3823 1680 3854 ι
1711 3803 1844 3858 Rur-

243 3906 339 3947 sus
370 3907 500 3947 vero
528 3892 652 3947 alibi
682 3892 823 3948 haud
853 3896 1017 3950 semel
1060 3896 1171 3961 ille,
1205 3897 1344 3951 sicut
1373 3905 1426 3950 et
1455 3897 1542 3951 alii
1591 3897 1843 3951 Ecclesiae

244 3989 454 4056 Patres,
538 4002 699 4064 negat
767 3993 930 4048 ullum
980 3994 1102 4067 ﬁngi
1173 4010 1333 4066 posse
1401 3996 1676 4066 prpprium
1752 3996 1842 4052 Dei

239 4099 458 4141 nomen.

311 4176 497 4248 Neque
536 4178 618 4234 bis
648 4180 834 4247 officit,
871 4181 1011 4250 quod
1038 4182 1197 4237 Celso
1226 4181 1497 4251 objicienti
1530 4182 1693 4235 Deum
1722 4196 1843 4237 esse

235 4269 672 4339 imtominabilem,
706 4275 997 4344 respondet
1027 4273 1318 4340 Origenes:
1366 4283 1631 4336 Διαστολῇ
1659 4278 1837 4329 δεῖται.

237 4367 278 4416 αἱ
322 4373 408 4431 μὶν
445 4371 574 4437 γὰρ,
604 4372 679 4421 ὅτι
727 4371 855 4422 ιῦδέν
913 4386 1003 4425 τῶν
1045 4374 1091 4421 ἰν
1128 4375 1279 4432 λέξεσι
1333 4372 1416 4421 καὶ
1482 4375 1844 4435 σημαινομένοις

238 4459 433 4511 δύναιτ-ιι
484 4474 795 4529 παραστῆσαι
838 4466 925 4520 τὰς
972 4463 1213 4520 ἰδιότητας
1238 4466 1322 4515 τοῦ
1348 4467 1489 4522 Θεοῦ.
1537 4466 1708 4524 ἀληθὲς
1740 4470 1840 4516 ἔστι

235 4556 292 4601 τὸ
316 4552 572 4619 λεγόμενον,
601 4559 647 4608 si“
671 4576 722 4621 γε
752 4555 832 4605 καὶ
848 4554 1031 4606 πολλαὶ
1050 4556 1294 4614 ποιότητες
1318 4558 1399 4607 οὐκ
1423 4557 1539 4609 εἰσὶν
1559 4558 1836 4621 emunt.

1952 3343 2094 3401 hunc
2122 3346 2331 3399 dixerat
2359 3346 2410 3399 in
2446 3344 2663 3399 modum
2693 3364 2704 3398 :
2743 3363 2761 3396 ι
2798 3343 3086 3399 Invisibilis
3107 3354 3207 3424 est.
3239 3344 3339 3400 etsi
3370 3343 3550 3399 videa-

1954 3447 2072 3502 tur;
2127 3438 2714 3508 incomprehensibilis,
2767 3439 2866 3492 etsi
2915 3454 3012 3509 per
3058 3439 3287 3510 gratiam
3347 3454 3550 3506 reprae-

1950 3540 2223 3594 sentetur;
2255 3531 2665 3590 inmstimabilis.
2695 3530 2798 3585 etsi
2834 3530 3080 3585 humanis
3118 3532 3363 3587 sensibus
3398 3532 3545 3587 a‘sti-

1951 3633 2146 3689 metur,
2178 3625 2296 3680 ideo
2329 3640 2485 3679 verus
2516 3632 2690 3679 tantus
2720 3632 2820 3678 est.
2878 3623 3143 3680 Caeterum
3189 3625 3330 3695 quod
3378 3625 3548 3681 videri

1947 3720 2322 3779 communiter.
2353 3718 2494 3788 quod
2548 3717 2952 3785 comprehendi,
2982 3717 3124 3786 quod
3163 3719 3415 3773 aestimari
3456 3734 3550 3787 po-

1951 3820 2071 3874 test,
2103 3811 2276 3864 minus
2322 3821 2403 3864 est
2456 3819 2512 3865 et
2561 3809 2731 3864 oculis
2751 3810 2944 3879 quibus
2974 3818 3286 3877 occupatur,
3329 3818 3383 3864 et
3431 3826 3545 3865 ma-

1949 3903 2103 3956 nibus
2176 3902 2370 3970 quibus
2444 3902 2884 3966 contaminatur,
2944 3910 2999 3955 et
3055 3901 3302 3956 sensibus
3355 3901 3548 3968 quibus

1946 3994 2233 4049 invenitur.
2288 3993 2438 4060 Quod
2476 4009 2606 4047 vero
2659 3994 3007 4058 immensum,
3058 3993 3158 4047 soli
3215 3993 3315 4047 sibi
3363 4004 3546 4048 uotum

1945 4100 2062 4151 eSt;
2092 4087 2191 4139 hoc
2220 4094 2333 4147 est,
2362 4084 2500 4153 quod
2533 4086 2696 4139 Deum
2736 4084 2989 4139 a‘Stimari
3033 4084 3176 4147 facit,
3231 4086 3356 4140 dum
3398 4086 3547 4140 mSIi-

1945 4180 2079 4234 mari
2112 4193 2213 4231 non
2242 4178 2384 4247 rapit
2414 4197 2426 4233 :
2459 4177 2527 4231 ita
2559 4192 2681 4232 eum
2729 4177 2806 4231 vis
2848 4177 3230 4248 magnitudinis
3267 4189 3319 4232 et
3361 4188 3545 4233 notum

1948 4272 2256 4327 hominibus
2282 4270 2468 4338 objicit
2495 4279 2547 4324 et
2579 4270 2840 4342 ignotum.
2883 4289 2900 4321 ι
2938 4268 3133 4323 Eadem
3164 4285 3191 4323 a
3245 4269 3549 4339 Theophilo

1945 4365 2341 4427 Autliincheno,
2372 4374 2424 4417 et
2449 4381 2477 4418 a
2508 4365 2843 4419 Nazianzeno
2883 4363 3109 4432 aliisque
3149 4364 3407 4419 Ecclesia!
3448 4365 3548 4421 Pa-

1945 4460 2114 4516 tribus
2141 4473 2285 4528 smpe
2311 4458 2507 4526 saepius
2538 4457 2727 4511 tradita
2750 4456 2869 4525 quis
2895 4456 3404 4528 ignorat?(TbeOpb.
3433 4458 3545 4514 An-

1946 4551 2131 4617 tiocb.,
2167 4551 2257 4605 lib.
2289 4568 2304 4606 ι
2332 4549 2401 4603 ad
2428 4550 2663 4622 Autolyc.
2699 4559 2833 4620 post.
2864 4550 3000 4614 init.,
3040 4564 3158 4619 pag.
3186 4549 3304 4623 71.)

233 4652 307 4705 ’τίς
333 4649 423 4713 γὰρ
452 4648 647 4701 dia-vatem
673 4650 872 4713 ὀνόμασι
903 4650 1131 4716 διαφορὰν
1162 4652 1322 4702 δοῦναι
1348 4651 1601 4711 ποιότητθς
1620 4659 1841 4718 φοίνικες,

2017 4646 2121 4702 Sed
2149 4655 2331 4700 contra
2363 4647 2478 4700 haec
2506 4654 2614 4699 tam
2642 4656 2788 4700 certa
2819 4655 3031 4715 tamque
3070 4659 3195 4698 vera
3227 4644 3548 4700 documenta

236 4739 321 4789 uti
345 4740 632 4807 γλυκΰτητος
662 4743 942 4807 ἱσχᾶὂος....
982 4744 1108 4795 οὐδὲν
1148 4739 1224 4793 οὖν
1270 4748 1540 4807 θαυμαστὸν
1562 4744 1603 4793 εἱ
1635 4745 1716 4794 οὐκ
1740 4746 1844 4794 ὄνο-

235 4840 417 4897 μαστὸς
445 4834 589 4891 οὕτως
617 4836 642 4885 ὀ
669 4836 802 4895 Θιὸς.
829 4837 870 4886 εὶ
900 4837 948 4886 δὲ
986 4842 1041 4890 τὸ
1088 4839 1346 4901 ὀνομαστὸν
1399 4839 1671 4902 λαμϐάνεις,
1723 4839 1842 4888 κα.οὸ

239 4921 335 4989 οἷον
358 4930 411 4980 τί
440 4931 565 4979 ἔστιν
607 4929 801 4993 ὀνόμασι
840 4942 1147 4998 παραστῆσαι
1175 4951 1224 4981 τι
1249 4938 1339 4982 τῶν
1363 4929 1468 4995 περὶ
1494 4930 1658 4987 ειῦτοῧ,
1691 4929 1758 4985 εὶς
1782 4935 1841 4979 τὸ

237 5031 589 5085 χυριγωγῆσιιι
636 5027 715 5071 τὸν
740 5023 1001 5087 ἀκροατὴν,
1027 5020 1109 5071 καὶ
1142 5032 1339 5078 ποιῆσαι
1361 5032 1528 5077 νήσω
1561 5024 1667 5087 περὶ
1695 5024 1838 5080 Θεοῦ,

234 5110 364 5160 xui/rit
392 5118 446 5161 τὸ
465 5114 652 5174 ἐρατόν
677 5124 735 5179 τῇ
775 5112 1044 5182 ἀνθρωπίνῃ
1074 5116 1182 5182 φὺσε
1194 5135 1229 5171 ι,
1258 5116 1368 5166 τινὰ
1390 5127 1483 5165 τῶν
1524 5114 1629 5179 περὶ
1669 5112 1837 5174 nigrai},

236 5201 363 5251 οὐδὲν
378 5204 553 5253 item”
573 5206 720 5269 λέγειν
733 5205 877 5257 αὐτὸν
893 5205 1169 5269 ὁνομιστόν.
1182 5220 1201 5252 ι
1218 5200 1563 5256 llistinctione
1582 5215 1716 5270 opus
1732 5208 1831 5255 est.

234 5287 290 5345 Si
316 5291 456 5344 enim
491 5290 593 5346 hoc
629 5292 760 5359 vult,
804 5294 947 5364 quod
974 5294 1024 5347 in
1053 5295 1340 5350 verborum
1373 5292 1686 5365 significatis
1710 5291 1841 5346 nihil

234 5391 409 5452 potest
441 5384 534 5439 Dei
568 5386 924 5454 proprietates
952 5388 1280 5455 CXpl‘lmt‘l‘e,
1301 5402 1488 5442 verum
1518 5394 1632 5448 est;
1666 5400 1836 5455 quan-

232 5473 519 5544 doquidem
546 5479 731 5533 multa:
754 5478 1040 5550 qualitates
1070 5487 1196 5533 sunt
1231 5478 1658 5532 innominabiles.
1709 5476 1840 5544 Quis

232 5567 377 5620 enim
406 5568 675 5624 diSrernztt
701 5572 1008 5625 nominibus
1044 5572 1356 5640 qualitatem
1390 5568 1686 5623 dulcedinis
1720 5567 1834 5636 pal-

232 5659 412 5723 mnlte,
446 5670 497 5713 et
525 5660 827 5716 dulcedinis
865 5664 1129 5718 cariem...
1174 5661 1289 5715 Non
1344 5659 1538 5712 mirum
1572 5658 1748 5726 igitur,
1792 5657 1838 5710 si

233 5750 375 5806 Dens
404 5754 502 5807 hoc
542 5766 694 5824 pacto
720 5767 803 5811 est
835 5755 1262 5812 ittmiminabilis.
1302 5751 1453 5820 Quod
1504 5750 1549 5805 si
1596 5748 1837 5805 nomina-

231 5845 339 5903 bile
353 5847 666 5918 accipiatur,
695 5860 963 5923 quatenus
999 5850 1293 5907 auditorem
1323 5853 1499 5919 potest
1528 5843 1836 5902 nominibus

1946 4740 2186 4811 insurget
2211 4739 2386 4793 adhuc
2413 4739 2607 4807 aliquis
2632 4739 2896 4798 ethnicus.
2926 4749 2978 4793 et
3002 4754 3124 4793 cum
3150 4737 3365 4794 (Ζίῐιοίιίο
3390 4755 3547 4808 urge-

1946 4829 2045 4895 bit,
2079 4831 2195 4885 limo
2229 4830 2656 4885 Christianorum
2702 4830 3021 4900 placitorum
3053 4839 3289 4883 monstra
3337 4845 3456 4885 esse
3484 4844 3545 4885 ac

1946 4932 2212 4992 portenta,
2243 4924 2435 4990 quibus
2463 4937 2523 4977 se
2555 4922 2748 4976 frustra
2793 4921 2958 4975 Deum
3009 4920 3207 4973 habere
3252 4919 3543 4975 affirmant.

1946 5014 2158 5070 Etenim
2214 5015 2361 5069 illum
2413 5029 2514 5069 nec
2556 5012 2788 5074 ostendi,
2822 5028 2919 5064 nec
2960 5011 3129 5064 videri
3187 5024 3344 5076 posse
3394 5010 3545 5063 fateri

1942 5118 2228 5178 coguntur.
2261 5110 2346 5173 At,
2370 5107 2498 5176 quid
2527 5108 2743 5168 mirum.
2765 5107 2836 5159 ait
2864 5104 3145 5166 Minucius,
3176 5105 3218 5157 si
3253 5101 3546 5157 Christiani

1947 5202 2113 5256 Deum
2144 5216 2321 5266 suum,
2353 5216 2508 5267 quem
2541 5216 2604 5253 ex
2633 5197 2885 5267 operibus
2907 5196 3023 5265 ejus
3049 5195 3325 5250 evidenter
3353 5210 3548 5267 agnos-

1942 5301 2089 5355 cunt,
2132 5292 2374 5360 corporis
2418 5290 2588 5343 oculis
2644 5304 2701 5343 se
2755 5304 2859 5342 non
2912 5288 3093 5342 videre
3159 5288 3547 5357 profiteantur?

1943 5382 2208 5452 Numquid
2240 5391 2291 5435 tu
2322 5380 2457 5448 ipse,
2483 5380 2722 5449 quisquis
2749 5394 2808 5434 es
2850 5379 3067 5449 gentilis
3098 5378 3283 5445 homo,
3324 5389 3543 5435 ventum

1944 5487 1997 5531 et
2026 5476 2203 5539 ﬂatus,
2229 5474 2421 5544 quibus
2439 5474 2616 5527 omnia
2634 5472 3001 5541 impelluntur,
3025 5473 3198 5527 oculis
3226 5474 3328 5528 tuis
3357 5474 3545 5528 vides?

1931 5568 2209 5638 Numquid
2241 5568 2517 5623 oculorum
2553 5577 2762 5622 tuorum
2799 5567 2944 5622 acies
3002 5568 3195 5632 solem,
3230 5567 3318 5637 qui
3373 5569 3545 5623 omni-

1942 5659 2041 5713 bus
2066 5658 2279 5713 videndi
2309 5673 2467 5712 causa
2496 5669 2599 5717 est.
2630 5659 2886 5715 intuendo
2922 5674 3026 5738 non
3058 5658 3313 5721 hebescit,
3352 5665 3406 5712 et
3446 5658 3545 5712 ob-

1943 5752 2222 5806 tumlitur?
2275 5751 2539 5821 Numquid
2580 5753 2813 5808 animam
2848 5761 3026 5817 tuam,
3076 5766 3179 5819 qua
3226 5750 3385 5820 vivis,
3441 5765 3546 5821 qua

1940 5845 2218 5915 animatis,
2246 5861 2349 5916 qua
2380 5846 2635 5918 loqueris,
2666 5847 2814 5902 vides
2841 5861 2905 5903 ac
2930 5843 3236 5916 conspicis?
