4230 6242
643 294 753 358 415

1933 288 2023 344 nr.
2063 281 2317 342 MlNUCll
2357 281 2657 340 OCTAVIO
2734 268 2740 273 ’

3844 283 3951 340 444

720 415 827 471 Nec
856 428 1032 480 suum,
1060 425 1261 484 qttreso.
1288 408 1425 464 ullus
1453 405 1669 463 inducat
1699 405 1753 462 in
1783 405 2020 461 animum
2061 417 2089 457 a
2130 400 2246 456 solo
2273 419 2325 468 Α
2357 398 2407 453 in
2424 397 2608 452 mundi
2626 395 2861 452 motibus
2879 393 3148 460 omnibus,
3168 395 3418 450 virtutem
3441 393 3558 465 ejus
3581 407 3797 464 semper
3818 408 3948 464 prte-

650 517 868 563 anctore
896 514 1080 560 nostro
1119 503 1202 558 his
1229 499 1718 572 comparationibus
1749 497 2044 554 infirmatas
2084 492 2247 548 fuisse

651 616 815 656 vanas
841 599 1174 653 ethnicorum
1198 597 1451 664 argutias,
1479 604 1532 649 et
1565 591 1944 647 cavillationes.
1978 586 2109 642 Nam
2154 585 2248 639 iis-

653 694 773 750 dem
835 691 1324 762 comparationibus
1371 689 1451 742 usi
1503 695 1646 750 sunt,
1723 699 1828 738 non
1897 677 2252 752 antiquissimi

654 787 836 850 modo,
871 784 1068 854 aliique
1095 781 1353 836 Ecclesitc
1386 780 1591 844 Patres,
1622 778 1713 833 sed
1765 775 2062 831 doctissimi
2092 773 2250 828 etiam

654 876 870 948 quidam
915 874 1188 945 gentilium
1237 871 1561 942 Scriptores.
1626 873 1796 936 Atque
1848 876 1905 921 ttt
1955 881 2022 920 ex
2074 864 2253 918 multis

653 968 824 1039 quosd
849 985 914 1021 -m
939 968 1247 1037 seligamns,
1272 963 1602 1032 Theophilus
1627 960 1996 1017 Antiochcnus
2022 977 2033 1012 :
2062 975 2080 1008 ι
2115 955 2252 1010 Deus

656 1067 960 1127 universa,»
985 1063 1206 1127 inquit”
1237 1075 1355 1112 cum
1379 1074 1482 1112 non
1505 1054 2012 1124 forent,crcavit,jut
2040 1068 2103 1104 ex
2133 1065 2251 1121 ope-

656 1155 804 1212 ribus
841 1156 950 1208 suis
977 1169 1135 1221 quam
1178 1151 1446 1206 excellens
1487 1150 1575 1214 sit,
1621 1147 1822 1201 homini
1874 1149 2249 1199 innotesceret.

660 1249 748 1303 Est
773 1245 947 1300 anitna
973 1243 1204 1298 humana
1236 1244 1287 1296 in
1320 1242 1551 1296 humano
1586 1254 1834 1309 corpore,
1868 1252 1970 1291 non
2018 1236 2250 1299 videtur,

661 1338 938 1395 invisibilis
967 1337 1225 1400 existens,
1281 1351 1460 1389 vi-rum
1499 1349 1563 1388 ex
1604 1333 1843 1400 corporis
1888 1330 2122 1384 motibus
2165 1343 2254 1383 co-

657 1433 950 1503 gnoscitur,
983 1428 1060 1483 sic
1101 1444 1199 1483 nec
1232 1427 1371 1482 Deus
1398 1425 1645 1479 humanis
1673 1435 1724 1479 et
1766 1424 2043 1494 corporeis
2085 1420 2256 1475 oculis

659 1524 823 1579 vidi-ri
859 1532 1103 1594 potest...
1128 1517 1588 1588 Quemadmodum
1617 1519 1660 1572 si
1688 1517 1805 1586 quis
1832 1524 2016 1571 cernat
2037 1529 2253 1579 navem,

659 1617 768 1674 suis
794 1616 1141 1672 armamentis
1171 1621 1504 1676 instructam,
1544 1627 1689 1665 mare
1720 1609 1929 1664 sulcare
1957 1619 2010 1663 et
2051 1609 2100 1661 in
2135 1619 2258 1677 por-

663 1721 769 1766 lum
793 1709 1084 1779 appellere,
1108 1715 1252 1761 certe
1275 1705 1445 1759 credit
1467 1703 1697 1772 aliquem
1724 1717 1752 1754 a
1777 1717 1882 1772 quo
1907 1700 2256 1770 gubernetur,

2355 500 2562 546 sentem
2609 489 2970 558 adspieimns,
3021 502 3143 542 cum
3173 495 3350 552 tonat,
3386 486 3652 558 fulgurat.
3679 485 3948 555 fulminat,

2357 597 2478 637 cum
2509 589 2747 648 serenat,
2786 600 2806 634 ι
2842 579 3296 653 quemadmodum
3323 592 3485 650 supra
3515 577 3876 636 ostendimus.

2970 730 3262 770 ARTICULUS
3313 729 3370 770 ll.

2360 873 2551 942 Quibus
2580 875 2889 946 argumentis
2922 873 3180 929 Minucius
3205 874 3491 947 probaverit
3530 873 3694 929 Deum
3735 892 3840 932 esse
3878 878 3956 932 iu-

2429 971 2649 1040 ﬁnitnm,
2682 980 2923 1024 internum
2943 1012 2957 1038 ,
2988 971 3306 1037 immensum,
3341 985 3402 1024 ac
3430 972 3562 1025 scire
3582 972 3771 1026 omnia.

2429 1167 2689 1238 Pleraque
2738 1167 2828 1222 Dei
2872 1168 3156 1233 attributa,
3213 1167 3329 1222 sive
3385 1181 3609 1222 summa:
3658 1165 3958 1240 divinthue

2357 1259 2474 1330 ejus
2509 1259 2888 1329 perfectiones,
2921 1275 2949 1313 a
3000 1267 3181 1313 nostro
3211 1259 3441 1314 Minucio
3475 1259 3756 1330 perspicue
3783 1261 3956 1326 extuli-

2362 1362 2573 1407 cantur.
2629 1353 2759 1405 lium
2806 1351 2948 1404 enim
2996 1350 3262 1405 inﬁnitum
3308 1364 3426 1404 esse
3475 1351 3597 1404 ideo
3627 1353 3955 1420 pronuntiat,

2359 1444 2483 1514 quia
2519 1441 2779 1512 principio
2808 1452 2862 1496 et
2890 1439 2994 1495 ﬁne
3021 1449 3187 1495 caret.
3240 1439 3348 1495 Nec
3387 1441 3439 1495 id
3467 1441 3715 1496 Ca'cilius
3740 1443 3961 1500 inficiari

2364 1543 2592 1604 poterat,
2617 1535 2700 1588 cui
2733 1532 2858 1586 illttd
2894 1539 3243 1587 memoratum
3267 1549 3294 1585 a
3325 1529 3538 1587 Lacrtio
3561 1531 3780 1587 effatum
3823 1532 3964 1588 Tha-

2367 1626 2512 1692 letis,
2545 1639 2728 1682 nonnu
2753 1641 2872 1680 esse
2899 1625 3086 1681 debuit
3112 1643 3124 1678 :
3158 1632 3222 1679 Tt
3248 1635 3306 1680 τό
3335 1626 3508 1680 Θεῖονῗ
3527 1626 3705 1681 aiebat
3729 1625 3957 1682 Thales:

2362 1729 2414 1776 τὸ
2442 1736 2561 1787 μήτε
2591 1722 2748 1790 ἀρχῦν
2779 1726 2881 1788 ἶχον
2903 1736 3024 1787 μήτε
3052 1715 3472 1786 τε).ιυτν,ν.«ριιίᾶ
3505 1717 3828 1788 Dens?quod
3866 1718 3965 1773 ιιιὶ-

661 1801 713 1856 itt
755 1816 814 1855 ea
849 1794 1578 1870 essegubernatorem....Si
1618 1797 1668 1847 itt
1699 1794 1893 1857 solem,
1939 1791 2078 1861 quod
2130 1805 2259 1846 sane

2370 1815 2441 1868 lio
2467 1823 2518 1865 ct
2543 1814 2644 1865 iinc
2674 1825 2821 1867 caret
2859 1830 2877 1864 ι
2908 1810 3128 1877 (Laert.,
3157 1809 3281 1866 ΜΗ
3313 1814 3362 1864 in
3393 1809 3510 1863 Vita
3534 1807 3760 1875 Tltalet.,
3785 1808 3967 1882 §.56).

660 1895 941 1952 minimum
969 1905 1048 1948 est
1076 1894 1420 1954 elementum,
1460 1909 1478 1941 ι
1514 1903 1635 1944 cum
1669 1887 1779 1940 Deo
1818 1885 2060 1940 videlicet
2108 1899 2257 1938 com-

660 1990 916 2061 positutn,
963 2007 983 2040 ι
1025 1987 1184 2041 Ιιοηιο
1225 1986 1409 2041 oculos
1458 1983 1734 2038 intendere
1785 1981 1987 2048 nequit,
2047 1987 2263 2049 propter

660 2085 857 2140 caloris
877 2094 931 2139 et
959 2084 1209 2153 potentiae
1232 2079 1628 2143 excellentiam,
1653 2077 1820 2130 multo
1850 2075 2023 2129 minus
2037 2075 2260 2145 gloriam

661 2175 776 2241 Dei,
810 2192 928 2246 quae
958 2173 1245 2231 inell‘aliilis
1275 2181 1355 2228 est
1401 2171 1626 2236 homini,
1659 2168 1821 2223 homo
1853 2168 2093 2221 mortalis
2133 2182 2263 2220 cou-

663 2271 800 2326 tueri
835 2280 1009 2338 potest
1041 2289 1059 2322 ι
1088 2267 1357 2341 (Theopb.
1385 2265 1665 2328 Antioch.,
1700 2259 1794 2316 lib.
1827 2277 1843 2316 ι
1879 2260 1944 2315 ad
1990 2261 2260 2331 Autolyc.,

662 2378 783 2434 pag.
817 2363 930 2426 72).
970 2363 1124 2417 Plura
1167 2360 1343 2415 adhuc
1383 2359 1470 2414 ille
1507 2357 1596 2420 ibi,
1627 2372 1746 2426 quae
1779 2354 1822 2408 si
1867 2369 2039 2421 gra-ce
2066 2354 2262 2422 scripta

663 2460 844 2513 videre
874 2459 1078 2529 cupias,
1114 2458 1167 2511 in
1209 2457 1327 2525 ejus
1369 2454 1506 2508 libro
1557 2449 1733 2520 legere
1787 2447 1927 2502 haud
1974 2447 2266 2503 difﬁciliter

663 2552 884 2621 puteris.

737 2642 927 2696 Postea
959 2657 1088 2696 vero
1123 2639 1432 2695 Laclantius
1485 2639 1674 2696 eodem
1721 2641 1879 2713 plane
1909 2634 2066 2690 modo
2110 2647 2267 2702 argu-

665 2745 936 2792 mentatur
974 2754 1035 2792 ac
1079 2737 1256 2806 plures
1285 2751 1496 2806 quoque
1519 2735 1736 2791 aduibet
1765 2728 2094 2805 ejusci'modi
2121 2743 2268 2781 com-

666 2832 970 2899 parationes
1002 2847 1016 2882 ι
1050 2847 1069 2880 ι
1109 2831 1245 2883 Ante
1274 2831 1475 2891 omnia,
1503 2829 1754 2897 quoniam
1787 2826 1924 2879 Dens
1953 2821 2020 2874 ab
2049 2821 2267 2873 homine

665 2921 831 2974 videri
857 2935 960 2972 non
994 2929 1188 2990 potest,
1220 2936 1288 2973 ne
1327 2919 1445 2990 quis
1472 2929 1647 2972 tamen
1688 2932 1751 2972 ex
1805 2931 1871 2971 eo
1901 2916 2017 2985 ipso
2059 2918 2269 2983 putaret

665 3014 836 3069 Dettm
871 3027 975 3067 non
1003 3028 1145 3076 esse,
1175 3012 1296 3081 quia
1331 3011 1644 3066 mortalibus
1667 3009 1837 3063 oculis
1868 3023 1972 3061 non
2011 3005 2220 3058 videtur
2250 3017 2263 3055 :

667 3108 806 3161 inter
855 3115 1047 3161 ca-tera
1114 3107 1475 3160 institutorum
1533 3119 1750 3160 suorum
1790 3100 2074 3166 miracula,
2145 3098 2270 3154 fecit

2440 1903 2639 1958 Deinde
2667 1920 2796 1959 vero
2834 1904 3092 1958 Minucius
3117 1904 3312 1958 asserit
3336 1903 3482 1957 illum
3510 1919 3633 1958 esse
3660 1914 3923 1958 a-ternum
3947 1922 3962 1968 ;

2369 2007 2423 2050 ttt
2469 2007 2593 2067 p0te
2639 1997 2726 2066 qtti
2785 2014 2802 2047 ‹
2863 1997 3194 2050 nativitatem
3249 1995 3499 2050 omnibus
3544 2003 3785 2064 praestet,
3871 1995 3970 2050 sibi

2366 2091 2814 2161 perpetuitatem,
2867 2109 2884 2140 ι
2935 2099 3094 2158 atque
3140 2089 3255 2159 ipse
3307 2097 3431 2143 ante
3482 2087 3737 2142 mundum
3787 2087 3970 2142 fuerit.

2369 2183 2732 2240 Tertulliauus
2775 2195 2956 2238 autem
3010 2182 3145 2236 hanc
3180 2182 3268 2236 Dei
3313 2180 3663 2236 aeternitatem
3714 2188 3966 2250 repetere

2370 2279 2578 2331 videtur
2624 2294 2689 2331 ex
2719 2278 2982 2348 superiori
3033 2276 3248 2331 Minucii
3296 2275 3528 2339 ratione,
3559 2289 3661 2344 qua
3713 2274 3978 2343 probatur

2369 2386 2488 2425 esse
2558 2371 2816 2425 inﬁnitus.
2877 2369 3009 2425 Nam
3062 2371 3152 2424 ille
3202 2375 3388 2423 contra
3452 2367 3846 2438 Hermogenem
3892 2369 3972 2424 sic

2368 2462 2604 2532 disputat
2638 2481 2649 2516 :
2682 2483 2700 2515 ι
2739 2463 2870 2532 Quis
2914 2461 3052 2518 alius
3101 2461 3200 2515 Dei
3229 2476 3442 2525 census,
3475 2475 3633 2530 quam
3663 2459 3980 2515 aeternitas?

2373 2558 2502 2622 Quis
2547 2557 2682 2611 alius
2733 2555 3048 2611 arternitatis
3104 2564 3296 2617 status,
3346 2567 3508 2624 quam
3555 2569 3770 2623 semper
3816 2555 3981 2609 luisse

2370 2661 2424 2706 et
2455 2647 2688 2703 futurum
2736 2665 2876 2711 esse,
2933 2664 2996 2702 ex
3057 2647 3405 2716 prarogativa
3468 2645 3664 2699 nullius
3717 2645 3874 2712 initii,
3923 2655 3981 2702 et

2371 2741 2566 2796 nullius
2613 2739 2732 2792 linis
2780 2757 2797 2789 ι
2830 2737 3068 2806 (Tertull.
3111 2735 3198 2790 lib.
3246 2745 3380 2789 tant.
3435 2733 3708 2806 Hermog.,
3739 2750 3859 2801 cap.
3903 2735 3972 2802 4,

2372 2851 2492 2906 pag.
2524 2831 2681 2903 9.67)?
2713 2830 2817 2886 Sed
2866 2830 2953 2884 illa
2996 2830 3099 2883 duo
3149 2829 3430 2883 inﬁnitatis
3475 2838 3528 2883 et
3555 2828 3872 2883 a-ternitatis
3898 2839 3981 2884 at-

2376 2932 2572 2985 tributa
2633 2945 2815 2982 secum
2871 2927 2938 2981 ita
2994 2935 3414 2989 connectuntur,
3467 2933 3527 2979 ut
3575 2937 3863 2994 utrumque
3909 2924 3982 2980 ab

2376 3026 2654 3093 aliumque
2683 3021 2846 3094 possit
2883 3021 3115 3092 probari.
3158 3017 3264 3075 Sed
3287 3017 3472 3072 audias
3521 3017 3731 3084 adhuc,
3781 3018 3980 3088 velim,

2373 3118 2695 3187 Gregorium
2739 3115 3128 3170 Nazianzentnn
3181 3113 3249 3168 de
3298 3116 3598 3168 trternitaie
3651 3111 3743 3167 Dei
3790 3112 3983 3182 dispu-

666 3200 824 3255 etiatn
868 3199 1049 3259 multa.
1076 3215 1299 3268 quorum
1323 3199 1402 3252 vis
1442 3197 1656 3267 quidem
1689 3207 1928 3268 apparet,
1963 3199 2258 3250 substantia
2287 3197 2330 3260 C
2367 3220 2603 3264 “Mem:
2640 3227 2658 3260 ε
2696 3205 2838 3262 θυαε
2869 3213 2921 3260 οι
2947 3214 3061 3260 erat
3091 3219 3324 3273 semper,
3362 3221 3381 3256 ι
3416 3203 3606 3275 inqu“.
3654 3221 3675 3256 ς
3710 3212 3763 3259 ει
3789 3214 3890 3267 θη.
3921 3211 3983 3260 ει

669 3302 844 3346 tamen
879 3306 982 3345 non
1030 3291 1260 3356 videtur,
1291 3291 1425 3346 sicut
1449 3301 1532 3345 ρει
1563 3305 1692 3353 vox,
1737 3290 1890 3356 odor,
1954 3299 2165 3353 ventus,
2208 3297 2266 3341 ut

670 3386 856 3438 harum
902 3400 1078 3439 rerum
1117 3396 1433 3455 argumento
1475 3393 1530 3438 et
1571 3385 1843 3454 exemplo,
1875 3385 2034 3438 etiam
2076 3383 2263 3448 Deum,

670 3477 792 3531 licet
821 3475 921 3530 sub
965 3476 1149 3531 oculos
1190 3491 1292 3531 non
1344 3475 1568 3543 veniret,
1621 3474 1688 3530 de
1730 3490 1823 3530 sua
1868 3486 2042 3530 tamen
2095 3475 2164 3535 vi.
2213 3482 2267 3527 et

670 3567 885 3632 eﬁ'ecnt.
912 3577 964 3622 et
993 3567 1267 3637 operibus.
1315 3582 1678 3624 cerneremus.
1710 3565 1844 3634 Quid
1873 3582 2005 3622 voce
2046 3565 2263 3632 clarius,

669 3672 759 3714 aut
791 3671 948 3715 vento
980 3663 1190 3729 fortius,
1221 3672 1308 3714 aut
1337 3661 1504 3716 odore
1557 3659 1877 3715 violentius?
1923 3657 2047 3714 Ilzrc
2088 3667 2265 3712 tamen

669 3769 790 3808 cum
827 3769 922 3822 per
952 3768 1131 3808 aerem
1190 3755 1448 3813 feruntur.
1483 3752 1549 3808 ad
1597 3767 1894 3820 senSttSque
1939 3763 2153 3806 nostros
2181 3768 2270 3806 ve-

671 3847 840 3910 niunt.
872 3858 924 3900 et
950 3861 1044 3900 eos
1086 3846 1316 3916 potentia
1351 3845 1652 3915 impellunt,
1689 3859 1792 3898 non
1829 3856 2120 3899 cernuntur
2153 3844 2269 3898 acie

671 3938 949 4003 luminum,
983 3939 1074 3992 sed
1098 3939 1216 3992 aliis
1232 3937 1472 4007 corporis
1494 3938 1729 4008 partibus
1760 3938 2072 3992 sentiuntur.
2110 3933 2270 3991 Sinti-

671 4031 792 4086 liter
811 4032 949 4086 Deus
979 4048 1083 4086 non
1101 4044 1319 4102 aspectu
1340 4032 1512 4097 nobis,
1536 4031 1711 4086 aliove
1728 4027 1898 4101 fragili
1928 4045 2086 4085 sensu
2119 4046 2266 4083 com-

671 4123 1086 4194 prehemlendns
1115 4139 1220 4191 ρει,
1253 4125 1345 4180 sed
1372 4126 1566 4179 mentis
1589 4124 1760 4180 oculis
1791 4123 2100 4188 intuendus,
2147 4137 2267 4177 cum

670 4232 830 4286 opera
863 4217 981 4282 ejus
1011 4217 1261 4285 przeclara
1292 4225 1344 4271 et
1377 4213 1616 4270 miranda
1671 4215 1947 4269 videamus
1992 4233 2010 4266 ι
2053 4213 2266 4285 (Lact.,

672 4308 856 4363 lib.vtt
897 4309 960 4363 de
1007 4307 1124 4362 Vita
1163 4309 1332 4372 beata,
1363 4324 1484 4377 cap.
1521 4308 1598 4377 9).
1633 4307 1892 4362 Irentmttn
1918 4308 2157 4377 aliosque
2183 4321 2272 4361 ea-

671 4400 792 4455 dem
834 4413 1148 4455 enarrantes
1198 4401 1346 4454 adire
1401 4399 1640 4469 poteris:
1694 4399 1932 4470 longiora
1961 4400 2156 4470 quippe
2183 4397 2270 4454 illa

672 4504 813 4558 sunt,
843 4505 898 4548 ut
923 4495 1100 4549 omnia
1135 4493 1572 4549 transcribamus.

2370 3305 2471 3358 erit
2503 3303 2622 3358 :vel
2671 3313 2726 3355 Ill
2775 3301 2974 3354 rectius
3024 3300 3230 3368 l0quar.
3281 3313 3496 3368 semper
3539 3310 3654 3362 est;
3709 3315 3830 3353 nam
3871 3308 3987 3353 erat

2370 3397 2571 3461 eterit,
2605 3393 2770 3447 nostri
2823 3391 3079 3462 temporis
3124 3390 3390 3461 lluquue
3445 3401 3651 3444 natura;
3699 3400 3980 3460 segmenta

2370 3498 2517 3543 snttt.
2575 3485 2668 3542 ille
2721 3494 2898 3539 autem
2950 3499 3163 3554 semper
3211 3491 3326 3550 est,
3379 3492 3540 3554 atque
3571 3483 3668 3536 hoc
3711 3483 3873 3536 modo
3919 3499 3983 3539 se

2374 3582 2546 3649 ipsum
2575 3579 2836 3642 nominat,
2870 3592 2989 3632 cunt
3022 3578 3074 3629 in
3104 3584 3286 3630 monte
3327 3573 3494 3646 Moysi
3524 3571 3792 3627 oraculum
3838 3571 3982 3628 edit.

2372 3671 2692 3728 Universum
2741 3669 2882 3723 enim
2928 3665 2978 3720 id
3011 3666 3152 3737 quod
3202 3675 3314 3730 est,
3364 3666 3416 3720 in
3474 3681 3532 3720 se
3581 3663 3978 3731 complectitur,

2373 3781 2470 3818 nec
2536 3762 2854 3832 principium
2915 3758 3154 3821 habens,
3215 3771 3313 3812 nec
3383 3753 3544 3811 ﬁnem
3609 3754 3892 3810 habiturus
3954 3774 3973 3807 ι

2373 3857 2555 3926 (Greg.
2596 3854 2824 3909 Nazian.
2895 3851 3044 3906 Orat.
3095 3853 3186 3913 '5",
3241 3865 3361 3920 pag.
3397 3849 3550 3919 8H).
3581 3847 3712 3914 Qnte
3763 3845 3981 3914 quidem

2374 3950 2563 4006 iisdem
2619 3943 2798 4001 verbis
2850 3945 2900 3998 in
2951 3941 3192 4010 ejusdem
3236 3939 3495 3994 Oratione
3539 3937 3774 3993 secunda
3817 3952 3984 4006 supra

2372 4040 2831 4113 quadragesimam
2863 4037 3125 4089 habentur
3151 4032 3347 4102 (Idem,
3383 4031 3530 4086 Orat.
3562 4030 3654 4094 42,
3680 4047 3799 4102 pag.
3823 4028 3981 4100 898).

2375 4134 2518 4189 Deus
2563 4133 2741 4198 itaque
2765 4144 2886 4184 cum
2931 4125 3062 4181 nihil
3090 4127 3158 4180 ab
3185 4126 3329 4191 alio,
3383 4123 3479 4179 sed
3527 4138 3558 4177 a
3599 4137 3660 4178 se
3715 4124 3870 4193 ipso,
3926 4132 3987 4178 et

2373 4224 2514 4294 quod
2563 4232 2664 4288 est,
2697 4229 2750 4276 et
2776 4217 3031 4289 quidquid
3077 4227 3180 4283 est,
3211 4217 3460 4288 accipiat,
3510 4215 3710 4270 idcirco
3758 4223 3813 4270 et
3859 4212 3990 4268 inﬁ-

2378 4317 2520 4371 nitus
2548 4325 2603 4369 et
2632 4327 2866 4369 internus
2892 4325 3014 4367 esse
3045 4309 3228 4365 debet.

2452 4407 2608 4465 Aliud
2662 4416 2839 4462 autem
2885 4403 3196 4460 christiana:
3220 4401 3480 4458 doctrina!
3503 4415 3699 4456 novum
3726 4397 3985 4458 Cmciiius

2379 4499 2738 4556 contendebat
2771 4510 2890 4551 esse
2921 4505 3241 4557 monstrum,
3297 4492 3440 4562 quod
3488 4491 3629 4547 illius
3679 4501 3988 4550 sectatores

743 4587 881 4655 Quid
914 4587 1076 4658 ίιιιθά,
1123 4598 1176 4643 ει
1208 4589 1319 4658 ipse
1345 4585 1554 4650 Cicem.
1588 4596 1644 4642 ιιῑ
1675 4588 1833 4641 “liam
1881 4585 2109 4643 eliIniCiS
2165 4587 2260 4644 lIO-
2294 4592 2348 4652 D
2379 4595 2542 4650 Deum
2568 4594 2909 4657 immensum,
2943 4596 2997 4644 et
3023 4589 3220 4658 ubique
3247 4596 3564 4657 praesentem
3597 4587 3984 4656 praedicarent.

673 4681 907 4734 minibus
960 4681 1232 4734 ethnicum
1303 4680 1620 4746 scriptorem
1674 4693 2042 4748 opponaums,
2110 4680 2269 4735 simili

677 4789 894 4844 prorsus
916 4774 1075 4829 modo
1097 4773 1230 4828 dixit
1262 4792 1272 4824 :
1309 4790 1327 4824 ‹
1364 4772 1450 4826 Sic
1483 4781 1715 4825 melllt'lll
1743 4772 1996 4838 hominis,
2029 4775 2269 4842 quamvis

673 4879 790 4921 eam
815 4883 918 4920 non
954 4863 1154 4932 vidi-as,
1180 4873 1236 4918 ttt
1265 4863 1433 4919 Deum
1463 4879 1566 4917 non
1592 4862 1738 4917 vides
1764 4881 1777 4928 ;
1813 4878 1985 4919 tamen
2018 4874 2074 4919 ut
2105 4866 2268 4919 Deum

676 4962 957 5032 cognoscis
980 4976 1046 5015 ex
1075 4959 1326 5028 Operibns
1374 4957 1512 5027 ejus,
1539 4959 1617 5012 sic
1645 4974 1710 5012 ex
1759 4960 2015 5013 memoria
2068 4974 2268 5025 rerum,

673 5062 728 5107 et
769 5053 1097 5117 inventione,
1147 5061 1202 5105 ct
1229 5050 1501 5105 celeritate
1523 5059 1716 5114 motus,
1749 5053 2000 5121 omnique
2033 5051 2272 5119 pulchri-

674 5149 856 5205 tudine
881 5148 1110 5211 virtutis.
1133 5149 1236 5201 vim
1266 5146 1500 5202 divinam
1531 5147 1724 5202 mentis
1754 5149 2062 5219 cognoscito
2092 5168 2110 5200 ι
2140 5146 2270 5216 (Cic.

673 5242 758 5300 lib.
798 5258 814 5296 ι
841 5239 1080 5308 Tttscul.,
1113 5259 1232 5311 pag.
1264 5239 1386 5303 126,
1419 5240 1510 5294 lin.
1557 5240 1670 5309 58).

744 5335 1006 5390 Minucius
1060 5336 1236 5403 itaque
1270 5335 1351 5388 itis
1395 5334 1712 5395 rationibus.
1755 5348 1888 5404 quas
1918 5343 2021 5388 tam
2072 5333 2272 5390 ethnici

671 5445 830 5499 quam
867 5427 1158 5482 Christiani
1186 5427 1477 5497 scriptores
1505 5442 1659 5497 aequo
1678 5426 1800 5495 jure
1823 5428 2260 5495 comprobarunt,

668 5521 885 5576 Cmcilio
924 5521 1236 5591 planissime
1261 5519 1542 5582 satisfacil,
1575 5519 1800 5590 ejusque
1831 5517 2068 5575 funditus
2107 5520 2270 5576 diruit

667 5613 1160 5668 ratiocinatihnem.
1219 5612 1478 5679 Quocirca
1561 5623 1706 5666 recte
1793 5611 1881 5666 ille
1949 5613 2264 5668 Concludit:

669 5725 688 5757 ι
728 5706 808 5760 Ex
835 5709 942 5758 hoc
969 5705 1241 5762 credimus
1275 5702 1468 5767 Detnn,
1506 5704 1645 5770 quod
1679 5720 1801 5763 cum
1835 5705 2035 5758 sentire
2081 5720 2269 5774 possu-

655 5808 783 5854 mus,
820 5797 1011 5852 videre
1041 5809 1145 5857 non
1188 5808 1493 5866 possumus.
1521 5791 1576 5846 in
1600 5798 1857 5869 operibus
1883 5798 2026 5852 enim
2052 5797 2190 5867 ejus,
2217 5805 2270 5853 et

2375 4687 2658 4756 Quomodo
2688 4688 2910 4748 etenim,
2960 4681 3259 4751 inquiebat,
3315 4687 3490 4749 potest
3542 4679 3674 4732 locis
3724 4678 3991 4734 omnibus

2374 4781 2669 4840 interesse,
2719 4779 2770 4831 in
2816 4776 2954 4831 caelo
2992 4777 3350 4839 constitutus,
3393 4783 3448 4827 et
3489 4771 3648 4826 simul
3683 4787 3704 4824 ι
3742 4786 3839 4840 per
3860 4772 3996 4826 nni-

2374 4889 2526 4928 versa
2548 4869 2862 4926 districtus?
2898 4886 2916 4920 ι
2951 4867 3086 4935 Quid
3131 4867 3298 4936 ergo?
3353 4863 3641 4935 respondet
3688 4864 3992 4918 Minucius-

2376 4964 2562 5019 Nonne
2589 4962 2669 5018 sol
2705 4961 2846 5016 coelo
2875 4959 3091 5023 afﬁxus,
3126 4959 3326 5028 ubique
3353 4970 3590 5026 pra-setis
3636 4955 3760 5012 est?
3789 4955 4006 5012 Nonne

2381 5056 2472 5112 ille
2503 5057 2620 5111 sine
2648 5054 2864 5108 luminis
2889 5051 3254 5120 corruptione,
3296 5048 3389 5104 sed
3432 5061 3500 5103 eo
3524 5061 3737 5117 semper
3766 5047 4012 5117 integro

2374 5161 2428 5208 et
2480 5151 2703 5216 illibato,
2752 5147 3000 5202 omnibus
3045 5142 3340 5200 miscetur?
3388 5143 3551 5212 Atqui
3602 5141 3770 5196 multo
3809 5142 4014 5211 magis

2375 5244 2516 5298 Dens
2547 5258 2651 5297 non
2703 5241 2875 5296 solum
2905 5238 3066 5294 rebus
3107 5235 3352 5306 singulis,
3384 5235 3480 5291 sed
3521 5235 3682 5288 etiam
3734 5232 3898 5287 nobis
3930 5244 4022 5292 et

2377 5335 2655 5406 proximus
2685 5343 2736 5388 et
2762 5332 2968 5387 infusus
2996 5339 3099 5386 est.
3128 5328 3435 5396 Quinimmo
3476 5325 3622 5381 addit
3665 5325 3934 5380 Minucius
3989 5342 4018 5383 :

2375 5450 2392 5483 (
2439 5428 2555 5484 Non
2585 5437 2786 5482 tantum
2817 5428 2917 5481 sub
2959 5426 3050 5479 illo
3077 5425 3305 5494 agimus.
3359 5421 3454 5477 sed
3500 5430 3554 5476 et
3605 5434 3726 5476 cum
3757 5419 3875 5484 illo,
3927 5431 4032 5478 nl.

2372 5537 2536 5592 prope
2567 5521 2832 5585 dixerim,
2865 5519 3118 5572 vivimus.
3158 5535 3177 5569 ι
3213 5515 3417 5584 Quibus
3451 5513 3668 5582 quidem
3700 5513 3886 5567 verbis
3916 5515 4030 5571 ad

2375 5615 2503 5669 illul
2535 5612 2779 5682 Apostoli
2807 5610 3026 5666 effatum
3058 5627 3072 5662 :
3109 5626 3128 5660 ι
3171 5609 3224 5662 In
3269 5623 3336 5663 eo
3385 5607 3638 5674 vivimus,
3699 5620 4041 5664 movemur

2373 5717 2425 5762 et
2451 5720 2638 5761 sumus
2682 5705 2877 5768 (Actor.
2911 5718 3028 5772 cap.
3073 5716 3198 5759 xvn.
3245 5714 3296 5753 v.
3349 5697 3468 5770 28),
3533 5696 4043 5758 animadvertisse

2376 5798 2614 5857 nonnulli
2663 5796 2884 5854 forsitan
2937 5793 3371 5864 suspicabantur.
3416 5791 3522 5848 Sed
3581 5807 3703 5848 cum
3763 5799 3877 5847 tota
3939 5791 4048 5853 in
