4248 6264
322 359 432 419 445

1724 347 2198 406 DISSEBTATIO.

3529 347 3635 402 “6

324 478 687 549 disputatione
757 482 944 530 contra
1011 470 1254 527 ethnicos
1324 467 1529 540 agendo
1552 508 1568 533 ,
1627 436 1795 532 nihil,
1849 465 1923 520 uti
1951 472 2004 529 Α
2032 463 2144 518 Nec
2173 466 2414 537 cogitata,
2444 464 2630 536 inquit.
2665 463 2736 521 Ut
2763 478 2866 518 non
2893 461 3066 518 solum
3093 474 3304 526 manus,
3341 459 3437 516 sed
3465 463 3629 516 etiam

326 572 752 635 observavimus,
784 583 853 624 ex
897 580 1048 621 sacra
1078 574 1258 619 nostra
1287 563 1562 631 Scriptura
1590 558 1926 623 delibaverit,

331 664 473 719 hanc
501 678 648 718 cerie
676 663 934 716 rationem
967 659 1086 712 ideo
1136 657 1354 727 protulit
1382 672 1396 719 ;
1430 653 1552 723 quia
1584 650 1783 705 ethnici
1810 665 1928 704 eam

328 768 418 812 aut
451 759 755 816 inlirinare,
789 764 881 807 aut
911 767 1166 821 re~piiere
1208 766 1312 804 non
1346 757 1609 818 poterant.
1668 744 1736 799 Et
1784 754 1929 797 Certe

322 852 547 916 Seneca,
603 859 813 902 tametsi
847 845 1081 915 gentilis,
1113 844 1340 912 quadam
1389 843 1439 895 in
1486 839 1721 910 Epistola
1752 838 1926 903 scrip-

325 954 466 999 serat
498 961 509 995 :
550 962 567 993 i
608 943 727 1006 lpsc
759 942 946 1012 (tiens)
982 942 1212 992 humano
1241 938 1426 1006 generi
1469 935 1774 989 ministrat:
1807 930 1927 985 ubi-

323 1055 428 1108 que
471 1048 521 1092 et
571 1039 824 1090 omnibus
885 1046 1081 1104 pra-sto
1119 1042 1221 1087 est.
1261 1051 1278 1083 ι
1325 1031 1463 1086 Alibi
1515 1043 1684 1083 vero:
1730 1046 1746 1076 i
1783 1025 1928 1094 Quo—

323 1146 554 1199 cumque.
626 1129 857 1190 ﬂexeris,
920 1127 988 1180 ibi
1048 1127 1193 1179 illum
1249 1124 1460 1178 videbis
1531 1133 1922 1175 occurren‘ein.

322 1222 854 1277 Nililabill-ivacat
910 1218 1149 1288 (Seneca,
1197 1215 1344 1284 Epist
1397 1215 1487 1275 97v.
1529 1230 1646 1284 pug.
1707 1211 1833 1273 597,
1880 1219 1928 1264 et

322 1331 451 1383 seq.,
509 1313 596 1366 lib.
655 1329 706 1366 tv
733 1312 796 1365 de
839 1309 1041 1380 Βιιηιιῖη
1073 1326 1184 1378 cup.
1218 1307 1312 1378 8).
1353 1326 1372 1358 ι
1402 1307 1638 1373 Denique
1670 1313 1726 1356 ut
1775 1302 1926 1366 plura

323 1411 656 1466 omittamus,
706 1407 757 1459 in
791 1407 891 1458 alia
923 1419 1110 1458 rursus
1157 1403 1437 1472 Epistula:
1476 1419 1494 1450 ‹
1535 1401 1672 1452 Deus
1717 1397 1782 1450 ad
1827 1396 1925 1449 bo-

323 1503 500 1553 mines
528 1498 695 1562 venit,
731 1498 897 1551 immo
953 1495 1092 1563 quod
1148 1496 1364 1563 propius
1419 1501 1522 1556 est,
1579 1492 1630 1544 in
1683 1489 1927 1542 homines

321 1592 466 1646 verit
523 1590 715 1662 (I'Ipist.
765 1592 855 1654 75,
909 1606 1026 1659 pag.
1075 1586 1224 1658 305).
1262 1606 1279 1638 ι
1317 1586 1451 1639 Cum
1504 1587 1682 1653 itaque
1723 1581 1922 1642 omnia,

325 1685 404 1738 uti
447 1693 592 1738 recte
635 1692 748 1752 post
781 1682 1060 1736 Thaletem
1105 1692 1159 1734 et
1190 1683 1410 1734 Aratum
1465 1675 1922 1736 trailitMinueiiis,

323 1778 437 1833 Deo
486 1779 638 1847 plena
689 1779 817 1841 sint,
858 1776 1055 1830 debent
1104 1789 1314 1844 quoque
1338 1783 1389 1825 et
1416 1779 1606 1824 cuncta
1654 1782 1774 1822 esse
1825 1765 1922 1836 ipsi

324 1873 537 1936 cognita
562 1869 793 1940 (Thales,
821 1868 960 1937 apud
992 1867 1202 1920 Aristot.
1247 1867 1336 1919 lib.
1370 1881 1383 1918 ι
1411 1864 1473 1917 de
1496 1864 1643 1916 Anim
1697 1876 1812 1927 cap.
1838 1859 1917 1927 5).
1953 1866 1999 1925 Β

325 1963 688 2028 Quamobrem
739 1962 827 2015 ille
871 1961 1108 2014 omnium
1159 1960 1484 2030 speculator,
1531 1970 1721 2010 omnes
1775 1953 1924 2007 novit

328 2052 607 2106 hominum
632 2061 686 2106 et
714 2063 860 2106 actus
891 2065 944 2106 et
969 2051 1342 2121 Cogitationes.

399 2145 506 2200 Sed
545 2155 729 2200 c0ntra
778 2145 891 2200 hil’C
935 2147 1114 2200 omnia
1158 2143 1407 2199 Caecilius
1463 2140 1804 2212 pertinaciter
1834 2139 1918 2193 iii-

324 2239 518 2306 stabat,
555 2241 718 2294 Deum
765 2241 960 2295 frustra
990 2241 1262 2309 gratisque
1291 2239 1412 2304 tingi
1454 2236 1700 2290 omnibus
1749 2233 1916 2296 locis,

324 2332 493 2396 laetis,
547 2344 600 2386 et
627 2335 1039 2404 cogitationibus
1099 2336 1378 2386 interesse.
1432 2329 1568 2398 Quid
1622 2328 1786 2393 enim,
1840 2327 1918 2380 in-

325 2428 459 2496 quit,
499 2426 719 2495 hujusce
760 2428 1027 2497 Opinionis
1081 2438 1380 2480 assertores
1430 2424 1571 2478 aliud
1621 2423 1703 2477 his
1742 2423 1918 2476 verbis

323 2518 677 2587 ingerebant,
714 2520 810 2571 nisi
843 2519 1004 2573 Deum
1055 2537 1071 2568 i
1110 2518 1394 2571 moli-stum
1418 2561 1431 2582 ,
1488 2516 1814 2579 inquietum,
1865 2521 1919 2567 et

325 2610 663 2678 impudenter
705 2611 868 2664 etiam
897 2611 1207 2663 ein-insunt?
1243 2631 1260 2661 ι
1297 2612 1356 2663 At
1393 2609 1507 2663 haec
1548 2618 1659 2661 erat
1694 2607 1918 2676 ipsamet

328 2700 573 2768 Epicurei
611 2701 911 2770 phil05ophi
946 2704 1103 2771 impia
1134 2704 1271 2770 apud
1301 2702 1616 2756 Cicereio-in
1661 2709 1914 2767 expostu-

319 2793 464 2847 liitio.
507 2812 523 2843 i
564 2793 913 2864 imposuistis.
951 2813 968 2845 ι
1006 2795 1206 2864 inquit,
1255 2813 1272 2843 i
1306 2796 1354 2845 in
1387 2793 1684 2846 cervicdius
1718 2791 1916 2844 nostris

319 2889 702 2952 sempiternum
744 2888 1040 2948 dominum,
1093 2904 1251 2957 quem
1304 2888 1418 2941 dies
1465 2898 1516 2940 et
1545 2897 1728 2938 noctes
1762 2884 1917 2939 time-

321 2992 522 3032 remus.
548 2979 674 3046 Quis
705 2983 848 3033 enim
895 2997 998 3034 non
1042 2983 1224 3034 timeat
1275 2981 1455 3034 omnia
1509 2979 1911 3049 providentem,

321 3082 371 3123 et
407 3071 748 3140 cogitantem.
798 3083 852 3128 et
892 3075 1448 3139 animadvei-tentein,
1513 3083 1567 3126 et
1621 3073 1796 3124 omnia
1847 3069 1913 3123 ad

321 3180 377 3218 se
411 3166 676 3229 pertinere
712 3171 1322 3234 putantem,curiosum,
1371 3177 1423 3221 et
1456 3167 1669 3235 plenum
1718 3164 1912 3233 negotii

322 3256 526 3309 Deum?
562 3277 580 3308 ι
614 3259 740 3326 (Cic.
770 3259 853 3312 lib.
890 3276 902 3313 l
932 3265 993 3312 de
1018 3259 1142 3312 Not.
1171 3258 1351 3325 Dyma,
1373 3277 1488 3329 pag.
1514 3260 1639 3321 9.03,
1671 3259 1759 3309 liii.
1794 3255 1913 3324 99.)
1941 3256 1985 3320 C

317 3348 651 3417 Quapropter
703 3349 981 3403 Lucretius
1031 3351 1095 3403 ile
1150 3351 1248 3403 hoc
1317 3355 1506 3405 timore
1548 3349 1808 3418 depiilo.
1857 3357 1911 3401 et

316 3442 512 3507 gratias
547 3442 777 3510 Epicuro
811 3444 1071 3496 maximas
1098 3445 1240 3512 agit,
1290 3454 1344 3496 et
1396 3457 1736 3509 suinn'iopere
1789 3455 1911 3506 gra-

320 3535 534 3587 tulatur.
589 3537 724 3602 Quid
765 3553 913 3600 vero,
970 3537 1113 3607 quod
1162 3537 1352 3592 Cicero
1399 3538 1486 3590 tibi
1544 3547 1723 3590 narrat
1764 3537 1910 3591 Stra-

317 3635 495 3679 toniein
529 3626 777 3683 docuisse
831 3647 851 3681 i
890 3632 1066 3683 omnia
1116 3645 1234 3683 esse
1279 3630 1468 3684 elfi'cta
1522 3640 1738 3692 natura,
1784 3648 1802 3681 ι
1837 3628 1906 3682 ibi

317 3726 500 3784 postea
547 3715 750 3770 addidit
784 3738 793 3769 ί
832 3738 849 3768 ι
885 3719 972 3776 Sic
1028 3721 1118 3774 ille
1172 3732 1225 3776 et
1287 3721 1450 3774 Di-iiin
1501 3737 1662 3789 opere
1718 3735 1909 3787 magno

317 3811 531 3874 liberat,
564 3822 615 3864 et
647 3828 731 3865 me
754 3813 962 3868 timore.
988 3815 1116 3880 Quis
1149 3817 1288 3868 enim
1317 3824 1490 3884 potest
1512 3856 1524 3876 ,
1575 3829 1695 3868 cum
1725 3814 1909 3867 existi-

317 3914 428 3955 met
461 3918 488 3953 a
523 3903 631 3956 [leo
662 3919 718 3957 se
749 3906 955 3966 curari,
989 3922 1088 3958 non
1121 3918 1175 3960 et
1214 3906 1330 3960 dies
1359 3918 1411 3958 et
1448 3919 1635 3960 noetes
1666 3905 1905 3958 divinum

315 4009 514 4046 nomen
548 3994 808 4059 horrere;
853 4007 908 4052 et
953 3997 995 4050 si
1026 3999 1146 4064 quid
1173 3999 1383 4052 adversi
1437 3998 1707 4063 acciderit,
1767 3995 1906 4066 quod

313 4087 397 4139 cui
442 4102 545 4139 non
584 4089 807 4150 accidit,
840 4092 1192 4146 extimescere
1245 4108 1310 4146 ne
1349 4093 1396 4144 iil
1421 4091 1542 4162 jure
1564 4092 1840 4146 evenerit?
1878 4109 1898 4142 ι

314 4174 443 4246 (Cic.
487 4179 576 4233 lib.
609 4180 848 4233 Ai'adein.
879 4201 998 4253 pug.
1031 4186 1132 4250 53,
1164 4184 1254 4238 liii.
1286 4182 1404 4257 47.)

382 4268 487 4323 Sed
545 4274 848 4344 philosophi
883 4277 992 4341 illi,
1051 4289 1212 4346 atque
1266 4280 1315 4331 in
1376 4279 1559 4344 primis
1615 4279 1901 4350 Epicurei,

310 4360 555 4418 homines
609 4366 767 4434 plane
819 4370 1169 4436 voliiptuarii,
1227 4373 1339 4426 ha-c
1383 4373 1728 4441 objiciebant.
1775 4373 1906 4427 Per-

308 4467 524 4508 suasum
578 4458 842 4527 siquidem
884 4462 1012 4530 ipsis
1043 4473 1159 4514 erat
1216 4463 1417 4529 Deum,
1475 4467 1516 4519 si
1566 4478 1716 4520 aetiis
1762 4467 1905 4536 cogi-

310 4551 646 4618 tationesilue
708 4553 981 4606 hominum
1037 4566 1354 4624 cognoscat,
1405 4572 1524 4612 esse
1575 4558 1899 4626 timeniliiin,

2035 565 2242 612 mentes
2284 570 2443 627 puras
2475 555 2675 611 habere
2705 555 2999 616 vellemus,
3041 568 3162 606 cum
3217 552 3442 606 secretis
3489 551 3635 622 cogi-

2033 648 2324 702 tationibus
2398 647 2595 702 nostris
2673 663 2867 701 numen
2940 645 3132 700 adesse
3211 643 3634 700 credidissemus

2035 737 2237 811 (Valcr.
2275 739 2418 793 Max.
2448 739 2534 792 lib.
2567 755 2653 801 vti,
2686 755 2802 808 cap.
2831 737 2887 803 2,
2921 735 2946 808 §
2975 736 3028 801 8,
3059 735 3265 805 extera).
3301 753 3320 787 ι
3353 734 3636 790 Ortitsita-

2033 849 2136 900 qm
2171 833 2290 886 inde
2324 831 2829 895 hoininibiistinior,
2864 830 2906 883 si
2940 828 3217 896 Epicureis
3249 829 3510 893 malisque
3536 833 3633 883 ho-

2035 923 2269 978 minibus
2298 923 2669 976 incommodus
2689 925 2776 987 sit,
2799 921 3008 974 ira-teris
3027 920 3146 988 juri-
3176 921 3368 974 merito
3393 906 3630 984 optimus

2025 1017 2461 1087 jllSllaSlllllls‘Qlle
2474 1013 2962 1070 Ceiiseinr.Videsis
2981 1014 3028 1064 in
3043 1011 3234 1066 Laertii
3252 1013 3423 1064 locum
3438 1012 3630 1067 citatos

2032 1123 2277 1166 auctores
2294 1109 2583 1166 Lucanum.
2598 1105 3275 1177 Euripidem,etheoiii-m
3295 1103 3626 1171 Soliliistatn,

2031 1208 2120 1278 qui
2149 1205 2250 1260 ltoc
2281 1205 2496 1260 cll'atuin
2529 1219 2633 1258 non
2662 1202 2898 1267 Thaleti,
2928 1199 3021 1255 sed
3047 1199 3250 1253 Pittace
3280 1197 3482 1252 tribuit.

2649 1377 2872 1434 CAPUT
2913 1375 3004 1431 Vl.

2478 1535 2544 1575 DE
2584 1534 2758 1573 DIVINA
2798 1531 3171 1573 PROVIDENTIA.

2547 1688 2840 1729 ARTICULUS
2879 1689 3089 1728 PRIMUS.

2034 1809 2406 1864 Examinantiir
2461 1818 2796 1880 argumenta,
2848 1808 3028 1877 quibus
3094 1806 3353 1860 Minucius
3408 1806 3626 1861 ostendit

2098 1917 2361 1964 manuum,
2391 1910 2438 1954 et
2481 1900 2672 1960 omnia,
2707 1917 2766 1952 ac
2793 1901 2995 1969 singula
3040 1898 3138 1952 Dei
3173 1899 3486 1966 providentia
3528 1915 3625 1968 git-

2097 1994 2333 2058 bernari;
2361 1992 2447 2046 ubi
2473 1993 2536 2045 de
2562 1990 2852 2057 Britannia,
2892 1989 3038 2057 Nilo,
3070 1988 3354 2060 Euphrate,
3388 1999 3433 2043 et
3461 1989 3622 2047 Indo.

2096 2150 2302 2216 Quibus
2358 2149 2686 2219 argumentis
2717 2147 2980 2202 Minucius
3024 2146 3192 2201 Deum
3235 2146 3466 2201 existere
3491 2159 3620 2214 pro-

2027 2242 2194 2306 bavit,
2240 2241 2426 2295 iisdem
2463 2241 2668 2311 colligit
2702 2240 2947 2293 universa
2978 2249 3030 2292 et
3061 2240 3298 2308 singula,
3346 2253 3464 2308 quae
3504 2237 3622 2308 ejus

2025 2343 2155 2387 nutu
2205 2347 2268 2387 ac
2325 2333 2595 2387 voluntate
2648 2333 2875 2400 primum
2932 2341 3111 2384 creata
3160 2340 3315 2397 sunt,
3349 2346 3412 2384 ac
3450 2339 3619 2384 t0tum

2025 2426 2279 2479 mundum
2331 2424 2508 2478 divina
2543 2423 2658 2493 ejus
2682 2420 3023 2476 Providentia
3059 2425 3166 2491 regi
3209 2431 3264 2476 et
3309 2421 3618 2490 gubernari.

2023 2515 2139 2570 Jam
2205 2530 2333 2569 vero
2393 2531 2452 2568 ea
2503 2522 2817 2583 argumenta
2877 2515 3124 2582 superius
3166 2513 3513 2581 cxiiosuimus
3567 2522 3622 2569 et

2024 2607 2468 2662 exaininavimus.
2497 2606 2665 2659 Nemo
2702 2619 2881 2660 autem
2914 2619 3108 2673 negare
3138 2614 3312 2672 potest
3355 2621 3618 2660 summam

2023 2718 2142 2758 esse
2169 2703 2383 2757 illorum
2417 2703 2544 2766 vim,
2577 2711 2631 2756 et
2669 2703 2876 2770 pondus
2919 2701 3228 2754 maximum.
3281 2697 3470 2754 Cicero
3519 2715 3616 2753 au-

2024 2806 2163 2864 tem,
2212 2796 2666 2866 quemadmodum
2711 2796 2974 2857 diximus,
3007 2796 3058 2848 in
3090 2794 3357 2864 praecipua
3396 2793 3616 2847 secundi

2021 2891 2100 2943 sui
2152 2890 2216 2945 de
2272 2888 2474 2944 Natura
2508 2890 2729 2944 Deorum
2757 2890 2877 2944 libri
2913 2898 3081 2958 parte.
3115 2889 3274 2956 longe
3303 2889 3610 2956 copiosius,

2021 2997 2178 3051 quam
2206 2991 2393 3036 auctor
2423 2993 2626 3047 noster,
2655 2981 2842 3036 iisdem
2869 2981 3132 3034 rationum
3173 2985 3455 3035 momentis
3486 2995 3614 3034 con-

2022 3083 2098 3128 tra
2129 3075 2423 3144 Epicureos
2447 3075 2780 3130 demonstrat
2807 3075 3066 3130 mundum
3100 3074 3275 3128 divina
3325 3073 3612 3143 providen-

2022 3168 2090 3220 tia
2121 3167 2502 3222 administrari.

2090 3260 2180 3314 Ille
2206 3275 2353 3322 vero,
2387 3276 2448 3314 ac
2506 3270 2622 3329 post
2676 3276 2796 3315 eum
2852 3260 3114 3314 Minucius
3170 3259 3270 3313 hoc
3318 3257 3386 3312 de
3435 3257 3612 3312 divina

2018 3350 2358 3406 Providentia
2388 3353 2790 3418 doetiinentuin,
2812 3354 2967 3408 obvia
2997 3353 3214 3406 cuilibet
3236 3353 3426 3404 domus
3457 3367 3610 3404 coni-

2018 3450 2296 3514 paratione
2325 3447 2519 3500 asseiit
2549 3460 2601 3500 et
2651 3445 2902 3500 “ill-lli”.
2957 3452 3032 3498 Ac
3084 3444 3346 3498 Minucius
3398 3444 3614 3512 quidem

2015 3547 2200 3591 noster
2230 3555 2242 3590 :
2279 3556 2296 3588 i
2321 3538 2468 3604 Quod
2501 3537 2575 3602 si,
2606 3522 2622 3587 ὲ
2655 3539 2852 3607 inquit,
2893 3556 2911 3588 i
2944 3538 3216 3607 ingressus
3239 3534 3470 3606 aliquam
3518 3535 3615 3588 do-

2017 3646 2196 3692 mum,
2252 3631 2430 3684 omnia
2487 3631 2733 3693 exculta,
2786 3629 3067 3698 disposita,
3123 3638 3309 3682 ornata
3361 3627 3609 3692 vidisses,

2016 3727 2197 3792 niiqite
2223 3738 2456 3792 praeesse
2499 3723 2549 3778 ei
2576 3723 2827 3778 crederes
2856 3723 3169 3786 dominum,
3222 3731 3275 3775 et
3326 3721 3430 3774 illis
3459 3721 3614 3778 bonis

2015 3816 2175 3870 rebus
2212 3833 2333 3870 esse
2362 3817 2637 3871 meliorem
2667 3835 2679 3870 :
2714 3819 2780 3868 ita
2812 3815 2861 3868 in
2895 3816 2990 3867 hac
3020 3813 3203 3869 mundi
3246 3814 3438 3877 domo,
3488 3830 3608 3868 cuin

2014 3909 2207 3962 coelum
2226 3920 2531 3976 terramque
2565 3907 2878 3976 piosl'iicias,
2906 3905 3318 3976 providentiam,
3343 3905 3607 3967 ordinem,

2014 3999 2220 4070 legent;
2273 4001 2435 4055 crede
2471 4017 2591 4054 esse
2647 4001 3007 4054 universitatis
3063 3999 3360 4061 dominum,
3421 4015 3612 4067 pareit-

2015 4101 2258 4163 ti-inque,
2305 4092 2434 4162 ipsis
2479 4091 2786 4154 sideribus,
2820 4101 2873 4143 et
2929 4091 3088 4142 totius
3136 4089 3316 4141 mundi
3369 4090 3606 4158 partibus

2014 4188 2396 4258 pulchriorem.
2428 4205 2446 4237 ι
2482 4188 2650 4239 Antea
2675 4198 2803 4239 vero
2827 4183 3021 4238 Orator
3055 4200 3067 4235 :
3107 4199 3124 4232 ι
3158 4181 3228 4237 Ut
3279 4183 3322 4235 si
3375 4181 3494 4251 quis
3555 4181 3607 4234 in

2010 4281 2228 4335 domum
2258 4281 2509 4349 aliquant,
2553 4278 2723 4332 autin
2761 4276 3132 4345 gymnasium,
3188 4284 3273 4327 aut
3329 4274 3379 4327 in
3431 4272 3606 4329 forum

2011 4376 2236 4439 venerit,
2270 4389 2390 4427 cum
2423 4373 2600 4426 videat
2633 4371 2868 4426 omnium
2926 4383 3102 4424 rerum
3159 4367 3441 4426 rationem.
3495 4381 3609 4421 nio-

2009 4467 2157 4533 ditiii,
2189 4467 2544 4535 disciplinam,
2608 4481 2712 4520 non
2766 4464 2934 4534 possit
2985 4478 3044 4514 ea
3093 4461 3209 4516 sine
3256 4476 3414 4515 causa
3467 4459 3604 4529 ﬁeri,

2010 4562 2271 4632 indicare,
2306 4560 2400 4615 sed
2441 4574 2562 4614 esse
2609 4559 2841 4628 aliquem
2879 4555 3161 4626 intelligat,
3195 4555 3284 4624 qiii
3314 4553 3514 4624 praesit,
3554 4562 3609 4608 et

307 4649 468 4708 atque
521 4641 656 4694 adeo
709 4643 808 4696 hoc
860 4645 1051 4698 timore
1108 4647 1433 4716 voluptatein
1487 4648 2091 4717 felicitatemquchni
2123 4665 2404 4723 pareatur;
2441 4655 2606 4707 multo
2659 4654 2826 4722 magis
2857 4651 2908 4704 in
2963 4651 3124 4704 tai.tis
3177 4649 3428 4714 motibus,
3483 4658 3606 4703 tan-

308 4743 456 4782 suain
506 4734 822 4798 perturbari.
861 4736 1000 4791 Deus
1051 4739 1400 4793 nihilominus
1431 4742 1650 4796 minime
1709 4742 1900 4796 similis

305 4833 387 4877 cst.
416 4825 534 4877 aliis
565 4829 798 4897 regibus,
831 4831 919 4900 qiii
959 4850 976 4882 i
1012 4836 1158 4902 regni
1186 4835 1328 4898 sui,»
1366 4835 1438 4888 ait
1467 4835 1772 4898 Minuciiis,i
1805 4852 1899 4905 per

303 4918 478 4972 ollicia
510 4920 909 4986 ministrorum,
957 4925 1206 4978 universa
1256 4942 1485 4991 novere;
1533 4948 1551 4978 ι
1586 4929 1677 4982 sed
1706 4937 1893 4983 cuncta

303 5026 398 5080 per
428 5014 776 5082 semetipsum
807 5002 1101 5086 cognoscit.
1149 5018 1333 5089 Neque
1383 5022 1454 5074 illi
1484 5022 1548 5076 ad
1582 5037 1641 5075 ea
1669 5037 1898 5092 cognos-

300 5106 464 5160 cenda
500 5126 518 5157 i
556 5108 767 5163 indiciis
815 5127 950 5180 opus
1003 5121 1103 5166 est.
1143 5131 1162 5163 ι
1190 5113 1340 5180 Quod
1387 5114 1604 5184 quidem
1637 5117 1897 5185 antiquis-

297 5197 416 5248 simi
489 5198 790 5268 philosophi
857 5203 998 5256 ultro
1067 5203 1387 5258 fatebantur.
1447 5203 1643 5260 Thales
1696 5208 1893 5276 quippe

295 5287 560 5355 Milesius,
609 5293 1063 5362 quemadmodum
1111 5315 1171 5352 ex
1205 5299 1420 5354 Laeriio
1452 5300 1727 5368 discimm,
1759 5321 1775 5353 i
1810 5301 1897 5354 lii-

298 5393 619 5454 tcrrogatus,
679 5387 938 5442 lateretne
983 5391 1111 5445 deos
1162 5392 1324 5448 homo
1381 5396 1518 5449 male.
1549 5409 1716 5466 agetis
1749 5413 1760 5447 :
1789 5397 1894 5451 ἀλλ’

296 5481 397 5530 iis;
465 5482 779 5544 δια-ιοὺμενος,
838 5489 945 5549 εφη.
980 5481 1057 5536 Ne
1085 5484 1328 5551 cogitans
1357 5486 1606 5555 quidem,
1658 5486 1824 5553 inquit
1866 5505 1885 5539 ι

291 5567 514 5637 (Laert.,
550 5572 636 5623 lib.
680 5588 724 5635 i,
757 5573 809 5626 in
851 5571 948 5627 Vit.
983 5574 1164 5628 T/ialet
1223 5576 1249 5646 §
1288 5579 1353 5631 5o
1384 5580 1423 5647 ).
1478 5577 1721 5632 Valerius
1765 5594 1894 5632 vero

289 5661 552 5714 Maximus
585 5662 723 5720 iilein
753 5670 979 5734 posteris
1011 5671 1250 5732 tradidit,
1275 5681 1432 5740 atque
1476 5671 1627 5724 istius
1659 5687 1891 5740 pronun-

291 5758 404 5810 tiati
471 5757 608 5812 hanc
661 5761 889 5816 reddidit
953 5765 1265 5819 rationem:
1313 5783 1333 5816 ‹
1378 5763 1592 5819 Mirifice
1644 5765 1882 5821 Thales:

291 5864 414 5906 nam
443 5851 818 5926 interrogatus
853 5871 922 5915 an
951 5855 1092 5916 facta
1125 5857 1403 5915 hominum
1433 5856 1564 5915 deos
1596 5857 1884 5917 fallerent:

2003 4751 2177 4818 tisque
2213 4746 2668 4802 vicissitudinibus
2757 4756 2860 4798 tam
2903 4743 3187 4797 multarum
3214 4757 3414 4803 rerum,
3444 4751 3607 4809 atque

2004 4850 2271 4896 tantarum
2303 4840 2602 4902 ordinibus,
2638 4840 2689 4892 in
2713 4839 2906 4908 quibus
2939 4835 3066 4890 nihil
3098 4851 3350 4905 umquam
3377 4838 3604 4888 immen-

2001 4951 2060 4990 sa
2088 4945 2142 4989 et
2171 4936 2373 4990 inlinita
2403 4943 2642 4988 vetustas
2689 4932 2910 4986 mentita
2965 4931 3068 4994 sit,
3123 4937 3321 4979 statuat
3379 4941 3604 4982 necesse

1998 5037 2079 5082 est
2110 5027 2176 5081 ali
2198 5027 2375 5094 aliqua
2406 5035 2582 5079 mente
2611 5033 2785 5078 tantos
2817 5031 3021 5076 naturai
3052 5029 3229 5073 motus
3259 5018 3543 5087 gubernari
3575 5035 3594 5068 ›

2000 5121 2018 5192 (
2052 5119 2158 5174 Cic.
2183 5119 2272 5173 lib.
2304 5134 2339 5171 ll
2367 5118 2430 5172 de
2460 5116 2649 5170 Natnr.
2673 5113 2855 5180 Deor.,
2887 5129 3002 5182 pag.
3034 5111 3160 5172 9.16,
3187 5113 3280 5164 liii.
3301 5111 3356 5173 5,
3377 5119 3422 5161 et
3444 5108 3595 5179 seq.).

2075 5210 2259 5280 Neque
2291 5224 2466 5262 rerum
2501 5205 2868 5261 taiititn'imodo
2898 5202 3230 5256 universitati
3251 5241 3266 5268 ,
3292 5217 3393 5271 qua
3419 5201 3598 5254 omnia

2002 5307 2366 5364 continentur,
2399 5299 2494 5354 sed
2520 5300 2744 5367 singulis
2773 5296 2934 5353 etiam
2965 5295 3149 5350 mundi
3179 5295 3421 5366 partibus
3458 5293 3596 5348 Deus

2004 5392 2346 5449 Providentia
2382 5405 2477 5445 sua
2519 5390 2768 5443 Consulit.
2811 5387 2913 5442 Sed
2969 5389 3283 5452 audiamus,
3329 5385 3372 5439 si
3425 5385 3591 5453 lubet,

1998 5487 2285 5542 Minucium
2337 5483 2390 5538 id
2441 5481 2758 5552 quibusdam
2807 5496 3018 5551 quoque
3064 5478 3325 5550 exemplis
3371 5478 3595 5532 demon-

1995 5589 2253 5634 strantein
2289 5594 2303 5631 :
2333 5595 2351 5628 ι
2390 5574 2683 5639 Biitaiinia,
2713 5592 2731 5626 ι
2769 5575 2958 5643 inquit,
2997 5591 3014 5624 i
3051 5571 3164 5626 sole
3195 5570 3462 5637 di-licitiir,
3500 5568 3595 5624 sed

1995 5669 2416 5725 circumﬂuentis
2478 5667 2638 5720 maris
2711 5675 2951 5733 tempore
3021 5677 3316 5719 recreatur.
3375 5656 3593 5733 Egypli

1993 5765 2286 5819 siccitatem
2331 5771 2588 5830 temperat
2614 5759 2764 5815 Nilus
2817 5758 2954 5814 Colit
3005 5757 3306 5828 Euphrates
3346 5756 3594 5818 Mesopo-

1993 5858 2228 5917 tamiam.
2261 5855 2424 5913 Indus
2477 5864 2530 5912 et
2571 5869 2751 5911 serere
2787 5854 3065 5912 Orientem
3115 5851 3312 5907 dicitur
3357 5859 3408 5906 et
3461 5849 3588 5904 irri-
