4248 6264
611 384 721 440 447

1923 385 2010 440 DE
2053 384 2312 441 MINUCll
2342 384 2642 440 OCTAVIO

3820 390 3927 444 448

613 513 760 570 gare.
802 517 821 550 )
854 497 909 552 In
931 499 1295 567 manuscripto
1317 507 1491 552 autem
1518 498 1860 568 regio‘codice
1887 510 2005 570 post
2022 517 2203 554 vocem
2238 502 2281 559 Α
2314 498 2545 552 affirmat
2603 497 2928 552 Britanniam
2981 497 3146 552 maris
3197 505 3439 566 tempore
3479 501 3756 555 recreari?
3791 501 3930 558 lluic

622 609 641 643 ι
677 591 829 646 Nilus
865 610 882 642 ι
918 590 1034 644 lucc
1075 592 1366 660 leguntur:
1408 611 1427 643 ι
1467 591 1652 644 Amnis
1698 591 1995 658 Euphrates
2039 593 2209 646 Meso-

615 686 904 754 potamiam
946 700 1042 754 pro
1072 685 1332 738 imbribus
1373 695 1581 753 pensat.
1633 705 1650 736 ι
1691 686 1820 749 ριιςιι
1871 687 2086 755 quidem
2120 703 2216 739 cur

616 774 669 829 in
715 776 874 831 editis
904 787 1103 830 mutata
1146 778 1283 843 sint,
1327 777 1482 832 nobis
1522 787 1666 831 certe
1696 777 2082 844 incompertum
2112 787 2212 830 est.

688 871 758 923 At
790 869 917 922 nulli
947 868 1252 923 dubitamus
1278 872 1392 924 lucc
1423 881 1675 939 excerpta
1704 869 1867 924 fuisse
1894 887 1959 925 ex
1978 872 2214 926 secando

615 959 893 1017 Ciceronis
939 963 1000 1016 de
1033 963 1234 1017 Natura
1269 964 1485 1018 Deorum
1522 966 1677 1032 libre,
1727 965 1815 1019 ubi
1858 967 2045 1020 iisdem
2076 966 2213 1032 Nili,

617 1053 942 1123 Euphratis,
977 1065 1030 1108 et
1061 1056 1169 1109 ludi
1201 1058 1496 1126 exemplis,
1526 1057 1593 1110 ad
1649 1057 1974 1126 probandam
2006 1072 2218 1128 quoque

619 1145 715 1202 Dei
746 1148 1145 1203 Providentiam
1179 1153 1364 1206 utitur.
1415 1153 1757 1222 Trauscripta
1785 1162 1961 1206 autem
2004 1170 2029 1204 a
2065 1154 2218 1207 nobis

619 1241 865 1308 superius
894 1242 1034 1296 illius
1072 1243 1266 1308 verba,
1317 1243 1402 1298 hic
1459 1254 1704 1311 repetere
1759 1259 2215 1312 Slll’iel‘VaCdllt‘Ulll

618 1333 865 1388 duximus
890 1335 1047 1403 (Cia,
1081 1336 1169 1390 lib.
1203 1351 1238 1390 ιι
1267 1338 1331 1389 dc
1366 1335 1494 1389 Nat.
1523 1336 1724 1405 _Deor.,
1779 1353 1897 1406 pag.
1947 1336 2075 1402 254,
2123 1337 2214 1389 lin.

618 1426 720 1492 20;
752 1429 850 1480 vid.
881 1446 1024 1498 supr.
1058 1446 1174 1495 cap.
1205 1430 1260 1489 ‘2,
1291 1440 1390 1484 art.
1417 1429 1494 1502 (i).

693 1525 760 1575 At
795 1538 1008 1586 nonne,
1058 1523 1304 1590 inquies,
1348 1523 1607 1576 Minucius
1634 1501 1918 1593 perperam
1973 1531 2028 1575 et
2082 1537 2216 1592 prac-

621 1623 834 1683 postere
855 1656 868 1678 ,
897 1616 1071 1683 primo
1101 1629 1197 1686 pro
1223 1617 1470 1684 exemplo
1520 1616 1848 1670 Britanniam
1903 1615 2218 1683 proposuit?

622 1705 900 1761 Undenam
932 1709 1074 1762 enim
1106 1709 1194 1763 ille
1241 1709 1448 1778 accepit
1493 1709 1635 1762 illam
1687 1709 1800 1762 sole
1851 1708 2050 1762 deﬁci?
2115 1708 2218 1762 Sed

621 1799 726 1864 die,
772 1816 977 1870 qum-so,
1030 1818 1208 1857 nonne
1262 1803 1421 1856 etiam
1463 1803 1657 1857 Strabo
1704 1802 1952 1856 similiter
1992 1800 2060 1856 de
2098 1801 2219 1854 Bri-

622 1897 800 1948 tannis
851 1894 965 1948 lucc
1031 1897 1231 1964 scripto
1285 1896 1501 1951 tradidit

623 1990 754 2056 ἀέρες
806 1997 982 2054 μᾶλλον
1035 1996 1062 2049 ἣ
1107 1994 1391 2057 νιφιτώδεις.
1439 1996 1485 2041 ἓν
1529 1995 1578 2042 δὲ
1621 1995 1732 2050 ταῖς
1783 1995 1996 2060 αἰθρίαις
2043 1995 2222 2057 ὀμίχλη

622 2089 816 2147 κατέχει
867 2089 1009 2134 πολὺν
1051 2086 1230 2151 χρόνων
1264 2090 1379 2138 ὥστε
1435 2084 1498 2135 δι’
1541 2090 1720 2151 ἡμέρας
1768 2089 1915 2146 ὅλης,
1967 2085 2045 2136 ἐπὶ
2097 2085 2224 2150 τρεῖς

623 2178 813 2242 privavit
842 2184 1073 2244 τέτταρας
1099 2183 1217 2244 ὧρας
1270 2181 1359 2236 τὰς
1404 2186 1509 2245 περί
1552 2189 1636 2235 τὴν
1677 2185 2004 2244 μεσημϐρίαν,
2049 2179 2224 2243 ὁρᾶθιιι

623 2277 701 2324 τὸν
724 2271 858 2329 ἣλιον
880 2284 892 2298 ⁸
914 2276 1058 2324 τοῦτο
1086 2273 1131 2321 δὲ
1173 2274 1260 2323 κάν
1287 2273 1388 2329 τοῖς
1437 2273 1663 2339 Μορινῦῖς
1707 2278 1970 2335 συμϐαίνει,
2005 2271 2086 2320 καὶ
2125 2271 2224 2327 τοῖς

626 2367 917 2427 Μεναπίσις,
951 2365 1031 2414 καὶ
1060 2367 1162 2414 ὅσοι
1191 2367 1363 2416 τούτων
1393 2369 1732 2430 πλησοόχωροι.
1767 2379 1784 2409 ‹
1820 2360 1928 2415 Acr
1957 2359 2096 2427 apud
2129 2374 2223 2413 COS

626 2452 887 2507 imbribus
910 2454 1077 2523 magis
1101 2463 1204 2517 est,
1220 2470 1380 2523 quam
1401 2454 1607 2507 nivibus
1625 2455 1890 2508 obnoxius
1912 2471 1924 2505 :
1946 2469 2006 2505 ac
2028 2468 2222 2507 sereno

625 2547 789 2601 etiam
817 2547 952 2601 coelo
981 2546 1152 2616 caligo
1175 2546 1417 2616 qnmdam
1443 2547 1667 2599 multum
1694 2546 1952 2614 temporis
1986 2545 2221 2610 obtinet,

628 2639 701 2693 ita
754 2647 810 2692 ιιι
861 2649 973 2692 toto
1021 2638 1106 2692 die
1158 2654 1262 2692 non
1320 2639 1455 2691 nllra
1514 2648 1620 2692 tres
1667 2648 1757 2691 aut
1807 2648 2064 2706 quatuor,
2107 2653 2224 2705 qua:

628 2739 755 2786 sunt
804 2731 946 2786 circa
1003 2731 1319 2793 meridiem,
1386 2730 1580 2794 horas,
1637 2731 1874 2799 conspici
1920 2731 1998 2783 sol
2033 2731 2221 2799 possit.

629 2825 780 2892 Quod
812 2826 982 2894 ipsum
1016 2825 1234 2880 Morinis
1279 2839 1522 2894 quoque,
1554 2835 1608 2878 et
1639 2824 1914 2892 Menapiis,
1961 2831 2011 2876 et
2040 2838 2223 2876 eorum

629 2917 820 2972 vicinis
856 2919 1115 2987 contingit
1155 2937 1173 2970 ι
1212 2917 1448 2981 (Strabo,
1479 2918 1567 2971 lib.
1599 2933 1649 2971 tv
1681 2916 1886 2988 Geogr..
1922 2935 2040 2988 pag.
2070 2918 2222 2986 200).

708 3009 868 3064 Visne
917 3019 971 3064 et
1011 3012 1171 3065 alitun
1205 3011 1297 3064 tibi
1345 3010 1571 3081 proferri
1616 3012 1844 3064 testem?
1903 3009 1982 3063 En
2036 3021 2228 3076 pra‘sto

632 3111 716 3156 est
742 3101 988 3167 Tacitus,
1024 3103 1176 3169 cujus
1201 3102 1312 3156 ba-c
1350 3114 1475 3157 sunt
1506 3103 1664 3156 verba
1692 3121 1703 3153 :
1736 3122 1754 3153 (
1788 3101 1995 3156 Cordum
2025 3102 2228 3156 crebris

635 3193 895 3248 imbribus
961 3210 1024 3249 ac
1082 3194 1291 3249 nebulis
1366 3196 1599 3260 foedum;
1657 3197 1916 3264 asperitas
1974 3196 2225 3265 frigorum

2321 596 2496 662 itaque
2541 590 2816 648 Ciceronis
2870 592 3048 647 verbis
3103 593 3548 661 reSpondebimus
3592 611 3606 648 :
3653 614 3671 646 ι
3726 594 3927 662 Maria,

2320 688 2512 754 inquit,
2549 689 2743 754 agitata
2775 685 2952 739 ventis
2980 685 3050 737 ita
3078 694 3382 752 tepescunt,
3414 697 3471 740 ut
3503 687 3730 758 intelligi
3773 687 3931 742 facile

2323 782 2484 848 possit
2518 781 2567 832 in
2602 780 2760 832 tantis
2795 779 2897 832 illis
2937 777 3249 832 humoribus
3301 779 3567 834 inclusum
3613 795 3735 836 esse
3777 781 3928 835 calo-

2322 892 2452 930 rem.
2485 874 2591 928 Nec
2619 875 2758 928 enim
2802 874 2890 928 ille
2917 885 3171 928 externus
3215 883 3266 928 ct
3292 874 3617 930 adventitius
3649 875 3932 931 habendus

2321 979 2402 1022 est
2426 977 2576 1036 tepor
2605 986 2616 1020 :
2641 967 2733 1019 sed
2770 967 2970 1019 intimis
3013 967 3173 1020 maris
3203 968 3443 1035 partilms
3471 969 3761 1037 agitatione
3783 969 3934 1023 exci-

2321 1070 2480 1114 tatus.
2539 1059 2691 1127 Quod
2746 1060 2946 1113 nostris
2990 1075 3203 1128 quoque
3251 1060 3570 1127 corporibus
3629 1062 3928 1131 contingit,

2322 1168 2440 1206 cmn
2489 1164 2633 1204 nuitu
2686 1163 2847 1220 atque
2888 1153 3274 1206 exercitatione
3296 1153 3569 1206 calescunt
3604 1173 3622 1205 ι
3659 1153 3810 1225 (Cic.
3837 1155 3928 1209 lib.

2322 1262 2356 1300 ιι
2398 1246 2460 1299 de
2505 1244 2694 1300 Natur.
2742 1244 2919 1309 οσον..
2972 1262 3092 1314 pag.
3145 1244 3273 1305 ‘217,
3313 1245 3406 1299 lin.
3441 1244 3530 1305 42.
3559 1256 3603 1300 et
3640 1244 3797 1316 seq)
3858 1248 3929 1300 At

2322 1340 2613 1410 generatim
2675 1338 2742 1392 de
2794 1339 3032 1406 quolibet
3098 1338 3229 1392 mari
3283 1337 3543 1407 loquitur.
3606 1338 3744 1406 Quid
3799 1353 3930 1407 ergo

2324 1431 2550 1493 mirum,
2603 1432 2646 1483 si
2695 1430 2966 1484 Britannia
2998 1441 3241 1498 tempore
3289 1431 3476 1494 maris,
3530 1430 3768 1499 undique
3807 1445 3926 1485 eam

2323 1522 2743 1588 circumdantis,
2786 1523 2965 1576 calore
3007 1531 3262 1591 tepescat.
3315 1520 3420 1576 Sed
3467 1522 3659 1575 melius
3708 1521 3929 1578 forsitan

2324 1615 2548 1670 dixisset
2611 1615 2751 1669 hunc
2809 1625 3048 1683 teporem
3122 1631 3224 1669 non
3296 1631 3359 1670 ex
3423 1615 3626 1669 incluso
3689 1616 3740 1669 in
3793 1618 3926 1671 mari

2324 1710 2524 1771 calore,
2567 1709 2661 1764 sed
2687 1724 2749 1763 ex
2795 1709 2937 1764 illius
2967 1716 3170 1762 tantum
3213 1707 3429 1778 agitatis
3456 1709 3614 1763 salsis
3641 1709 3883 1780 partibus
3907 1751 3922 1776 ,

2325 1803 2546 1874 ejusque
2576 1804 2864 1872 vaporibus
2891 1803 3135 1857 excitari.

1562 1915 1575 1950 ε
1627 1881 1875 1965 έπομϐροι
1929 1894 1969 1947 δ’
2021 1901 2135 1948 εἰσιν
2181 1904 2222 1948 οἱ

2403 1896 2475 1948 De.
2507 1895 2674 1949 tribus
2700 1903 2878 1949 autem
2904 1894 3216 1948 memoratis
3256 1909 3285 1947 a
3316 1893 3545 1948 Minucio
3595 1894 3927 1960 fluminibus,

2327 1989 2370 2044 si
2403 1989 2649 2055 aliorum,
2683 1998 2878 2058 pneter
2897 1986 3236 2051 Ciceronem,
3269 1987 3602 2055 Scriptorum
3624 1986 3929 2042 testimonia

2329 2084 2566 2153 petieris,
2620 2084 2780 2136 multa
2831 2081 2923 2136 tibi
2977 2082 3084 2136 cito
3145 2079 3506 2151 proferentur.
3563 2080 3697 2135 Nam
3760 2082 3931 2150 primo

2327 2175 2566 2245 quidem,
2623 2174 2886 2228 Diodorus
2921 2173 3132 2227 Siculus
3189 2173 3488 2227 luculenter
3530 2172 3770 2227 ostendit
3821 2187 3928 2226 non

2329 2267 2500 2322 solum
2529 2266 2797 2336 quomodo
2819 2265 2967 2319 Nilus
2991 2263 3208 2334 zEgypti
3233 2264 3550 2328 siccitatem,
3601 2274 3659 2317 ut
3714 2262 3791 2317 ait
3833 2262 3930 2316 Mi-

2330 2361 2536 2418 nucius.
2563 2368 2843 2428 temperet,
2877 2374 3060 2413 verum
3092 2359 3251 2413 etiam
3271 2356 3538 2424 quomodo
3567 2371 3686 2410 eam
3720 2357 3930 2410 [moun-

2329 2456 2448 2509 dain
2496 2456 2830 2524 fertilemque
2875 2454 3083 2508 reddat.
3140 2451 3324 2508 Grmca
3368 2462 3544 2506 autem
3585 2451 3702 2519 ejus
3742 2453 3927 2518 verba,

2329 2552 2450 2621 quia
2486 2552 2723 2617 longiora
2754 2562 2899 2613 sunt,
2947 2549 3114 2603 latino
3144 2559 3345 2602 tantum
3377 2563 3440 2602 ex
3493 2548 3781 2612 interprete
3810 2547 3932 2601 red-

2330 2646 2519 2700 demus
2538 2662 2548 2674 ο
2565 2664 2579 2694 ι
2598 2644 2896 2697 Exundatio
2924 2643 3057 2712 ejus,
3077 2663 3093 2694 ι
3115 2642 3334 2711 ἰιιιιιιίι,ι
3357 2656 3385 2694 a
3415 2641 3642 2694 solstitio
3665 2640 3925 2710 incipiens

2329 2740 2533 2796 aistiro,
2583 2737 2648 2790 ad
2702 2737 3062 2804 equinoctium
3112 2748 3280 2802 usque
3324 2731 3638 2786 autumnale
3683 2739 3927 2799 augetur.

2330 2830 2545 2884 Interim
2574 2844 2765 2882 novum
2799 2827 3026 2893 subinde
3050 2826 3236 2880 limum
3268 2825 3581 2893 importatis,
3611 2833 3715 2876 tam
3741 2824 3929 2892 ignava

2330 2938 2488 2990 quam
2532 2920 2767 2989 frugibus
2800 2929 2848 2972 et
2885 2919 3080 2988 plantis
3127 2920 3271 2972 culta
3293 2916 3429 2981 sola,
3471 2915 3722 2985 quatudiu
3767 2913 3933 2968 velint

2331 3014 2599 3084 agt‘lCtilm,
2659 3012 2951 3066 bumectat.
2992 3012 3172 3078 Aquas
3199 3010 3339 3063 enim
3386 3007 3579 3063 leniter
3618 3007 3933 3061 accedentes

2334 3107 2557 3162 modicis
2589 3108 2738 3160 facile
2781 3106 3059 3175 aggeribus
3099 3114 3366 3165 avertunt,
3423 3103 3593 3172 iisque
3632 3102 3850 3170 apertis,
3885 3101 3930 3155 si

2333 3219 2395 3257 ex
2429 3218 2524 3254 ttsu
2559 3200 2820 3258 videatur,
2852 3214 2954 3251 non
2987 3211 3178 3266 magno
3206 3196 3388 3249 labore.
3417 3196 3606 3248 iterum
3647 3193 3931 3255 inducunt;

634 3287 805 3342 abest.
867 3288 1081 3342 Dierum
1131 3293 1297 3357 spatia
1333 3291 1467 3344 ultra
1507 3292 1654 3346 orbis
1687 3294 1852 3346 nostri
1883 3308 2226 3357 mensuram;
2258 3285 2301 3346 C
2336 3291 2579 3361 adeoque
2624 3301 2830 3345 tantum
2866 3289 3138 3344 laboribus
3165 3286 3496 3357 compendii,
3531 3295 3586 3339 et
3621 3283 3928 3338 hominibus

635 3389 690 3434 et
730 3397 834 3434 nox
873 3380 1016 3435 clara
1041 3424 1054 3446 ,
1102 3394 1149 3436 et
1184 3392 1421 3437 extrema
1456 3384 1742 3438 Britannia:
1796 3395 1963 3452 parte,
2015 3386 2228 3450 brevis,

638 3483 698 3527 ιιι
729 3472 886 3529 finem
910 3486 1068 3544 atque
1096 3477 1304 3531 initium
1342 3478 1474 3532 lucis
1501 3477 1695 3548 exiguo
1719 3478 2031 3534 discrimine
2065 3483 2228 3533 inter-

639 3583 852 3623 noscas.
913 3569 1064 3638 Quod
1123 3572 1166 3624 si
1224 3573 1391 3626 nubes
1454 3589 1556 3626 non
1605 3573 1863 3641 officiant,
1925 3576 2088 3643 aspici
2143 3590 2234 3642 per

641 3670 853 3714 noctem
885 3662 1013 3715 solis
1059 3661 1351 3732 fulgorem,
1401 3679 1500 3718 nec
1530 3666 1773 3719 oreidere
1813 3675 1866 3721 et
1908 3681 2232 3736 exsurgere,

644 3752 737 3807 sed
774 3756 999 3808 transire
1027 3754 1294 3810 affirmant
1318 3772 1332 3818 ;
1359 3757 1563 3812 scilicet
1601 3769 1838 3812 extrema
1870 3769 1922 3811 et
1947 3759 2101 3829 plana
2128 3769 2232 3812 ler-

645 3861 824 3900 rarnm
857 3847 1040 3901 humili
1081 3849 1264 3902 umbra
1311 3865 1415 3903 non
1443 3852 1648 3920 erigunt
1685 3852 1961 3918 tenebras,
1995 3851 2238 3920 infraque

645 3940 840 3995 etelum
891 3950 944 3995 et
991 3940 1164 3996 sidera
1214 3957 1316 3996 nox
1359 3942 1500 3996 cadit
1536 3960 1556 3995 ›
1598 3943 1617 4014 (
1655 3941 1822 3996 Ταεὶι.
1852 3944 1904 3996 in
1968 3941 2082 3996 Vita
2110 3942 2242 3996 Julii

645 4035 898 4106 Agricol.,
931 4036 1076 4106 longe
1103 4047 1232 4106 post.
1270 4037 1434 4108 init).
1872 4035 1884 4045 ’
2001 4103 2006 4109 _

719 4131 789 4185 At
831 4129 873 4182 si
909 4137 1165 4196 prasterea
1207 4131 1424 4184 tertium
1471 4129 1648 4185 adhuc
1698 4139 1889 4190 testem
1931 4129 2241 4195 desideres,

648 4223 807 4277 nobis
834 4222 1006 4276 adlmc
1045 4225 1094 4276 in
1127 4235 1372 4291 promptu
1403 4233 1485 4277 est
1515 4225 1694 4278 C:esar
1717 4267 1730 4290 ,
1773 4225 1858 4292 qui
1902 4224 1952 4277 in
1997 4225 2129 4276 hanc
2162 4225 2245 4276 in-

651 4313 1148 4382 sulamtrajecorat.
1208 4315 1284 4368 De
1335 4315 1422 4368 illa
1473 4317 1736 4385 siquidem
1765 4317 1903 4370 hunc
1961 4317 2146 4370 scribit
2194 4315 2245 4368 in

654 4407 870 4461 modum
906 4425 917 4459 :
956 4425 974 4456 ι
1014 4407 1152 4462 Loca
1179 4418 1305 4461 sunt
1339 4411 1736 4477 ten'iperatiora,
1769 4426 1926 4478 quam
1965 4412 2014 4463 in
2045 4409 2246 4473 Gallia,

655 4499 1059 4553 remissioribus
1100 4499 1452 4568 frigoribus...
1508 4501 1563 4553 In
1610 4502 1711 4554 hoc
1745 4501 1919 4555 medio
1963 4517 2118 4555 cursu
2169 4509 2253 4553 cst

657 4589 854 4650 insula,
909 4605 1028 4658 qum
1075 4592 1373 4660 appellatur
1400 4591 1586 4653 Mona,
1641 4595 1942 4662 complures
1993 4603 2250 4658 pra-terea

2336 3384 2682 3439 emolumenti
2708 3382 2861 3437 alfcrt
2882 3421 2898 3448 ,
2934 3393 2984 3434 ut
3013 3396 3134 3450 pars
3161 3380 3482 3433 rusticorum
3513 3378 3740 3430 maxima
3781 3375 3940 3430 semi-

2339 3480 2494 3533 nibus
2525 3480 2574 3531 in
2609 3479 2906 3531 exsiccatos
2968 3475 3172 3528 telluris
3225 3487 3380 3543 agros
3431 3471 3711 3540 conjectis,
3745 3483 3938 3536 pecora

2339 3572 2403 3626 ad
2443 3569 2860 3624 couculeandum
2891 3567 3165 3632 inducant,
3189 3575 3380 3635 etpost
3403 3574 3633 3635 quatuor
3665 3570 3756 3616 aut
3784 3562 3938 3630 quin-

2341 3680 2442 3734 que
2477 3680 2685 3717 mcnses
2717 3648 2781 3715 ad
2813 3659 3189 3715 demetendum
3235 3666 3590 3712 revertantur.
3630 3655 3802 3724 Aliqui
3858 3654 3938 3708 le-

2341 3757 2500 3809 vibus
2543 3755 2734 3807 aratris
2760 3769 2970 3806 summo
3014 3763 3171 3805 terra:
3208 3749 3389 3814 dorso,
3423 3758 3543 3817 post
3585 3747 3939 3802 ltutnectatio-

2345 3868 2464 3906 nem
2488 3851 2660 3904 obiter
2683 3849 2969 3917 proscisso,
2991 3847 3232 3916 ingentes
3264 3842 3473 3913 frugum
3499 3856 3718 3896 acervos
3745 3839 3943 3908 absque

2346 3943 2553 4014 magnis
2585 3939 2890 4008 impendiis.
2921 3950 2971 3991 et
2995 3937 3236 3990 laborum
3262 3936 3518 3989 mruumis
3553 3932 3677 3986 inde
3707 3932 3895 3985 tollttnt
3922 3950 3938 3981 ι

2347 4036 2590 4107 (Diodor.
2643 4034 2734 4088 lib.
2790 4048 2804 4085 ι
2849 4030 3079 4091 Bibliot.,
3131 4045 3249 4098 pag.
3289 4028 3360 4081 22
3391 4027 3431 4098 ).
3463 4025 3694 4081 Sanctus
3735 4037 3947 4092 quoque

2350 4129 2686 4184 Amblosius.
2721 4142 2824 4180 non
2875 4126 3049 4179 minus
3104 4122 3444 4175 luculenter:
3499 4137 3516 4170 ι
3559 4119 3755 4180 Verno,
3811 4138 3828 4168 ι
3873 4117 3950 4169 ἰη-

2351 4223 2486 4291 quit,
2528 4241 2547 4272 ›
2579 4219 2717 4288 apud
2767 4217 3044 4288 ngypllDS
3100 4225 3338 4281 tempore
3386 4210 3538 4264 Nilus
3602 4209 3858 4271 exundat,
3897 4217 3954 4261 ut

2350 4313 2610 4383 jacieodis
2630 4311 2922 4367 seminibus
2939 4318 3078 4362 terra
3113 4307 3408 4367 mollescat,
3428 4313 3482 4356 ct
3509 4301 3787 4355 blandiore
3808 4299 3950 4362 sinu,

2355 4420 2408 4462 et
2461 4406 2808 4460 clementiore
2861 4401 3064 4472 gremio
3093 4403 3297 4451 semina
3337 4395 3496 4449 missa
3531 4393 3891 4459 suscipiantur
3928 4411 3945 4440 ι

2359 4499 2377 4568 (
2410 4498 2686 4562 Ambros.,
2713 4495 2799 4549 lib.
2829 4495 2889 4546 dc
2922 4491 3034 4545 Noe
3078 4500 3120 4540 et
3166 4505 3288 4541 arca
3314 4529 3326 4549 ,
3361 4501 3479 4554 cap.
3524 4485 3610 4550 14,
3647 4482 3674 4554 §
3707 4483 3796 4545 48,
3830 4497 3948 4551 pag.

2357 4591 2508 4658 2H).
2553 4591 2653 4657 Qui
2710 4589 2855 4656 plura
2894 4583 3141 4645 voluerit,
3176 4581 3333 4634 adeat
3363 4577 3704 4636 Strabonem,
3737 4573 3948 4640 Melatn,

659 4681 895 4734 minores
924 4681 1148 4749 objecta:
1187 4683 1374 4734 insula:
1404 4685 1810 4748 existimantur,
1859 4684 1924 4736 de
1953 4685 2141 4750 quibus
2175 4685 2250 4735 in~
2288 4677 2336 4735 Ι)
2367 4685 2616 4744 Plinium,
2646 4681 2913 4738 Solinum,
2953 4686 3005 4731 ct
3035 4677 3168 4729 alios
3199 4674 3218 4745 (
3251 4674 3424 4729 Strab.
3454 4671 3548 4725 ιη).
3579 4686 3606 4722 \'
3635 4668 3950 4738 (ἔθοςινανιιι.

658 4773 795 4830 sulis
820 4775 1059 4827 nonnulli
1093 4775 1426 4844 scripserunt
1450 4775 1564 4828 dies
1595 4777 1876 4829 continuos
1910 4776 2121 4838 triginta
2156 4777 2254 4829 sub

661 4868 845 4922 bruma
882 4879 1092 4922 noctem
1121 4885 1241 4924 esse
1279 4892 1297 4922 ι
1332 4875 1346 4937 (
1379 4870 1569 4923 Cwsar.
1605 4869 1697 4922 lib.
1742 4885 1792 4924 tv
1827 4870 1890 4920 de
1924 4866 2068 4920 Bello
2115 4868 2252 4921 Gell.

662 4979 781 5032 pag.
810 4961 959 5031 765).
1007 4948 1135 5022 Sed,
1168 4963 1241 5024 lii,
1276 4961 1725 5032 quemadmodum
1757 4961 2258 5023 llerodianus,Scr-

661 5057 780 5109 vius
810 5066 860 5110 et
887 5054 1191 5110 Joroandes
1223 5066 1313 5108 attt
1342 5056 1474 5109 falso
1515 5071 1729 5110 rumore
1758 5055 1962 5120 decepti
2004 5053 2251 5119 fuerunt,

662 5158 753 5204 aut
787 5149 852 5201 de
897 5148 1099 5201 ultimis
1127 5149 1322 5203 Srotia}
1373 5163 1560 5202 verSnS
1599 5148 2019 5217 septentrionem
2068 5147 2258 5200 finibus

666 5242 977 5312 loquuntur.
1010 5242 1141 5296 Nam
1175 5241 1389 5296 Tacitus
1435 5243 1542 5311 jam
1591 5243 1832 5295 laudatus
1873 5241 1923 5294 in
1969 5241 2088 5296 Vna
2140 5240 2260 5293 .lulii

665 5334 928 5402 Agricola:
959 5352 969 5386 z
1007 5353 1026 5385 ι
1060 5334 1228 5399 Nox,»
1258 5335 1446 5402 inquit,
1481 5355 1499 5385 ι
1523 5336 1753 5396 clara,et
1783 5343 2016 5386 extrema
2047 5333 2259 5385 Britan-

669 5429 773 5482 nia:
819 5439 1005 5499 parte,
1065 5429 1279 5493 brevis;
1339 5440 1395 5483 nt
1445 5429 1603 5484 finem
1653 5439 1813 5498 atque.
1875 5429 2082 5482 initimn
2135 5428 2266 5480 lucis

671 5521 864 5590 exiguo
894 5521 1207 5575 discrimine
1247 5521 1604 5575 internoscas.
1645 5541 1662 5572 ι
1724 5520 2050 5591 (Ηρνοιιὶηη.
2087 5519 2172 5572 lib.
2209 5534 2266 5571 ιιι

677 5611 874 5668 Histor.
907 5630 1022 5680 pug.
1059 5613 1162 5675 84;
1197 5613 1343 5666 Serv.
1385 5615 1433 5666 in
1465 5615 1551 5666 lib.
1588 5629 1602 5667 ι
1647 5612 1879 5682 Georgio.
1933 5611 2108 5681 Virgil.
2146 5627 2265 5680 pag.

673 5705 762 5764 81;
782 5707 1036 5759 Jorumtd.
1063 5708 1126 5760 de
1142 5707 1244 5759 reb.
1273 5704 1432 5759 (huic.
1469 5724 1582 5774 cap.
1615 5705 1694 5776 Ξ).

751 5797 894 5861 Esto,
922 5798 1061 5850 dicet
1083 5800 1238 5862 alius,
1275 5815 1359 5851 res
1387 5801 1454 5851 ita
1487 5815 1544 5853 se
1581 5799 1807 5858 habeat,
1841 5799 1974 5851 cedo
1996 5797 2267 5866 equidem.

673 5885 875 5940 Verum
921 5902 1055 5952 qua,
1109 5888 1348 5954 inquiet,
1403 5887 1664 5941 Minucius
1709 5886 1918 5939 ratione
1960 5892 2270 5940 constanter

2362 4794 2478 4847 pag.
2505 4778 2628 4841 (S95,
2652 4787 2702 4832 et
2728 4777 2820 4830 lib.
2853 4790 2947 4838 vtt,
2979 4789 3096 4841 pag.
3117 4769 3241 4834 788;
3266 4766 3530 4827 Mcla,lib.
3559 4765 3652 4818 ide
3675 4763 3790 4818 Situ
3824 4761 3953 4826 orb.,

2354 4881 2471 4931 Cap.
2503 4865 2556 4916 9.
2595 4864 2751 4926 l’lin.,
2790 4863 2878 4914 lib.
2915 4877 2928 4912 ι
2979 4858 3173 4910 Histor.
3209 4867 3404 4918 natur.,
3430 4869 3547 4919 cap.
3575 4852 3630 4916 9,
3659 4863 3776 4918 pag.
3813 4847 3945 4909 557,

2359 4968 2411 5012 et
2454 4956 2546 5009 lib.
2603 4971 2748 5011 ιιι-ιιι,
2800 4968 2920 5022 cap.
2972 4952 3025 5014 8,
3085 4964 3203 5019 pag.
3252 4946 3379 5010 490;
3441 4943 3634 5006 Solin.,
3663 4955 3783 5009 cap.
3830 4937 3958 5007 52).

2435 5049 2704 5102 Testatum
2746 5045 2904 5101 iidem
2956 5050 3203 5096 auctores
3250 5039 3447 5093 faciunt
3495 5037 3632 5089 sicut
3675 5033 3964 5104 Egyptum

2364 5141 2504 5203 Nilo,
2538 5141 2606 5193 ita
2636 5137 3096 5208 Mesopotamiam,
3122 5131 3392 5204 quomodo
3421 5128 3496 5182 ait
3526 5127 3809 5184 Minucius.
3862 5125 3961 5178 Eu.

2369 5236 2556 5304 plurale
2596 5230 2896 5286 fmcuudam
2957 5227 3091 5280 lieri.
3148 5226 3220 5278 De
3268 5224 3369 5276 hoc
3413 5221 3689 5276 enimvero
3748 5217 3966 5271 ﬂumine

2371 5326 2573 5380 Plinius
2617 5325 2729 5377 haec
2786 5329 3007 5375 narrat:
3063 5338 3080 5369 ‹
3119 5316 3376 5371 Increscit
3426 5323 3480 5367 ct
3532 5313 3644 5381 ipse
3676 5310 3776 5363 Nili
3811 5306 3967 5362 modo

2370 5421 2522 5473 Statis
2580 5417 2789 5480 (ιιυιιυε,
2851 5414 3063 5484 paulmn
3110 5410 3384 5474 difl‘ercns,
3428 5423 3490 5461 ac
3537 5402 3966 5471 Mesopommiam

2372 5512 2612 5566 inundat.
2662 5510 2778 5563 sole
2825 5507 3102 5560 obtinente
3149 5502 3456 5556 vice~iniam
3509 5507 3712 5568 partem
3755 5494 3967 5549 Cancri.

2374 5603 2532 5656 Minui
2565 5601 2744 5669 incipit
2778 5600 2828 5652 in
2860 5596 3094 5661 Virgine,
3120 5593 3300 5646 Leone
3331 5601 3686 5659 transgresso.
3721 5586 3776 5639 Ιιι
3801 5596 3966 5638 totum

2375 5714 2499 5750 vero
2526 5705 2724 5749 remeat
2752 5693 2804 5746 in
2839 5693 3088 5746 victisinta
3109 5703 3245 5740 nona
3265 5685 3454 5754 parte\
3473 5681 3862 5754 irgitiisi(P|in.
3881 5679 3968 5733 lib.

2374 5806 2405 5840 ν
2441 5787 2630 5841 Ναιιιν.
2653 5787 2831 5839 histor.
2859 5801 2975 5853 cap.
3004 5783 3095 5846 9.7,
3121 5795 3229 5850 pag.
3270 5777 3420 5849 584).
3440 5776 3656 5830 Solinus
3677 5770 3842 5842 veroﬁ
3874 5770 3974 5825 Pli-

2379 5879 2452 5932 nii
2481 5883 2762 5944 sequester
2787 5886 2842 5930 ct
2871 5875 3107 5928 imitator
3136 5889 3148 5924 :
3187 5891 3204 5921 ι
3241 5867 3699 5938 Μθεοιιοίτιιιιίιιιιι,
3734 5884 3752 5916 ›
3787 5862 3972 5933 inquit,
