4248 6264
258 279 364 333 449

1668 283 2138 344 DISSERTATIO.

3454 298 3564 356 450

261 390 455 459 opta-at
495 384 863 443 inundationis
921 398 1113 443 annuae
1174 389 1508 458 excessibus,
1556 394 1622 449 ad
1676 398 1927 458 instarA
2028 395 2231 453 Deinde
2260 410 2388 452 vero
2437 397 2753 469 quibusdam
2806 401 3070 471 exemplis
3092 402 3182 460 ille
3228 406 3563 476 probandum

262 479 496 552 .IEgyptii
523 480 717 547 amnis,
739 480 792 534 id
808 489 912 539 cst.
943 480 1068 546 Nili,
1093 490 1264 537 terras
1293 497 1603 557 coiitegcus,
1639 492 1852 551 invecta

258 573 355 628 soli
370 572 735 638 fecunditate,
763 572 953 627 iisdem
974 573 1141 630 ferme
1173 580 1519 648 temporibus,
1542 584 1734 652 quibus
1762 587 1855 641 Ni-

258 666 341 722 lus
371 686 390 720 ι
417 666 767 737 (Soliu.,eap.
793 666 911 737 38).
949 666 1156 723 Videsis
1179 670 1519 737 Strabonem,
1538 674 1850 747 Arrianum,

258 761 509 829 Quintum
530 760 792 827 Curtium,
816 770 977 833 atque
1003 764 1138 817 alios
1169 769 1506 838 geographos
1538 771 1738 844 (Strab.
1759 775 1852 830 lib.

259 871 344 911 xw
380 854 697 928 Geograph.,
722 870 840 925 pag.
888 855 994 910 740
1027 873 1041 919 ;
1082 859 1267 912 Arian.
1300 860 1391 914 lib.
1423 879 1490 916 vn
1521 866 1583 916 de
1609 863 1853 935 Expedit.

259 948 532 1015 Alcaeum,
563 963 686 1019 pag.
746 948 854 1003 455
879 958 933 1002 et
960 947 1069 1004 489
1100 965 1114 1016 ;
1145 950 1212 1018 ρ.
1268 950 1417 1007 Curt.
1454 954 1548 1009 lib.
1611 972 1663 1022 v,
1699 959 1858 1027 paulo

266 1054 401 1113 post.
434 1040 604 1115 init.).

324 1138 491 1193 Porro
518 1147 697 1192 autem
745 1147 1027 1209 postquam
1076 1138 1216 1193 idem
1254 1138 1449 1197 Strabo
1498 1143 1742 1214 quaedam
1790 1146 1858 1203 de

255 1229 451 1296 ﬂuviis,
480 1230 571 1301 qui
604 1230 658 1285 in
686 1228 949 1302 Gangem,
993 1239 1047 1285 et
1086 1231 1270 1286 ludum
1316 1233 1565 1297 inﬂuunt,
1609 1239 1861 1307 prtel‘atus

256 1331 354 1388 est,
391 1321 507 1376 hare
561 1337 680 1390 qua:
725 1322 792 1377 de
846 1322 975 1376 Indo
1024 1323 1307 1392 Minucius,
1355 1329 1546 1383 litteris
1605 1332 1859 1400 prodidit,

254 1415 623 1473 Eratosthenis
663 1416 984 1473 auctoritate
1028 1420 1348 1475 conlirmat:
1380 1410 1450 1477 ἐκ
1495 1428 1543 1477 δι
1571 1442 1654 1488 τῆς
1684 1429 1862 1483 ἀντίου.

249 1515 452 1579 μιάσιως
490 1527 584 1565 τῶν
618 1515 852 1567 τοσούτων
898 1530 1148 1581 ποταμῶν,
1195 1525 1279 1566 καὶ
1330 1523 1383 1570 ὰ
1430 1534 1520 1573 τῶν
1573 1525 1759 1575 (restat-1
1805 1531 1866 1584 ὡς

250 1592 571 1673 ἐρατοσθένης
600 1626 733 1674 φησι,
764 1614 996 1675 βρέχεται
1017 1610 1115 1667 τοῖς
1162 1610 1359 1676 Θιρινοῐς
1399 1615 1590 1681 ὄμϐροις
1640 1621 1667 1673 ἡ
1709 1610 1865 1669 iram-21

252 1702 329 1750 καὶ
352 1703 568 1765 λιμνάζει
592 1701 835 1753 τεῖπεδία·
866 1704 912 1752 ἓν
934 1708 1019 1765 μὲν
1045 1698 1120 1753 οὖν
1141 1705 1325 1762 "brat;
1355 1719 1454 1763 τοις
1495 1711 1689 1776 ὃμϐρως
1721 1714 1863 1772 λίνον,

1958 493 2185 561 suscipit
2212 492 2400 546 falsum
2431 508 2552 547 esse
2592 494 2767 547 divina
2798 494 3139 552 Providentia
3170 501 3426 555 mundmn
3467 512 3568 572 gu-

1959 583 2199 647 bernari,
2233 580 2325 637 aut
2355 585 2606 639 omnibus
2633 603 2695 640 ac
2720 588 2945 657 singulis
2983 592 3209 646 consuli.
3257 594 3362 649 Sed
3404 610 3569 665 prais-

1960 685 2035 732 tat
2079 680 2368 747 ipsummet
2411 678 2708 746 Caecilium,
2767 697 2828 735 ea
2885 682 3269 752 proferentem.
3335 691 3565 746 audire:

1967 793 1985 825 ι
2023 774 2177 842 Quod
2229 778 2271 830 si
2326 777 2576 843 mundus,
2615 796 2634 829 ι
2672 779 2865 849 inquit,
2917 799 2936 832 ι
2975 783 3151 839 divina
3199 786 3564 855 Providentia,

1962 876 2013 922 et
2084 868 2309 938 alicujus
2376 870 2609 925 utnninis
2670 874 2988 929 auctoritate
3053 891 3367 947 regeretur,
3416 901 3569 938 nunt-

1961 977 2121 1032 quam
2170 975 2471 1017 mereretur
2536 964 2780 1018 Phalaris
2840 973 2894 1020 et
2961 968 3243 1038 Dyonisius
3318 991 3563 1044 regnum,

1965 1071 2256 1126 numquam
2310 1057 2535 1111 Butilius
2615 1068 2669 1112 et
2725 1056 2984 1114 Camillus
3021 1064 3263 1134 exilium,
3317 1068 3570 1128 Socrates
3632 1112 3642 1126 .

1965 1163 2231 1202 venenum
2293 1167 2311 1199 ι
2353 1149 2555 1203 Eodem
2591 1150 2748 1219 plane
2793 1167 3108 1222 argumento
3158 1158 3299 1226 apud
3351 1160 3571 1218 Cicero-

1964 1256 2086 1294 nem
2134 1240 2287 1295 Cotta
2324 1240 2682 1297 Academicus
2716 1243 3110 1302 Providentiam
3140 1249 3231 1304 Dei
3280 1266 3569 1312 Concuterc

1968 1335 2289 1389 moliebatur
2333 1335 2491 1407 (Cic..
2528 1336 2620 1390 lib.
2660 1354 2712 1397 ν,
2757 1338 2819 1391 de
2868 1338 2996 1393 Nat.
3042 1342 3226 1408 Deor.,
3282 1362 3401 1416 pag.
3435 1347 3562 1416 252,

1972 1428 2068 1480 lin.
2096 1429 2129 1482 4
2162 1428 2399 1498 etsqq.).
2432 1429 2535 1482 Pro
2578 1439 2729 1484 certo
2767 1440 2945 1485 autem
3007 1435 3053 1487 is
3095 1436 3291 1505 posuit.
3343 1441 3485 1509 quod
3536 1456 3568 1498 a

1970 1519 2264 1575 Telamone
2292 1520 2359 1575 de
2389 1521 2491 1574 diis
2520 1521 2621 1575 hoc
2649 1538 2753 1577 uno
2784 1539 2939 1578 versu
2969 1524 3310 1583 decantatum
3331 1541 3413 1585 est
3441 1549 3455 1585 :

2093 1612 2215 1662 Nam
2239 1615 2280 1662 si
2306 1621 2498 1671 curent,
2528 1615 2661 1663 bene
2678 1616 2819 1664 b0nis
2842 1617 2924 1675 sit,
2948 1618 3077 1679 quod
3101 1633 3229 1669 nunc
3245 1621 3405 1673 abest.

2042 1698 2394 1751 Academicus
2419 1706 2596 1751 autem
2632 1699 2716 1752 ille
2748 1700 2935 1755 iisdem
2962 1715 3124 1772 atque
3154 1704 3271 1758 aliis
3302 1707 3543 1781 pluribus

250 1798 510 1859 σπείρεται,
541 1792 625 1843 καὶ
652 1796 868 1860 κεγχρονο
900 1801 1012 1861 πρὸς
1047 1796 1235 1853 τούτοις
1271 1802 1507 1863 σησάμην,
1541 1804 1708 1868 ὄρυζα,
1750 1812 1855 1870 βοσ·

1973 1807 2132 1859 quam
2182 1792 2430 1845 Cicrilius
2484 1794 2766 1862 exemplis,
2815 1796 3015 1849 omisso
3076 1796 3564 1872 tamen'Camillo,

248 1905 406 1953 μυρον.
433 1887 537 1944 ’τοῖς
568 1888 908 1955 κιμερινοῖς“δὲ
941 1902 1125 1957 καιροῖς
1152 1890 1314 1956 πυροὶ,
1338 1896 1517 1958 κριθαὶ,
1550 1897 1744 1962 ὄσπρια,
1780 1902 1862 1946 καὶ

249 1979 391 2031 ἄλλαι
430 1990 605 2047 καρποὶ
633 1980 876 2047 ιδὼδιμοι,
915 1980 975 2031 ὧν
1021 1986 1159 2047 ἡμεῖς
1209 1987 1453 2051 ἄπειρα.»
1485 1983 1864 2040 Eratosthenes

252 2080 442 2126 auctor
480 2081 563 2125 est
602 2086 667 2126 ex
698 2071 886 2133 horum
930 2080 1199 2127 tantorum
1237 2072 1524 2129 ﬂuviorum
1565 2075 1862 2132 exhalatio-

250 2167 430 2231 nibus.
460 2178 517 2223 et
556 2166 682 2222 ﬂatu
729 2167 1056 2235 Etesiarum,
1090 2167 1294 2224 Indiam
1343 2170 1546 2226 aestivis
1599 2172 1862 2229 imbribus

246 2258 465 2319 madere
493 2273 556 2314 ac
582 2273 801 2329 campos
838 2260 1043 2331 stagnis
1064 2261 1296 2332 oppleri,
1336 2271 1392 2317 et
1416 2263 1469 2316 in
1498 2263 1563 2318 iis
1595 2264 1858 2321 imbribus

251 2352 414 2406 linum
446 2351 551 2406 seri
580 2360 637 2405 et
664 2351 895 2418 milium,
927 2360 979 2406 et
1007 2367 1302 2419 sesamum,
1331 2355 1532 2409 orizam
1555 2366 1611 2410 et
1642 2358 1861 2413 hosmo-

252 2457 391 2506 rum;
420 2441 655 2497 [liberno
677 2452 857 2498 autem
883 2452 1126 2514 tempore
1150 2446 1257 2499 seri
1281 2446 1537 2510 triticum,
1565 2446 1854 2515 hordeum,

255 2535 543 2606 legumina,
603 2547 658 2591 et
710 2536 845 2591 alias
890 2534 1073 2608 fruges
1122 2539 1449 2604 esculentas,
1496 2556 1722 2610 quarum
1760 2558 1859 2599 nos

253 2642 498 2703 expertes
535 2650 553 2684 ι
580 2631 597 2701 (
622 2631 841 2698 Strabo,
866 2633 959 2689 lib.
991 2650 1059 2688 xv
1089 2632 1363 2706 Geograph
1393 2677 1409 2702 ,
1441 2651 1561 2706 pag.
1595 2636 1746 2708 690).

324 2724 553 2782 VideSne
580 2742 742 2798 quam
773 2738 919 2783 recte
942 2727 1201 2784 Minucius
1236 2745 1302 2785 ex
1330 2729 1415 2785 his
1452 2732 1703 2788 Omnibus
1728 2748 1859 2788 eon-

250 2816 426 2873 cludat
454 2819 635 2873 omnia
656 2831 711 2874 et
730 2820 936 2891 singula
972 2820 1066 2876 Dei
1092 2822 1427 2876 Providentia
1458 2824 1848 2882 administrari.

252 2907 446 2964 Terras
472 2910 752 2965 enimvero
801 2922 991 2966 natura
1011 2927 1106 2968 sua
1141 2914 1377 2980 steriles,
1410 2924 1464 2969 et
1495 2915 1628 2970 solis
1660 2918 1857 2976 ardore

251 3012 441 3071 tostas,
491 3021 588 3060 nec
636 3006 896 3061 imbribus
939 3007 1282 3073 madefactas,
1335 3010 1523 3064 horum
1570 3009 1854 3069 ﬂuminum

252 3096 699 3153 inundationibus
739 3096 1016 3153 fmcuudas
1043 3098 1225 3155 eflicit.
1276 3099 1481 3156 Eodem
1510 3102 1668 3173 plane
1694 3104 1855 3158 modo

1968 1882 2085 1937 lucc
2132 1883 2458 1938 conﬁrmare
2511 1886 2714 1938 nititur.
2773 1884 2846 1939 lbi
2897 1898 3076 1942 autem
3121 1905 3184 1944 ea
3235 1891 3314 1947 sic
3371 1905 3564 1965 urget:

1975 1996 1991 2027 ι
2028 1975 2135 2031 Cur
2160 1978 2630 2032 avunculusmeus
2678 1980 2758 2032 vir
2797 1980 3271 2039 innocentissimus
3316 1985 3568 2059 idemque

1966 2069 2311 2124 doctissimus
2361 2069 2419 2123 P.
2468 2069 2702 2124 Rutilius
2759 2072 2813 2125 in
2878 2073 3069 2129 exsilio
3105 2079 3444 2135 'est....Duo
3500 2081 3569 2136 de

1965 2165 2311 2233 quailragin'a
2346 2162 2628 2233 Dionysius
2669 2174 2929 2235 tyrannus
2966 2183 3138 2223 annos
3190 2169 3291 2226 fuit
3342 2174 3570 2242 opulen-

1968 2256 2210 2322 tissimm,
2242 2265 2295 2308 et
2342 2256 2669 2313 beatissimre
2710 2258 2964 2313 civitatis.
2993 2260 3165 2328 Quam
3208 2263 3407 2319 multas
3437 2277 3565 2324 ante

1970 2348 2109 2403 hunc
2141 2347 2192 2401 in
2218 2348 2334 2417 ipso
2355 2346 2579 2404 Grani:-
2608 2350 2741 2405 ﬂore
2768 2352 3097 2417 Pisistratus,
3126 2371 3189 2411 ac
3215 2357 3480 2428 Phalaris,
3504 2377 3569 2418 ac

1965 2441 2325 2511 Apollodorus
2358 2457 2541 2510 pinnas
2564 2443 2802 2509 sustulit,
2831 2447 3013 2501 multis
3042 2450 3255 2517 quidem
3285 2465 3411 2509 ante
3441 2471 3567 2511 cru-
3643 2448 3651 2456 ’

1964 2533 2117 2588 ciatis
2154 2546 2207 2588 et
2263 2535 2530 2588 necatis...
2587 2536 2722 2603 Quid
2780 2538 2951 2593 dicam
3013 2540 3081 2595 de
3129 2542 3370 2613 Socrate,
3415 2548 3568 2618 cujus

1964 2630 2121 2682 morti
2152 2627 2474 2699 illacrymari
2513 2629 2663 2684 soleo
2693 2630 2971 2687 Platonem
3003 2633 3226 2705 legens?
3255 2657 3273 2689 ι
3330 2638 3569 2711 Denique

1965 2733 2245 2790 postquam
2268 2720 2433 2774 multa
2476 2721 2713 2794 Dionysii
2747 2723 2905 2793 impia
2941 2726 3073 2781 facta
3114 2737 3168 2783 et
3213 2732 3510 2802 sacrilegia,
3535 2749 3568 2791 a

1969 2811 2179 2866 Valerio
2218 2815 2379 2866 etiam
2423 2814 2655 2867 maximo
2705 2815 3048 2884 postmodum
3106 2830 3286 2875 notata
3343 2823 3471 2891 (lib.
3514 2841 3565 2893 ι,

1962 2920 2081 2975 cap.
2114 2907 2162 2960 l.
2193 2906 2405 2961 Exlern.
2440 2906 2569 2978 §5),
2596 2909 2882 2972 recensuit,
2916 2909 2999 2965 his
3021 2912 3381 2968 narrationem
3414 2931 3567 2972 suam

1961 2999 2188 3054 absolvit
2224 3000 2436 3054 verbis:
2475 3018 2494 3050 ι
2533 2999 2682 3054 Hunc
2714 3000 2872 3071 igitur
2912 3018 3009 3057 nec
3034 3003 3313 3075 Olympius
3353 3007 3566 3079 Jupiter

1960 3092 2181 3148 fulmine
2202 3095 2486 3164 percussit,
2508 3110 2604 3150 nec
2620 3094 2961 3165 {Esculapius
2986 3101 3183 3154 misero
3204 3101 3568 3176 diuturnoque

251 3192 399 3262 prius
450 3192 761 3248 ostenderat
826 3193 927 3248 hac
971 3192 1151 3248 divina
1216 3195 1573 3265 providentia,
1621 3198 1843 3252 aliarum
1874 3201 1920 3265 Ο
1960 3192 2151 3267 morbo
2178 3190 2602 3245 intabescentem
2632 3192 2924 3261 interemit,
2954 3204 3115 3264 atque
3145 3195 3197 3250 in
3224 3213 3324 3252 suo
3369 3199 3568 3257 lectulo

249 3286 433 3340 mundi
464 3286 696 3355 partium
728 3286 1056 3342 fmcunditati
1077 3302 1108 3342 a
1135 3298 1295 3353 stata,
1315 3300 1541 3359 quatuor
1564 3291 1689 3346 anni
1714 3305 1846 3348 tem-

250 3388 515 3449 pestatum
543 3378 911 3435 vicissitudine
939 3381 1133 3434 mirum
1162 3381 1319 3450 plane
1350 3383 1401 3437 in
1442 3383 1656 3438 modum
1686 3386 1853 3441 fuisse

249 3472 548 3527 consultum
585 3489 599 3527 :
634 3490 653 3524 ι
694 3471 812 3527 Jam
860 3473 1214 3542 providentiae
1258 3486 1490 3545 quantas,
1544 3477 1737 3548 inquit,
1781 3493 1850 3533 ne

249 3564 424 3620 hiems
466 3566 582 3621 sola
606 3566 775 3638 glacie
825 3581 1023 3633 ureret,
1055 3578 1149 3624 aut
1186 3568 1297 3625 sola
1327 3579 1487 3625 testas
1506 3574 1702 3626 ardore
1742 3580 1848 3627 tor-

247 3667 395 3713 reret
417 3660 659 3713 autumni
677 3670 731 3714 et
758 3661 901 3716 veris
924 3661 1165 3717 inserere
1191 3661 1424 3718 medium
1449 3672 1847 3735 temperamen-

246 3759 364 3807 tum
386 3768 403 3817 ;
424 3761 482 3806 ut
504 3767 600 3822 per
625 3754 844 3825 vestigia
874 3770 970 3810 sua
996 3756 1122 3811 anni
1175 3760 1515 3825 revertentis,
1569 3760 1765 3815 occulti
1795 3769 1851 3816 et

246 3844 460 3899 innoxii
479 3845 734 3900 transitus
793 3857 1206 3904 reverterentur.
1271 3849 1351 3904 Ibi
1410 3859 1590 3907 autem
1651 3852 1847 3908 dixit:

254 3957 274 3991 ι
316 3937 504 3994 lliems
532 3939 703 4009 glacie
734 3941 858 4007 urit,
891 3959 910 3992 ι
944 3943 1391 4012 quemadmodum
1425 3942 1721 4015 Virgilius:

361 4095 371 4105 .
414 4093 427 4107 .
468 4094 480 4107 .
524 4094 534 4105 .
571 4054 672 4107 Aut
695 4056 871 4109 Boreas
894 4058 1202 4129 penetrabile
1226 4058 1598 4129 frigusﬂadurat.

1003 4121 1209 4187 (Virgil.
1238 4121 1319 4173 lib.
1342 4139 1358 4172 ι
1380 4123 1554 4189 Georg.
1583 4139 1627 4173 v.
1648 4124 1754 4187 95.)

868 4240 1163 4284 ARTICULUS
1200 4243 1260 4282 ll.

244 4317 595 4373 Excutiuntur
622 4317 817 4374 Otacilii
846 4320 1034 4374 ethnici
1075 4330 1253 4374 contra
1292 4319 1519 4373 divinam
1566 4319 1849 4378 Provideri-

322 4410 444 4464 tiam
485 4423 807 4482 argumenta,
831 4428 894 4467 ea;
923 4413 1072 4466 rebus
1098 4414 1353 4483 prosperis
1387 4413 1657 4481 mulorum,
1690 4424 1735 4468 et
1761 4413 1851 4469 bo-

322 4518 505 4556 norum
531 4504 757 4557 adversis
781 4504 956 4570 ductu,
984 4504 1071 4558 ubi
1098 4504 1159 4558 de
1191 4503 1437 4575 Dionysio
1458 4518 1675 4576 tyranno
1706 4504 1844 4560 Pha-

1954 3292 2215 3349 mortuus,
2252 3283 2304 3337 in
2334 3283 2678 3353 Tytttpanidis
2729 3300 2915 3353 rogum
2967 3287 3143 3341 illatus
3195 3300 3300 3356 est,
3338 3307 3568 3362 eamque

1954 3386 2291 3446 potestatem.
2325 3392 2486 3446 quam
2533 3379 2645 3447 ipse
2671 3392 2766 3447 per
2802 3379 2977 3434 scelus
2998 3390 3116 3435 erat
3160 3393 3370 3449 nactus,
3413 3380 3568 3454 quasi

1948 3469 2145 3539 justam
2179 3477 2234 3524 et
2272 3470 2587 3539 legitimam,
2640 3470 2973 3527 ha-reditatis
3004 3472 3124 3529 loco
3154 3474 3265 3530 [ilio
3296 3477 3512 3534 tradidit
3541 3498 3561 3533 ι

1959 3562 2174 3634 (Cicer.
2211 3561 2317 3615 loc.
2348 3562 2465 3633 cit).

2027 3654 2372 3708 Dissimulare
2400 3663 2577 3711 tamen
2610 3670 2709 3710 nec
2741 3654 2993 3713 Czrcilius
3031 3672 3131 3714 nec
3186 3660 3273 3714 alii
3325 3660 3568 3720 Gentiles

1956 3754 2201 3816 poterant
2230 3746 2538 3818 Dionysium
2577 3748 2752 3814 illum,
2786 3748 2937 3819 cujus
2975 3750 3121 3805 varia
3169 3753 3568 3825 singularisque

1953 3839 2186 3896 facinora
2216 3854 2461 3911 uterque,
2487 3843 2695 3909 Cicero,
2728 3855 2782 3899 et
2834 3844 3081 3901 Valerius
3122 3846 3413 3914 Maximus,
3435 3848 3567 3905 alibi

1952 3933 2128 3988 adhuc
2156 3943 2456 3999 recensent,
2488 3935 2539 3987 in
2570 3946 2677 3989 tam
2704 3934 2858 3990 beata
2884 3937 3131 4007 felicique
3157 3937 3371 3993 fortuna
3401 3940 3568 3997 fuisse

1954 4028 2311 4081 miserrimum
2360 4026 2531 4095 (Idem
2582 4027 2673 4081 lib.
2708 4044 2737 4077 v
2774 4026 3007 4091 Tuscul.,
3053 4044 3110 4098 p.
3145 4030 3271 4094 186,
3322 4031 3416 4086 lin.
3444 4034 3478 4086 5
3511 4043 3567 4088 et

1953 4133 2104 4191 seqq.
2134 4119 2246 4173 Val.
2279 4118 2419 4174 Max.
2455 4119 2549 4174 lib.
2590 4136 2665 4181 ix.
2720 4137 2841 4190 cap.
2876 4122 2964 4176 15.
3013 4122 3234 4188 Exter.,
3262 4124 3390 4197 ἐῶ).
3429 4126 3565 4183 Nam

1956 4215 2178 4283 ipsemet
2206 4211 2396 4267 Cicero
2422 4212 2535 4266 lucc
2562 4212 2627 4267 de
2653 4212 2743 4267 illo
2771 4213 2966 4268 litteris
3007 4214 3113 4269 alio
3147 4216 3197 4269 in
3235 4214 3373 4271 libro
3414 4233 3565 4274 man-

1954 4306 2134 4362 davit:
2162 4325 2179 4358 ι
2212 4306 2348 4375 Quid
2369 4322 2655 4362 censemus
2686 4308 3018 4379 superiorem
3044 4308 3192 4364 illum
3217 4309 3564 4383 DiOnysinnt?

1954 4402 2072 4470 Quo
2099 4404 2335 4457 cruciatu
2383 4403 2591 4458 timoris
2636 4404 2757 4473 angi
2792 4403 3039 4470 solitum,
3069 4406 3157 4475 qui
3197 4406 3399 4462 cultros
3436 4424 3565 4464 me-

1955 4504 2113 4549 tuens
2142 4496 2433 4558 tonsorios,
2464 4497 2715 4551 candeuti
2744 4496 2976 4552 carbone
2998 4498 3100 4551 sibi
3122 4499 3565 4572 adurebatcapil-

321 4593 516 4656 (aride,
572 4592 803 4657 Rutilio,
859 4593 1111 4661 Socrate,
1163 4594 1402 4664 Camillo,
1454 4609 1500 4651 et
1547 4595 1851 4653 Judworum

1960 4590 2061 4644 lum
2091 4588 2114 4642 ?
2142 4588 2273 4662 (ilic.
2312 4590 2400 4645 lib.
2435 4605 2469 4644 ιι
2499 4590 2560 4643 de
2593 4590 2718 4661 ΟΙῙὶσ
2775 4606 2893 4661 pag.
2918 4591 3023 4645 ’577
3056 4591 3153 4646 Ιίιι.
3182 4592 3270 4655 l7,
3295 4602 3351 4649 et
3372 4592 3563 4668 seqq.)

320 4684 833 4757 Christianorumque
857 4688 1082 4742 miseria.

322 4779 484 4834 Plura
528 4780 784 4836 adversus
844 4780 1078 4836 divinam
1130 4781 1528 4838 Providentiam
1603 4783 1853 4841 Caecilius

239 4871 460 4943 objicit,
490 4888 712 4941 quorum
742 4872 842 4926 alia
890 4872 957 4927 ad
999 4890 1187 4929 omnes
1240 4875 1533 4930 universim
1585 4876 1851 4941 homines,

238 4963 351 5019 alia
381 4963 448 5018 ad
477 4964 738 5034 quosdam
771 4966 1147 5033 particulatim,
1202 4967 1302 5019 alia
1349 4966 1415 5021 ad
1440 4966 1699 5032 Gentiles,
1753 4967 1849 5020 alia

236 5056 314 5111 ad
358 5055 600 5123 Judaros,
646 5057 750 5110 alia
788 5056 1021 5126 denique
1066 5058 1133 5111 ad
1185 5056 1520 5113 Clirisuanos
1584 5065 1848 5128 spectant.

238 5148 488 5204 Primum
512 5157 691 5202 autem
713 5190 727 5210 ,
757 5149 1054 5219 quomodo,
1088 5150 1364 5220 inquiebat
1409 5151 1520 5215 ille,
1551 5161 1727 5205 stante
1761 5150 1854 5205 Dei

233 5240 614 5306 Providentia,
668 5241 783 5297 loca
824 5256 975 5297 sacra
1018 5251 1073 5298 et
1121 5247 1366 5314 prolaoa,
1397 5242 1852 5314 quemadmodum

233 5335 497 5392 homines
522 5335 592 5406 pii
616 5345 671 5391 et
698 5336 872 5406 impii,
903 5338 1125 5394 tulmine
1142 5339 1368 5409 aliisque
1388 5340 1618 5394 lortuitis
1639 5340 1854 5395 casibus

233 5427 448 5498 pariter
495 5427 885 5499 :rqualiterque
939 5429 1245 5486 feriuntur?
1285 5430 1393 5486 Cur
1445 5439 1650 5495 sontes,
1702 5418 1854 5501 atque

230 5533 307 5575 ac
338 5520 599 5586 insontes,
629 5521 757 5577 boni
784 5532 836 5577 et
887 5525 1035 5589 mali,
1084 5525 1495 5596 tempestatibus
1532 5541 1594 5579 ac
1641 5526 1854 5579 naufra-

230 5611 349 5682 giis
376 5613 488 5667 ullo
517 5614 634 5668 sine
674 5614 989 5672 discrimine
1018 5618 1429 5687 cppruuuntur?
1468 5617 1576 5671 Cur
1622 5617 1854 5687 denique

233 5707 348 5761 viri
384 5709 697 5777 nequissimi
727 5712 945 5782 optimis
974 5728 1120 5782 saepe
1138 5713 1335 5783 saepius
1360 5709 1699 5768 ﬂorentiores
1729 5718 1857 5767 sunt

226 5808 299 5880 et
327 5799 633 5858 feliciores?

2029 4683 2275 4739 Valerius
2295 4699 2423 4739 vero
2442 4684 2708 4740 maximus
2722 4701 2842 4739 eum
2861 4685 2966 4738 alio
2979 4684 3143 4739 modo
3157 4684 3422 4742 sei-lerunt
3442 4703 3566 4743 suo-

1958 4792 2074 4831 rum
2100 4791 2288 4845 pmnas
2315 4777 2530 4832 dedisse
2578 4778 2656 4832 sic
2677 4790 2919 4832 enarrat:
2962 4797 2981 4830 ι
3011 4780 3099 4848 qui
3129 4783 3341 4836 tametsi
3385 4783 3565 4837 debita

1956 4874 2214 4942 supplicia
2260 4888 2363 4926 non
2394 4872 2621 4927 exsolvit
2651 4871 2917 4926 dedecore
2943 4880 3121 4925 tamen
3161 4871 3273 4937 ﬁlii,
3320 4883 3563 4931 mortuus

1958 4982 2143 5037 poenas
2185 4966 2449 5036 rependit,
2505 4980 2638 5035 quas
2677 4964 2827 5019 vivus
2871 4962 3151 5031 eil‘ugcrat.
3211 4963 3380 5019 Lento
3418 4970 3561 5021 enim

1956 5060 2124 5130 gradu
2167 5059 2232 5113 ad
2264 5058 2552 5112 vindictam
2584 5056 2665 5111 sui
2705 5056 2883 5109 divina
2932 5055 3175 5123 procedit
3209 5056 3307 5121 ira,
3342 5057 3562 5111 taidita-

1960 5164 2174 5223 temque
2217 5151 2462 5220 supplicii
2487 5150 2756 5219 gravitate
2799 5158 3117 5216 compensat
3146 5165 3166 5198 ι
3199 5146 3351 5217 (ναι.
3384 5147 3559 5217 Μαίη..

1954 5247 2043 5299 lib.
2070 5261 2108 5311 ι,
2151 5261 2265 5313 cap.
2293 5244 2344 5304 l,
2394 5241 2602 5307 Exten,
2634 5241 2662 5313 §
2693 5240 2789 5310 5).

2031 5341 2104 5396 De
2150 5338 2445 5393 Plialadiris
2490 5351 2618 5390 vero
2663 5344 2837 5390 morte
2887 5333 3004 5389 hinc
3052 5337 3287 5405 posteris
3344 5337 3563 5394 tradidit

1957 5431 2177 5488 Cicero:
2215 5449 2233 5480 ι
2272 5428 2446 5484 Testis
2467 5438 2548 5483 est
2571 5428 2833 5491 Phalaris,
2856 5427 3012 5497 cujus
3047 5436 3131 5483 est
3163 5439 3356 5497 praeter
3392 5442 3558 5487 cacteo

1958 5538 2046 5579 ros
2073 5522 2349 5577 nobilitata
2379 5520 2690 5584 crudelitas,
2715 5518 2806 5589 qui
2839 5533 2945 5573 non
2998 5535 3065 5574 ex
3099 5520 3312 5576 insidiis
3350 5525 3560 5581 interiit

1960 5626 2019 5671 ut
2052 5620 2094 5671 is
2125 5631 2282 5685 quem
2331 5613 2492 5668 modo
2519 5611 2651 5678 dixi,
2695 5612 3003 5669 Alexander
3032 5632 3045 5669 :
3075 5630 3179 5671 non
3208 5634 3235 5669 ιι
3266 5620 3474 5687 paucis,
3503 5629 3561 5677 tit

1958 5708 2046 5763 hic
2073 5717 2287 5772 noster;
2348 5705 2442 5762 sed
2500 5706 2550 5760 in
2593 5721 2751 5777 quem
2797 5709 3047 5765 universa
3089 5711 3559 5781 Agrigentinorum

1960 5803 2247 5864 multitudo
2278 5802 2534 5876 impetum
2563 5800 2708 5861 fecit.
2732 5822 2751 5856 ι
2779 5803 2858 5862 Ex
2888 5803 3099 5863 Valerio
3120 5814 3301 5867 autem
3327 5805 3557 5876 Maximo
