  <div class='ocr_page' id='page_1' title='image "/cluster/home/n/w/nwhite01/storage/ocr_20150623/3/hvd.32044054086798/275.png"; bbox 0 0 4230 6242; ppageno 0'>
   <div class='ocr_carea' id='block_1_1' title="bbox 630 243 730 299">
    <p class='ocr_par' dir='ltr' id='par_1_1' title="bbox 630 243 730 299">
     <span class='ocr_line' id='line_1_1' title="bbox 630 243 730 299; baseline -0.01 0"><span class='ocrx_word' id='word_1_1' title='bbox 630 243 730 299; x_wconf 68' lang='grc'><strong>451</strong></span> 
     </span>
    </p>
   </div>
   <div class='ocr_carea' id='block_1_2' title="bbox 1923 206 2648 276">
    <p class='ocr_par' dir='ltr' id='par_1_2' title="bbox 1923 206 2648 276">
     <span class='ocr_line' id='line_1_2' title="bbox 1923 206 2648 276; baseline -0.015 1"><span class='ocrx_word' id='word_1_2' title='bbox 1923 218 2012 276; x_wconf 88' lang='lat' dir='ltr'><strong>DE</strong></span> <span class='ocrx_word' id='word_1_3' title='bbox 2049 209 2310 275; x_wconf 84' lang='lat' dir='ltr'><strong>MlNUClI</strong></span> <span class='ocrx_word' id='word_1_4' title='bbox 2345 206 2648 268; x_wconf 81' lang='lat' dir='ltr'><strong>OCTAVIO</strong></span> 
     </span>
    </p>
   </div>
   <div class='ocr_carea' id='block_1_3' title="bbox 3831 191 3945 250">
    <p class='ocr_par' dir='ltr' id='par_1_3' title="bbox 3831 191 3945 250">
     <span class='ocr_line' id='line_1_3' title="bbox 3831 191 3945 250; baseline -0.009 0"><span class='ocrx_word' id='word_1_5' title='bbox 3831 191 3945 250; x_wconf 70' lang='grc'><strong>452</strong></span> 
     </span>
    </p>
   </div>
   <div class='ocr_carea' id='block_1_4' title="bbox 630 311 3940 426">
    <p class='ocr_par' dir='ltr' id='par_1_4' title="bbox 630 311 3940 426">
     <span class='ocr_line' id='line_1_4' title="bbox 630 311 3940 426; baseline -0.017 -8"><span class='ocrx_word' id='word_1_6' title='bbox 630 363 807 419; x_wconf 84' lang='lat' dir='ltr'><strong>disces</strong></span> <span class='ocrx_word' id='word_1_7' title='bbox 857 356 1011 426; x_wconf 85' lang='lat' dir='ltr'><strong>cujus</strong></span> <span class='ocrx_word' id='word_1_8' title='bbox 1053 350 1300 416; x_wconf 89' lang='lat' dir='ltr'><strong>consilio,</strong></span> <span class='ocrx_word' id='word_1_9' title='bbox 1332 354 1386 405; x_wconf 90' lang='lat' dir='ltr'><strong>et</strong></span> <span class='ocrx_word' id='word_1_10' title='bbox 1424 341 1695 417; x_wconf 88' lang='lat' dir='ltr'><strong>quomodo</strong></span> <span class='ocrx_word' id='word_1_11' title='bbox 1727 340 1813 395; x_wconf 90' lang='lat' dir='ltr'><strong>hic</strong></span> <span class='ocrx_word' id='word_1_12' title='bbox 1857 346 2115 410; x_wconf 74' lang='lat' dir='ltr'><strong>tyrannus</strong></span> <span class='ocrx_word' id='word_1_13' title='bbox 2163 333 2229 387; x_wconf 88' lang='lat' dir='ltr'><strong>ab</strong></span> <span class='ocrx_word' id='word_1_14' title='bbox 2255 335 2308 393; x_wconf 83' lang='grc' dir='ltr'><strong>Α</strong></span> <span class='ocrx_word' id='word_1_15' title='bbox 2334 329 2474 384; x_wconf 89' lang='lat' dir='ltr'><strong>latus</strong></span> <span class='ocrx_word' id='word_1_16' title='bbox 2501 334 2583 382; x_wconf 83' lang='lat' dir='ltr'><strong>est</strong></span> <span class='ocrx_word' id='word_1_17' title='bbox 2603 320 2841 395; x_wconf 85' lang='lat' dir='ltr'><strong>sanguis,</strong></span> <span class='ocrx_word' id='word_1_18' title='bbox 2870 334 2932 377; x_wconf 90' lang='lat' dir='ltr'><strong>ac</strong></span> <span class='ocrx_word' id='word_1_19' title='bbox 2967 318 3222 391; x_wconf 74' lang='lat' dir='ltr'><strong>paulatim</strong></span> <span class='ocrx_word' id='word_1_20' title='bbox 3267 315 3466 386; x_wconf 78' lang='lat' dir='ltr'><strong>frigore</strong></span> <span class='ocrx_word' id='word_1_21' title='bbox 3496 311 3738 373; x_wconf 87' lang='lat' dir='ltr'><strong>imlucto,</strong></span> <span class='ocrx_word' id='word_1_22' title='bbox 3770 324 3940 364; x_wconf 86' lang='lat' dir='ltr'><strong>vena-</strong></span> 
     </span>
    </p>
   </div>
   <div class='ocr_carea' id='block_1_5' title="bbox 629 431 2227 528">
    <p class='ocr_par' dir='ltr' id='par_1_5' title="bbox 629 431 2227 528">
     <span class='ocr_line' id='line_1_5' title="bbox 629 431 2227 528; baseline -0.019 -16"><span class='ocrx_word' id='word_1_23' title='bbox 629 451 995 528; x_wconf 80' lang='lat' dir='ltr'><strong>Agrigeutinis</strong></span> <span class='ocrx_word' id='word_1_24' title='bbox 1043 448 1355 502; x_wconf 84' lang='lat' dir='ltr'><strong>interlecms</strong></span> <span class='ocrx_word' id='word_1_25' title='bbox 1383 442 1540 497; x_wconf 82' lang='lat' dir='ltr'><strong>luerit</strong></span> <span class='ocrx_word' id='word_1_26' title='bbox 1575 437 1794 510; x_wconf 85' lang='lat' dir='ltr'><strong>(Valer.</strong></span> <span class='ocrx_word' id='word_1_27' title='bbox 1824 433 1987 497; x_wconf 83' lang='lat' dir='ltr'><strong>Max.,</strong></span> <span class='ocrx_word' id='word_1_28' title='bbox 2022 431 2111 486; x_wconf 90' lang='lat' dir='ltr'><strong>lib.</strong></span> <span class='ocrx_word' id='word_1_29' title='bbox 2148 443 2227 496; x_wconf 81' lang='grc' dir='ltr'>ιιι,</span> 
     </span>
    </p>
   </div>
   <div class='ocr_carea' id='block_1_6' title="bbox 630 538 1199 618">
    <p class='ocr_par' dir='ltr' id='par_1_6' title="bbox 630 538 1199 618">
     <span class='ocr_line' id='line_1_6' title="bbox 630 538 1199 618; baseline -0.021 -14"><span class='ocrx_word' id='word_1_30' title='bbox 630 565 750 618; x_wconf 91' lang='lat' dir='ltr'><strong>cap.</strong></span> <span class='ocrx_word' id='word_1_31' title='bbox 780 547 832 602; x_wconf 91' lang='grc'><strong>5.</strong></span> <span class='ocrx_word' id='word_1_32' title='bbox 867 541 1068 606; x_wconf 77' lang='lat' dir='ltr'><strong>Exter.,</strong></span> <span class='ocrx_word' id='word_1_33' title='bbox 1095 538 1199 612; x_wconf 56' lang='grc' dir='ltr'><strong>δε.</strong></span> 
     </span>
    </p>
   </div>
   <div class='ocr_carea' id='block_1_7' title="bbox 705 621 2233 702">
    <p class='ocr_par' dir='ltr' id='par_1_7' title="bbox 705 621 2233 702">
     <span class='ocr_line' id='line_1_7' title="bbox 705 621 2233 702; baseline -0.018 -9"><span class='ocrx_word' id='word_1_34' title='bbox 705 640 761 693; x_wconf 77' lang='grc' dir='ltr'><strong>Ρ.</strong></span> <span class='ocrx_word' id='word_1_35' title='bbox 794 637 972 691; x_wconf 71' lang='lat' dir='ltr'><strong>ltutilii</strong></span> <span class='ocrx_word' id='word_1_36' title='bbox 1005 631 1167 698; x_wconf 75' lang='lat' dir='ltr'><strong>Rulli,</strong></span> <span class='ocrx_word' id='word_1_37' title='bbox 1211 644 1368 702; x_wconf 85' lang='lat' dir='ltr'><strong>quem</strong></span> <span class='ocrx_word' id='word_1_38' title='bbox 1401 623 1714 682; x_wconf 84' lang='lat' dir='ltr'><strong>Paterculus</strong></span> <span class='ocrx_word' id='word_1_39' title='bbox 1765 621 1939 675; x_wconf 91' lang='lat' dir='ltr'><strong>virum</strong></span> <span class='ocrx_word' id='word_1_40' title='bbox 1982 630 2086 671; x_wconf 90' lang='lat' dir='ltr'><strong>non</strong></span> <span class='ocrx_word' id='word_1_41' title='bbox 2134 626 2233 667; x_wconf 67' lang='grc' dir='ltr'><strong>εω-</strong></span> 
     </span>
    </p>
   </div>
   <div class='ocr_carea' id='block_1_8' title="bbox 631 705 2229 788">
    <p class='ocr_par' dir='ltr' id='par_1_8' title="bbox 631 705 2229 788">
     <span class='ocr_line' id='line_1_8' title="bbox 631 705 2229 788; baseline -0.018 -1"><span class='ocrx_word' id='word_1_42' title='bbox 631 733 734 788; x_wconf 91' lang='lat' dir='ltr'><strong>culi</strong></span> <span class='ocrx_word' id='word_1_43' title='bbox 761 738 966 784; x_wconf 89' lang='lat' dir='ltr'><strong>tantum</strong></span> <span class='ocrx_word' id='word_1_44' title='bbox 1012 726 1115 788; x_wconf 91' lang='lat' dir='ltr'><strong>sui,</strong></span> <span class='ocrx_word' id='word_1_45' title='bbox 1158 725 1252 779; x_wconf 90' lang='lat' dir='ltr'><strong>sed</strong></span> <span class='ocrx_word' id='word_1_46' title='bbox 1298 721 1472 775; x_wconf 89' lang='lat' dir='ltr'><strong>omnis</strong></span> <span class='ocrx_word' id='word_1_47' title='bbox 1523 717 1622 770; x_wconf 80' lang='lat' dir='ltr'><strong>a-vi</strong></span> <span class='ocrx_word' id='word_1_48' title='bbox 1667 715 1927 784; x_wconf 89' lang='lat' dir='ltr'><strong>optimum</strong></span> <span class='ocrx_word' id='word_1_49' title='bbox 1979 705 2229 776; x_wconf 81' lang='lat' dir='ltr'><strong>appellat,</strong></span> 
     </span>
    </p>
   </div>
   <div class='ocr_carea' id='block_1_9' title="bbox 631 795 2233 884">
    <p class='ocr_par' dir='ltr' id='par_1_9' title="bbox 631 795 2233 884">
     <span class='ocr_line' id='line_1_9' title="bbox 631 795 2233 884; baseline -0.021 -3"><span class='ocrx_word' id='word_1_50' title='bbox 631 837 756 881; x_wconf 89' lang='lat' dir='ltr'><strong>nota</strong></span> <span class='ocrx_word' id='word_1_51' title='bbox 788 833 870 879; x_wconf 91' lang='lat' dir='ltr'><strong>est</strong></span> <span class='ocrx_word' id='word_1_52' title='bbox 895 820 1143 876; x_wconf 85' lang='lat' dir='ltr'><strong>omnibus</strong></span> <span class='ocrx_word' id='word_1_53' title='bbox 1170 815 1391 871; x_wconf 80' lang='lat' dir='ltr'><strong>historia</strong></span> <span class='ocrx_word' id='word_1_54' title='bbox 1429 814 1446 884; x_wconf 94' lang='lat'><strong>(</strong></span> <span class='ocrx_word' id='word_1_55' title='bbox 1476 807 1744 866; x_wconf 87' lang='lat' dir='ltr'><strong>Patercul.</strong></span> <span class='ocrx_word' id='word_1_56' title='bbox 1781 804 1871 860; x_wconf 90' lang='lat' dir='ltr'><strong>lib.</strong></span> <span class='ocrx_word' id='word_1_57' title='bbox 1906 817 1942 856; x_wconf 90' lang='grc' dir='ltr'><strong>ιι</strong></span> <span class='ocrx_word' id='word_1_58' title='bbox 1986 795 2233 864; x_wconf 63' lang='lat' dir='ltr'><strong>Hauon).</strong></span> 
     </span>
    </p>
   </div>
   <div class='ocr_carea' id='block_1_10' title="bbox 631 888 2234 989">
    <p class='ocr_par' dir='ltr' id='par_1_10' title="bbox 631 888 2234 989">
     <span class='ocr_line' id='line_1_10' title="bbox 631 888 2234 989; baseline -0.02 -16"><span class='ocrx_word' id='word_1_59' title='bbox 631 920 762 989; x_wconf 91' lang='lat' dir='ltr'><strong>Quis</strong></span> <span class='ocrx_word' id='word_1_60' title='bbox 802 917 945 972; x_wconf 90' lang='lat' dir='ltr'><strong>enim</strong></span> <span class='ocrx_word' id='word_1_61' title='bbox 1004 913 1173 968; x_wconf 90' lang='lat' dir='ltr'><strong>nescit</strong></span> <span class='ocrx_word' id='word_1_62' title='bbox 1225 909 1370 963; x_wconf 90' lang='lat' dir='ltr'><strong>illum</strong></span> <span class='ocrx_word' id='word_1_63' title='bbox 1424 903 1850 975; x_wconf 82' lang='lat' dir='ltr'><strong>publicanorum,</strong></span> <span class='ocrx_word' id='word_1_64' title='bbox 1885 907 2111 962; x_wconf 85' lang='lat' dir='ltr'><strong>quorum</strong></span> <span class='ocrx_word' id='word_1_65' title='bbox 2154 888 2234 942; x_wconf 89' lang='lat' dir='ltr'><strong>la-</strong></span> 
     </span>
    </p>
   </div>
   <div class='ocr_carea' id='block_1_11' title="bbox 635 979 2238 1068">
    <p class='ocr_par' dir='ltr' id='par_1_11' title="bbox 635 979 2238 1068">
     <span class='ocr_line' id='line_1_11' title="bbox 635 979 2238 1068; baseline -0.022 0"><span class='ocrx_word' id='word_1_66' title='bbox 635 1011 861 1068; x_wconf 84' lang='lat' dir='ltr'><strong>trocinia</strong></span> <span class='ocrx_word' id='word_1_67' title='bbox 910 1013 1244 1068; x_wconf 88' lang='lat' dir='ltr'><strong>coercuerat,</strong></span> <span class='ocrx_word' id='word_1_68' title='bbox 1276 995 1695 1064; x_wconf 89' lang='lat' dir='ltr'><strong>conspiratione,</strong></span> <span class='ocrx_word' id='word_1_69' title='bbox 1741 987 2025 1056; x_wconf 83' lang='lat' dir='ltr'><strong>depulsum</strong></span> <span class='ocrx_word' id='word_1_70' title='bbox 2069 979 2238 1034; x_wconf 80' lang='lat' dir='ltr'><strong>fuisse</strong></span> 
     </span>
    </p>
   </div>
   <div class='ocr_carea' id='block_1_12' title="bbox 635 1071 2236 1169">
    <p class='ocr_par' dir='ltr' id='par_1_12' title="bbox 635 1071 2236 1169">
     <span class='ocr_line' id='line_1_12' title="bbox 635 1071 2236 1169; baseline -0.024 -8"><span class='ocrx_word' id='word_1_71' title='bbox 635 1106 689 1160; x_wconf 91' lang='lat' dir='ltr'><strong>in</strong></span> <span class='ocrx_word' id='word_1_72' title='bbox 715 1103 985 1161; x_wconf 66' lang='lat' dir='ltr'><strong>exsilium.</strong></span> <span class='ocrx_word' id='word_1_73' title='bbox 1005 1095 1247 1169; x_wconf 67' lang='lat' dir='ltr'><strong>quamvis</strong></span> <span class='ocrx_word' id='word_1_74' title='bbox 1273 1101 1409 1147; x_wconf 88' lang='lat' dir='ltr'><strong>teste</strong></span> <span class='ocrx_word' id='word_1_75' title='bbox 1431 1087 1712 1147; x_wconf 80' lang='lat' dir='ltr'><strong>Cicerone,</strong></span> <span class='ocrx_word' id='word_1_76' title='bbox 1738 1087 1883 1135; x_wconf 79' lang='lat' dir='ltr'><strong>esset</strong></span> <span class='ocrx_word' id='word_1_77' title='bbox 1911 1071 2236 1130; x_wconf 85' lang='lat' dir='ltr'><strong>innocentis-</strong></span> 
     </span>
    </p>
   </div>
   <div class='ocr_carea' id='block_1_13' title="bbox 636 1169 2241 1263">
    <p class='ocr_par' dir='ltr' id='par_1_13' title="bbox 636 1169 2241 1263">
     <span class='ocr_line' id='line_1_13' title="bbox 636 1169 2241 1263; baseline -0.024 -11"><span class='ocrx_word' id='word_1_78' title='bbox 636 1201 802 1254; x_wconf 85' lang='lat' dir='ltr'><strong>simus</strong></span> <span class='ocrx_word' id='word_1_79' title='bbox 833 1192 972 1263; x_wconf 78' lang='lat' dir='ltr'><strong>(Cir.</strong></span> <span class='ocrx_word' id='word_1_80' title='bbox 1009 1191 1156 1245; x_wconf 85' lang='lat' dir='ltr'><strong>Urat.</strong></span> <span class='ocrx_word' id='word_1_81' title='bbox 1187 1203 1248 1252; x_wconf 86' lang='lat' dir='ltr'><strong>ll,</strong></span> <span class='ocrx_word' id='word_1_82' title='bbox 1279 1201 1371 1252; x_wconf 85' lang='lat' dir='ltr'><strong>pro</strong></span> <span class='ocrx_word' id='word_1_83' title='bbox 1399 1180 1610 1244; x_wconf 81' lang='lat' dir='ltr'><strong>Fonte.,</strong></span> <span class='ocrx_word' id='word_1_84' title='bbox 1645 1189 1764 1245; x_wconf 84' lang='lat' dir='ltr'><strong>pag.</strong></span> <span class='ocrx_word' id='word_1_85' title='bbox 1793 1170 1918 1234; x_wconf 66' lang='lat'><strong>227,</strong></span> <span class='ocrx_word' id='word_1_86' title='bbox 1950 1181 2004 1221; x_wconf 90' lang='lat' dir='ltr'><strong>et</strong></span> <span class='ocrx_word' id='word_1_87' title='bbox 2035 1169 2241 1263; x_wconf 37' lang='lat' dir='ltr'><strong>seq-et</strong></span> 
     </span>
    </p>
   </div>
   <div class='ocr_carea' id='block_1_14' title="bbox 641 1257 2240 1353">
    <p class='ocr_par' dir='ltr' id='par_1_14' title="bbox 641 1257 2240 1353">
     <span class='ocr_line' id='line_1_14' title="bbox 641 1257 2240 1353; baseline -0.027 -3"><span class='ocrx_word' id='word_1_88' title='bbox 641 1295 788 1349; x_wconf 87' lang='lat' dir='ltr'><strong>Orat.</strong></span> <span class='ocrx_word' id='word_1_89' title='bbox 813 1257 905 1353; x_wconf 65' lang='lat'><strong>5‘7,</strong></span> <span class='ocrx_word' id='word_1_90' title='bbox 942 1289 994 1340; x_wconf 84' lang='lat' dir='ltr'><strong>in</strong></span> <span class='ocrx_word' id='word_1_91' title='bbox 1030 1285 1206 1346; x_wconf 84' lang='lat' dir='ltr'><strong>Pison,</strong></span> <span class='ocrx_word' id='word_1_92' title='bbox 1240 1294 1362 1350; x_wconf 59' lang='lat' dir='ltr'><strong>pag.</strong></span> <span class='ocrx_word' id='word_1_93' title='bbox 1394 1273 1563 1344; x_wconf 63' lang='lat' dir='ltr'><strong>5n)?</strong></span> <span class='ocrx_word' id='word_1_94' title='bbox 1597 1273 1670 1326; x_wconf 90' lang='lat' dir='ltr'><strong>De</strong></span> <span class='ocrx_word' id='word_1_95' title='bbox 1722 1269 1816 1321; x_wconf 88' lang='lat' dir='ltr'><strong>illo</strong></span> <span class='ocrx_word' id='word_1_96' title='bbox 1857 1274 2036 1318; x_wconf 89' lang='lat' dir='ltr'><strong>autem</strong></span> <span class='ocrx_word' id='word_1_97' title='bbox 2084 1257 2240 1353; x_wconf 37' lang='lat' dir='ltr'><strong>V&#39;ale-f</strong></span> 
     </span>
    </p>
   </div>
   <div class='ocr_carea' id='block_1_15' title="bbox 634 1349 2241 1444">
    <p class='ocr_par' dir='ltr' id='par_1_15' title="bbox 634 1349 2241 1444">
     <span class='ocr_line' id='line_1_15' title="bbox 634 1349 2241 1444; baseline -0.026 0"><span class='ocrx_word' id='word_1_98' title='bbox 634 1391 747 1444; x_wconf 88' lang='lat' dir='ltr'><strong>rius</strong></span> <span class='ocrx_word' id='word_1_99' title='bbox 781 1384 1042 1440; x_wconf 79' lang='lat' dir='ltr'><strong>Maximus</strong></span> <span class='ocrx_word' id='word_1_100' title='bbox 1072 1380 1150 1433; x_wconf 83' lang='lat' dir='ltr'><strong>sic</strong></span> <span class='ocrx_word' id='word_1_101' title='bbox 1182 1349 1416 1444; x_wconf 87' lang='lat' dir='ltr'><strong>loquitur</strong></span> <span class='ocrx_word' id='word_1_102' title='bbox 1452 1387 1464 1423; x_wconf 89' lang='lat'><strong>:</strong></span> <span class='ocrx_word' id='word_1_103' title='bbox 1499 1388 1516 1420; x_wconf 71' lang='grc' dir='ltr'><strong>ι</strong></span> <span class='ocrx_word' id='word_1_104' title='bbox 1547 1365 1682 1434; x_wconf 84' lang='lat' dir='ltr'><strong>Quid</strong></span> <span class='ocrx_word' id='word_1_105' title='bbox 1713 1359 2078 1418; x_wconf 87' lang='lat' dir='ltr'><strong>damnatione,</strong></span> <span class='ocrx_word' id='word_1_106' title='bbox 2113 1349 2241 1421; x_wconf 91' lang='lat' dir='ltr'><strong>quid</strong></span> 
     </span>
    </p>
   </div>
   <div class='ocr_carea' id='block_1_16' title="bbox 637 1443 2243 1536">
    <p class='ocr_par' dir='ltr' id='par_1_16' title="bbox 637 1443 2243 1536">
     <span class='ocr_line' id='line_1_16' title="bbox 637 1443 2243 1536; baseline -0.027 1"><span class='ocrx_word' id='word_1_107' title='bbox 637 1482 830 1536; x_wconf 80' lang='lat' dir='ltr'><strong>exsilio</strong></span> <span class='ocrx_word' id='word_1_108' title='bbox 859 1471 1147 1530; x_wconf 82' lang='lat' dir='ltr'><strong>miserius?</strong></span> <span class='ocrx_word' id='word_1_109' title='bbox 1177 1443 1334 1522; x_wconf 13' lang='lat' dir='ltr'><strong>Atil’.</strong></span> <span class='ocrx_word' id='word_1_110' title='bbox 1368 1462 1587 1525; x_wconf 71' lang='lat' dir='ltr'><strong>Rutilio,</strong></span> <span class='ocrx_word' id='word_1_111' title='bbox 1618 1453 2018 1523; x_wconf 78' lang='lat' dir='ltr'><strong>conspiratione</strong></span> <span class='ocrx_word' id='word_1_112' title='bbox 2073 1443 2243 1514; x_wconf 91' lang='lat' dir='ltr'><strong>publi-</strong></span> 
     </span>
    </p>
   </div>
   <div class='ocr_carea' id='block_1_17' title="bbox 638 1537 2244 1639">
    <p class='ocr_par' dir='ltr' id='par_1_17' title="bbox 638 1537 2244 1639">
     <span class='ocr_line' id='line_1_17' title="bbox 638 1537 2244 1639; baseline -0.026 -9"><span class='ocrx_word' id='word_1_113' title='bbox 638 1588 894 1630; x_wconf 88' lang='lat' dir='ltr'><strong>canorum</strong></span> <span class='ocrx_word' id='word_1_114' title='bbox 927 1567 1189 1639; x_wconf 88' lang='lat' dir='ltr'><strong>perculso,</strong></span> <span class='ocrx_word' id='word_1_115' title='bbox 1227 1558 1597 1615; x_wconf 88' lang='lat' dir='ltr'><strong>auctoritatem</strong></span> <span class='ocrx_word' id='word_1_116' title='bbox 1644 1550 1881 1604; x_wconf 84' lang='lat' dir='ltr'><strong>adimere</strong></span> <span class='ocrx_word' id='word_1_117' title='bbox 1923 1557 2026 1596; x_wconf 91' lang='lat' dir='ltr'><strong>non</strong></span> <span class='ocrx_word' id='word_1_118' title='bbox 2065 1537 2244 1590; x_wconf 84' lang='lat' dir='ltr'><strong>value-</strong></span> 
     </span>
    </p>
   </div>
   <div class='ocr_carea' id='block_1_18' title="bbox 640 1627 2242 1726">
    <p class='ocr_par' dir='ltr' id='par_1_18' title="bbox 640 1627 2242 1726">
     <span class='ocr_line' id='line_1_18' title="bbox 640 1627 2242 1726; baseline -0.027 -5"><span class='ocrx_word' id='word_1_119' title='bbox 640 1675 783 1721; x_wconf 88' lang='lat' dir='ltr'><strong>runt.</strong></span> <span class='ocrx_word' id='word_1_120' title='bbox 817 1664 913 1717; x_wconf 82' lang='lat' dir='ltr'><strong>Cui</strong></span> <span class='ocrx_word' id='word_1_121' title='bbox 946 1660 1128 1715; x_wconf 80' lang='lat' dir='ltr'><strong>Asiam</strong></span> <span class='ocrx_word' id='word_1_122' title='bbox 1161 1651 1362 1726; x_wconf 82' lang='lat' dir='ltr'><strong>petenti</strong></span> <span class='ocrx_word' id='word_1_123' title='bbox 1390 1661 1579 1702; x_wconf 87' lang='lat' dir='ltr'><strong>omnes</strong></span> <span class='ocrx_word' id='word_1_124' title='bbox 1607 1639 1895 1714; x_wconf 70' lang='lat' dir='ltr'><strong>provinciae</strong></span> <span class='ocrx_word' id='word_1_125' title='bbox 1935 1633 2078 1687; x_wconf 89' lang='lat' dir='ltr'><strong>illius</strong></span> <span class='ocrx_word' id='word_1_126' title='bbox 2107 1627 2242 1683; x_wconf 80' lang='lat' dir='ltr'><strong>civi—</strong></span> 
     </span>
    </p>
   </div>
   <div class='ocr_carea' id='block_1_19' title="bbox 2335 406 3944 496">
    <p class='ocr_par' dir='ltr' id='par_1_19' title="bbox 2335 406 3944 496">
     <span class='ocr_line' id='line_1_19' title="bbox 2335 406 3944 496; baseline -0.013 -15"><span class='ocrx_word' id='word_1_127' title='bbox 2335 442 2453 482; x_wconf 86' lang='lat' dir='ltr'><strong>rum</strong></span> <span class='ocrx_word' id='word_1_128' title='bbox 2484 428 2633 496; x_wconf 83' lang='lat' dir='ltr'><strong>vigor</strong></span> <span class='ocrx_word' id='word_1_129' title='bbox 2657 421 2915 476; x_wconf 86' lang='lat' dir='ltr'><strong>constitit.</strong></span> <span class='ocrx_word' id='word_1_130' title='bbox 2962 419 3173 486; x_wconf 88' lang='lat' dir='ltr'><strong>Quanto</strong></span> <span class='ocrx_word' id='word_1_131' title='bbox 3219 413 3386 484; x_wconf 85' lang='lat' dir='ltr'><strong>magis</strong></span> <span class='ocrx_word' id='word_1_132' title='bbox 3435 411 3559 465; x_wconf 87' lang='lat' dir='ltr'><strong>huic</strong></span> <span class='ocrx_word' id='word_1_133' title='bbox 3589 406 3944 462; x_wconf 86' lang='lat' dir='ltr'><strong>invidendum</strong></span> 
     </span>
    </p>
   </div>
   <div class='ocr_carea' id='block_1_20' title="bbox 2337 500 3946 588">
    <p class='ocr_par' dir='ltr' id='par_1_20' title="bbox 2337 500 3946 588">
     <span class='ocr_line' id='line_1_20' title="bbox 2337 500 3946 588; baseline -0.013 -14"><span class='ocrx_word' id='word_1_134' title='bbox 2337 529 2441 584; x_wconf 91' lang='grc' dir='ltr'>εει,</span> <span class='ocrx_word' id='word_1_135' title='bbox 2476 533 2634 588; x_wconf 87' lang='lat' dir='ltr'><strong>quam</strong></span> <span class='ocrx_word' id='word_1_136' title='bbox 2674 517 2798 577; x_wconf 84' lang='lat' dir='ltr'><strong>illis,</strong></span> <span class='ocrx_word' id='word_1_137' title='bbox 2833 513 3027 583; x_wconf 81' lang='lat' dir='ltr'><strong>quibus</strong></span> <span class='ocrx_word' id='word_1_138' title='bbox 3076 523 3291 578; x_wconf 77' lang='lat' dir='ltr'><strong>gemma</strong></span> <span class='ocrx_word' id='word_1_139' title='bbox 3347 505 3701 562; x_wconf 83' lang='lat' dir='ltr'><strong>ministratur,</strong></span> <span class='ocrx_word' id='word_1_140' title='bbox 3749 500 3946 569; x_wconf 84' lang='lat' dir='ltr'><strong>quibus</strong></span> 
     </span>
    </p>
   </div>
   <div class='ocr_carea' id='block_1_21' title="bbox 2337 594 3944 676">
    <p class='ocr_par' dir='ltr' id='par_1_21' title="bbox 2337 594 3944 676">
     <span class='ocr_line' id='line_1_21' title="bbox 2337 594 3944 676; baseline -0.012 -9"><span class='ocrx_word' id='word_1_141' title='bbox 2337 613 2602 676; x_wconf 71' lang='lat' dir='ltr'><strong>exoletus,</strong></span> <span class='ocrx_word' id='word_1_142' title='bbox 2632 611 2810 662; x_wconf 88' lang='lat' dir='ltr'><strong>omnia</strong></span> <span class='ocrx_word' id='word_1_143' title='bbox 2844 607 2948 676; x_wconf 84' lang='lat' dir='ltr'><strong>pati</strong></span> <span class='ocrx_word' id='word_1_144' title='bbox 2978 605 3192 665; x_wconf 83' lang='lat' dir='ltr'><strong>doctus.</strong></span> <span class='ocrx_word' id='word_1_145' title='bbox 3223 614 3539 669; x_wconf 65' lang='lat' dir='ltr'><strong>suspensam</strong></span> <span class='ocrx_word' id='word_1_146' title='bbox 3587 611 3720 651; x_wconf 91' lang='lat' dir='ltr'><strong>auro</strong></span> <span class='ocrx_word' id='word_1_147' title='bbox 3766 594 3944 649; x_wconf 91' lang='lat' dir='ltr'><strong>nivem</strong></span> 
     </span>
    </p>
   </div>
   <div class='ocr_carea' id='block_1_22' title="bbox 2339 689 3947 772">
    <p class='ocr_par' dir='ltr' id='par_1_22' title="bbox 2339 689 3947 772">
     <span class='ocr_line' id='line_1_22' title="bbox 2339 689 3947 772; baseline -0.011 -12"><span class='ocrx_word' id='word_1_148' title='bbox 2339 705 2536 761; x_wconf 86' lang='lat' dir='ltr'><strong>diluit?</strong></span> <span class='ocrx_word' id='word_1_149' title='bbox 2595 703 2655 757; x_wconf 85' lang='lat' dir='ltr'><strong>lli</strong></span> <span class='ocrx_word' id='word_1_150' title='bbox 2703 699 2961 772; x_wconf 78' lang='lat' dir='ltr'><strong>quidquid</strong></span> <span class='ocrx_word' id='word_1_151' title='bbox 3025 697 3278 764; x_wconf 78' lang='lat' dir='ltr'><strong>biberint,</strong></span> <span class='ocrx_word' id='word_1_152' title='bbox 3327 694 3527 747; x_wconf 83' lang='lat' dir='ltr'><strong>vomitu</strong></span> <span class='ocrx_word' id='word_1_153' title='bbox 3592 689 3947 743; x_wconf 84' lang='lat' dir='ltr'><strong>remetientur</strong></span> 
     </span>
    </p>
   </div>
   <div class='ocr_carea' id='block_1_23' title="bbox 2341 785 3947 864">
    <p class='ocr_par' dir='ltr' id='par_1_23' title="bbox 2341 785 3947 864">
     <span class='ocr_line' id='line_1_23' title="bbox 2341 785 3947 864; baseline -0.012 -8"><span class='ocrx_word' id='word_1_154' title='bbox 2341 801 2543 864; x_wconf 78' lang='lat' dir='ltr'><strong>tristes,</strong></span> <span class='ocrx_word' id='word_1_155' title='bbox 2575 806 2630 851; x_wconf 85' lang='lat' dir='ltr'><strong>et</strong></span> <span class='ocrx_word' id='word_1_156' title='bbox 2675 797 2834 850; x_wconf 81' lang='lat' dir='ltr'><strong>bilem</strong></span> <span class='ocrx_word' id='word_1_157' title='bbox 2868 808 3019 848; x_wconf 90' lang='lat' dir='ltr'><strong>suam</strong></span> <span class='ocrx_word' id='word_1_158' title='bbox 3050 801 3412 864; x_wconf 79' lang='lat' dir='ltr'><strong>regustantes.</strong></span> <span class='ocrx_word' id='word_1_159' title='bbox 3457 790 3526 841; x_wconf 88' lang='lat' dir='ltr'><strong>At</strong></span> <span class='ocrx_word' id='word_1_160' title='bbox 3552 785 3646 840; x_wconf 90' lang='lat' dir='ltr'><strong>ille</strong></span> <span class='ocrx_word' id='word_1_161' title='bbox 3676 797 3947 839; x_wconf 88' lang='lat' dir='ltr'><strong>venenum</strong></span> 
     </span>
    </p>
   </div>
   <div class='ocr_carea' id='block_1_24' title="bbox 2343 888 3103 948">
    <p class='ocr_par' dir='ltr' id='par_1_24' title="bbox 2343 888 3103 948">
     <span class='ocr_line' id='line_1_24' title="bbox 2343 888 3103 948; baseline -0.014 0"><span class='ocrx_word' id='word_1_162' title='bbox 2343 895 2498 948; x_wconf 71' lang='lat' dir='ltr'><strong>hctus</strong></span> <span class='ocrx_word' id='word_1_163' title='bbox 2527 901 2581 946; x_wconf 92' lang='lat' dir='ltr'><strong>ct</strong></span> <span class='ocrx_word' id='word_1_164' title='bbox 2611 890 2782 944; x_wconf 90' lang='lat' dir='ltr'><strong>libens</strong></span> <span class='ocrx_word' id='word_1_165' title='bbox 2807 888 3038 942; x_wconf 90' lang='lat' dir='ltr'><strong>hauriet.</strong></span> <span class='ocrx_word' id='word_1_166' title='bbox 3085 904 3103 937; x_wconf 71' lang='grc' dir='ltr'><strong>ι</strong></span> 
     </span>
    </p>
   </div>
   <div class='ocr_carea' id='block_1_25' title="bbox 2413 975 3948 1049">
    <p class='ocr_par' dir='ltr' id='par_1_25' title="bbox 2413 975 3948 1049">
     <span class='ocr_line' id='line_1_25' title="bbox 2413 975 3948 1049; baseline -0.01 -8"><span class='ocrx_word' id='word_1_167' title='bbox 2413 988 2486 1041; x_wconf 78' lang='lat' dir='ltr'><strong>De</strong></span> <span class='ocrx_word' id='word_1_168' title='bbox 2516 983 2743 1040; x_wconf 85' lang='lat' dir='ltr'><strong>Camillo</strong></span> <span class='ocrx_word' id='word_1_169' title='bbox 2800 981 3038 1044; x_wconf 84' lang='lat' dir='ltr'><strong>tandem,</strong></span> <span class='ocrx_word' id='word_1_170' title='bbox 3090 993 3248 1049; x_wconf 89' lang='lat' dir='ltr'><strong>quem</strong></span> <span class='ocrx_word' id='word_1_171' title='bbox 3295 975 3543 1030; x_wconf 62' lang='lat' dir='ltr'><strong>Caecilius</strong></span> <span class='ocrx_word' id='word_1_172' title='bbox 3600 988 3707 1027; x_wconf 91' lang='lat' dir='ltr'><strong>non</strong></span> <span class='ocrx_word' id='word_1_173' title='bbox 3766 980 3948 1026; x_wconf 88' lang='lat' dir='ltr'><strong>autem</strong></span> 
     </span>
    </p>
   </div>
   <div class='ocr_carea' id='block_1_26' title="bbox 2341 1066 3954 1141">
    <p class='ocr_par' dir='ltr' id='par_1_26' title="bbox 2341 1066 3954 1141">
     <span class='ocr_line' id='line_1_26' title="bbox 2341 1066 3954 1141; baseline -0.01 -5"><span class='ocrx_word' id='word_1_174' title='bbox 2341 1079 2531 1136; x_wconf 85' lang='lat' dir='ltr'><strong>Cicero</strong></span> <span class='ocrx_word' id='word_1_175' title='bbox 2555 1087 2840 1141; x_wconf 62' lang='lat' dir='ltr'><strong>memorat,</strong></span> <span class='ocrx_word' id='word_1_176' title='bbox 2870 1075 2984 1129; x_wconf 72' lang='lat' dir='ltr'><strong>huc</strong></span> <span class='ocrx_word' id='word_1_177' title='bbox 3014 1089 3041 1126; x_wconf 93' lang='lat' dir='ltr'><strong>a</strong></span> <span class='ocrx_word' id='word_1_178' title='bbox 3075 1071 3291 1125; x_wconf 84' lang='lat' dir='ltr'><strong>Valerio</strong></span> <span class='ocrx_word' id='word_1_179' title='bbox 3343 1069 3568 1122; x_wconf 81' lang='lat' dir='ltr'><strong>Maximo</strong></span> <span class='ocrx_word' id='word_1_180' title='bbox 3620 1066 3816 1135; x_wconf 90' lang='lat' dir='ltr'><strong>scripta</strong></span> <span class='ocrx_word' id='word_1_181' title='bbox 3865 1081 3954 1120; x_wconf 89' lang='lat' dir='ltr'><strong>re-</strong></span> 
     </span>
    </p>
   </div>
   <div class='ocr_carea' id='block_1_27' title="bbox 2342 1156 3952 1242">
    <p class='ocr_par' dir='ltr' id='par_1_27' title="bbox 2342 1156 3952 1242">
     <span class='ocr_line' id='line_1_27' title="bbox 2342 1156 3952 1242; baseline -0.01 -17"><span class='ocrx_word' id='word_1_182' title='bbox 2342 1171 2520 1242; x_wconf 89' lang='lat' dir='ltr'><strong>peries</strong></span> <span class='ocrx_word' id='word_1_183' title='bbox 2562 1187 2576 1223; x_wconf 87' lang='lat'><strong>:</strong></span> <span class='ocrx_word' id='word_1_184' title='bbox 2627 1187 2645 1220; x_wconf 80' lang='grc'><strong>(</strong></span> <span class='ocrx_word' id='word_1_185' title='bbox 2683 1167 2888 1222; x_wconf 77' lang='lat' dir='ltr'><strong>Vtrium</strong></span> <span class='ocrx_word' id='word_1_186' title='bbox 2933 1165 3296 1218; x_wconf 69' lang='lat' dir='ltr'><strong>Romanarum</strong></span> <span class='ocrx_word' id='word_1_187' title='bbox 3329 1169 3382 1214; x_wconf 91' lang='lat' dir='ltr'><strong>et</strong></span> <span class='ocrx_word' id='word_1_188' title='bbox 3420 1161 3808 1212; x_wconf 81' lang='lat' dir='ltr'><strong>increu‘teututu</strong></span> <span class='ocrx_word' id='word_1_189' title='bbox 3861 1156 3952 1209; x_wconf 68' lang='lat' dir='ltr'><strong>la!-</strong></span> 
     </span>
    </p>
   </div>
   <div class='ocr_carea' id='block_1_28' title="bbox 2348 1247 3951 1326">
    <p class='ocr_par' dir='ltr' id='par_1_28' title="bbox 2348 1247 3951 1326">
     <span class='ocr_line' id='line_1_28' title="bbox 2348 1247 3951 1326; baseline -0.009 -9"><span class='ocrx_word' id='word_1_190' title='bbox 2348 1263 2634 1326; x_wconf 65' lang='lat' dir='ltr'><strong>tissimum,</strong></span> <span class='ocrx_word' id='word_1_191' title='bbox 2683 1270 2737 1314; x_wconf 92' lang='lat' dir='ltr'><strong>et</strong></span> <span class='ocrx_word' id='word_1_192' title='bbox 2780 1258 2941 1312; x_wconf 88' lang='lat' dir='ltr'><strong>tutela</strong></span> <span class='ocrx_word' id='word_1_193' title='bbox 2993 1255 3290 1311; x_wconf 62' lang='lat' dir='ltr'><strong>certissima</strong></span> <span class='ocrx_word' id='word_1_194' title='bbox 3345 1251 3539 1306; x_wconf 82' lang='lat' dir='ltr'><strong>Fui-ius</strong></span> <span class='ocrx_word' id='word_1_195' title='bbox 3588 1247 3845 1303; x_wconf 74' lang='lat' dir='ltr'><strong>Cantilius</strong></span> <span class='ocrx_word' id='word_1_196' title='bbox 3899 1247 3951 1302; x_wconf 93' lang='lat' dir='ltr'><strong>in</strong></span> 
     </span>
    </p>
   </div>
   <div class='ocr_carea' id='block_1_29' title="bbox 2349 1339 3952 1410">
    <p class='ocr_par' dir='ltr' id='par_1_29' title="bbox 2349 1339 3952 1410">
     <span class='ocr_line' id='line_1_29' title="bbox 2349 1339 3952 1410; baseline -0.011 0"><span class='ocrx_word' id='word_1_197' title='bbox 2349 1354 2494 1410; x_wconf 88' lang='lat' dir='ltr'><strong>Urbe</strong></span> <span class='ocrx_word' id='word_1_198' title='bbox 2543 1352 2966 1407; x_wconf 74' lang='lat' dir='ltr'><strong>incolumitatem</strong></span> <span class='ocrx_word' id='word_1_199' title='bbox 3023 1363 3174 1401; x_wconf 87' lang='lat' dir='ltr'><strong>suam</strong></span> <span class='ocrx_word' id='word_1_200' title='bbox 3227 1345 3362 1399; x_wconf 89' lang='lat' dir='ltr'><strong>tueri</strong></span> <span class='ocrx_word' id='word_1_201' title='bbox 3413 1359 3518 1396; x_wconf 91' lang='lat' dir='ltr'><strong>non</strong></span> <span class='ocrx_word' id='word_1_202' title='bbox 3572 1342 3754 1404; x_wconf 82' lang='lat' dir='ltr'><strong>valuit,</strong></span> <span class='ocrx_word' id='word_1_203' title='bbox 3797 1339 3952 1408; x_wconf 77' lang='lat' dir='ltr'><strong>cujus</strong></span> 
     </span>
    </p>
   </div>
   <div class='ocr_carea' id='block_1_30' title="bbox 2348 1429 3958 1518">
    <p class='ocr_par' dir='ltr' id='par_1_30' title="bbox 2348 1429 3958 1518">
     <span class='ocr_line' id='line_1_30' title="bbox 2348 1429 3958 1518; baseline -0.011 -16"><span class='ocrx_word' id='word_1_204' title='bbox 2348 1449 2464 1518; x_wconf 88' lang='lat' dir='ltr'><strong>ipse</strong></span> <span class='ocrx_word' id='word_1_205' title='bbox 2517 1446 2743 1502; x_wconf 82' lang='lat' dir='ltr'><strong>salutem</strong></span> <span class='ocrx_word' id='word_1_206' title='bbox 2785 1442 3103 1506; x_wconf 89' lang='lat' dir='ltr'><strong>stabilierat,</strong></span> <span class='ocrx_word' id='word_1_207' title='bbox 3153 1438 3458 1493; x_wconf 81' lang='lat' dir='ltr'><strong>felicitatem</strong></span> <span class='ocrx_word' id='word_1_208' title='bbox 3495 1443 3735 1488; x_wconf 76' lang='lat' dir='ltr'><strong>auxerat.</strong></span> <span class='ocrx_word' id='word_1_209' title='bbox 3775 1429 3958 1501; x_wconf 85' lang='lat' dir='ltr'><strong>Siqui-</strong></span> 
     </span>
    </p>
   </div>
   <div class='ocr_carea' id='block_1_31' title="bbox 2345 1524 3956 1606">
    <p class='ocr_par' dir='ltr' id='par_1_31' title="bbox 2345 1524 3956 1606">
     <span class='ocr_line' id='line_1_31' title="bbox 2345 1524 3956 1606; baseline -0.011 -12"><span class='ocrx_word' id='word_1_210' title='bbox 2345 1540 2468 1594; x_wconf 86' lang='lat' dir='ltr'><strong>dem</strong></span> <span class='ocrx_word' id='word_1_211' title='bbox 2497 1553 2526 1592; x_wconf 90' lang='lat' dir='ltr'><strong>a</strong></span> <span class='ocrx_word' id='word_1_212' title='bbox 2559 1538 2620 1592; x_wconf 88' lang='lat' dir='ltr'><strong>L.</strong></span> <span class='ocrx_word' id='word_1_213' title='bbox 2655 1537 2880 1606; x_wconf 84' lang='lat' dir='ltr'><strong>Apuleio</strong></span> <span class='ocrx_word' id='word_1_214' title='bbox 2914 1534 3128 1588; x_wconf 90' lang='lat' dir='ltr'><strong>tribuno</strong></span> <span class='ocrx_word' id='word_1_215' title='bbox 3157 1530 3323 1600; x_wconf 87' lang='lat' dir='ltr'><strong>plebis</strong></span> <span class='ocrx_word' id='word_1_216' title='bbox 3352 1540 3623 1594; x_wconf 83' lang='lat' dir='ltr'><strong>tamquam</strong></span> <span class='ocrx_word' id='word_1_217' title='bbox 3681 1524 3956 1594; x_wconf 80' lang='lat' dir='ltr'><strong>peciilaior</strong></span> 
     </span>
    </p>
   </div>
   <div class='ocr_carea' id='block_1_32' title="bbox 2349 1616 3955 1704">
    <p class='ocr_par' dir='ltr' id='par_1_32' title="bbox 2349 1616 3955 1704">
     <span class='ocr_line' id='line_1_32' title="bbox 2349 1616 3955 1704; baseline -0.013 -14"><span class='ocrx_word' id='word_1_218' title='bbox 2349 1634 2634 1704; x_wconf 77' lang='lat' dir='ltr'><strong>Vegetanze</strong></span> <span class='ocrx_word' id='word_1_219' title='bbox 2657 1631 2855 1701; x_wconf 73' lang='lat' dir='ltr'><strong>pr.ed;c</strong></span> <span class='ocrx_word' id='word_1_220' title='bbox 2889 1644 3010 1682; x_wconf 65' lang='lat' dir='ltr'><strong>reus</strong></span> <span class='ocrx_word' id='word_1_221' title='bbox 3037 1627 3229 1686; x_wconf 59' lang='lat' dir='ltr'><strong>factus,</strong></span> <span class='ocrx_word' id='word_1_222' title='bbox 3259 1624 3430 1686; x_wconf 90' lang='lat' dir='ltr'><strong>duris,</strong></span> <span class='ocrx_word' id='word_1_223' title='bbox 3459 1632 3620 1690; x_wconf 90' lang='lat' dir='ltr'><strong>atque</strong></span> <span class='ocrx_word' id='word_1_224' title='bbox 3658 1630 3714 1672; x_wconf 93' lang='lat' dir='ltr'><strong>ut</strong></span> <span class='ocrx_word' id='word_1_225' title='bbox 3756 1619 3826 1671; x_wconf 90' lang='lat' dir='ltr'><strong>ita</strong></span> <span class='ocrx_word' id='word_1_226' title='bbox 3869 1616 3955 1670; x_wconf 86' lang='lat' dir='ltr'><strong>di-</strong></span> 
     </span>
    </p>
   </div>
   <div class='ocr_carea' id='block_1_33' title="bbox 641 1708 3953 1826">
    <p class='ocr_par' dir='ltr' id='par_1_33' title="bbox 641 1708 3953 1826">
     <span class='ocr_line' id='line_1_33' title="bbox 641 1708 3953 1826; baseline -0.014 -19"><span class='ocrx_word' id='word_1_227' title='bbox 641 1768 775 1812; x_wconf 75' lang='lat' dir='ltr'><strong>laies</strong></span> <span class='ocrx_word' id='word_1_228' title='bbox 809 1758 1031 1826; x_wconf 78' lang='lat' dir='ltr'><strong>legatus,</strong></span> <span class='ocrx_word' id='word_1_229' title='bbox 1057 1760 1328 1804; x_wconf 79' lang='lat' dir='ltr'><strong>secessum</strong></span> <span class='ocrx_word' id='word_1_230' title='bbox 1353 1743 1467 1811; x_wconf 81' lang='lat' dir='ltr'><strong>ejus</strong></span> <span class='ocrx_word' id='word_1_231' title='bbox 1491 1733 1856 1807; x_wconf 69' lang='lat' dir='ltr'><strong>oppet&#39;ieuteS.</strong></span> <span class='ocrx_word' id='word_1_232' title='bbox 1896 1723 2107 1781; x_wconf 69' lang='lat' dir='ltr'><strong>ObVial“</strong></span> <span class='ocrx_word' id='word_1_233' title='bbox 2141 1722 2241 1772; x_wconf 72' lang='grc' dir='ltr'>ιιιί·</span> <span class='ocrx_word' id='word_1_234' title='bbox 2274 1730 2318 1789; x_wconf 88' lang='grc' dir='ltr'><strong>Β</strong></span> <span class='ocrx_word' id='word_1_235' title='bbox 2346 1743 2483 1790; x_wconf 83' lang='lat' dir='ltr'><strong>cum,</strong></span> <span class='ocrx_word' id='word_1_236' title='bbox 2517 1724 2708 1780; x_wconf 79' lang='lat' dir='ltr'><strong>ferreis</strong></span> <span class='ocrx_word' id='word_1_237' title='bbox 2733 1721 3011 1779; x_wconf 86' lang='lat' dir='ltr'><strong>sententiis</strong></span> <span class='ocrx_word' id='word_1_238' title='bbox 3041 1721 3092 1773; x_wconf 91' lang='lat' dir='ltr'><strong>in</strong></span> <span class='ocrx_word' id='word_1_239' title='bbox 3120 1717 3344 1773; x_wconf 79' lang='lat' dir='ltr'><strong>exilium</strong></span> <span class='ocrx_word' id='word_1_240' title='bbox 3372 1715 3566 1768; x_wconf 89' lang='lat' dir='ltr'><strong>missus</strong></span> <span class='ocrx_word' id='word_1_241' title='bbox 3593 1721 3698 1765; x_wconf 87' lang='lat' dir='ltr'><strong>est.</strong></span> <span class='ocrx_word' id='word_1_242' title='bbox 3731 1711 3800 1764; x_wconf 85' lang='lat' dir='ltr'><strong>Et</strong></span> <span class='ocrx_word' id='word_1_243' title='bbox 3829 1708 3953 1777; x_wconf 91' lang='lat' dir='ltr'><strong>qui-</strong></span> 
     </span>
     <span class='ocr_line' id='line_1_34' title="bbox 1965 1805 3932 1826; baseline -0.014 14"><span class='ocrx_word' id='word_1_244' title='bbox 1965 1822 1973 1826; x_wconf 88' lang='lat'><em>‘</em></span> <span class='ocrx_word' id='word_1_245' title='bbox 2115 1815 2126 1826; x_wconf 84' lang='lat'>&#39;</span> <span class='ocrx_word' id='word_1_246' title='bbox 2365 1818 2379 1826; x_wconf 82' lang='lat'><strong>-</strong></span> <span class='ocrx_word' id='word_1_247' title='bbox 2614 1825 2617 1826; x_wconf 47' lang='grc' dir='ltr'><em>ν</em></span> <span class='ocrx_word' id='word_1_248' title='bbox 3142 1811 3173 1826; x_wconf 64' lang='grc' dir='ltr'>,ν</span> <span class='ocrx_word' id='word_1_249' title='bbox 3219 1825 3260 1826; x_wconf 29' lang='lat'><strong>,7</strong></span> <span class='ocrx_word' id='word_1_250' title='bbox 3320 1809 3328 1819; x_wconf 77' lang='grc' dir='ltr'><strong>ι</strong></span> <span class='ocrx_word' id='word_1_251' title='bbox 3374 1822 3505 1826; x_wconf 22' lang='grc' dir='ltr'><strong>--Δί-Α</strong></span> <span class='ocrx_word' id='word_1_252' title='bbox 3549 1805 3655 1826; x_wconf 41' lang='grc' dir='ltr'><strong>,ιμ’</strong></span> <span class='ocrx_word' id='word_1_253' title='bbox 3693 1815 3932 1826; x_wconf 38' lang='grc' dir='ltr'><strong>..ᾔ---.η-</strong></span> 
     </span>
    </p>
   </div>
   <div class='ocr_carea' id='block_1_34' title="bbox 641 1815 2244 1907">
    <p class='ocr_par' dir='ltr' id='par_1_34' title="bbox 641 1815 2244 1907">
     <span class='ocr_line' id='line_1_35' title="bbox 641 1815 2244 1907; baseline -0.027 1"><span class='ocrx_word' id='word_1_254' title='bbox 641 1863 848 1907; x_wconf 88' lang='lat' dir='ltr'><strong>serunt.</strong></span> <span class='ocrx_word' id='word_1_255' title='bbox 887 1846 1152 1902; x_wconf 75' lang='lat' dir='ltr'><strong>Exsulare</strong></span> <span class='ocrx_word' id='word_1_256' title='bbox 1206 1837 1397 1904; x_wconf 85' lang='lat' dir='ltr'><strong>aliquis</strong></span> <span class='ocrx_word' id='word_1_257' title='bbox 1453 1835 1552 1888; x_wconf 87' lang='lat' dir='ltr'><strong>hoc</strong></span> <span class='ocrx_word' id='word_1_258' title='bbox 1605 1831 1745 1890; x_wconf 83' lang='lat' dir='ltr'><strong>loco,</strong></span> <span class='ocrx_word' id='word_1_259' title='bbox 1795 1840 1860 1878; x_wconf 87' lang='lat' dir='ltr'><strong>an</strong></span> <span class='ocrx_word' id='word_1_260' title='bbox 1913 1815 2244 1886; x_wconf 84' lang='lat' dir='ltr'><strong>triumphare</strong></span> 
     </span>
    </p>
   </div>
   <div class='ocr_carea' id='block_1_35' title="bbox 636 1906 2248 2014">
    <p class='ocr_par' dir='ltr' id='par_1_35' title="bbox 636 1906 2248 2014">
     <span class='ocr_line' id='line_1_36' title="bbox 636 1906 2248 2014; baseline -0.025 -17"><span class='ocrx_word' id='word_1_261' title='bbox 636 1943 833 2014; x_wconf 73' lang='lat' dir='ltr'><strong>juslius</strong></span> <span class='ocrx_word' id='word_1_262' title='bbox 854 1937 1086 1992; x_wconf 82' lang='lat' dir='ltr'><strong>dixerit?</strong></span> <span class='ocrx_word' id='word_1_263' title='bbox 1125 1953 1143 1983; x_wconf 75' lang='grc' dir='ltr'><strong>ι</strong></span> <span class='ocrx_word' id='word_1_264' title='bbox 1179 1931 1382 2005; x_wconf 73' lang='lat' dir='ltr'><strong>(Valer.</strong></span> <span class='ocrx_word' id='word_1_265' title='bbox 1415 1925 1576 1987; x_wconf 83' lang='lat' dir='ltr'><strong>Max.,</strong></span> <span class='ocrx_word' id='word_1_266' title='bbox 1603 1921 1675 1974; x_wconf 91' lang='lat' dir='ltr'><strong>lib</strong></span> <span class='ocrx_word' id='word_1_267' title='bbox 1730 1933 1789 1983; x_wconf 84' lang='grc' dir='ltr'><strong>ιι,</strong></span> <span class='ocrx_word' id='word_1_268' title='bbox 1822 1911 2059 2014; x_wconf 42' lang='grc' dir='ltr'>(·ερ..ι.0,</span> <span class='ocrx_word' id='word_1_269' title='bbox 2164 1906 2248 1977; x_wconf 75' lang='grc'><strong>5.)</strong></span> 
     </span>
    </p>
   </div>
   <div class='ocr_carea' id='block_1_36' title="bbox 642 1998 2247 2092">
    <p class='ocr_par' dir='ltr' id='par_1_36' title="bbox 642 1998 2247 2092">
     <span class='ocr_line' id='line_1_37' title="bbox 642 1998 2247 2092; baseline -0.029 1"><span class='ocrx_word' id='word_1_270' title='bbox 642 1998 845 2092; x_wconf 66' lang='lat' dir='ltr'><strong>Similia</strong></span> <span class='ocrx_word' id='word_1_271' title='bbox 875 2029 1014 2084; x_wconf 91' lang='lat' dir='ltr'><strong>haud</strong></span> <span class='ocrx_word' id='word_1_272' title='bbox 1061 1998 1226 2081; x_wconf 83' lang='lat' dir='ltr'><strong>semel</strong></span> <span class='ocrx_word' id='word_1_273' title='bbox 1258 2021 1394 2076; x_wconf 78' lang='lat' dir='ltr'><strong>dixit</strong></span> <span class='ocrx_word' id='word_1_274' title='bbox 1429 2016 1630 2072; x_wconf 64' lang='lat' dir='ltr'><strong>Seneco</strong></span> <span class='ocrx_word' id='word_1_275' title='bbox 1661 2008 1920 2079; x_wconf 77' lang='lat' dir='ltr'><strong>(Seuec.,</strong></span> <span class='ocrx_word' id='word_1_276' title='bbox 1957 2003 2048 2056; x_wconf 89' lang='lat' dir='ltr'><strong>lib.</strong></span> <span class='ocrx_word' id='word_1_277' title='bbox 2077 1998 2247 2064; x_wconf 77' lang='lat' dir='ltr'><strong>Quare</strong></span> 
     </span>
    </p>
   </div>
   <div class='ocr_carea' id='block_1_37' title="bbox 642 2097 2239 2184">
    <p class='ocr_par' dir='ltr' id='par_1_37' title="bbox 642 2097 2239 2184">
     <span class='ocr_line' id='line_1_38' title="bbox 642 2097 2239 2184; baseline -0.026 0"><span class='ocrx_word' id='word_1_278' title='bbox 642 2129 786 2184; x_wconf 84' lang='lat' dir='ltr'><strong>bonis</strong></span> <span class='ocrx_word' id='word_1_279' title='bbox 818 2126 936 2180; x_wconf 80' lang='lat' dir='ltr'><strong>viris</strong></span> <span class='ocrx_word' id='word_1_280' title='bbox 967 2120 1121 2182; x_wconf 85' lang='lat' dir='ltr'><strong>mula,</strong></span> <span class='ocrx_word' id='word_1_281' title='bbox 1155 2130 1284 2178; x_wconf 82' lang='lat' dir='ltr'><strong>clc.,</strong></span> <span class='ocrx_word' id='word_1_282' title='bbox 1313 2128 1431 2184; x_wconf 88' lang='lat' dir='ltr'><strong>cap.</strong></span> <span class='ocrx_word' id='word_1_283' title='bbox 1493 2111 1548 2173; x_wconf 74' lang='lat'><strong>3&#39;,</strong></span> <span class='ocrx_word' id='word_1_284' title='bbox 1585 2107 1678 2160; x_wconf 87' lang='lat' dir='ltr'><strong>lib.</strong></span> <span class='ocrx_word' id='word_1_285' title='bbox 1713 2103 1781 2157; x_wconf 85' lang='lat' dir='ltr'><strong>de</strong></span> <span class='ocrx_word' id='word_1_286' title='bbox 1824 2097 2074 2166; x_wconf 60' lang='lat' dir='ltr'><strong>Beneﬁa,</strong></span> <span class='ocrx_word' id='word_1_287' title='bbox 2121 2105 2239 2160; x_wconf 86' lang='lat' dir='ltr'><strong>cap.</strong></span> 
     </span>
    </p>
   </div>
   <div class='ocr_carea' id='block_1_38' title="bbox 646 2189 2246 2287">
    <p class='ocr_par' dir='ltr' id='par_1_38' title="bbox 646 2189 2246 2287">
     <span class='ocr_line' id='line_1_39' title="bbox 646 2189 2246 2287; baseline -0.024 -10"><span class='ocrx_word' id='word_1_288' title='bbox 646 2225 734 2286; x_wconf 82' lang='lat' dir='ltr'><strong>l7;</strong></span> <span class='ocrx_word' id='word_1_289' title='bbox 766 2229 820 2274; x_wconf 91' lang='lat' dir='ltr'><strong>et</strong></span> <span class='ocrx_word' id='word_1_290' title='bbox 844 2219 1005 2287; x_wconf 82' lang='lat' dir='ltr'><strong>epist.</strong></span> <span class='ocrx_word' id='word_1_291' title='bbox 1051 2213 1122 2267; x_wconf 61' lang='grc'><strong>24</strong></span> <span class='ocrx_word' id='word_1_292' title='bbox 1151 2220 1206 2266; x_wconf 91' lang='grc' dir='ltr'><strong>ει</strong></span> <span class='ocrx_word' id='word_1_293' title='bbox 1249 2209 1360 2278; x_wconf 88' lang='lat'><strong>69).</strong></span> <span class='ocrx_word' id='word_1_294' title='bbox 1407 2206 1473 2260; x_wconf 84' lang='lat' dir='ltr'><strong>At</strong></span> <span class='ocrx_word' id='word_1_295' title='bbox 1505 2204 1804 2257; x_wconf 85' lang='lat' dir='ltr'><strong>omittenda</strong></span> <span class='ocrx_word' id='word_1_296' title='bbox 1850 2207 1958 2248; x_wconf 91' lang='lat' dir='ltr'><strong>non</strong></span> <span class='ocrx_word' id='word_1_297' title='bbox 1980 2198 2106 2245; x_wconf 89' lang='lat' dir='ltr'><strong>sunt</strong></span> <span class='ocrx_word' id='word_1_298' title='bbox 2131 2189 2246 2240; x_wconf 72' lang='lat' dir='ltr'><strong>IKBC</strong></span> 
     </span>
    </p>
   </div>
   <div class='ocr_carea' id='block_1_39' title="bbox 643 2297 1670 2372">
    <p class='ocr_par' dir='ltr' id='par_1_39' title="bbox 643 2297 1670 2372">
     <span class='ocr_line' id='line_1_40' title="bbox 643 2297 1670 2372; baseline -0.026 1"><span class='ocrx_word' id='word_1_299' title='bbox 643 2313 818 2372; x_wconf 79' lang='lat' dir='ltr'><strong>Ovidii</strong></span> <span class='ocrx_word' id='word_1_300' title='bbox 840 2314 908 2366; x_wconf 90' lang='lat' dir='ltr'><strong>de</strong></span> <span class='ocrx_word' id='word_1_301' title='bbox 945 2309 1134 2365; x_wconf 87' lang='lat' dir='ltr'><strong>eodem</strong></span> <span class='ocrx_word' id='word_1_302' title='bbox 1167 2303 1367 2358; x_wconf 72' lang='lat' dir='ltr'><strong>Rutilio</strong></span> <span class='ocrx_word' id='word_1_303' title='bbox 1389 2297 1626 2353; x_wconf 83' lang='lat' dir='ltr'><strong>carmina</strong></span> <span class='ocrx_word' id='word_1_304' title='bbox 1657 2310 1670 2345; x_wconf 90' lang='lat'><strong>:</strong></span> 
     </span>
    </p>
   </div>
   <div class='ocr_carea' id='block_1_40' title="bbox 828 2421 1965 2522">
    <p class='ocr_par' dir='ltr' id='par_1_40' title="bbox 828 2421 1965 2522">
     <span class='ocr_line' id='line_1_41' title="bbox 828 2421 1965 2522; baseline -0.022 -26"><span class='ocrx_word' id='word_1_305' title='bbox 828 2445 892 2496; x_wconf 85' lang='lat' dir='ltr'><strong>Et</strong></span> <span class='ocrx_word' id='word_1_306' title='bbox 913 2455 1066 2522; x_wconf 66' lang='lat' dir='ltr'><strong>grave</strong></span> <span class='ocrx_word' id='word_1_307' title='bbox 1090 2435 1385 2522; x_wconf 55' lang='lat' dir='ltr'><strong>magnanimi</strong></span> <span class='ocrx_word' id='word_1_308' title='bbox 1410 2432 1557 2522; x_wconf 54' lang='lat' dir='ltr'><strong>rol‘iur</strong></span> <span class='ocrx_word' id='word_1_309' title='bbox 1591 2429 1770 2522; x_wconf 53' lang='lat' dir='ltr'><strong>inirlar‘e</strong></span> <span class='ocrx_word' id='word_1_310' title='bbox 1797 2421 1965 2480; x_wconf 76' lang='lat' dir='ltr'><strong>Rutili,</strong></span> 
     </span>
     <span class='ocr_line' id='line_1_42' title="bbox 891 2501 1762 2522; baseline -0.02 8"><span class='ocrx_word' id='word_1_311' title='bbox 891 2507 914 2522; x_wconf 76' lang='grc' dir='ltr'>ι</span> <span class='ocrx_word' id='word_1_312' title='bbox 942 2521 951 2522; x_wconf 41' lang='grc' dir='ltr'><em>κ</em></span> <span class='ocrx_word' id='word_1_313' title='bbox 979 2521 988 2522; x_wconf 40' lang='grc' dir='ltr'><em>κ</em></span> <span class='ocrx_word' id='word_1_314' title='bbox 1022 2519 1046 2522; x_wconf 74' lang='grc'><strong>.-</strong></span> <span class='ocrx_word' id='word_1_315' title='bbox 1069 2504 1092 2522; x_wconf 77' lang='lat'><strong>.2</strong></span> <span class='ocrx_word' id='word_1_316' title='bbox 1119 2516 1187 2522; x_wconf 73' lang='lat'><strong>.....</strong></span> <span class='ocrx_word' id='word_1_317' title='bbox 1214 2516 1220 2522; x_wconf 85' lang='lat'><em>,</em></span> <span class='ocrx_word' id='word_1_318' title='bbox 1244 2501 1336 2522; x_wconf 64' lang='grc' dir='ltr'>ειη..</span> <span class='ocrx_word' id='word_1_319' title='bbox 1365 2510 1468 2522; x_wconf 68' lang='lat' dir='ltr'><strong>nn...</strong></span> <span class='ocrx_word' id='word_1_320' title='bbox 1496 2501 1642 2522; x_wconf 68' lang='grc' dir='ltr'>ιιιηιηι</span> <span class='ocrx_word' id='word_1_321' title='bbox 1665 2509 1673 2522; x_wconf 74' lang='lat'><strong>,</strong></span> <span class='ocrx_word' id='word_1_322' title='bbox 1700 2506 1722 2522; x_wconf 78' lang='grc'>.,</span> <span class='ocrx_word' id='word_1_323' title='bbox 1753 2504 1762 2522; x_wconf 71' lang='grc' dir='ltr'>ι</span> 
     </span>
    </p>
   </div>
   <div class='ocr_carea' id='block_1_41' title="bbox 889 2492 1785 2556">
    <p class='ocr_par' dir='ltr' id='par_1_41' title="bbox 889 2492 1785 2556">
     <span class='ocr_line' id='line_1_43' title="bbox 889 2492 1785 2556; baseline -0.025 0"><span class='ocrx_word' id='word_1_324' title='bbox 889 2492 994 2556; x_wconf 65' lang='lat' dir='ltr'><strong>Non</strong></span> <span class='ocrx_word' id='word_1_325' title='bbox 1019 2492 1095 2553; x_wconf 83' lang='lat' dir='ltr'><strong>usi</strong></span> <span class='ocrx_word' id='word_1_326' title='bbox 1119 2492 1341 2548; x_wconf 54' lang='lat' dir='ltr'><strong>re&#39;dditus</strong></span> <span class='ocrx_word' id='word_1_327' title='bbox 1364 2493 1643 2544; x_wconf 86' lang='lat' dir='ltr'><strong>conditione</strong></span> <span class='ocrx_word' id='word_1_328' title='bbox 1665 2492 1785 2536; x_wconf 87' lang='lat' dir='ltr'><strong>dati.</strong></span> 
     </span>
    </p>
   </div>
   <div class='ocr_carea' id='block_1_42' title="bbox 827 2541 2223 2632">
    <p class='ocr_par' dir='ltr' id='par_1_42' title="bbox 827 2541 2223 2632">
     <span class='ocr_line' id='line_1_44' title="bbox 827 2541 2223 2632; baseline -0.022 -12"><span class='ocrx_word' id='word_1_329' title='bbox 827 2541 1538 2632; x_wconf 56' lang='grc' dir='ltr'><strong>ειῶἷηὶῖεἶῖίίιέιῇῖίὲῐιῖιιὶζλιυη</strong></span> <span class='ocrx_word' id='word_1_330' title='bbox 1558 2560 1752 2616; x_wconf 86' lang='lat' dir='ltr'><strong>pontus,</strong></span> <span class='ocrx_word' id='word_1_331' title='bbox 1780 2557 1832 2598; x_wconf 86' lang='lat' dir='ltr'><strong>et</strong></span> <span class='ocrx_word' id='word_1_332' title='bbox 1855 2545 2043 2596; x_wconf 87' lang='lat' dir='ltr'><strong>hostica</strong></span> <span class='ocrx_word' id='word_1_333' title='bbox 2069 2541 2223 2592; x_wconf 86' lang='lat' dir='ltr'><strong>tellus</strong></span> 
     </span>
    </p>
   </div>
   <div class='ocr_carea' id='block_1_43' title="bbox 1105 2627 2121 2712">
    <p class='ocr_par' dir='ltr' id='par_1_43' title="bbox 1105 2627 2121 2712">
     <span class='ocr_line' id='line_1_45' title="bbox 1105 2627 2121 2712; baseline -0.023 -13"><span class='ocrx_word' id='word_1_334' title='bbox 1105 2646 1292 2712; x_wconf 90' lang='lat' dir='ltr'><strong>(0vid.,</strong></span> <span class='ocrx_word' id='word_1_335' title='bbox 1318 2642 1456 2704; x_wconf 81' lang='lat' dir='ltr'><strong>Eteg.</strong></span> <span class='ocrx_word' id='word_1_336' title='bbox 1483 2655 1551 2699; x_wconf 82' lang='lat' dir='ltr'><strong>tv,</strong></span> <span class='ocrx_word' id='word_1_337' title='bbox 1569 2638 1604 2686; x_wconf 91' lang='grc' dir='ltr'><strong>Ι.</strong></span> <span class='ocrx_word' id='word_1_338' title='bbox 1631 2653 1664 2698; x_wconf 90' lang='grc' dir='ltr'><strong>ι,</strong></span> <span class='ocrx_word' id='word_1_339' title='bbox 1687 2635 1750 2685; x_wconf 85' lang='lat' dir='ltr'><strong>de</strong></span> <span class='ocrx_word' id='word_1_340' title='bbox 1774 2636 1916 2684; x_wconf 84' lang='lat' dir='ltr'><strong>Pout.</strong></span> <span class='ocrx_word' id='word_1_341' title='bbox 1946 2642 1992 2679; x_wconf 80' lang='grc' dir='ltr'><strong>υ.</strong></span> <span class='ocrx_word' id='word_1_342' title='bbox 2016 2627 2121 2688; x_wconf 80' lang='lat'><strong>65.)</strong></span> 
     </span>
    </p>
   </div>
   <div class='ocr_carea' id='block_1_44' title="bbox 645 2735 2248 2835">
    <p class='ocr_par' dir='ltr' id='par_1_44' title="bbox 645 2735 2248 2835">
     <span class='ocr_line' id='line_1_46' title="bbox 645 2735 2248 2835; baseline -0.021 -13"><span class='ocrx_word' id='word_1_343' title='bbox 645 2765 885 2835; x_wconf 87' lang='lat' dir='ltr'><strong>Denique</strong></span> <span class='ocrx_word' id='word_1_344' title='bbox 913 2760 1070 2827; x_wconf 86' lang='lat' dir='ltr'><strong>hujus</strong></span> <span class='ocrx_word' id='word_1_345' title='bbox 1099 2754 1342 2810; x_wconf 87' lang='lat' dir='ltr'><strong>meminit</strong></span> <span class='ocrx_word' id='word_1_346' title='bbox 1373 2749 1611 2814; x_wconf 83' lang='lat' dir='ltr'><strong>Vossius,</strong></span> <span class='ocrx_word' id='word_1_347' title='bbox 1653 2759 1812 2815; x_wconf 87' lang='lat' dir='ltr'><strong>quem</strong></span> <span class='ocrx_word' id='word_1_348' title='bbox 1851 2741 1894 2794; x_wconf 88' lang='lat' dir='ltr'><strong>si</strong></span> <span class='ocrx_word' id='word_1_349' title='bbox 1927 2739 2072 2794; x_wconf 91' lang='lat' dir='ltr'><strong>lubet</strong></span> <span class='ocrx_word' id='word_1_350' title='bbox 2101 2735 2248 2791; x_wconf 89' lang='lat' dir='ltr'><strong>adire</strong></span> 
     </span>
    </p>
   </div>
   <div class='ocr_carea' id='block_1_45' title="bbox 645 2833 2246 2921">
    <p class='ocr_par' dir='ltr' id='par_1_45' title="bbox 645 2833 2246 2921">
     <span class='ocr_line' id='line_1_47' title="bbox 645 2833 2246 2921; baseline -0.019 -9"><span class='ocrx_word' id='word_1_351' title='bbox 645 2833 1033 2912; x_wconf 32' lang='lat' dir='ltr'><strong>haud&#39;dilllcile</strong></span> <span class='ocrx_word' id='word_1_352' title='bbox 1075 2850 1275 2921; x_wconf 87' lang='lat' dir='ltr'><strong>poteris</strong></span> <span class='ocrx_word' id='word_1_353' title='bbox 1327 2843 1532 2916; x_wconf 64' lang='lat' dir='ltr'><strong>(Voss,</strong></span> <span class='ocrx_word' id='word_1_354' title='bbox 1567 2839 1661 2895; x_wconf 90' lang='lat' dir='ltr'><strong>lib.</strong></span> <span class='ocrx_word' id='word_1_355' title='bbox 1689 2853 1704 2891; x_wconf 89' lang='grc' dir='ltr'><strong>ι</strong></span> <span class='ocrx_word' id='word_1_356' title='bbox 1731 2837 1793 2891; x_wconf 85' lang='lat' dir='ltr'><strong>de</strong></span> <span class='ocrx_word' id='word_1_357' title='bbox 1825 2833 2024 2888; x_wconf 74' lang='lat' dir='ltr'><strong>Histor.</strong></span> <span class='ocrx_word' id='word_1_358' title='bbox 2066 2845 2246 2903; x_wconf 66' lang='lat' dir='ltr'><strong>grata,</strong></span> 
     </span>
    </p>
   </div>
   <div class='ocr_carea' id='block_1_46' title="bbox 675 2950 919 3007">
    <p class='ocr_par' dir='ltr' id='par_1_46' title="bbox 675 2950 919 3007">
     <span class='ocr_line' id='line_1_48' title="bbox 675 2950 919 3007; baseline -0.025 0"><span class='ocrx_word' id='word_1_359' title='bbox 675 2969 760 3007; x_wconf 85' lang='lat' dir='ltr'><strong>an.</strong></span> <span class='ocrx_word' id='word_1_360' title='bbox 790 2950 919 3007; x_wconf 60' lang='grc' dir='ltr'><strong>ἓξ).</strong></span> 
     </span>
    </p>
   </div>
   <div class='ocr_carea' id='block_1_47' title="bbox 643 2954 2247 3111">
    <p class='ocr_par' dir='ltr' id='par_1_47' title="bbox 643 2954 2247 3111">
     <span class='ocr_line' id='line_1_49' title="bbox 643 2954 919 3008; baseline -0.025 0"><span class='ocrx_word' id='word_1_361' title='bbox 643 2970 701 3008; x_wconf 90' lang='lat' dir='ltr'><strong>ca</strong></span> <span class='ocrx_word' id='word_1_362' title='bbox 748 2993 760 3006; x_wconf 93' lang='lat'><strong>.</strong></span> <span class='ocrx_word' id='word_1_363' title='bbox 790 2954 862 3005; x_wconf 70' lang='lat'><strong>22</strong></span> <span class='ocrx_word' id='word_1_364' title='bbox 907 2988 919 3001; x_wconf 94' lang='lat'><strong>.</strong></span> 
     </span>
     <span class='ocr_line' id='line_1_50' title="bbox 711 2954 2247 3111; baseline -0.018 -11"><span class='ocrx_word' id='word_1_365' title='bbox 711 2954 952 3100; x_wconf 43' lang='lat' dir='ltr'><strong>illaturiis</strong></span> <span class='ocrx_word' id='word_1_366' title='bbox 975 3053 1134 3111; x_wconf 89' lang='lat' dir='ltr'><strong>porro</strong></span> <span class='ocrx_word' id='word_1_367' title='bbox 1163 3037 1229 3092; x_wconf 89' lang='lat' dir='ltr'><strong>de</strong></span> <span class='ocrx_word' id='word_1_368' title='bbox 1249 3032 1487 3092; x_wconf 88' lang='lat' dir='ltr'><strong>Socratis</strong></span> <span class='ocrx_word' id='word_1_369' title='bbox 1507 3029 1674 3084; x_wconf 82' lang='lat' dir='ltr'><strong>Morte</strong></span> <span class='ocrx_word' id='word_1_370' title='bbox 1695 3026 1852 3092; x_wconf 88' lang='lat' dir='ltr'><strong>liber,</strong></span> <span class='ocrx_word' id='word_1_371' title='bbox 1877 3037 2035 3094; x_wconf 90' lang='lat' dir='ltr'><strong>quem</strong></span> <span class='ocrx_word' id='word_1_372' title='bbox 2056 3020 2247 3074; x_wconf 80' lang='lat' dir='ltr'><strong>Cicero</strong></span> 
     </span>
    </p>
   </div>
   <div class='ocr_carea' id='block_1_48' title="bbox 2348 1805 3953 1883">
    <p class='ocr_par' dir='ltr' id='par_1_48' title="bbox 2348 1805 3953 1883">
     <span class='ocr_line' id='line_1_51' title="bbox 2348 1805 3953 1883; baseline -0.011 -11"><span class='ocrx_word' id='word_1_373' title='bbox 2348 1818 2468 1872; x_wconf 91' lang='lat' dir='ltr'><strong>dem</strong></span> <span class='ocrx_word' id='word_1_374' title='bbox 2510 1834 2576 1871; x_wconf 92' lang='lat' dir='ltr'><strong>eo</strong></span> <span class='ocrx_word' id='word_1_375' title='bbox 2608 1825 2871 1883; x_wconf 89' lang='lat' dir='ltr'><strong>tempore,</strong></span> <span class='ocrx_word' id='word_1_376' title='bbox 2915 1827 3021 1882; x_wconf 93' lang='lat' dir='ltr'><strong>quo</strong></span> <span class='ocrx_word' id='word_1_377' title='bbox 3067 1811 3271 1880; x_wconf 87' lang='lat' dir='ltr'><strong>optimo</strong></span> <span class='ocrx_word' id='word_1_378' title='bbox 3312 1809 3510 1876; x_wconf 84' lang='lat' dir='ltr'><strong>juvene</strong></span> <span class='ocrx_word' id='word_1_379' title='bbox 3548 1805 3660 1858; x_wconf 82' lang='lat' dir='ltr'><strong>ﬁlio</strong></span> <span class='ocrx_word' id='word_1_380' title='bbox 3692 1815 3953 1874; x_wconf 83' lang='lat' dir='ltr'><strong>privatus,</strong></span> 
     </span>
    </p>
   </div>
   <div class='ocr_carea' id='block_1_49' title="bbox 2349 1892 3957 1978">
    <p class='ocr_par' dir='ltr' id='par_1_49' title="bbox 2349 1892 3957 1978">
     <span class='ocr_line' id='line_1_52' title="bbox 2349 1892 3957 1978; baseline -0.011 -14"><span class='ocrx_word' id='word_1_381' title='bbox 2349 1911 2555 1964; x_wconf 74' lang='lat' dir='ltr'><strong>Solatiis</strong></span> <span class='ocrx_word' id='word_1_382' title='bbox 2585 1910 2754 1978; x_wconf 88' lang='lat' dir='ltr'><strong>magis</strong></span> <span class='ocrx_word' id='word_1_383' title='bbox 2781 1904 3114 1968; x_wconf 69' lang='lat' dir='ltr'><strong>allevandus,</strong></span> <span class='ocrx_word' id='word_1_384' title='bbox 3158 1917 3319 1972; x_wconf 89' lang='lat' dir='ltr'><strong>quam</strong></span> <span class='ocrx_word' id='word_1_385' title='bbox 3357 1898 3606 1953; x_wconf 82' lang='lat' dir='ltr'><strong>cladibus</strong></span> <span class='ocrx_word' id='word_1_386' title='bbox 3650 1892 3957 1949; x_wconf 84' lang='lat' dir='ltr'><strong>onerandus</strong></span> 
     </span>
    </p>
   </div>
   <div class='ocr_carea' id='block_1_50' title="bbox 2349 1990 3958 2066">
    <p class='ocr_par' dir='ltr' id='par_1_50' title="bbox 2349 1990 3958 2066">
     <span class='ocr_line' id='line_1_53' title="bbox 2349 1990 3958 2066; baseline -0.012 -8"><span class='ocrx_word' id='word_1_387' title='bbox 2349 2013 2484 2058; x_wconf 91' lang='lat' dir='ltr'><strong>erat.</strong></span> <span class='ocrx_word' id='word_1_388' title='bbox 2540 2002 2644 2057; x_wconf 90' lang='lat' dir='ltr'><strong>Sed</strong></span> <span class='ocrx_word' id='word_1_389' title='bbox 2699 2002 2984 2053; x_wconf 89' lang='lat' dir='ltr'><strong>immemor</strong></span> <span class='ocrx_word' id='word_1_390' title='bbox 3035 1997 3207 2066; x_wconf 90' lang='lat' dir='ltr'><strong>patria</strong></span> <span class='ocrx_word' id='word_1_391' title='bbox 3262 1993 3391 2047; x_wconf 88' lang='lat' dir='ltr'><strong>tanti</strong></span> <span class='ocrx_word' id='word_1_392' title='bbox 3446 1991 3544 2044; x_wconf 91' lang='lat' dir='ltr'><strong>viri</strong></span> <span class='ocrx_word' id='word_1_393' title='bbox 3593 1990 3958 2044; x_wconf 84' lang='lat' dir='ltr'><strong>maximorum</strong></span> 
     </span>
    </p>
   </div>
   <div class='ocr_carea' id='block_1_51' title="bbox 2350 2079 3956 2158">
    <p class='ocr_par' dir='ltr' id='par_1_51' title="bbox 2350 2079 3956 2158">
     <span class='ocr_line' id='line_1_54' title="bbox 2350 2079 3956 2158; baseline -0.011 -10"><span class='ocrx_word' id='word_1_394' title='bbox 2350 2095 2688 2151; x_wconf 86' lang='lat' dir='ltr'><strong>meritorum,</strong></span> <span class='ocrx_word' id='word_1_395' title='bbox 2712 2088 2955 2158; x_wconf 80' lang='lat' dir='ltr'><strong>exequiis</strong></span> <span class='ocrx_word' id='word_1_396' title='bbox 2982 2089 3097 2153; x_wconf 81' lang='lat' dir='ltr'><strong>lilii,</strong></span> <span class='ocrx_word' id='word_1_397' title='bbox 3124 2087 3522 2140; x_wconf 84' lang='lat' dir='ltr'><strong>damnationem</strong></span> <span class='ocrx_word' id='word_1_398' title='bbox 3551 2083 3715 2151; x_wconf 78' lang='lat' dir='ltr'><strong>patris</strong></span> <span class='ocrx_word' id='word_1_399' title='bbox 3726 2079 3912 2148; x_wconf 84' lang='lat' dir='ltr'><strong>junxit</strong></span> <span class='ocrx_word' id='word_1_400' title='bbox 3939 2094 3956 2131; x_wconf 91' lang='lat'><strong>:</strong></span> 
     </span>
    </p>
   </div>
   <div class='ocr_carea' id='block_1_52' title="bbox 2356 2173 3963 2253">
    <p class='ocr_par' dir='ltr' id='par_1_52' title="bbox 2356 2173 3963 2253">
     <span class='ocr_line' id='line_1_55' title="bbox 2356 2173 3963 2253; baseline -0.007 -17"><span class='ocrx_word' id='word_1_401' title='bbox 2356 2203 2376 2236; x_wconf 72' lang='grc' dir='ltr'><strong>ι</strong></span> <span class='ocrx_word' id='word_1_402' title='bbox 2401 2185 2490 2250; x_wconf 75' lang='lat' dir='ltr'><strong>At,</strong></span> <span class='ocrx_word' id='word_1_403' title='bbox 2514 2202 2533 2236; x_wconf 74' lang='grc' dir='ltr'><strong>ι</strong></span> <span class='ocrx_word' id='word_1_404' title='bbox 2565 2183 2756 2253; x_wconf 87' lang='lat' dir='ltr'><strong>inquit,</strong></span> <span class='ocrx_word' id='word_1_405' title='bbox 2794 2199 2816 2233; x_wconf 83' lang='grc'><em>‹</em></span> <span class='ocrx_word' id='word_1_406' title='bbox 2846 2180 3040 2235; x_wconf 79' lang='lat' dir='ltr'><strong>:erario</strong></span> <span class='ocrx_word' id='word_1_407' title='bbox 3069 2179 3260 2234; x_wconf 87' lang='lat' dir='ltr'><strong>abesse</strong></span> <span class='ocrx_word' id='word_1_408' title='bbox 3283 2179 3526 2231; x_wconf 86' lang='lat' dir='ltr'><strong>tribunus</strong></span> <span class='ocrx_word' id='word_1_409' title='bbox 3558 2173 3727 2245; x_wconf 88' lang='lat' dir='ltr'><strong>plebis</strong></span> <span class='ocrx_word' id='word_1_410' title='bbox 3757 2186 3963 2242; x_wconf 86' lang='lat' dir='ltr'><strong>quere-</strong></span> 
     </span>
    </p>
   </div>
   <div class='ocr_carea' id='block_1_53' title="bbox 2349 2265 3965 2346">
    <p class='ocr_par' dir='ltr' id='par_1_53' title="bbox 2349 2265 3965 2346">
     <span class='ocr_line' id='line_1_56' title="bbox 2349 2265 3965 2346; baseline -0.009 -14"><span class='ocrx_word' id='word_1_411' title='bbox 2349 2277 2506 2332; x_wconf 87' lang='lat' dir='ltr'><strong>batur</strong></span> <span class='ocrx_word' id='word_1_412' title='bbox 2524 2274 2831 2346; x_wconf 85' lang='lat' dir='ltr'><strong>quindecim</strong></span> <span class='ocrx_word' id='word_1_413' title='bbox 2861 2272 3022 2327; x_wconf 88' lang='lat' dir='ltr'><strong>millia</strong></span> <span class='ocrx_word' id='word_1_414' title='bbox 3046 2273 3188 2336; x_wconf 77' lang='lat' dir='ltr'><strong>aeris,</strong></span> <span class='ocrx_word' id='word_1_415' title='bbox 3210 2270 3341 2324; x_wconf 92' lang='lat' dir='ltr'><strong>tanti</strong></span> <span class='ocrx_word' id='word_1_416' title='bbox 3370 2283 3597 2337; x_wconf 83' lang='lat' dir='ltr'><strong>namque</strong></span> <span class='ocrx_word' id='word_1_417' title='bbox 3625 2280 3780 2336; x_wconf 68' lang='lat' dir='ltr'><strong>pruna</strong></span> <span class='ocrx_word' id='word_1_418' title='bbox 3807 2265 3965 2318; x_wconf 80' lang='lat' dir='ltr'><strong>liuita</strong></span> 
     </span>
    </p>
   </div>
   <div class='ocr_carea' id='block_1_54' title="bbox 2348 2358 3966 2440">
    <p class='ocr_par' dir='ltr' id='par_1_54' title="bbox 2348 2358 3966 2440">
     <span class='ocr_line' id='line_1_57' title="bbox 2348 2358 3966 2440; baseline -0.008 -14"><span class='ocrx_word' id='word_1_419' title='bbox 2348 2380 2451 2426; x_wconf 89' lang='lat' dir='ltr'><strong>est.</strong></span> <span class='ocrx_word' id='word_1_420' title='bbox 2485 2371 2760 2440; x_wconf 88' lang='lat' dir='ltr'><strong>Indignam</strong></span> <span class='ocrx_word' id='word_1_421' title='bbox 2812 2383 3099 2430; x_wconf 85' lang='lat' dir='ltr'><strong>summam,</strong></span> <span class='ocrx_word' id='word_1_422' title='bbox 3146 2375 3366 2434; x_wconf 81' lang='lat' dir='ltr'><strong>propter</strong></span> <span class='ocrx_word' id='word_1_423' title='bbox 3391 2379 3548 2433; x_wconf 86' lang='lat' dir='ltr'><strong>quam</strong></span> <span class='ocrx_word' id='word_1_424' title='bbox 3583 2360 3812 2430; x_wconf 89' lang='lat' dir='ltr'><strong>populus</strong></span> <span class='ocrx_word' id='word_1_425' title='bbox 3854 2358 3966 2413; x_wconf 82' lang='lat' dir='ltr'><strong>lto-</strong></span> 
     </span>
    </p>
   </div>
   <div class='ocr_carea' id='block_1_55' title="bbox 2349 2451 3962 2531">
    <p class='ocr_par' dir='ltr' id='par_1_55' title="bbox 2349 2451 3962 2531">
     <span class='ocr_line' id='line_1_58' title="bbox 2349 2451 3962 2531; baseline -0.009 -13"><span class='ocrx_word' id='word_1_426' title='bbox 2349 2480 2543 2518; x_wconf 87' lang='lat' dir='ltr'><strong>mauus</strong></span> <span class='ocrx_word' id='word_1_427' title='bbox 2596 2463 2684 2516; x_wconf 89' lang='lat' dir='ltr'><strong>tali</strong></span> <span class='ocrx_word' id='word_1_428' title='bbox 2741 2461 2983 2531; x_wconf 87' lang='lat' dir='ltr'><strong>principe</strong></span> <span class='ocrx_word' id='word_1_429' title='bbox 3027 2467 3236 2512; x_wconf 88' lang='lat' dir='ltr'><strong>careret</strong></span> <span class='ocrx_word' id='word_1_430' title='bbox 3275 2476 3293 2508; x_wconf 83' lang='grc'>›</span> <span class='ocrx_word' id='word_1_431' title='bbox 3339 2455 3544 2528; x_wconf 79' lang='lat' dir='ltr'><strong>(Valer.</strong></span> <span class='ocrx_word' id='word_1_432' title='bbox 3575 2453 3740 2517; x_wconf 80' lang='lat' dir='ltr'><strong>Max.,</strong></span> <span class='ocrx_word' id='word_1_433' title='bbox 3777 2451 3870 2505; x_wconf 88' lang='lat' dir='ltr'><strong>lib.</strong></span> <span class='ocrx_word' id='word_1_434' title='bbox 3903 2467 3962 2518; x_wconf 78' lang='grc' dir='ltr'>ν,</span> 
     </span>
    </p>
   </div>
   <div class='ocr_carea' id='block_1_56' title="bbox 2351 2546 3962 2627">
    <p class='ocr_par' dir='ltr' id='par_1_56' title="bbox 2351 2546 3962 2627">
     <span class='ocr_line' id='line_1_59' title="bbox 2351 2546 3962 2627; baseline -0.008 -15"><span class='ocrx_word' id='word_1_435' title='bbox 2351 2573 2471 2626; x_wconf 90' lang='lat' dir='ltr'><strong>cap.</strong></span> <span class='ocrx_word' id='word_1_436' title='bbox 2507 2559 2560 2621; x_wconf 87' lang='grc'>5,</span> <span class='ocrx_word' id='word_1_437' title='bbox 2613 2555 2640 2627; x_wconf 84' lang='lat'>§</span> <span class='ocrx_word' id='word_1_438' title='bbox 2675 2557 2710 2609; x_wconf 63' lang='grc' dir='ltr'>ἓ</span> <span class='ocrx_word' id='word_1_439' title='bbox 2737 2555 2777 2627; x_wconf 92' lang='grc'><strong>).</strong></span> <span class='ocrx_word' id='word_1_440' title='bbox 2831 2556 2957 2609; x_wconf 68' lang='lat' dir='ltr'><strong>Haec</strong></span> <span class='ocrx_word' id='word_1_441' title='bbox 2997 2553 3252 2622; x_wconf 73' lang='lat' dir='ltr'><strong>eopiosus</strong></span> <span class='ocrx_word' id='word_1_442' title='bbox 3295 2550 3581 2618; x_wconf 75' lang='lat' dir='ltr'><strong>descripsit</strong></span> <span class='ocrx_word' id='word_1_443' title='bbox 3619 2546 3962 2612; x_wconf 69' lang='lat' dir='ltr'><strong>Plutarchus,</strong></span> 
     </span>
    </p>
   </div>
   <div class='ocr_carea' id='block_1_57' title="bbox 2351 2639 3968 2720">
    <p class='ocr_par' dir='ltr' id='par_1_57' title="bbox 2351 2639 3968 2720">
     <span class='ocr_line' id='line_1_60' title="bbox 2351 2639 3968 2720; baseline -0.007 -17"><span class='ocrx_word' id='word_1_444' title='bbox 2351 2666 2508 2720; x_wconf 88' lang='lat' dir='ltr'><strong>quem</strong></span> <span class='ocrx_word' id='word_1_445' title='bbox 2533 2649 2683 2702; x_wconf 82' lang='lat' dir='ltr'><strong>adire</strong></span> <span class='ocrx_word' id='word_1_446' title='bbox 2715 2646 2936 2716; x_wconf 87' lang='lat' dir='ltr'><strong>poteris,</strong></span> <span class='ocrx_word' id='word_1_447' title='bbox 2960 2643 3411 2715; x_wconf 86' lang='lat' dir='ltr'><strong>quemadmodum</strong></span> <span class='ocrx_word' id='word_1_448' title='bbox 3450 2642 3729 2702; x_wconf 69' lang='lat' dir='ltr'><strong>Senecam,</strong></span> <span class='ocrx_word' id='word_1_449' title='bbox 3769 2639 3968 2692; x_wconf 87' lang='lat' dir='ltr'><strong>Diodo-</strong></span> 
     </span>
    </p>
   </div>
   <div class='ocr_carea' id='block_1_58' title="bbox 2351 2729 3965 2807">
    <p class='ocr_par' dir='ltr' id='par_1_58' title="bbox 2351 2729 3965 2807">
     <span class='ocr_line' id='line_1_61' title="bbox 2351 2729 3965 2807; baseline -0.009 -10"><span class='ocrx_word' id='word_1_450' title='bbox 2351 2759 2471 2797; x_wconf 90' lang='lat' dir='ltr'><strong>rum</strong></span> <span class='ocrx_word' id='word_1_451' title='bbox 2505 2741 2769 2807; x_wconf 91' lang='lat' dir='ltr'><strong>Siculum,</strong></span> <span class='ocrx_word' id='word_1_452' title='bbox 2802 2739 3034 2803; x_wconf 87' lang='lat' dir='ltr'><strong>Livium,</strong></span> <span class='ocrx_word' id='word_1_453' title='bbox 3060 2737 3298 2799; x_wconf 86' lang='lat' dir='ltr'><strong>Florum,</strong></span> <span class='ocrx_word' id='word_1_454' title='bbox 3320 2746 3374 2789; x_wconf 91' lang='lat' dir='ltr'><strong>et</strong></span> <span class='ocrx_word' id='word_1_455' title='bbox 3394 2736 3529 2788; x_wconf 85' lang='lat' dir='ltr'><strong>alios</strong></span> <span class='ocrx_word' id='word_1_456' title='bbox 3557 2731 3877 2802; x_wconf 59' lang='lat' dir='ltr'><strong>(Plutarch.</strong></span> <span class='ocrx_word' id='word_1_457' title='bbox 3906 2729 3965 2784; x_wconf 90' lang='lat' dir='ltr'><strong>in</strong></span> 
     </span>
    </p>
   </div>
   <div class='ocr_carea' id='block_1_59' title="bbox 2350 2826 3961 2901">
    <p class='ocr_par' dir='ltr' id='par_1_59' title="bbox 2350 2826 3961 2901">
     <span class='ocr_line' id='line_1_62' title="bbox 2350 2826 3961 2901; baseline -0.008 -11"><span class='ocrx_word' id='word_1_458' title='bbox 2350 2833 2536 2890; x_wconf 81' lang='lat' dir='ltr'><strong>Camil.</strong></span> <span class='ocrx_word' id='word_1_459' title='bbox 2579 2833 2704 2900; x_wconf 83' lang='lat' dir='ltr'><strong>Vit.,</strong></span> <span class='ocrx_word' id='word_1_460' title='bbox 2739 2842 2869 2886; x_wconf 84' lang='lat' dir='ltr'><strong>tuin.</strong></span> <span class='ocrx_word' id='word_1_461' title='bbox 2902 2849 2939 2900; x_wconf 90' lang='lat' dir='ltr'><strong>t,</strong></span> <span class='ocrx_word' id='word_1_462' title='bbox 2970 2848 3084 2901; x_wconf 88' lang='lat' dir='ltr'><strong>pag.</strong></span> <span class='ocrx_word' id='word_1_463' title='bbox 3107 2831 3212 2886; x_wconf 79' lang='grc'><strong>554</strong></span> <span class='ocrx_word' id='word_1_464' title='bbox 3254 2840 3308 2884; x_wconf 87' lang='grc' dir='ltr'><strong>ει</strong></span> <span class='ocrx_word' id='word_1_465' title='bbox 3334 2843 3481 2897; x_wconf 85' lang='lat' dir='ltr'><strong>seqq.</strong></span> <span class='ocrx_word' id='word_1_466' title='bbox 3512 2829 3731 2891; x_wconf 88' lang='lat' dir='ltr'><strong>Senec.,</strong></span> <span class='ocrx_word' id='word_1_467' title='bbox 3764 2826 3852 2878; x_wconf 91' lang='lat' dir='ltr'><strong>lib.</strong></span> <span class='ocrx_word' id='word_1_468' title='bbox 3885 2839 3961 2890; x_wconf 85' lang='lat' dir='ltr'><strong>tv,</strong></span> 
     </span>
    </p>
   </div>
   <div class='ocr_carea' id='block_1_60' title="bbox 2350 2917 3958 2995">
    <p class='ocr_par' dir='ltr' id='par_1_60' title="bbox 2350 2917 3958 2995">
     <span class='ocr_line' id='line_1_63' title="bbox 2350 2917 3958 2995; baseline -0.006 -14"><span class='ocrx_word' id='word_1_469' title='bbox 2350 2927 2414 2981; x_wconf 87' lang='lat' dir='ltr'><strong>de</strong></span> <span class='ocrx_word' id='word_1_470' title='bbox 2439 2926 2692 2994; x_wconf 67' lang='lat' dir='ltr'><strong>Bene/ia,</strong></span> <span class='ocrx_word' id='word_1_471' title='bbox 2717 2940 2836 2995; x_wconf 87' lang='lat' dir='ltr'><strong>cap.</strong></span> <span class='ocrx_word' id='word_1_472' title='bbox 2869 2925 2960 2990; x_wconf 74' lang='grc'><strong>27,</strong></span> <span class='ocrx_word' id='word_1_473' title='bbox 2986 2934 3036 2978; x_wconf 87' lang='grc' dir='ltr'><strong>ει</strong></span> <span class='ocrx_word' id='word_1_474' title='bbox 3071 2925 3165 2977; x_wconf 91' lang='lat' dir='ltr'><strong>lib.</strong></span> <span class='ocrx_word' id='word_1_475' title='bbox 3192 2939 3242 2987; x_wconf 82' lang='grc' dir='ltr'>ν,</span> <span class='ocrx_word' id='word_1_476' title='bbox 3272 2937 3390 2990; x_wconf 85' lang='lat' dir='ltr'><strong>cap.</strong></span> <span class='ocrx_word' id='word_1_477' title='bbox 3419 2922 3506 2974; x_wconf 80' lang='grc'><strong>17.</strong></span> <span class='ocrx_word' id='word_1_478' title='bbox 3531 2919 3747 2973; x_wconf 79' lang='lat' dir='ltr'><strong>lliodur.</strong></span> <span class='ocrx_word' id='word_1_479' title='bbox 3769 2917 3958 2982; x_wconf 68' lang='lat' dir='ltr'><strong>Sirul.,</strong></span> 
     </span>
    </p>
   </div>
   <div class='ocr_carea' id='block_1_61' title="bbox 2354 3011 3961 3088">
    <p class='ocr_par' dir='ltr' id='par_1_61' title="bbox 2354 3011 3961 3088">
     <span class='ocr_line' id='line_1_64' title="bbox 2354 3011 3961 3088; baseline -0.006 -13"><span class='ocrx_word' id='word_1_480' title='bbox 2354 3020 2450 3076; x_wconf 90' lang='lat' dir='ltr'><strong>lib.</strong></span> <span class='ocrx_word' id='word_1_481' title='bbox 2509 3036 2600 3075; x_wconf 75' lang='lat' dir='ltr'><strong>xrv</strong></span> <span class='ocrx_word' id='word_1_482' title='bbox 2665 3019 2901 3084; x_wconf 67' lang='lat' dir='ltr'><strong>Bibliot.,</strong></span> <span class='ocrx_word' id='word_1_483' title='bbox 2959 3034 3076 3088; x_wconf 81' lang='lat' dir='ltr'><strong>pag.</strong></span> <span class='ocrx_word' id='word_1_484' title='bbox 3125 3019 3248 3072; x_wconf 67' lang='grc'><strong>456.</strong></span> <span class='ocrx_word' id='word_1_485' title='bbox 3287 3016 3488 3077; x_wconf 78' lang='lat' dir='ltr'><strong>Livius,</strong></span> <span class='ocrx_word' id='word_1_486' title='bbox 3533 3014 3627 3068; x_wconf 88' lang='lat' dir='ltr'><strong>lib.</strong></span> <span class='ocrx_word' id='word_1_487' title='bbox 3677 3031 3728 3080; x_wconf 76' lang='grc' dir='ltr'>ν,</span> <span class='ocrx_word' id='word_1_488' title='bbox 3769 3011 3795 3083; x_wconf 80' lang='lat'>§</span> <span class='ocrx_word' id='word_1_489' title='bbox 3840 3011 3961 3081; x_wconf 71' lang='lat'><strong>32).</strong></span> 
     </span>
    </p>
   </div>
   <div class='ocr_carea' id='block_1_62' title="bbox 643 3107 3964 3204">
    <p class='ocr_par' dir='ltr' id='par_1_62' title="bbox 643 3107 3964 3204">
     <span class='ocr_line' id='line_1_65' title="bbox 643 3107 3964 3204; baseline -0.014 -11"><span class='ocrx_word' id='word_1_490' title='bbox 643 3154 749 3194; x_wconf 90' lang='lat' dir='ltr'><strong>non</strong></span> <span class='ocrx_word' id='word_1_491' title='bbox 773 3137 888 3190; x_wconf 85' lang='lat' dir='ltr'><strong>siue</strong></span> <span class='ocrx_word' id='word_1_492' title='bbox 917 3131 1167 3204; x_wconf 80' lang='lat' dir='ltr'><strong>lacrymis</strong></span> <span class='ocrx_word' id='word_1_493' title='bbox 1205 3141 1455 3197; x_wconf 89' lang='lat' dir='ltr'><strong>umquam</strong></span> <span class='ocrx_word' id='word_1_494' title='bbox 1479 3140 1509 3178; x_wconf 85' lang='lat' dir='ltr'><strong>a</strong></span> <span class='ocrx_word' id='word_1_495' title='bbox 1532 3138 1592 3177; x_wconf 90' lang='lat' dir='ltr'><strong>se</strong></span> <span class='ocrx_word' id='word_1_496' title='bbox 1653 3119 1947 3174; x_wconf 85' lang='lat' dir='ltr'><strong>lectitatum</strong></span> <span class='ocrx_word' id='word_1_497' title='bbox 1996 3122 2242 3174; x_wconf 76' lang='lat' dir='ltr'><strong>testatur,</strong></span> <span class='ocrx_word' id='word_1_498' title='bbox 2273 3125 2318 3188; x_wconf 72' lang='grc' dir='ltr'><strong>ρ</strong></span> <span class='ocrx_word' id='word_1_499' title='bbox 2423 3114 2507 3170; x_wconf 80' lang='grc' dir='ltr'><strong>ΑΙ)</strong></span> <span class='ocrx_word' id='word_1_500' title='bbox 2536 3113 2781 3169; x_wconf 77' lang='lat' dir='ltr'><strong>Ethnicis</strong></span> <span class='ocrx_word' id='word_1_501' title='bbox 2834 3113 2899 3167; x_wconf 84' lang='lat' dir='ltr'><strong>ad</strong></span> <span class='ocrx_word' id='word_1_502' title='bbox 2932 3111 3148 3166; x_wconf 55' lang='lat' dir='ltr'><strong>Judmns</strong></span> <span class='ocrx_word' id='word_1_503' title='bbox 3174 3123 3226 3166; x_wconf 68' lang='lat' dir='ltr'><strong>ei</strong></span> <span class='ocrx_word' id='word_1_504' title='bbox 3252 3110 3583 3164; x_wconf 61' lang='lat' dir='ltr'><strong>Christianos</strong></span> <span class='ocrx_word' id='word_1_505' title='bbox 3617 3110 3804 3161; x_wconf 69' lang='grc' dir='ltr'>ιτεηείι</span> <span class='ocrx_word' id='word_1_506' title='bbox 3843 3107 3964 3161; x_wconf 63' lang='grc' dir='ltr'><strong>(ζω-</strong></span> 
     </span>
    </p>
   </div>
   <div class='ocr_carea' id='block_1_63' title="bbox 642 3205 2244 3300">
    <p class='ocr_par' dir='ltr' id='par_1_63' title="bbox 642 3205 2244 3300">
     <span class='ocr_line' id='line_1_66' title="bbox 642 3205 2244 3300; baseline -0.017 -14"><span class='ocrx_word' id='word_1_507' title='bbox 642 3231 688 3286; x_wconf 88' lang='lat' dir='ltr'><strong>is</strong></span> <span class='ocrx_word' id='word_1_508' title='bbox 713 3232 824 3300; x_wconf 90' lang='lat' dir='ltr'><strong>ipse</strong></span> <span class='ocrx_word' id='word_1_509' title='bbox 855 3234 958 3292; x_wconf 90' lang='lat' dir='ltr'><strong>est,</strong></span> <span class='ocrx_word' id='word_1_510' title='bbox 986 3224 1077 3296; x_wconf 90' lang='lat' dir='ltr'><strong>qui</strong></span> <span class='ocrx_word' id='word_1_511' title='bbox 1111 3222 1309 3287; x_wconf 80' lang='lat' dir='ltr'><strong>Phedo,</strong></span> <span class='ocrx_word' id='word_1_512' title='bbox 1337 3221 1451 3273; x_wconf 85' lang='lat' dir='ltr'><strong>sive</strong></span> <span class='ocrx_word' id='word_1_513' title='bbox 1494 3217 1557 3268; x_wconf 81' lang='lat' dir='ltr'><strong>de</strong></span> <span class='ocrx_word' id='word_1_514' title='bbox 1601 3214 1784 3266; x_wconf 78' lang='lat' dir='ltr'><strong>Animo</strong></span> <span class='ocrx_word' id='word_1_515' title='bbox 1825 3207 2151 3262; x_wconf 83' lang='lat' dir='ltr'><strong>inseribilur.</strong></span> <span class='ocrx_word' id='word_1_516' title='bbox 2187 3205 2244 3259; x_wconf 87' lang='lat' dir='ltr'><strong>lit</strong></span> 
     </span>
    </p>
   </div>
   <div class='ocr_carea' id='block_1_64' title="bbox 643 3301 2247 3392">
    <p class='ocr_par' dir='ltr' id='par_1_64' title="bbox 643 3301 2247 3392">
     <span class='ocr_line' id='line_1_67' title="bbox 643 3301 2247 3392; baseline -0.017 -14"><span class='ocrx_word' id='word_1_517' title='bbox 643 3325 760 3392; x_wconf 82' lang='lat' dir='ltr'><strong>ejus</strong></span> <span class='ocrx_word' id='word_1_518' title='bbox 790 3331 968 3374; x_wconf 85' lang='lat' dir='ltr'><strong>autent</strong></span> <span class='ocrx_word' id='word_1_519' title='bbox 1011 3319 1115 3371; x_wconf 91' lang='lat' dir='ltr'><strong>llne</strong></span> <span class='ocrx_word' id='word_1_520' title='bbox 1147 3315 1319 3376; x_wconf 83' lang='lat' dir='ltr'><strong>Plato,</strong></span> <span class='ocrx_word' id='word_1_521' title='bbox 1353 3306 1622 3381; x_wconf 89' lang='lat' dir='ltr'><strong>quomodo</strong></span> <span class='ocrx_word' id='word_1_522' title='bbox 1667 3305 1805 3357; x_wconf 89' lang='lat' dir='ltr'><strong>idem</strong></span> <span class='ocrx_word' id='word_1_523' title='bbox 1853 3301 2102 3357; x_wconf 82' lang='lat' dir='ltr'><strong>Socrates</strong></span> <span class='ocrx_word' id='word_1_524' title='bbox 2156 3312 2247 3352; x_wconf 90' lang='lat' dir='ltr'><strong>ve-</strong></span> 
     </span>
    </p>
   </div>
   <div class='ocr_carea' id='block_1_65' title="bbox 645 3391 2243 3483">
    <p class='ocr_par' dir='ltr' id='par_1_65' title="bbox 645 3391 2243 3483">
     <span class='ocr_line' id='line_1_68' title="bbox 645 3391 2243 3483; baseline -0.017 -12"><span class='ocrx_word' id='word_1_525' title='bbox 645 3391 785 3471; x_wconf 86' lang='lat' dir='ltr'><strong>neno</strong></span> <span class='ocrx_word' id='word_1_526' title='bbox 826 3421 986 3483; x_wconf 89' lang='lat' dir='ltr'><strong>epoto</strong></span> <span class='ocrx_word' id='word_1_527' title='bbox 1025 3411 1188 3463; x_wconf 81' lang='lat' dir='ltr'><strong>vitam</strong></span> <span class='ocrx_word' id='word_1_528' title='bbox 1243 3403 1463 3469; x_wconf 77' lang='lat' dir='ltr'><strong>(inierit,</strong></span> <span class='ocrx_word' id='word_1_529' title='bbox 1513 3415 1620 3454; x_wconf 89' lang='lat' dir='ltr'><strong>non</strong></span> <span class='ocrx_word' id='word_1_530' title='bbox 1663 3396 1858 3452; x_wconf 88' lang='lat' dir='ltr'><strong>minori</strong></span> <span class='ocrx_word' id='word_1_531' title='bbox 1912 3391 2243 3462; x_wconf 88' lang='lat' dir='ltr'><strong>eloquentia,</strong></span> 
     </span>
    </p>
   </div>
   <div class='ocr_carea' id='block_1_66' title="bbox 645 3486 2242 3579">
    <p class='ocr_par' dir='ltr' id='par_1_66' title="bbox 645 3486 2242 3579">
     <span class='ocr_line' id='line_1_69' title="bbox 645 3486 2242 3579; baseline -0.017 -17"><span class='ocrx_word' id='word_1_532' title='bbox 645 3521 804 3579; x_wconf 89' lang='lat' dir='ltr'><strong>quam</strong></span> <span class='ocrx_word' id='word_1_533' title='bbox 849 3505 1037 3558; x_wconf 90' lang='lat' dir='ltr'><strong>dolore</strong></span> <span class='ocrx_word' id='word_1_534' title='bbox 1093 3497 1337 3566; x_wconf 85' lang='lat' dir='ltr'><strong>deplorat</strong></span> <span class='ocrx_word' id='word_1_535' title='bbox 1394 3492 1597 3564; x_wconf 89' lang='lat' dir='ltr'><strong>(Plato</strong></span> <span class='ocrx_word' id='word_1_536' title='bbox 1652 3491 1706 3544; x_wconf 91' lang='lat' dir='ltr'><strong>in</strong></span> <span class='ocrx_word' id='word_1_537' title='bbox 1761 3486 1968 3551; x_wconf 76' lang='lat' dir='ltr'><strong>Phwd.,</strong></span> <span class='ocrx_word' id='word_1_538' title='bbox 2014 3495 2144 3538; x_wconf 92' lang='lat' dir='ltr'><strong>tom.</strong></span> <span class='ocrx_word' id='word_1_539' title='bbox 2204 3498 2242 3548; x_wconf 84' lang='grc' dir='ltr'><strong>ι,</strong></span> 
     </span>
    </p>
   </div>
   <div class='ocr_carea' id='block_1_67' title="bbox 647 3574 2243 3670">
    <p class='ocr_par' dir='ltr' id='par_1_67' title="bbox 647 3574 2243 3670">
     <span class='ocr_line' id='line_1_70' title="bbox 647 3574 2243 3670; baseline -0.016 -15"><span class='ocrx_word' id='word_1_540' title='bbox 647 3574 766 3670; x_wconf 74' lang='lat' dir='ltr'><strong>pag.</strong></span> <span class='ocrx_word' id='word_1_541' title='bbox 823 3597 946 3660; x_wconf 78' lang='grc'>116,</span> <span class='ocrx_word' id='word_1_542' title='bbox 1003 3606 1057 3649; x_wconf 84' lang='grc' dir='ltr'><strong>ει</strong></span> <span class='ocrx_word' id='word_1_543' title='bbox 1108 3607 1260 3660; x_wconf 83' lang='lat' dir='ltr'><strong>seqq.</strong></span> <span class='ocrx_word' id='word_1_544' title='bbox 1303 3599 1357 3644; x_wconf 90' lang='lat' dir='ltr'><strong>et</strong></span> <span class='ocrx_word' id='word_1_545' title='bbox 1391 3588 1652 3657; x_wconf 77' lang='lat' dir='ltr'><strong>Apotoget.</strong></span> <span class='ocrx_word' id='word_1_546' title='bbox 1703 3581 1932 3646; x_wconf 88' lang='lat' dir='ltr'><strong>Socrat.,</strong></span> <span class='ocrx_word' id='word_1_547' title='bbox 1982 3589 2112 3632; x_wconf 90' lang='lat' dir='ltr'><strong>tom.</strong></span> <span class='ocrx_word' id='word_1_548' title='bbox 2162 3574 2243 3648; x_wconf 81' lang='grc' dir='ltr'><strong>ι).</strong></span> 
     </span>
    </p>
   </div>
   <div class='ocr_carea' id='block_1_68' title="bbox 649 3671 2248 3754">
    <p class='ocr_par' dir='ltr' id='par_1_68' title="bbox 649 3671 2248 3754">
     <span class='ocr_line' id='line_1_71' title="bbox 649 3671 2248 3754; baseline -0.015 -8"><span class='ocrx_word' id='word_1_549' title='bbox 649 3693 715 3745; x_wconf 84' lang='lat' dir='ltr'><strong>At</strong></span> <span class='ocrx_word' id='word_1_550' title='bbox 761 3692 828 3746; x_wconf 90' lang='lat' dir='ltr'><strong>de</strong></span> <span class='ocrx_word' id='word_1_551' title='bbox 879 3691 978 3743; x_wconf 91' lang='lat' dir='ltr'><strong>hac</strong></span> <span class='ocrx_word' id='word_1_552' title='bbox 1032 3686 1160 3740; x_wconf 88' lang='lat' dir='ltr'><strong>tanti</strong></span> <span class='ocrx_word' id='word_1_553' title='bbox 1217 3679 1518 3754; x_wconf 89' lang='lat' dir='ltr'><strong>philosophi</strong></span> <span class='ocrx_word' id='word_1_554' title='bbox 1561 3675 1708 3731; x_wconf 69' lang='lat' dir='ltr'><strong>caede</strong></span> <span class='ocrx_word' id='word_1_555' title='bbox 1740 3675 1840 3743; x_wconf 88' lang='lat' dir='ltr'><strong>legi</strong></span> <span class='ocrx_word' id='word_1_556' title='bbox 1879 3681 2054 3741; x_wconf 77' lang='lat' dir='ltr'><strong>potest</strong></span> <span class='ocrx_word' id='word_1_557' title='bbox 2109 3671 2248 3723; x_wconf 90' lang='lat' dir='ltr'><strong>illius</strong></span> 
     </span>
    </p>
   </div>
   <div class='ocr_carea' id='block_1_69' title="bbox 646 3761 2249 3856">
    <p class='ocr_par' dir='ltr' id='par_1_69' title="bbox 646 3761 2249 3856">
     <span class='ocr_line' id='line_1_72' title="bbox 646 3761 2249 3856; baseline -0.016 -15"><span class='ocrx_word' id='word_1_558' title='bbox 646 3785 903 3856; x_wconf 79' lang='lat' dir='ltr'><strong>Apologia</strong></span> <span class='ocrx_word' id='word_1_559' title='bbox 934 3783 1000 3835; x_wconf 88' lang='lat' dir='ltr'><strong>ab</strong></span> <span class='ocrx_word' id='word_1_560' title='bbox 1025 3779 1213 3834; x_wconf 88' lang='lat' dir='ltr'><strong>eodem</strong></span> <span class='ocrx_word' id='word_1_561' title='bbox 1247 3775 1486 3833; x_wconf 86' lang='lat' dir='ltr'><strong>Platone,</strong></span> <span class='ocrx_word' id='word_1_562' title='bbox 1520 3768 1900 3838; x_wconf 77' lang='lat' dir='ltr'><strong>Xenophonte,</strong></span> <span class='ocrx_word' id='word_1_563' title='bbox 1943 3773 1996 3819; x_wconf 90' lang='lat' dir='ltr'><strong>et</strong></span> <span class='ocrx_word' id='word_1_564' title='bbox 2025 3761 2249 3833; x_wconf 85' lang='lat' dir='ltr'><strong>Apuleio</strong></span> 
     </span>
    </p>
   </div>
   <div class='ocr_carea' id='block_1_70' title="bbox 647 3854 2247 3948">
    <p class='ocr_par' dir='ltr' id='par_1_70' title="bbox 647 3854 2247 3948">
     <span class='ocr_line' id='line_1_73' title="bbox 647 3854 2247 3948; baseline -0.019 -14"><span class='ocrx_word' id='word_1_565' title='bbox 647 3854 971 3948; x_wconf 80' lang='lat' dir='ltr'><strong>conscripta,</strong></span> <span class='ocrx_word' id='word_1_566' title='bbox 996 3883 1155 3941; x_wconf 72' lang='lat' dir='ltr'><strong>atqui:</strong></span> <span class='ocrx_word' id='word_1_567' title='bbox 1181 3869 1423 3933; x_wconf 67' lang='lat' dir='ltr'><strong>Senecas,</strong></span> <span class='ocrx_word' id='word_1_568' title='bbox 1447 3862 1715 3931; x_wconf 74' lang='lat' dir='ltr'><strong>Origeuis,</strong></span> <span class='ocrx_word' id='word_1_569' title='bbox 1747 3855 2054 3928; x_wconf 78' lang='lat' dir='ltr'><strong>Augustini,</strong></span> <span class='ocrx_word' id='word_1_570' title='bbox 2111 3854 2247 3908; x_wconf 89' lang='lat' dir='ltr'><strong>alio-</strong></span> 
     </span>
    </p>
   </div>
   <div class='ocr_carea' id='block_1_71' title="bbox 646 3947 2245 4042">
    <p class='ocr_par' dir='ltr' id='par_1_71' title="bbox 646 3947 2245 4042">
     <span class='ocr_line' id='line_1_74' title="bbox 646 3947 2245 4042; baseline -0.016 -15"><span class='ocrx_word' id='word_1_571' title='bbox 646 3988 871 4042; x_wconf 86' lang='lat' dir='ltr'><strong>rumque</strong></span> <span class='ocrx_word' id='word_1_572' title='bbox 912 3967 1142 4039; x_wconf 90' lang='lat' dir='ltr'><strong>plurium</strong></span> <span class='ocrx_word' id='word_1_573' title='bbox 1191 3963 1310 4017; x_wconf 87' lang='lat' dir='ltr'><strong>libri</strong></span> <span class='ocrx_word' id='word_1_574' title='bbox 1343 3976 1405 4014; x_wconf 90' lang='lat' dir='ltr'><strong>ac</strong></span> <span class='ocrx_word' id='word_1_575' title='bbox 1441 3953 1922 4013; x_wconf 84' lang='lat' dir='ltr'><strong>commentationes</strong></span> <span class='ocrx_word' id='word_1_576' title='bbox 1963 3947 2245 4022; x_wconf 77' lang='lat' dir='ltr'><strong>(Xenoph.</strong></span> 
     </span>
    </p>
   </div>
   <div class='ocr_carea' id='block_1_72' title="bbox 651 4040 2242 4135">
    <p class='ocr_par' dir='ltr' id='par_1_72' title="bbox 651 4040 2242 4135">
     <span class='ocr_line' id='line_1_75' title="bbox 651 4040 2242 4135; baseline -0.016 -17"><span class='ocrx_word' id='word_1_577' title='bbox 651 4040 868 4135; x_wconf 73' lang='lat' dir='ltr'><strong>Apolog.</strong></span> <span class='ocrx_word' id='word_1_578' title='bbox 914 4061 1129 4135; x_wconf 86' lang='lat' dir='ltr'><strong>Socrat_.</strong></span> <span class='ocrx_word' id='word_1_579' title='bbox 1176 4071 1296 4126; x_wconf 82' lang='lat' dir='ltr'><strong>pag.</strong></span> <span class='ocrx_word' id='word_1_580' title='bbox 1327 4053 1456 4113; x_wconf 82' lang='lat'><strong>705,</strong></span> <span class='ocrx_word' id='word_1_581' title='bbox 1480 4060 1533 4105; x_wconf 92' lang='lat' dir='ltr'><strong>et</strong></span> <span class='ocrx_word' id='word_1_582' title='bbox 1567 4049 1660 4104; x_wconf 88' lang='lat' dir='ltr'><strong>lib.</strong></span> <span class='ocrx_word' id='word_1_583' title='bbox 1702 4063 1739 4102; x_wconf 85' lang='grc' dir='ltr'><strong>ιι</strong></span> <span class='ocrx_word' id='word_1_584' title='bbox 1786 4044 1998 4099; x_wconf 80' lang='lat' dir='ltr'><strong>Memor.</strong></span> <span class='ocrx_word' id='word_1_585' title='bbox 2039 4040 2242 4110; x_wconf 82' lang='lat' dir='ltr'><strong>Apulei.</strong></span> 
     </span>
    </p>
   </div>
   <div class='ocr_carea' id='block_1_73' title="bbox 649 4132 2246 4229">
    <p class='ocr_par' dir='ltr' id='par_1_73' title="bbox 649 4132 2246 4229">
     <span class='ocr_line' id='line_1_76' title="bbox 649 4132 2246 4229; baseline -0.015 -17"><span class='ocrx_word' id='word_1_586' title='bbox 649 4132 868 4229; x_wconf 60' lang='lat' dir='ltr'><strong>Apolog.</strong></span> <span class='ocrx_word' id='word_1_587' title='bbox 919 4132 1122 4210; x_wconf 77' lang='lat' dir='ltr'><strong>Socrat.</strong></span> <span class='ocrx_word' id='word_1_588' title='bbox 1170 4149 1373 4212; x_wconf 87' lang='lat' dir='ltr'><strong>Laert.,</strong></span> <span class='ocrx_word' id='word_1_589' title='bbox 1426 4145 1518 4197; x_wconf 91' lang='lat' dir='ltr'><strong>lib.</strong></span> <span class='ocrx_word' id='word_1_590' title='bbox 1550 4158 1586 4196; x_wconf 87' lang='lat' dir='ltr'><strong>tt</strong></span> <span class='ocrx_word' id='word_1_591' title='bbox 1652 4140 1778 4192; x_wconf 73' lang='lat' dir='ltr'><strong>Vita:</strong></span> <span class='ocrx_word' id='word_1_592' title='bbox 1814 4138 2043 4199; x_wconf 63' lang='grc' dir='ltr'><strong>δουναι..</strong></span> <span class='ocrx_word' id='word_1_593' title='bbox 2089 4133 2117 4206; x_wconf 69' lang='grc' dir='ltr'><strong>ς</strong></span> <span class='ocrx_word' id='word_1_594' title='bbox 2155 4133 2246 4188; x_wconf 72' lang='grc'><strong>42.</strong></span> 
     </span>
    </p>
   </div>
   <div class='ocr_carea' id='block_1_74' title="bbox 649 4228 2249 4306">
    <p class='ocr_par' dir='ltr' id='par_1_74' title="bbox 649 4228 2249 4306">
     <span class='ocr_line' id='line_1_77' title="bbox 649 4228 2249 4306; baseline -0.016 -1"><span class='ocrx_word' id='word_1_595' title='bbox 649 4228 844 4305; x_wconf 86' lang='lat' dir='ltr'><strong>Senec.</strong></span> <span class='ocrx_word' id='word_1_596' title='bbox 875 4248 964 4300; x_wconf 91' lang='lat' dir='ltr'><strong>lib.</strong></span> <span class='ocrx_word' id='word_1_597' title='bbox 1001 4245 1063 4298; x_wconf 88' lang='lat' dir='ltr'><strong>de</strong></span> <span class='ocrx_word' id='word_1_598' title='bbox 1095 4241 1304 4295; x_wconf 82' lang='lat' dir='ltr'><strong>Provid.</strong></span> <span class='ocrx_word' id='word_1_599' title='bbox 1347 4251 1465 4306; x_wconf 90' lang='lat' dir='ltr'><strong>pag.</strong></span> <span class='ocrx_word' id='word_1_600' title='bbox 1515 4234 1645 4297; x_wconf 68' lang='lat'><strong>27:2;</strong></span> <span class='ocrx_word' id='word_1_601' title='bbox 1673 4233 1764 4286; x_wconf 89' lang='lat' dir='ltr'><strong>lib.</strong></span> <span class='ocrx_word' id='word_1_602' title='bbox 1796 4248 1810 4284; x_wconf 91' lang='lat' dir='ltr'><strong>t</strong></span> <span class='ocrx_word' id='word_1_603' title='bbox 1837 4231 1899 4284; x_wconf 85' lang='lat' dir='ltr'><strong>de</strong></span> <span class='ocrx_word' id='word_1_604' title='bbox 1950 4228 2048 4283; x_wconf 81' lang='lat' dir='ltr'><strong>Vit.</strong></span> <span class='ocrx_word' id='word_1_605' title='bbox 2093 4229 2249 4293; x_wconf 82' lang='lat' dir='ltr'><strong>beat.,</strong></span> 
     </span>
    </p>
   </div>
   <div class='ocr_carea' id='block_1_75' title="bbox 651 4325 2248 4414">
    <p class='ocr_par' dir='ltr' id='par_1_75' title="bbox 651 4325 2248 4414">
     <span class='ocr_line' id='line_1_78' title="bbox 651 4325 2248 4414; baseline -0.015 -14"><span class='ocrx_word' id='word_1_606' title='bbox 651 4361 770 4414; x_wconf 87' lang='lat' dir='ltr'><strong>cap.</strong></span> <span class='ocrx_word' id='word_1_607' title='bbox 801 4341 873 4397; x_wconf 78' lang='lat'><strong>‘26</strong></span> <span class='ocrx_word' id='word_1_608' title='bbox 895 4352 947 4396; x_wconf 90' lang='lat' dir='ltr'><strong>et</strong></span> <span class='ocrx_word' id='word_1_609' title='bbox 975 4340 1069 4402; x_wconf 73' lang='lat'><strong>27;</strong></span> <span class='ocrx_word' id='word_1_610' title='bbox 1098 4345 1152 4389; x_wconf 84' lang='lat' dir='ltr'><strong>et</strong></span> <span class='ocrx_word' id='word_1_611' title='bbox 1177 4335 1334 4405; x_wconf 80' lang='lat' dir='ltr'><strong>epist.</strong></span> <span class='ocrx_word' id='word_1_612' title='bbox 1367 4345 1544 4386; x_wconf 73' lang='lat' dir='ltr'><strong>LXXIV.</strong></span> <span class='ocrx_word' id='word_1_613' title='bbox 1578 4327 1825 4396; x_wconf 79' lang='lat' dir='ltr'><strong>Urigen.,</strong></span> <span class='ocrx_word' id='word_1_614' title='bbox 1869 4325 1962 4378; x_wconf 88' lang='lat' dir='ltr'><strong>lib.</strong></span> <span class='ocrx_word' id='word_1_615' title='bbox 1993 4339 2052 4384; x_wconf 89' lang='lat' dir='ltr'><strong>tt,</strong></span> <span class='ocrx_word' id='word_1_616' title='bbox 2085 4332 2248 4376; x_wconf 83' lang='lat' dir='ltr'><strong>contr.</strong></span> 
     </span>
    </p>
   </div>
   <div class='ocr_carea' id='block_1_76' title="bbox 653 4415 2250 4503">
    <p class='ocr_par' dir='ltr' id='par_1_76' title="bbox 653 4415 2250 4503">
     <span class='ocr_line' id='line_1_79' title="bbox 653 4415 2250 4503; baseline -0.014 -11"><span class='ocrx_word' id='word_1_617' title='bbox 653 4439 810 4493; x_wconf 82' lang='lat' dir='ltr'><strong>Cels..</strong></span> <span class='ocrx_word' id='word_1_618' title='bbox 843 4448 960 4503; x_wconf 85' lang='lat' dir='ltr'><strong>pag.</strong></span> <span class='ocrx_word' id='word_1_619' title='bbox 1004 4431 1094 4484; x_wconf 84' lang='lat'><strong>7|.</strong></span> <span class='ocrx_word' id='word_1_620' title='bbox 1139 4425 1420 4494; x_wconf 82' lang='lat' dir='ltr'><strong>Augustin.</strong></span> <span class='ocrx_word' id='word_1_621' title='bbox 1463 4421 1556 4475; x_wconf 90' lang='lat' dir='ltr'><strong>lib.</strong></span> <span class='ocrx_word' id='word_1_622' title='bbox 1591 4435 1684 4473; x_wconf 92' lang='lat' dir='ltr'><strong>vm</strong></span> <span class='ocrx_word' id='word_1_623' title='bbox 1713 4419 1775 4471; x_wconf 80' lang='lat' dir='ltr'><strong>de</strong></span> <span class='ocrx_word' id='word_1_624' title='bbox 1807 4415 1982 4480; x_wconf 79' lang='lat' dir='ltr'><strong>Civit.,</strong></span> <span class='ocrx_word' id='word_1_625' title='bbox 2033 4430 2151 4485; x_wconf 75' lang='lat' dir='ltr'><strong>cap.</strong></span> <span class='ocrx_word' id='word_1_626' title='bbox 2196 4416 2250 4479; x_wconf 84' lang='grc'><strong>⁸5,</strong></span> 
     </span>
    </p>
   </div>
   <div class='ocr_carea' id='block_1_77' title="bbox 2358 3201 3961 3279">
    <p class='ocr_par' dir='ltr' id='par_1_77' title="bbox 2358 3201 3961 3279">
     <span class='ocr_line' id='line_1_80' title="bbox 2358 3201 3961 3279; baseline -0.007 -15"><span class='ocrx_word' id='word_1_627' title='bbox 2358 3211 2536 3275; x_wconf 63' lang='lat' dir='ltr'><strong>ciliu»,</strong></span> <span class='ocrx_word' id='word_1_628' title='bbox 2571 3219 2732 3279; x_wconf 87' lang='lat' dir='ltr'><strong>atque</strong></span> <span class='ocrx_word' id='word_1_629' title='bbox 2779 3222 2966 3262; x_wconf 88' lang='lat' dir='ltr'><strong>eorum</strong></span> <span class='ocrx_word' id='word_1_630' title='bbox 2999 3206 3252 3270; x_wconf 78' lang='lat' dir='ltr'><strong>exemplo</strong></span> <span class='ocrx_word' id='word_1_631' title='bbox 3294 3204 3527 3258; x_wconf 88' lang='lat' dir='ltr'><strong>divinam</strong></span> <span class='ocrx_word' id='word_1_632' title='bbox 3563 3201 3961 3256; x_wconf 84' lang='lat' dir='ltr'><strong>Providentiam</strong></span> 
     </span>
    </p>
   </div>
   <div class='ocr_carea' id='block_1_78' title="bbox 2353 3297 3962 3369">
    <p class='ocr_par' dir='ltr' id='par_1_78' title="bbox 2353 3297 3962 3369">
     <span class='ocr_line' id='line_1_81' title="bbox 2353 3297 3962 3369; baseline -0.007 -10"><span class='ocrx_word' id='word_1_633' title='bbox 2353 3306 2539 3360; x_wconf 89' lang='lat' dir='ltr'><strong>tollere</strong></span> <span class='ocrx_word' id='word_1_634' title='bbox 2561 3305 2638 3358; x_wconf 90' lang='lat' dir='ltr'><strong>sic</strong></span> <span class='ocrx_word' id='word_1_635' title='bbox 2667 3303 2881 3357; x_wconf 85' lang='lat' dir='ltr'><strong>nititur:</strong></span> <span class='ocrx_word' id='word_1_636' title='bbox 2904 3321 2924 3353; x_wconf 69' lang='grc' dir='ltr'>ι</span> <span class='ocrx_word' id='word_1_637' title='bbox 2947 3299 3392 3369; x_wconf 67' lang='lat' dir='ltr'><strong>Sciaequidem,»</strong></span> <span class='ocrx_word' id='word_1_638' title='bbox 3422 3297 3711 3366; x_wconf 87' lang='lat' dir='ltr'><strong>inquiebat,</strong></span> <span class='ocrx_word' id='word_1_639' title='bbox 3747 3313 3767 3345; x_wconf 73' lang='grc' dir='ltr'><strong>α</strong></span> <span class='ocrx_word' id='word_1_640' title='bbox 3797 3307 3962 3347; x_wconf 91' lang='lat' dir='ltr'><strong>unum</strong></span> 
     </span>
    </p>
   </div>
   <div class='ocr_carea' id='block_1_79' title="bbox 2354 3386 3965 3465">
    <p class='ocr_par' dir='ltr' id='par_1_79' title="bbox 2354 3386 3965 3465">
     <span class='ocr_line' id='line_1_82' title="bbox 2354 3386 3965 3465; baseline -0.009 -11"><span class='ocrx_word' id='word_1_641' title='bbox 2354 3400 2521 3455; x_wconf 90' lang='lat' dir='ltr'><strong>Deum</strong></span> <span class='ocrx_word' id='word_1_642' title='bbox 2560 3400 2628 3452; x_wconf 89' lang='lat' dir='ltr'><strong>ab</strong></span> <span class='ocrx_word' id='word_1_643' title='bbox 2649 3397 2853 3453; x_wconf 74' lang='lat' dir='ltr'><strong>Judmis</strong></span> <span class='ocrx_word' id='word_1_644' title='bbox 2895 3397 3068 3465; x_wconf 90' lang='lat' dir='ltr'><strong>palam</strong></span> <span class='ocrx_word' id='word_1_645' title='bbox 3091 3402 3381 3462; x_wconf 85' lang='lat' dir='ltr'><strong>aperteque</strong></span> <span class='ocrx_word' id='word_1_646' title='bbox 3412 3391 3534 3444; x_wconf 91' lang='lat' dir='ltr'><strong>coli.</strong></span> <span class='ocrx_word' id='word_1_647' title='bbox 3567 3389 3672 3446; x_wconf 88' lang='lat' dir='ltr'><strong>Sed</strong></span> <span class='ocrx_word' id='word_1_648' title='bbox 3702 3403 3858 3458; x_wconf 88' lang='lat' dir='ltr'><strong>quam</strong></span> <span class='ocrx_word' id='word_1_649' title='bbox 3881 3386 3965 3441; x_wconf 89' lang='lat' dir='ltr'><strong>eis</strong></span> 
     </span>
    </p>
   </div>
   <div class='ocr_carea' id='block_1_80' title="bbox 2353 3483 3970 3562">
    <p class='ocr_par' dir='ltr' id='par_1_80' title="bbox 2353 3483 3970 3562">
     <span class='ocr_line' id='line_1_83' title="bbox 2353 3483 3970 3562; baseline -0.009 -13"><span class='ocrx_word' id='word_1_650' title='bbox 2353 3509 2532 3562; x_wconf 90' lang='lat' dir='ltr'><strong>Opem,</strong></span> <span class='ocrx_word' id='word_1_651' title='bbox 2556 3490 2770 3562; x_wconf 81' lang='lat' dir='ltr'><strong>quodve</strong></span> <span class='ocrx_word' id='word_1_652' title='bbox 2803 3489 2924 3542; x_wconf 93' lang='lat' dir='ltr'><strong>tulit</strong></span> <span class='ocrx_word' id='word_1_653' title='bbox 2965 3486 3266 3541; x_wconf 81' lang='lat' dir='ltr'><strong>auxilium?</strong></span> <span class='ocrx_word' id='word_1_654' title='bbox 3318 3485 3506 3539; x_wconf 85' lang='lat' dir='ltr'><strong>Nonne</strong></span> <span class='ocrx_word' id='word_1_655' title='bbox 3535 3483 3831 3536; x_wconf 82' lang='lat' dir='ltr'><strong>miserrima</strong></span> <span class='ocrx_word' id='word_1_656' title='bbox 3877 3487 3970 3534; x_wconf 70' lang='lat' dir='ltr'><strong>est</strong></span> 
     </span>
    </p>
   </div>
   <div class='ocr_carea' id='block_1_81' title="bbox 2353 3570 3965 3653">
    <p class='ocr_par' dir='ltr' id='par_1_81' title="bbox 2353 3570 3965 3653">
     <span class='ocr_line' id='line_1_84' title="bbox 2353 3570 3965 3653; baseline -0.012 -13"><span class='ocrx_word' id='word_1_657' title='bbox 2353 3584 2519 3649; x_wconf 86' lang='lat' dir='ltr'><strong>natio,</strong></span> <span class='ocrx_word' id='word_1_658' title='bbox 2553 3599 2673 3653; x_wconf 68' lang='lat' dir='ltr'><strong>quae</strong></span> <span class='ocrx_word' id='word_1_659' title='bbox 2716 3597 2837 3635; x_wconf 87' lang='lat' dir='ltr'><strong>cum</strong></span> <span class='ocrx_word' id='word_1_660' title='bbox 2887 3580 3000 3634; x_wconf 76' lang='lat' dir='ltr'><strong>Deo</strong></span> <span class='ocrx_word' id='word_1_661' title='bbox 3041 3596 3139 3632; x_wconf 84' lang='lat' dir='ltr'><strong>suo</strong></span> <span class='ocrx_word' id='word_1_662' title='bbox 3169 3578 3426 3632; x_wconf 80' lang='lat' dir='ltr'><strong>Romanis</strong></span> <span class='ocrx_word' id='word_1_663' title='bbox 3469 3574 3778 3629; x_wconf 87' lang='lat' dir='ltr'><strong>Numinibus</strong></span> <span class='ocrx_word' id='word_1_664' title='bbox 3803 3570 3965 3642; x_wconf 81' lang='lat' dir='ltr'><strong>(cod.</strong></span> 
     </span>
    </p>
   </div>
   <div class='ocr_carea' id='block_1_82' title="bbox 2351 3664 3964 3749">
    <p class='ocr_par' dir='ltr' id='par_1_82' title="bbox 2351 3664 3964 3749">
     <span class='ocr_line' id='line_1_85' title="bbox 2351 3664 3964 3749; baseline -0.01 -17"><span class='ocrx_word' id='word_1_665' title='bbox 2351 3695 2455 3749; x_wconf 81' lang='lat' dir='ltr'><strong>reg.</strong></span> <span class='ocrx_word' id='word_1_666' title='bbox 2485 3676 2815 3740; x_wconf 87' lang='lat' dir='ltr'><strong>nominibus,</strong></span> <span class='ocrx_word' id='word_1_667' title='bbox 2835 3674 2990 3726; x_wconf 77' lang='lat' dir='ltr'><strong>editio</strong></span> <span class='ocrx_word' id='word_1_668' title='bbox 3012 3671 3221 3742; x_wconf 83' lang='lat' dir='ltr'><strong>Rigultii</strong></span> <span class='ocrx_word' id='word_1_669' title='bbox 3247 3666 3886 3738; x_wconf 71' lang='lat' dir='ltr'><strong>ltOtninibns)e~tcaptiva</strong></span> <span class='ocrx_word' id='word_1_670' title='bbox 3903 3664 3964 3717; x_wconf 68' lang='grc'><strong>2»</strong></span> 
     </span>
    </p>
   </div>
   <div class='ocr_carea' id='block_1_83' title="bbox 2422 3758 3968 3832">
    <p class='ocr_par' dir='ltr' id='par_1_83' title="bbox 2422 3758 3968 3832">
     <span class='ocr_line' id='line_1_86' title="bbox 2422 3758 3968 3832; baseline -0.01 -6"><span class='ocrx_word' id='word_1_671' title='bbox 2422 3771 2759 3826; x_wconf 68' lang='lat' dir='ltr'><strong>Christianos</strong></span> <span class='ocrx_word' id='word_1_672' title='bbox 2786 3783 2917 3823; x_wconf 88' lang='lat' dir='ltr'><strong>vero</strong></span> <span class='ocrx_word' id='word_1_673' title='bbox 2943 3767 3119 3820; x_wconf 88' lang='lat' dir='ltr'><strong>adhuc</strong></span> <span class='ocrx_word' id='word_1_674' title='bbox 3149 3769 3325 3820; x_wconf 83' lang='lat' dir='ltr'><strong>acrius</strong></span> <span class='ocrx_word' id='word_1_675' title='bbox 3349 3774 3501 3832; x_wconf 84' lang='lat' dir='ltr'><strong>urget</strong></span> <span class='ocrx_word' id='word_1_676' title='bbox 3533 3779 3546 3815; x_wconf 93' lang='lat'>:</span> <span class='ocrx_word' id='word_1_677' title='bbox 3583 3779 3601 3813; x_wconf 72' lang='grc' dir='ltr'><strong>ι</strong></span> <span class='ocrx_word' id='word_1_678' title='bbox 3634 3761 3790 3821; x_wconf 85' lang='lat' dir='ltr'><strong>Ecce,</strong></span> <span class='ocrx_word' id='word_1_679' title='bbox 3823 3777 3843 3810; x_wconf 76' lang='grc' dir='ltr'><strong>ι</strong></span> <span class='ocrx_word' id='word_1_680' title='bbox 3865 3758 3968 3824; x_wconf 85' lang='lat' dir='ltr'><strong>ait,</strong></span> 
     </span>
    </p>
   </div>
   <div class='ocr_carea' id='block_1_84' title="bbox 2361 3851 3969 3931">
    <p class='ocr_par' dir='ltr' id='par_1_84' title="bbox 2361 3851 3969 3931">
     <span class='ocr_line' id='line_1_87' title="bbox 2361 3851 3969 3931; baseline -0.007 -15"><span class='ocrx_word' id='word_1_681' title='bbox 2361 3884 2379 3916; x_wconf 75' lang='grc' dir='ltr'><strong>ι</strong></span> <span class='ocrx_word' id='word_1_682' title='bbox 2419 3878 2540 3931; x_wconf 88' lang='lat' dir='ltr'><strong>pars</strong></span> <span class='ocrx_word' id='word_1_683' title='bbox 2575 3870 2811 3917; x_wconf 81' lang='lat' dir='ltr'><strong>vestrum</strong></span> <span class='ocrx_word' id='word_1_684' title='bbox 2848 3870 2903 3914; x_wconf 92' lang='lat' dir='ltr'><strong>et</strong></span> <span class='ocrx_word' id='word_1_685' title='bbox 2927 3859 3096 3928; x_wconf 83' lang='lat' dir='ltr'><strong>major</strong></span> <span class='ocrx_word' id='word_1_686' title='bbox 3124 3869 3178 3912; x_wconf 93' lang='lat' dir='ltr'><strong>et</strong></span> <span class='ocrx_word' id='word_1_687' title='bbox 3211 3858 3423 3920; x_wconf 89' lang='lat' dir='ltr'><strong>melior,</strong></span> <span class='ocrx_word' id='word_1_688' title='bbox 3457 3867 3510 3908; x_wconf 92' lang='lat' dir='ltr'><strong>ut</strong></span> <span class='ocrx_word' id='word_1_689' title='bbox 3540 3853 3738 3916; x_wconf 86' lang='lat' dir='ltr'><strong>dicitis,</strong></span> <span class='ocrx_word' id='word_1_690' title='bbox 3771 3851 3969 3915; x_wconf 74' lang='lat' dir='ltr'><strong>egetis,</strong></span> 
     </span>
    </p>
   </div>
   <div class='ocr_carea' id='block_1_85' title="bbox 2359 3947 3974 4023">
    <p class='ocr_par' dir='ltr' id='par_1_85' title="bbox 2359 3947 3974 4023">
     <span class='ocr_line' id='line_1_88' title="bbox 2359 3947 3974 4023; baseline -0.007 -13"><span class='ocrx_word' id='word_1_691' title='bbox 2359 3956 2573 4022; x_wconf 78' lang='lat' dir='ltr'><strong>algetis,</strong></span> <span class='ocrx_word' id='word_1_692' title='bbox 2615 3969 2800 4023; x_wconf 80' lang='lat' dir='ltr'><strong>Opere,</strong></span> <span class='ocrx_word' id='word_1_693' title='bbox 2855 3951 2997 4008; x_wconf 84' lang='lat' dir='ltr'><strong>fatue</strong></span> <span class='ocrx_word' id='word_1_694' title='bbox 3051 3951 3328 4014; x_wconf 82' lang='lat' dir='ltr'><strong>laboratis,</strong></span> <span class='ocrx_word' id='word_1_695' title='bbox 3378 3957 3432 4003; x_wconf 90' lang='lat' dir='ltr'><strong>et</strong></span> <span class='ocrx_word' id='word_1_696' title='bbox 3477 3949 3623 4004; x_wconf 87' lang='lat' dir='ltr'><strong>Deus</strong></span> <span class='ocrx_word' id='word_1_697' title='bbox 3673 3947 3870 4016; x_wconf 88' lang='lat' dir='ltr'><strong>patitur</strong></span> <span class='ocrx_word' id='word_1_698' title='bbox 3909 3952 3974 3998; x_wconf 88' lang='lat' dir='ltr'><strong>et</strong></span> 
     </span>
    </p>
   </div>
   <div class='ocr_carea' id='block_1_86' title="bbox 2354 4039 3971 4112">
    <p class='ocr_par' dir='ltr' id='par_1_86' title="bbox 2354 4039 3971 4112">
     <span class='ocr_line' id='line_1_89' title="bbox 2354 4039 3971 4112; baseline -0.008 -9"><span class='ocrx_word' id='word_1_699' title='bbox 2354 4047 2656 4104; x_wconf 87' lang='lat' dir='ltr'><strong>dissimulat</strong></span> <span class='ocrx_word' id='word_1_700' title='bbox 2685 4065 2698 4099; x_wconf 88' lang='lat'><strong>:</strong></span> <span class='ocrx_word' id='word_1_701' title='bbox 2729 4063 2834 4100; x_wconf 90' lang='lat' dir='ltr'><strong>nun</strong></span> <span class='ocrx_word' id='word_1_702' title='bbox 2883 4045 3016 4111; x_wconf 89' lang='lat' dir='ltr'><strong>vult,</strong></span> <span class='ocrx_word' id='word_1_703' title='bbox 3051 4055 3142 4098; x_wconf 91' lang='lat' dir='ltr'><strong>aut</strong></span> <span class='ocrx_word' id='word_1_704' title='bbox 3189 4058 3294 4098; x_wconf 92' lang='lat' dir='ltr'><strong>nou</strong></span> <span class='ocrx_word' id='word_1_705' title='bbox 3327 4051 3502 4112; x_wconf 80' lang='lat' dir='ltr'><strong>potest</strong></span> <span class='ocrx_word' id='word_1_706' title='bbox 3528 4040 3776 4109; x_wconf 90' lang='lat' dir='ltr'><strong>opitulari</strong></span> <span class='ocrx_word' id='word_1_707' title='bbox 3806 4039 3920 4094; x_wconf 90' lang='lat' dir='ltr'><strong>suis</strong></span> <span class='ocrx_word' id='word_1_708' title='bbox 3953 4055 3971 4105; x_wconf 88' lang='lat'><strong>;</strong></span> 
     </span>
    </p>
   </div>
   <div class='ocr_carea' id='block_1_87' title="bbox 2357 4135 3978 4206">
    <p class='ocr_par' dir='ltr' id='par_1_87' title="bbox 2357 4135 3978 4206">
     <span class='ocr_line' id='line_1_90' title="bbox 2357 4135 3978 4206; baseline -0.005 -10"><span class='ocrx_word' id='word_1_709' title='bbox 2357 4143 2425 4196; x_wconf 88' lang='lat' dir='ltr'><strong>ita</strong></span> <span class='ocrx_word' id='word_1_710' title='bbox 2456 4152 2547 4194; x_wconf 89' lang='lat' dir='ltr'><strong>aut</strong></span> <span class='ocrx_word' id='word_1_711' title='bbox 2578 4139 2861 4206; x_wconf 64' lang='lat' dir='ltr'><strong>invalidus,</strong></span> <span class='ocrx_word' id='word_1_712' title='bbox 2899 4149 2991 4191; x_wconf 89' lang='lat' dir='ltr'><strong>aut</strong></span> <span class='ocrx_word' id='word_1_713' title='bbox 3023 4139 3235 4206; x_wconf 88' lang='lat' dir='ltr'><strong>iniquus</strong></span> <span class='ocrx_word' id='word_1_714' title='bbox 3263 4146 3401 4191; x_wconf 77' lang='grc' dir='ltr'>εει.»</span> <span class='ocrx_word' id='word_1_715' title='bbox 3435 4136 3545 4192; x_wconf 83' lang='lat' dir='ltr'><strong>Sed</strong></span> <span class='ocrx_word' id='word_1_716' title='bbox 3575 4155 3592 4187; x_wconf 76' lang='grc' dir='ltr'><strong>ι</strong></span> <span class='ocrx_word' id='word_1_717' title='bbox 3624 4135 3758 4199; x_wconf 73' lang='lat' dir='ltr'><strong>inec,</strong></span> <span class='ocrx_word' id='word_1_718' title='bbox 3786 4153 3804 4184; x_wconf 73' lang='grc' dir='ltr'><strong>ι</strong></span> <span class='ocrx_word' id='word_1_719' title='bbox 3841 4149 3978 4201; x_wconf 84' lang='lat' dir='ltr'><strong>per-</strong></span> 
     </span>
    </p>
   </div>
   <div class='ocr_carea' id='block_1_88' title="bbox 2355 4227 3983 4306">
    <p class='ocr_par' dir='ltr' id='par_1_88' title="bbox 2355 4227 3983 4306">
     <span class='ocr_line' id='line_1_91' title="bbox 2355 4227 3983 4306; baseline -0.004 -17"><span class='ocrx_word' id='word_1_720' title='bbox 2355 4236 2432 4306; x_wconf 90' lang='lat' dir='ltr'><strong>git</strong></span> <span class='ocrx_word' id='word_1_721' title='bbox 2461 4234 2570 4294; x_wconf 88' lang='lat' dir='ltr'><strong>ille.</strong></span> <span class='ocrx_word' id='word_1_722' title='bbox 2611 4251 2630 4283; x_wconf 75' lang='grc' dir='ltr'><strong>ι</strong></span> <span class='ocrx_word' id='word_1_723' title='bbox 2668 4247 2835 4302; x_wconf 83' lang='lat' dir='ltr'><strong>pauca</strong></span> <span class='ocrx_word' id='word_1_724' title='bbox 2864 4239 3010 4296; x_wconf 89' lang='lat' dir='ltr'><strong>sunt,</strong></span> <span class='ocrx_word' id='word_1_725' title='bbox 3041 4240 3095 4284; x_wconf 92' lang='lat' dir='ltr'><strong>et</strong></span> <span class='ocrx_word' id='word_1_726' title='bbox 3123 4245 3242 4284; x_wconf 91' lang='lat' dir='ltr'><strong>cum</strong></span> <span class='ocrx_word' id='word_1_727' title='bbox 3291 4230 3410 4283; x_wconf 87' lang='lat' dir='ltr'><strong>aliis</strong></span> <span class='ocrx_word' id='word_1_728' title='bbox 3441 4229 3766 4282; x_wconf 82' lang='lat' dir='ltr'><strong>communia.</strong></span> <span class='ocrx_word' id='word_1_729' title='bbox 3801 4227 3983 4283; x_wconf 82' lang='lat' dir='ltr'><strong>Vobis</strong></span> 
     </span>
    </p>
   </div>
   <div class='ocr_carea' id='block_1_89' title="bbox 2356 4319 3987 4392">
    <p class='ocr_par' dir='ltr' id='par_1_89' title="bbox 2356 4319 3987 4392">
     <span class='ocr_line' id='line_1_92' title="bbox 2356 4319 3987 4392; baseline -0.004 -12"><span class='ocrx_word' id='word_1_730' title='bbox 2356 4335 2534 4381; x_wconf 89' lang='lat' dir='ltr'><strong>autem</strong></span> <span class='ocrx_word' id='word_1_731' title='bbox 2587 4326 2806 4392; x_wconf 87' lang='lat' dir='ltr'><strong>insuper</strong></span> <span class='ocrx_word' id='word_1_732' title='bbox 2859 4323 3143 4392; x_wconf 87' lang='lat' dir='ltr'><strong>peculiaria</strong></span> <span class='ocrx_word' id='word_1_733' title='bbox 3193 4322 3516 4390; x_wconf 79' lang='lat' dir='ltr'><strong>pr0priaque</strong></span> <span class='ocrx_word' id='word_1_734' title='bbox 3558 4335 3772 4388; x_wconf 89' lang='lat' dir='ltr'><strong>semper</strong></span> <span class='ocrx_word' id='word_1_735' title='bbox 3821 4319 3987 4375; x_wconf 65' lang='lat' dir='ltr'><strong>mela</strong></span> 
     </span>
    </p>
   </div>
   <div class='ocr_carea' id='block_1_90' title="bbox 2357 4415 3982 4484">
    <p class='ocr_par' dir='ltr' id='par_1_90' title="bbox 2357 4415 3982 4484">
     <span class='ocr_line' id='line_1_93' title="bbox 2357 4415 3982 4484; baseline -0.006 -8"><span class='ocrx_word' id='word_1_736' title='bbox 2357 4435 2479 4476; x_wconf 81' lang='lat' dir='ltr'><strong>esse</strong></span> <span class='ocrx_word' id='word_1_737' title='bbox 2503 4419 2766 4482; x_wconf 84' lang='lat' dir='ltr'><strong>videmus,</strong></span> <span class='ocrx_word' id='word_1_738' title='bbox 2798 4419 2970 4471; x_wconf 87' lang='lat' dir='ltr'><strong>minas</strong></span> <span class='ocrx_word' id='word_1_739' title='bbox 3016 4416 3283 4480; x_wconf 89' lang='lat' dir='ltr'><strong>videlicet,</strong></span> <span class='ocrx_word' id='word_1_740' title='bbox 3335 4415 3618 4484; x_wconf 79' lang='lat' dir='ltr'><strong>supplicm,</strong></span> <span class='ocrx_word' id='word_1_741' title='bbox 3668 4421 3982 4477; x_wconf 86' lang='lat' dir='ltr'><strong>tormenta,</strong></span> 
     </span>
    </p>
   </div>
   <div class='ocr_carea' id='block_1_91' title="bbox 652 4503 2246 4600">
    <p class='ocr_par' dir='ltr' id='par_1_91' title="bbox 652 4506 2246 4600">
     <span class='ocr_line' id='line_1_94' title="bbox 652 4506 2246 4600; baseline -0.014 -18"><span class='ocrx_word' id='word_1_742' title='bbox 652 4544 773 4600; x_wconf 88' lang='lat' dir='ltr'><strong>pag.</strong></span> <span class='ocrx_word' id='word_1_743' title='bbox 801 4526 924 4582; x_wconf 64' lang='lat' dir='ltr'><strong>i921</strong></span> <span class='ocrx_word' id='word_1_744' title='bbox 949 4523 1130 4576; x_wconf 88' lang='lat' dir='ltr'><strong>Laert.</strong></span> <span class='ocrx_word' id='word_1_745' title='bbox 1157 4519 1260 4572; x_wconf 91' lang='lat' dir='ltr'><strong>loc.</strong></span> <span class='ocrx_word' id='word_1_746' title='bbox 1278 4517 1370 4571; x_wconf 90' lang='lat' dir='ltr'><strong>cit.</strong></span> <span class='ocrx_word' id='word_1_747' title='bbox 1393 4513 1636 4582; x_wconf 87' lang='lat' dir='ltr'><strong>Origen.,</strong></span> <span class='ocrx_word' id='word_1_748' title='bbox 1663 4512 1754 4566; x_wconf 87' lang='lat' dir='ltr'><strong>lib.</strong></span> <span class='ocrx_word' id='word_1_749' title='bbox 1799 4526 1837 4574; x_wconf 88' lang='grc' dir='ltr'><strong>ι,</strong></span> <span class='ocrx_word' id='word_1_750' title='bbox 1871 4517 2054 4562; x_wconf 90' lang='lat' dir='ltr'><strong>contra</strong></span> <span class='ocrx_word' id='word_1_751' title='bbox 2081 4506 2246 4572; x_wconf 87' lang='lat' dir='ltr'><strong>Cels.,</strong></span> 
     </span>
    </p>
   </div>
   <div class='ocr_carea' id='block_1_92' title="bbox 2352 4503 3999 4600">
    <p class='ocr_par' dir='ltr' id='par_1_92' title="bbox 2357 4503 3999 4579">
     <span class='ocr_line' id='line_1_95' title="bbox 2357 4503 3999 4579; baseline -0.003 -12"><span class='ocrx_word' id='word_1_752' title='bbox 2357 4527 2546 4567; x_wconf 87' lang='lat' dir='ltr'><strong>cruces</strong></span> <span class='ocrx_word' id='word_1_753' title='bbox 2568 4521 2625 4565; x_wconf 91' lang='lat' dir='ltr'><strong>et</strong></span> <span class='ocrx_word' id='word_1_754' title='bbox 2670 4511 2840 4579; x_wconf 68' lang='lat' dir='ltr'><strong>ignes.</strong></span> <span class='ocrx_word' id='word_1_755' title='bbox 2895 4509 2994 4564; x_wconf 89' lang='lat' dir='ltr'><strong>Ubi</strong></span> <span class='ocrx_word' id='word_1_756' title='bbox 3047 4523 3177 4577; x_wconf 69' lang='lat' dir='ltr'><strong>ergo</strong></span> <span class='ocrx_word' id='word_1_757' title='bbox 3211 4510 3348 4563; x_wconf 84' lang='lat' dir='ltr'><strong>Deus</strong></span> <span class='ocrx_word' id='word_1_758' title='bbox 3396 4507 3612 4562; x_wconf 79' lang='lat' dir='ltr'><strong>vester?</strong></span> <span class='ocrx_word' id='word_1_759' title='bbox 3657 4505 3768 4561; x_wconf 88' lang='lat' dir='ltr'><strong>Cur</strong></span> <span class='ocrx_word' id='word_1_760' title='bbox 3815 4503 3999 4562; x_wconf 85' lang='lat' dir='ltr'><strong>vobis</strong></span> 
     </span>
    </p>
   </div>
   <div class='ocr_carea' id='block_1_93' title="bbox 653 4599 2252 4693">
    <p class='ocr_par' dir='ltr' id='par_1_93' title="bbox 653 4599 2252 4693">
     <span class='ocr_line' id='line_1_96' title="bbox 653 4599 2252 4693; baseline -0.013 -19"><span class='ocrx_word' id='word_1_761' title='bbox 653 4599 772 4693; x_wconf 85' lang='lat' dir='ltr'><strong>pag.</strong></span> <span class='ocrx_word' id='word_1_762' title='bbox 819 4617 873 4671; x_wconf 81' lang='lat'><strong>5.</strong></span> <span class='ocrx_word' id='word_1_763' title='bbox 928 4615 1120 4670; x_wconf 82' lang='lat' dir='ltr'><strong>Senec.</strong></span> <span class='ocrx_word' id='word_1_764' title='bbox 1154 4609 1246 4664; x_wconf 87' lang='lat' dir='ltr'><strong>lib.</strong></span> <span class='ocrx_word' id='word_1_765' title='bbox 1287 4607 1355 4662; x_wconf 89' lang='lat' dir='ltr'><strong>de</strong></span> <span class='ocrx_word' id='word_1_766' title='bbox 1395 4604 1634 4666; x_wconf 86' lang='lat' dir='ltr'><strong>Provid.,</strong></span> <span class='ocrx_word' id='word_1_767' title='bbox 1668 4619 1786 4670; x_wconf 82' lang='lat' dir='ltr'><strong>cap.</strong></span> <span class='ocrx_word' id='word_1_768' title='bbox 1834 4603 1887 4666; x_wconf 88' lang='grc'>5,</span> <span class='ocrx_word' id='word_1_769' title='bbox 1935 4617 2050 4671; x_wconf 87' lang='lat' dir='ltr'><strong>pag.</strong></span> <span class='ocrx_word' id='word_1_770' title='bbox 2099 4599 2252 4660; x_wconf 72' lang='grc'><strong>495).</strong></span> 
     </span>
    </p>
   </div>
   <div class='ocr_carea' id='block_1_94' title="bbox 653 4699 2253 4770">
    <p class='ocr_par' dir='ltr' id='par_1_94' title="bbox 653 4699 2253 4770">
     <span class='ocr_line' id='line_1_97' title="bbox 653 4699 2253 4770; baseline -0.015 0"><span class='ocrx_word' id='word_1_771' title='bbox 653 4716 919 4770; x_wconf 70' lang='grc' dir='ltr'>(ἶενιει-ιιιιι</span> <span class='ocrx_word' id='word_1_772' title='bbox 977 4707 1123 4763; x_wconf 89' lang='lat' dir='ltr'><strong>citati</strong></span> <span class='ocrx_word' id='word_1_773' title='bbox 1174 4720 1202 4758; x_wconf 92' lang='lat' dir='ltr'><strong>a</strong></span> <span class='ocrx_word' id='word_1_774' title='bbox 1261 4702 1413 4757; x_wconf 88' lang='lat' dir='ltr'><strong>nobis</strong></span> <span class='ocrx_word' id='word_1_775' title='bbox 1449 4699 1754 4769; x_wconf 88' lang='lat' dir='ltr'><strong>Scriptores</strong></span> <span class='ocrx_word' id='word_1_776' title='bbox 1803 4708 2024 4751; x_wconf 84' lang='lat' dir='ltr'><strong>narrant</strong></span> <span class='ocrx_word' id='word_1_777' title='bbox 2092 4709 2253 4762; x_wconf 86' lang='lat' dir='ltr'><strong>quam</strong></span> 
     </span>
    </p>
   </div>
   <div class='ocr_carea' id='block_1_95' title="bbox 655 4787 2257 4866">
    <p class='ocr_par' dir='ltr' id='par_1_95' title="bbox 655 4787 2257 4866">
     <span class='ocr_line' id='line_1_98' title="bbox 655 4787 2257 4866; baseline -0.014 -3"><span class='ocrx_word' id='word_1_778' title='bbox 655 4807 782 4863; x_wconf 82' lang='lat' dir='ltr'><strong>falsa</strong></span> <span class='ocrx_word' id='word_1_779' title='bbox 819 4803 1108 4866; x_wconf 76' lang='lat' dir='ltr'><strong>ﬁctiliaque</strong></span> <span class='ocrx_word' id='word_1_780' title='bbox 1141 4795 1600 4856; x_wconf 85' lang='lat' dir='ltr'><strong>l&#39;ueriutcrimiua,</strong></span> <span class='ocrx_word' id='word_1_781' title='bbox 1637 4800 1852 4862; x_wconf 88' lang='lat' dir='ltr'><strong>propter</strong></span> <span class='ocrx_word' id='word_1_782' title='bbox 1881 4806 2000 4861; x_wconf 68' lang='lat' dir='ltr'><strong>quae</strong></span> <span class='ocrx_word' id='word_1_783' title='bbox 2043 4789 2109 4843; x_wconf 90' lang='lat' dir='ltr'><strong>ab</strong></span> <span class='ocrx_word' id='word_1_784' title='bbox 2153 4787 2257 4841; x_wconf 83' lang='lat' dir='ltr'><strong>itii-</strong></span> 
     </span>
    </p>
   </div>
   <div class='ocr_carea' id='block_1_96' title="bbox 656 4883 2255 4972">
    <p class='ocr_par' dir='ltr' id='par_1_96' title="bbox 656 4883 2255 4972">
     <span class='ocr_line' id='line_1_99' title="bbox 656 4883 2255 4972; baseline -0.013 -16"><span class='ocrx_word' id='word_1_785' title='bbox 656 4897 930 4972; x_wconf 78' lang='lat' dir='ltr'><strong>quissimis</strong></span> <span class='ocrx_word' id='word_1_786' title='bbox 990 4892 1258 4965; x_wconf 72' lang='lat' dir='ltr'><strong>iudicibus</strong></span> <span class='ocrx_word' id='word_1_787' title='bbox 1317 4899 1490 4944; x_wconf 88' lang='lat' dir='ltr'><strong>morte</strong></span> <span class='ocrx_word' id='word_1_788' title='bbox 1542 4887 1826 4941; x_wconf 87' lang='lat' dir='ltr'><strong>danmatus</strong></span> <span class='ocrx_word' id='word_1_789' title='bbox 1880 4892 1981 4937; x_wconf 83' lang='lat' dir='ltr'><strong>est.</strong></span> <span class='ocrx_word' id='word_1_790' title='bbox 2034 4883 2255 4937; x_wconf 87' lang='lat' dir='ltr'><strong>Demum</strong></span> 
     </span>
    </p>
   </div>
   <div class='ocr_carea' id='block_1_97' title="bbox 657 4974 2253 5057">
    <p class='ocr_par' dir='ltr' id='par_1_97' title="bbox 657 4974 2253 5057">
     <span class='ocr_line' id='line_1_100' title="bbox 657 4974 2253 5057; baseline -0.016 -7"><span class='ocrx_word' id='word_1_791' title='bbox 657 4992 898 5050; x_wconf 72' lang='lat' dir='ltr'><strong>Laertius</strong></span> <span class='ocrx_word' id='word_1_792' title='bbox 923 5005 986 5043; x_wconf 92' lang='lat' dir='ltr'><strong>ac</strong></span> <span class='ocrx_word' id='word_1_793' title='bbox 1019 4997 1201 5057; x_wconf 87' lang='lat' dir='ltr'><strong>postea</strong></span> <span class='ocrx_word' id='word_1_794' title='bbox 1252 4983 1512 5051; x_wconf 71' lang='lat' dir='ltr'><strong>Origenes</strong></span> <span class='ocrx_word' id='word_1_795' title='bbox 1559 4979 1832 5034; x_wconf 75' lang='lat' dir='ltr'><strong>memoria:</strong></span> <span class='ocrx_word' id='word_1_796' title='bbox 1884 4974 2253 5046; x_wconf 77' lang='lat' dir='ltr'><strong>prodiderunt,</strong></span> 
     </span>
    </p>
   </div>
   <div class='ocr_carea' id='block_1_98' title="bbox 655 5069 2259 5149">
    <p class='ocr_par' dir='ltr' id='par_1_98' title="bbox 655 5069 2259 5149">
     <span class='ocr_line' id='line_1_101' title="bbox 655 5069 2259 5149; baseline -0.016 -4"><span class='ocrx_word' id='word_1_797' title='bbox 655 5084 1011 5144; x_wconf 59' lang='lat' dir='ltr'><strong>Athenienses</strong></span> <span class='ocrx_word' id='word_1_798' title='bbox 1075 5079 1285 5149; x_wconf 68' lang='lat' dir='ltr'><strong>injustte</strong></span> <span class='ocrx_word' id='word_1_799' title='bbox 1337 5073 1818 5134; x_wconf 85' lang='lat' dir='ltr'><strong>condemnationis,</strong></span> <span class='ocrx_word' id='word_1_800' title='bbox 1869 5069 2047 5123; x_wconf 87' lang='lat' dir='ltr'><strong>statim</strong></span> <span class='ocrx_word' id='word_1_801' title='bbox 2097 5077 2259 5135; x_wconf 91' lang='lat' dir='ltr'><strong>atque</strong></span> 
     </span>
    </p>
   </div>
   <div class='ocr_carea' id='block_1_99' title="bbox 655 5162 2257 5240">
    <p class='ocr_par' dir='ltr' id='par_1_99' title="bbox 655 5162 2257 5240">
     <span class='ocr_line' id='line_1_102' title="bbox 655 5162 2257 5240; baseline -0.013 -2"><span class='ocrx_word' id='word_1_802' title='bbox 655 5183 742 5239; x_wconf 90' lang='lat' dir='ltr'><strong>ille</strong></span> <span class='ocrx_word' id='word_1_803' title='bbox 798 5188 1038 5234; x_wconf 69' lang='lat' dir='ltr'><strong>mortuus</strong></span> <span class='ocrx_word' id='word_1_804' title='bbox 1097 5183 1201 5240; x_wconf 88' lang='lat' dir='ltr'><strong>est,</strong></span> <span class='ocrx_word' id='word_1_805' title='bbox 1255 5169 1590 5240; x_wconf 66' lang='lat' dir='ltr'><strong>paenituisse.</strong></span> <span class='ocrx_word' id='word_1_806' title='bbox 1646 5165 2005 5233; x_wconf 84' lang='lat' dir='ltr'><strong>Quamobrem</strong></span> <span class='ocrx_word' id='word_1_807' title='bbox 2053 5162 2257 5217; x_wconf 61' lang='lat' dir='ltr'><strong>Seneca</strong></span> 
     </span>
    </p>
   </div>
   <div class='ocr_carea' id='block_1_100' title="bbox 649 5255 2252 5331">
    <p class='ocr_par' dir='ltr' id='par_1_100' title="bbox 649 5255 2252 5331">
     <span class='ocr_line' id='line_1_103' title="bbox 649 5255 2252 5331; baseline -0.013 -3"><span class='ocrx_word' id='word_1_808' title='bbox 649 5271 794 5330; x_wconf 79' lang='lat' dir='ltr'><strong>.‘ianc</strong></span> <span class='ocrx_word' id='word_1_809' title='bbox 841 5279 1066 5325; x_wconf 90' lang='lat' dir='ltr'><strong>mortem</strong></span> <span class='ocrx_word' id='word_1_810' title='bbox 1113 5266 1188 5320; x_wconf 90' lang='lat' dir='ltr'><strong>illi</strong></span> <span class='ocrx_word' id='word_1_811' title='bbox 1237 5274 1343 5318; x_wconf 91' lang='lat' dir='ltr'><strong>tam</strong></span> <span class='ocrx_word' id='word_1_812' title='bbox 1397 5262 1685 5331; x_wconf 81' lang='lat' dir='ltr'><strong>gloriosam</strong></span> <span class='ocrx_word' id='word_1_813' title='bbox 1742 5255 1906 5311; x_wconf 86' lang='lat' dir='ltr'><strong>luisse</strong></span> <span class='ocrx_word' id='word_1_814' title='bbox 1959 5263 2252 5320; x_wconf 81' lang='lat' dir='ltr'><strong>asseverat,</strong></span> 
     </span>
    </p>
   </div>
   <div class='ocr_carea' id='block_1_101' title="bbox 655 5345 2253 5440">
    <p class='ocr_par' dir='ltr' id='par_1_101' title="bbox 655 5345 2253 5440">
     <span class='ocr_line' id='line_1_104' title="bbox 655 5345 2253 5440; baseline -0.016 -17"><span class='ocrx_word' id='word_1_815' title='bbox 655 5383 812 5440; x_wconf 86' lang='lat' dir='ltr'><strong>quam</strong></span> <span class='ocrx_word' id='word_1_816' title='bbox 846 5362 1054 5417; x_wconf 77' lang='lat' dir='ltr'><strong>infamis</strong></span> <span class='ocrx_word' id='word_1_817' title='bbox 1077 5359 1174 5413; x_wconf 90' lang='lat' dir='ltr'><strong>l&#39;uit</strong></span> <span class='ocrx_word' id='word_1_818' title='bbox 1197 5357 1420 5410; x_wconf 86' lang='lat' dir='ltr'><strong>aliorqu</strong></span> <span class='ocrx_word' id='word_1_819' title='bbox 1454 5353 1806 5420; x_wconf 88' lang='lat' dir='ltr'><strong>plurimorum</strong></span> <span class='ocrx_word' id='word_1_820' title='bbox 1837 5355 1940 5402; x_wconf 88' lang='lat' dir='ltr'><strong>vita</strong></span> <span class='ocrx_word' id='word_1_821' title='bbox 1969 5364 1981 5398; x_wconf 86' lang='lat'><strong>:</strong></span> <span class='ocrx_word' id='word_1_822' title='bbox 2010 5365 2028 5397; x_wconf 83' lang='grc'><em>‹</em></span> <span class='ocrx_word' id='word_1_823' title='bbox 2062 5345 2253 5408; x_wconf 65' lang='lat' dir='ltr'><strong>Male,»</strong></span> 
     </span>
    </p>
   </div>
   <div class='ocr_carea' id='block_1_102' title="bbox 657 5439 2262 5532">
    <p class='ocr_par' dir='ltr' id='par_1_102' title="bbox 657 5439 2262 5532">
     <span class='ocr_line' id='line_1_105' title="bbox 657 5439 2262 5532; baseline -0.016 -15"><span class='ocrx_word' id='word_1_824' title='bbox 657 5439 847 5532; x_wconf 87' lang='lat' dir='ltr'><strong>inquit,</strong></span> <span class='ocrx_word' id='word_1_825' title='bbox 882 5476 898 5509; x_wconf 70' lang='grc' dir='ltr'><strong>ι</strong></span> <span class='ocrx_word' id='word_1_826' title='bbox 939 5461 1219 5508; x_wconf 87' lang='lat' dir='ltr'><strong>tractatum</strong></span> <span class='ocrx_word' id='word_1_827' title='bbox 1245 5450 1520 5505; x_wconf 82' lang='lat' dir='ltr'><strong>Socratem</strong></span> <span class='ocrx_word' id='word_1_828' title='bbox 1543 5444 1771 5515; x_wconf 72' lang='lat' dir='ltr'><strong>indicas,</strong></span> <span class='ocrx_word' id='word_1_829' title='bbox 1806 5440 1947 5512; x_wconf 87' lang='lat' dir='ltr'><strong>quod</strong></span> <span class='ocrx_word' id='word_1_830' title='bbox 1996 5439 2137 5493; x_wconf 85' lang='lat' dir='ltr'><strong>illam</strong></span> <span class='ocrx_word' id='word_1_831' title='bbox 2169 5452 2262 5508; x_wconf 84' lang='lat' dir='ltr'><strong>po-</strong></span> 
     </span>
    </p>
   </div>
   <div class='ocr_carea' id='block_1_103' title="bbox 655 5535 2261 5622">
    <p class='ocr_par' dir='ltr' id='par_1_103' title="bbox 655 5535 2261 5622">
     <span class='ocr_line' id='line_1_106' title="bbox 655 5535 2261 5622; baseline -0.014 -11"><span class='ocrx_word' id='word_1_832' title='bbox 655 5560 854 5610; x_wconf 91' lang='lat' dir='ltr'><strong>tionem</strong></span> <span class='ocrx_word' id='word_1_833' title='bbox 889 5547 1100 5622; x_wconf 90' lang='lat' dir='ltr'><strong>puhhce</strong></span> <span class='ocrx_word' id='word_1_834' title='bbox 1129 5545 1373 5610; x_wconf 81' lang='lat' dir='ltr'><strong>mixtam,</strong></span> <span class='ocrx_word' id='word_1_835' title='bbox 1395 5557 1500 5596; x_wconf 91' lang='lat' dir='ltr'><strong>non</strong></span> <span class='ocrx_word' id='word_1_836' title='bbox 1519 5539 1676 5596; x_wconf 87' lang='lat' dir='ltr'><strong>aliter</strong></span> <span class='ocrx_word' id='word_1_837' title='bbox 1707 5552 1866 5609; x_wconf 89' lang='lat' dir='ltr'><strong>quam</strong></span> <span class='ocrx_word' id='word_1_838' title='bbox 1900 5535 2261 5590; x_wconf 86' lang='lat' dir='ltr'><strong>medicamen-</strong></span> 
     </span>
    </p>
   </div>
   <div class='ocr_carea' id='block_1_104' title="bbox 653 5627 2262 5702">
    <p class='ocr_par' dir='ltr' id='par_1_104' title="bbox 653 5627 2262 5702">
     <span class='ocr_line' id='line_1_107' title="bbox 653 5627 2262 5702; baseline -0.012 -2"><span class='ocrx_word' id='word_1_839' title='bbox 653 5656 763 5701; x_wconf 90' lang='lat' dir='ltr'><strong>tum</strong></span> <span class='ocrx_word' id='word_1_840' title='bbox 797 5639 1222 5702; x_wconf 87' lang='lat' dir='ltr'><strong>immortalitatis</strong></span> <span class='ocrx_word' id='word_1_841' title='bbox 1250 5634 1496 5694; x_wconf 84' lang='lat' dir='ltr'><strong>obduxit.</strong></span> <span class='ocrx_word' id='word_1_842' title='bbox 1547 5641 1600 5686; x_wconf 89' lang='lat' dir='ltr'><strong>et</strong></span> <span class='ocrx_word' id='word_1_843' title='bbox 1647 5635 1715 5691; x_wconf 84' lang='lat' dir='ltr'><strong>de</strong></span> <span class='ocrx_word' id='word_1_844' title='bbox 1748 5639 1921 5686; x_wconf 88' lang='lat' dir='ltr'><strong>morte</strong></span> <span class='ocrx_word' id='word_1_845' title='bbox 1970 5627 2262 5697; x_wconf 86' lang='lat' dir='ltr'><strong>disputavit</strong></span> 
     </span>
    </p>
   </div>
   <div class='ocr_carea' id='block_1_105' title="bbox 646 5723 2260 5806">
    <p class='ocr_par' dir='ltr' id='par_1_105' title="bbox 646 5723 2260 5806">
     <span class='ocr_line' id='line_1_108' title="bbox 646 5723 2260 5806; baseline -0.007 -16"><span class='ocrx_word' id='word_1_846' title='bbox 646 5752 811 5806; x_wconf 83' lang='lat' dir='ltr'><strong>usque</strong></span> <span class='ocrx_word' id='word_1_847' title='bbox 837 5733 919 5795; x_wconf 78' lang='lat' dir='ltr'><strong>ad</strong></span> <span class='ocrx_word' id='word_1_848' title='bbox 959 5730 1151 5801; x_wconf 87' lang='lat' dir='ltr'><strong>ipsam.</strong></span> <span class='ocrx_word' id='word_1_849' title='bbox 1189 5729 1323 5786; x_wconf 81' lang='lat' dir='ltr'><strong>Male</strong></span> <span class='ocrx_word' id='word_1_850' title='bbox 1348 5743 1473 5786; x_wconf 90' lang='lat' dir='ltr'><strong>cum</strong></span> <span class='ocrx_word' id='word_1_851' title='bbox 1516 5724 1602 5779; x_wconf 91' lang='lat' dir='ltr'><strong>illo</strong></span> <span class='ocrx_word' id='word_1_852' title='bbox 1631 5741 1814 5795; x_wconf 84' lang='lat' dir='ltr'><strong>actum</strong></span> <span class='ocrx_word' id='word_1_853' title='bbox 1837 5732 1940 5791; x_wconf 88' lang='lat' dir='ltr'><strong>est,</strong></span> <span class='ocrx_word' id='word_1_854' title='bbox 1983 5723 2123 5793; x_wconf 88' lang='lat' dir='ltr'><strong>quod</strong></span> <span class='ocrx_word' id='word_1_855' title='bbox 2169 5738 2260 5793; x_wconf 75' lang='lat' dir='ltr'><strong>ge-</strong></span> 
     </span>
    </p>
   </div>
   <div class='ocr_carea' id='block_1_106' title="bbox 2361 4601 3240 4671">
    <p class='ocr_par' dir='ltr' id='par_1_106' title="bbox 2361 4601 3240 4671">
     <span class='ocr_line' id='line_1_109' title="bbox 2361 4601 3240 4671; baseline -0.007 -12"><span class='ocrx_word' id='word_1_856' title='bbox 2361 4622 2469 4660; x_wconf 87' lang='lat' dir='ltr'><strong>non</strong></span> <span class='ocrx_word' id='word_1_857' title='bbox 2486 4606 2754 4667; x_wconf 83' lang='lat' dir='ltr'><strong>subvenit,</strong></span> <span class='ocrx_word' id='word_1_858' title='bbox 2787 4614 2839 4657; x_wconf 90' lang='lat' dir='ltr'><strong>et</strong></span> <span class='ocrx_word' id='word_1_859' title='bbox 2860 4601 3187 4671; x_wconf 83' lang='lat' dir='ltr'><strong>opitulatur?</strong></span> <span class='ocrx_word' id='word_1_860' title='bbox 3223 4621 3240 4653; x_wconf 74' lang='grc' dir='ltr'><strong>ι</strong></span> 
     </span>
    </p>
   </div>
   <div class='ocr_carea' id='block_1_107' title="bbox 2434 4692 4004 4756">
    <p class='ocr_par' dir='ltr' id='par_1_107' title="bbox 2434 4692 4004 4756">
     <span class='ocr_line' id='line_1_110' title="bbox 2434 4692 4004 4756; baseline -0.004 -3"><span class='ocrx_word' id='word_1_861' title='bbox 2434 4699 2537 4753; x_wconf 88' lang='lat' dir='ltr'><strong>Sed</strong></span> <span class='ocrx_word' id='word_1_862' title='bbox 2569 4716 2672 4752; x_wconf 89' lang='lat' dir='ltr'><strong>non</strong></span> <span class='ocrx_word' id='word_1_863' title='bbox 2694 4697 2842 4752; x_wconf 77' lang='lat' dir='ltr'><strong>solus</strong></span> <span class='ocrx_word' id='word_1_864' title='bbox 2879 4696 3147 4756; x_wconf 74' lang='lat' dir='ltr'><strong>Czecilius.</strong></span> <span class='ocrx_word' id='word_1_865' title='bbox 3175 4711 3360 4750; x_wconf 88' lang='lat' dir='ltr'><strong>verum</strong></span> <span class='ocrx_word' id='word_1_866' title='bbox 3388 4695 3586 4751; x_wconf 85' lang='lat' dir='ltr'><strong>ethnici</strong></span> <span class='ocrx_word' id='word_1_867' title='bbox 3643 4709 3832 4749; x_wconf 84' lang='lat' dir='ltr'><strong>omnes</strong></span> <span class='ocrx_word' id='word_1_868' title='bbox 3864 4692 4004 4752; x_wconf 77' lang='lat' dir='ltr'><strong>hac</strong></span> 
     </span>
    </p>
   </div>
   <div class='ocr_carea' id='block_1_108' title="bbox 2362 4787 4012 4862">
    <p class='ocr_par' dir='ltr' id='par_1_108' title="bbox 2362 4787 4012 4862">
     <span class='ocr_line' id='line_1_111' title="bbox 2362 4787 4012 4862; baseline -0.007 -18"><span class='ocrx_word' id='word_1_869' title='bbox 2362 4793 2474 4862; x_wconf 86' lang='lat' dir='ltr'><strong>ipsa</strong></span> <span class='ocrx_word' id='word_1_870' title='bbox 2531 4791 2746 4862; x_wconf 73' lang='lat' dir='ltr'><strong>querela</strong></span> <span class='ocrx_word' id='word_1_871' title='bbox 2789 4799 2840 4843; x_wconf 88' lang='lat' dir='ltr'><strong>et</strong></span> <span class='ocrx_word' id='word_1_872' title='bbox 2883 4789 3311 4855; x_wconf 68' lang='lat' dir='ltr'><strong>exlttlslllialiﬂlle</strong></span> <span class='ocrx_word' id='word_1_873' title='bbox 3362 4788 3696 4842; x_wconf 85' lang='lat' dir='ltr'><strong>Christianos</strong></span> <span class='ocrx_word' id='word_1_874' title='bbox 3749 4787 4012 4855; x_wconf 74' lang='lat' dir='ltr'><strong>pttlSure</strong></span> 
     </span>
    </p>
   </div>
   <div class='ocr_carea' id='block_1_109' title="bbox 2359 4880 4022 4945">
    <p class='ocr_par' dir='ltr' id='par_1_109' title="bbox 2359 4880 4022 4945">
     <span class='ocr_line' id='line_1_112' title="bbox 2359 4880 4022 4945; baseline -0.007 -6"><span class='ocrx_word' id='word_1_875' title='bbox 2359 4895 2772 4939; x_wconf 82' lang='lat' dir='ltr'><strong>Consueveraut.</strong></span> <span class='ocrx_word' id='word_1_876' title='bbox 2808 4881 2938 4936; x_wconf 83' lang='lat' dir='ltr'><strong>Nam</strong></span> <span class='ocrx_word' id='word_1_877' title='bbox 2956 4881 3081 4945; x_wconf 88' lang='lat' dir='ltr'><strong>illis,</strong></span> <span class='ocrx_word' id='word_1_878' title='bbox 3103 4882 3256 4935; x_wconf 85' lang='lat' dir='ltr'><strong>sicuti</strong></span> <span class='ocrx_word' id='word_1_879' title='bbox 3290 4880 3452 4935; x_wconf 82' lang='lat' dir='ltr'><strong>refert</strong></span> <span class='ocrx_word' id='word_1_880' title='bbox 3478 4880 4022 4938; x_wconf 38' lang='lat' dir='ltr'><strong>CieiuensAle-xan.</strong></span> 
     </span>
    </p>
   </div>
   <div class='ocr_carea' id='block_1_110' title="bbox 2361 4976 4022 5045">
    <p class='ocr_par' dir='ltr' id='par_1_110' title="bbox 2361 4976 4022 5045">
     <span class='ocr_line' id='line_1_113' title="bbox 2361 4976 4022 5045; baseline -0.004 -13"><span class='ocrx_word' id='word_1_881' title='bbox 2361 4978 2568 5041; x_wconf 87' lang='lat' dir='ltr'><strong>drinus,</strong></span> <span class='ocrx_word' id='word_1_882' title='bbox 2601 4977 2924 5045; x_wconf 88' lang='lat' dir='ltr'><strong>objiciebaut</strong></span> <span class='ocrx_word' id='word_1_883' title='bbox 2976 4991 2988 5024; x_wconf 84' lang='lat'><strong>:</strong></span> <span class='ocrx_word' id='word_1_884' title='bbox 3044 4979 3104 5026; x_wconf 73' lang='lat' dir='ltr'><strong>Et</strong></span> <span class='ocrx_word' id='word_1_885' title='bbox 3133 4978 3326 5033; x_wconf 55' lang='grc' dir='ltr'>χώεται</span> <span class='ocrx_word' id='word_1_886' title='bbox 3359 4979 3483 5041; x_wconf 71' lang='grc' dir='ltr'><strong>ὑμῶν</strong></span> <span class='ocrx_word' id='word_1_887' title='bbox 3510 4979 3533 5026; x_wconf 82' lang='lat' dir='ltr'><strong>e&#39;</strong></span> <span class='ocrx_word' id='word_1_888' title='bbox 3560 4981 3672 5032; x_wconf 56' lang='lat' dir='ltr'><strong>ea,</strong></span> <span class='ocrx_word' id='word_1_889' title='bbox 3717 4980 3766 5028; x_wconf 73' lang='grc' dir='ltr'>τι</span> <span class='ocrx_word' id='word_1_890' title='bbox 3792 4976 4022 5035; x_wconf 48' lang='grc' dir='ltr'>διιπετέ-</span> 
     </span>
    </p>
   </div>
   <div class='ocr_carea' id='block_1_111' title="bbox 2362 5072 4026 5138">
    <p class='ocr_par' dir='ltr' id='par_1_111' title="bbox 2362 5072 4026 5138">
     <span class='ocr_line' id='line_1_114' title="bbox 2362 5072 4026 5138; baseline -0.001 -13"><span class='ocrx_word' id='word_1_891' title='bbox 2362 5077 2595 5131; x_wconf 66' lang='grc' dir='ltr'><strong>διώκεσθε.</strong></span> <span class='ocrx_word' id='word_1_892' title='bbox 2628 5078 2709 5126; x_wconf 63' lang='grc' dir='ltr'><strong>καὶ</strong></span> <span class='ocrx_word' id='word_1_893' title='bbox 2748 5077 3003 5138; x_wconf 68' lang='grc' dir='ltr'><strong>φονεύεσοες</strong></span> <span class='ocrx_word' id='word_1_894' title='bbox 3037 5077 3065 5129; x_wconf 76' lang='grc' dir='ltr'>ἢ</span> <span class='ocrx_word' id='word_1_895' title='bbox 3112 5075 3252 5129; x_wconf 72' lang='grc' dir='ltr'>αὐτὸς</span> <span class='ocrx_word' id='word_1_896' title='bbox 3284 5077 3404 5136; x_wconf 72' lang='grc' dir='ltr'><strong>ὑμᾶς</strong></span> <span class='ocrx_word' id='word_1_897' title='bbox 3451 5073 3515 5128; x_wconf 76' lang='grc' dir='ltr'><strong>εἰς</strong></span> <span class='ocrx_word' id='word_1_898' title='bbox 3559 5075 3697 5125; x_wconf 71' lang='grc' dir='ltr'><strong>τοῦτο</strong></span> <span class='ocrx_word' id='word_1_899' title='bbox 3724 5072 4026 5128; x_wconf 49' lang='grc' dir='ltr'><strong>ἀείδω-ει,</strong></span> 
     </span>
    </p>
   </div>
   <div class='ocr_carea' id='block_1_112' title="bbox 2369 5164 4039 5233">
    <p class='ocr_par' dir='ltr' id='par_1_112' title="bbox 2369 5164 4039 5233">
     <span class='ocr_line' id='line_1_115' title="bbox 2369 5164 4039 5233; baseline -0.004 -13"><span class='ocrx_word' id='word_1_900' title='bbox 2369 5186 2387 5216; x_wconf 84' lang='grc'><strong><em>‹</em></strong></span> <span class='ocrx_word' id='word_1_901' title='bbox 2413 5169 2466 5220; x_wconf 81' lang='lat' dir='ltr'><strong>Si</strong></span> <span class='ocrx_word' id='word_1_902' title='bbox 2495 5168 2634 5220; x_wconf 72' lang='lat' dir='ltr'><strong>Deus</strong></span> <span class='ocrx_word' id='word_1_903' title='bbox 2659 5176 2820 5220; x_wconf 79' lang='lat' dir='ltr'><strong>vestri</strong></span> <span class='ocrx_word' id='word_1_904' title='bbox 2852 5181 3032 5218; x_wconf 84' lang='lat' dir='ltr'><strong>curam</strong></span> <span class='ocrx_word' id='word_1_905' title='bbox 3054 5165 3213 5233; x_wconf 87' lang='lat' dir='ltr'><strong>gerit,</strong></span> <span class='ocrx_word' id='word_1_906' title='bbox 3243 5179 3339 5218; x_wconf 90' lang='lat' dir='ltr'><strong>cur</strong></span> <span class='ocrx_word' id='word_1_907' title='bbox 3369 5164 3607 5232; x_wconf 87' lang='lat' dir='ltr'><strong>patimini</strong></span> <span class='ocrx_word' id='word_1_908' title='bbox 3640 5168 4039 5231; x_wconf 64' lang='lat' dir='ltr'><strong>pem-cutio-</strong></span> 
     </span>
    </p>
   </div>
   <div class='ocr_carea' id='block_1_113' title="bbox 2364 5255 4031 5323">
    <p class='ocr_par' dir='ltr' id='par_1_113' title="bbox 2364 5255 4031 5323">
     <span class='ocr_line' id='line_1_116' title="bbox 2364 5255 4031 5323; baseline -0.001 -12"><span class='ocrx_word' id='word_1_909' title='bbox 2364 5274 2507 5321; x_wconf 82' lang='lat' dir='ltr'><strong>nem,</strong></span> <span class='ocrx_word' id='word_1_910' title='bbox 2539 5268 2592 5310; x_wconf 93' lang='lat' dir='ltr'><strong>et</strong></span> <span class='ocrx_word' id='word_1_911' title='bbox 2637 5269 2812 5311; x_wconf 87' lang='lat' dir='ltr'><strong>morte</strong></span> <span class='ocrx_word' id='word_1_912' title='bbox 2844 5256 3156 5308; x_wconf 78' lang='lat' dir='ltr'><strong>al&#39;lirimiui?</strong></span> <span class='ocrx_word' id='word_1_913' title='bbox 3187 5256 3268 5310; x_wconf 84' lang='lat' dir='ltr'><strong>Au</strong></span> <span class='ocrx_word' id='word_1_914' title='bbox 3313 5257 3424 5323; x_wconf 90' lang='lat' dir='ltr'><strong>ipse</strong></span> <span class='ocrx_word' id='word_1_915' title='bbox 3470 5270 3562 5309; x_wconf 85' lang='lat' dir='ltr'><strong>vos</strong></span> <span class='ocrx_word' id='word_1_916' title='bbox 3601 5258 3678 5310; x_wconf 77' lang='lat' dir='ltr'><strong>eis</strong></span> <span class='ocrx_word' id='word_1_917' title='bbox 3722 5255 3954 5313; x_wconf 77' lang='lat' dir='ltr'><strong>tradi&#39;?</strong></span> <span class='ocrx_word' id='word_1_918' title='bbox 4003 5285 4031 5317; x_wconf 67' lang='grc' dir='ltr'><strong>ι</strong></span> 
     </span>
    </p>
   </div>
   <div class='ocr_carea' id='block_1_114' title="bbox 2364 5349 4048 5432">
    <p class='ocr_par' dir='ltr' id='par_1_114' title="bbox 2364 5349 4048 5432">
     <span class='ocr_line' id='line_1_117' title="bbox 2364 5349 4048 5432; baseline 0.001 -27"><span class='ocrx_word' id='word_1_919' title='bbox 2364 5354 2381 5422; x_wconf 83' lang='lat'>(</span> <span class='ocrx_word' id='word_1_920' title='bbox 2427 5352 2677 5406; x_wconf 79' lang='lat' dir='ltr'><strong>Clemens</strong></span> <span class='ocrx_word' id='word_1_921' title='bbox 2720 5350 3008 5415; x_wconf 82' lang='lat' dir='ltr'><strong>Alexand,</strong></span> <span class='ocrx_word' id='word_1_922' title='bbox 3061 5349 3155 5404; x_wconf 92' lang='lat' dir='ltr'><strong>lib.</strong></span> <span class='ocrx_word' id='word_1_923' title='bbox 3203 5366 3256 5404; x_wconf 87' lang='lat' dir='ltr'><strong>tv</strong></span> <span class='ocrx_word' id='word_1_924' title='bbox 3317 5350 3535 5414; x_wconf 83' lang='lat' dir='ltr'><strong>Strom.,</strong></span> <span class='ocrx_word' id='word_1_925' title='bbox 3613 5365 3730 5416; x_wconf 80' lang='lat' dir='ltr'><strong>pag.</strong></span> <span class='ocrx_word' id='word_1_926' title='bbox 3785 5350 3917 5406; x_wconf 64' lang='grc'><strong>504</strong></span> <span class='ocrx_word' id='word_1_927' title='bbox 4013 5359 4048 5432; x_wconf 85' lang='grc'><strong>)</strong></span> 
     </span>
    </p>
   </div>
   <div class='ocr_carea' id='block_1_115' title="bbox 2367 5447 4048 5516">
    <p class='ocr_par' dir='ltr' id='par_1_115' title="bbox 2367 5447 4048 5516">
     <span class='ocr_line' id='line_1_118' title="bbox 2367 5447 4048 5516; baseline -0.001 -15"><span class='ocrx_word' id='word_1_928' title='bbox 2367 5448 2432 5501; x_wconf 78' lang='lat' dir='ltr'><strong>Et</strong></span> <span class='ocrx_word' id='word_1_929' title='bbox 2487 5447 2642 5516; x_wconf 72' lang='lat' dir='ltr'><strong>paulo</strong></span> <span class='ocrx_word' id='word_1_930' title='bbox 2683 5457 2801 5516; x_wconf 89' lang='lat' dir='ltr'><strong>pust</strong></span> <span class='ocrx_word' id='word_1_931' title='bbox 2845 5463 2857 5499; x_wconf 75' lang='grc' dir='ltr'>ε</span> <span class='ocrx_word' id='word_1_932' title='bbox 2900 5456 3041 5500; x_wconf 53' lang='lat' dir='ltr'><strong>Amet</strong></span> <span class='ocrx_word' id='word_1_933' title='bbox 3097 5449 3145 5498; x_wconf 69' lang='grc' dir='ltr'><strong>δὲ</strong></span> <span class='ocrx_word' id='word_1_934' title='bbox 3195 5450 3246 5499; x_wconf 75' lang='grc' dir='ltr'><strong>οὗ</strong></span> <span class='ocrx_word' id='word_1_935' title='bbox 3290 5451 3536 5516; x_wconf 70' lang='grc' dir='ltr'><strong>βοηθεῖσος</strong></span> <span class='ocrx_word' id='word_1_936' title='bbox 3592 5447 4048 5510; x_wconf 67' lang='grc' dir='ltr'><strong>διωκὸμενοι.,,,</strong></span> 
     </span>
    </p>
   </div>
   <div class='ocr_carea' id='block_1_116' title="bbox 2370 5539 4058 5609">
    <p class='ocr_par' dir='ltr' id='par_1_116' title="bbox 2370 5539 4058 5609">
     <span class='ocr_line' id='line_1_119' title="bbox 2370 5539 4058 5609; baseline 0.002 -17"><span class='ocrx_word' id='word_1_937' title='bbox 2370 5560 2389 5592; x_wconf 83' lang='grc'><em>‹</em></span> <span class='ocrx_word' id='word_1_938' title='bbox 2427 5540 2535 5595; x_wconf 88' lang='lat' dir='ltr'><strong>Cur</strong></span> <span class='ocrx_word' id='word_1_939' title='bbox 2559 5550 2735 5596; x_wconf 89' lang='lat' dir='ltr'><strong>autem</strong></span> <span class='ocrx_word' id='word_1_940' title='bbox 2764 5555 2885 5594; x_wconf 92' lang='lat' dir='ltr'><strong>cum</strong></span> <span class='ocrx_word' id='word_1_941' title='bbox 2918 5555 3012 5594; x_wconf 88' lang='lat' dir='ltr'><strong>vos</strong></span> <span class='ocrx_word' id='word_1_942' title='bbox 3033 5551 3444 5609; x_wconf 82' lang='lat' dir='ltr'><strong>persequuntur.</strong></span> <span class='ocrx_word' id='word_1_943' title='bbox 3476 5539 3606 5594; x_wconf 89' lang='lat' dir='ltr'><strong>nihil</strong></span> <span class='ocrx_word' id='word_1_944' title='bbox 3629 5541 3785 5594; x_wconf 85' lang='lat' dir='ltr'><strong>vobis</strong></span> <span class='ocrx_word' id='word_1_945' title='bbox 3806 5542 4058 5604; x_wconf 58' lang='lat' dir='ltr'><strong>alter-</strong></span> 
     </span>
    </p>
   </div>
   <div class='ocr_carea' id='block_1_117' title="bbox 2366 5631 4065 5710">
    <p class='ocr_par' dir='ltr' id='par_1_117' title="bbox 2366 5631 4065 5710">
     <span class='ocr_line' id='line_1_120' title="bbox 2366 5631 4065 5710; baseline 0.001 -23"><span class='ocrx_word' id='word_1_946' title='bbox 2366 5643 2452 5687; x_wconf 91' lang='lat' dir='ltr'><strong>tur</strong></span> <span class='ocrx_word' id='word_1_947' title='bbox 2477 5632 2662 5687; x_wconf 83' lang='lat' dir='ltr'><strong>auxilii</strong></span> <span class='ocrx_word' id='word_1_948' title='bbox 2701 5631 2886 5702; x_wconf 65' lang='lat' dir='ltr'><strong>i(lhid.</strong></span> <span class='ocrx_word' id='word_1_949' title='bbox 2919 5647 3038 5702; x_wconf 86' lang='lat' dir='ltr'><strong>pag.</strong></span> <span class='ocrx_word' id='word_1_950' title='bbox 3071 5632 3225 5700; x_wconf 78' lang='lat'><strong>505)?</strong></span> <span class='ocrx_word' id='word_1_951' title='bbox 3256 5631 3408 5702; x_wconf 82' lang='lat' dir='ltr'><strong>Apud</strong></span> <span class='ocrx_word' id='word_1_952' title='bbox 3438 5631 3727 5688; x_wconf 86' lang='lat' dir='ltr'><strong>Eusebium</strong></span> <span class='ocrx_word' id='word_1_953' title='bbox 3757 5650 4065 5710; x_wconf 62' lang='lat' dir='ltr'><strong>quoque</strong></span> 
     </span>
    </p>
   </div>
   <div class='ocr_carea' id='block_1_118' title="bbox 2367 5723 4076 5805">
    <p class='ocr_par' dir='ltr' id='par_1_118' title="bbox 2367 5723 4076 5805">
     <span class='ocr_line' id='line_1_121' title="bbox 2367 5723 4076 5805; baseline 0 -23"><span class='ocrx_word' id='word_1_954' title='bbox 2367 5724 2741 5798; x_wconf 80' lang='lat' dir='ltr'><strong>Lugdunensis</strong></span> <span class='ocrx_word' id='word_1_955' title='bbox 2771 5723 3196 5795; x_wconf 81' lang='lat' dir='ltr'><strong>Viennensisque</strong></span> <span class='ocrx_word' id='word_1_956' title='bbox 3250 5724 3487 5781; x_wconf 79' lang='lat' dir='ltr'><strong>Ecclesia</strong></span> <span class='ocrx_word' id='word_1_957' title='bbox 3527 5725 3798 5782; x_wconf 85' lang='lat' dir='ltr'><strong>scribebat</strong></span> <span class='ocrx_word' id='word_1_958' title='bbox 3847 5744 3872 5782; x_wconf 86' lang='lat'><strong>:</strong></span> <span class='ocrx_word' id='word_1_959' title='bbox 3961 5747 4076 5805; x_wconf 70' lang='grc' dir='ltr'>οε</span> 
     </span>
    </p>
   </div>
   <div class='ocr_carea' id='block_1_119' title="bbox 2845 5447 4004 5516">
    <p class='ocr_par' dir='ltr' id='par_1_119' title="bbox 2845 5447 4004 5516">
     <span class='ocr_line' id='line_1_122' title="bbox 2845 5447 4004 5516; baseline 0.001 -17"><span class='ocrx_word' id='word_1_960' title='bbox 2845 5463 2857 5499; x_wconf 75' lang='grc' dir='ltr'>ε</span> <span class='ocrx_word' id='word_1_961' title='bbox 2900 5456 3041 5500; x_wconf 53' lang='lat' dir='ltr'><strong>Amet</strong></span> <span class='ocrx_word' id='word_1_962' title='bbox 3097 5449 3145 5498; x_wconf 69' lang='grc' dir='ltr'><strong>δὲ</strong></span> <span class='ocrx_word' id='word_1_963' title='bbox 3195 5450 3246 5499; x_wconf 75' lang='grc' dir='ltr'><strong>οὗ</strong></span> <span class='ocrx_word' id='word_1_964' title='bbox 3290 5451 3536 5516; x_wconf 72' lang='grc' dir='ltr'><strong>βοηθεῖσος</strong></span> <span class='ocrx_word' id='word_1_965' title='bbox 3592 5447 4004 5507; x_wconf 52' lang='lat' dir='ltr'><strong>omnium“...</strong></span> 
     </span>
    </p>
   </div>
  </div>
