4248 6264
646 353 673 399 ’1
685 342 753 392 Ῐέδ

1933 327 2023 383 DE
2064 321 2327 382 MINUCII
2366 323 2667 380 OCTAVIO

3853 313 3958 372 456

717 455 832 510 Huc
861 450 1088 517 accedit,
1122 449 1261 520 quod
1307 461 1486 510 nemo,
1519 446 1594 500 ttti
1623 443 1885 500 Minucius
1916 453 2037 512 post
2082 441 2249 496 Sene-
2278 444 2323 500 A
2355 439 2476 494 coeli
2543 447 2596 492 et
2654 433 2753 490 soli
2794 432 2874 489 sui
2914 441 3157 489 extorres
3186 437 3448 502 vagantur
3482 442 3582 501 per
3611 429 3801 486 orbem
3843 430 3959 483 sine

642 565 759 605 cam
784 554 877 610 ait,
908 565 926 597 ι
951 555 1053 598 tatu
1086 558 1285 611 pauper
1307 540 1454 607 vivit,
1484 554 1640 610 quam
1675 552 1876 607 pauper
1906 549 2057 590 Italus
2088 543 2188 588 est.
2220 552 2236 584 ι

645 642 776 697 Ιιιᾱο
821 632 998 695 autem
1044 636 1204 691 infert
1235 637 1437 690 Seneca
1484 634 1933 688 contemnendam
1963 646 2082 683 esse
2114 645 2246 698 pau-

642 743 905 806 pertatem
942 731 1126 804 (Sen.,
1167 729 1257 783 lib.
1312 730 1374 782 de
1419 727 1598 790 Prov.,
1647 741 1764 792 cap.
1819 724 1871 784 6.
1907 739 2024 793 pag.
2057 720 2242 793 50L).

642 828 843 884 Deinde
871 826 1010 897 quod
1037 824 1373 880 Christianos
1417 831 1640 891 Spectat.
1676 819 1938 874 Minucius
1967 817 2105 871 haud
2143 818 2243 869 du-

639 922 873 978 bitanter
927 921 1121 975 asserit
1167 919 1286 974 illos
1344 932 1502 988 posse
1565 915 1778 969 divitias
1831 921 1885 966 et
1935 911 2242 975 facultates,

642 1015 686 1070 si
716 1015 795 1070 eis
837 1013 992 1067 utiles
1038 1010 1236 1075 forent,
1270 1027 1297 1063 a
1328 1010 1436 1063 Deo
1492 1010 1782 1077 impetrare
1812 1021 1827 1066 ;
1891 1003 1982 1058 sed
2015 1003 2132 1056 illas
2179 1000 2248 1055 ab

641 1106 774 1176 ipsis
801 1107 980 1176 sperni
1005 1114 1165 1167 atque
1198 1101 1556 1156 innocentiam
1596 1097 1846 1154 anteferri
1878 1112 1939 1149 ac
1967 1098 2243 1166 pietatem.

715 1199 899 1268 Longe
958 1205 1135 1250 autem
1181 1195 1427 1257 minoris,
1481 1195 1563 1246 vel
1609 1191 1782 1260 potius
1835 1186 2032 1241 nullius
2088 1187 2246 1256 plane

643 1291 904 1348 momenti
938 1287 1066 1342 illud
1123 1295 1225 1350 est,
1267 1285 1406 1354 quod
1460 1301 1528 1339 ex
1588 1283 1886 1336 miserrima
1935 1281 2244 1335 Judteorum

644 1386 950 1442 conditione
982 1392 1134 1452 urget
1170 1381 1436 1435 (last-ilius.
1491 1377 1752 1446 Quamdiu
1783 1377 1929 1430 enim
1965 1376 2128 1429 Deum
2162 1371 2246 1442 pie

644 1491 933 1546 sancteque
962 1476 1264 1539 coluerunt,
1299 1472 1550 1539 quamdiu
1585 1470 1864 1540 praeceptis
1891 1468 2005 1537 ejus
2041 1481 2243 1519 morem

643 1571 831 1627 sedulo
855 1576 1157 1638 gesserunt.
1206 1564 1404 1619 tamdiu
1437 1563 1558 1617 illos
1584 1562 1833 1616 secundis
1863 1561 2023 1614 rebus
2051 1569 2104 1613 et
2131 1573 2245 1611 om-

645 1661 700 1716 ni
734 1661 1145 1730 prOSperitatnnt
1178 1671 1394 1726 genere,
1438 1671 1542 1709 non
1573 1653 1776 1723 magnis
1808 1653 1924 1705 sine
1951 1650 2243 1716 miraculis,

645 1767 773 1807 usos
826 1766 946 1805 esse
989 1757 1219 1804 constat.
1286 1750 1350 1802 At
1402 1757 1684 1816 postquam
1727 1745 1998 1813 impietate
2029 1747 2246 1812 suisque

644 1844 942 1900 sceleribus
985 1842 1152 1896 Deum
1209 1839 1586 1903 deseruerunt,
1640 1849 1748 1891 tum
1789 1839 1856 1892 ab
1899 1851 1965 1891 eo
2014 1835 2238 1902 deserti,
2273 1839 2319 1898 Β
2350 1832 2442 1885 Dei
2500 1830 2877 1895 Providentiw,
2945 1829 3038 1884 sed
3095 1829 3460 1883 miserationis
3511 1829 3708 1895 etiam,

645 1940 856 1994 debitas
902 1939 1114 1990 luerunt
1155 1935 1443 2003 impietatis
1474 1947 1586 1987 suae
1627 1931 2000 1998 scelerumque
2043 1942 2249 1997 pinnas.

647 2033 806 2096 Audi,
836 2045 1041 2100 ψιιιεδο,
1077 2028 1287 2082 Minucii
1317 2027 1478 2080 verba
1507 2043 1518 2076 :
1554 2043 1572 2076 ι
1604 2023 1868 2092 Quamdiu
1897 2031 2065 2082 easte.
2101 2019 2254 2073 inno-

647 2127 754 2190 xie,
799 2125 1156 2193 religiost'que
1185 2121 1484 2184 coluerunt,
1539 2115 1791 2187 quamdiu
1847 2113 2132 2182 prmeeptis
2162 2127 2249 2164 sa-

644 2217 913 2272 lutaribus
935 2216 1464 2281 obtemperaverunt,
1499 2209 1566 2263 de
1599 2213 1779 2276 paucis
1804 2206 2071 2259 innumeri
2103 2203 2248 2268 faeti,

644 2310 712 2364 de
740 2307 1024 2378 egentibus
1056 2305 1269 2370 divites,
1321 2301 1388 2357 de
1434 2301 1789 2356 servientibus
1823 2315 1976 2369 reges
2005 2315 2019 2360 ;
2054 2295 2251 2350 modici

644 2403 863 2466 multos,
912 2400 1102 2453 inermi
1154 2406 1411 2460 armatos,
1459 2394 1585 2448 dum
1626 2393 1834 2461 fugiunt
1885 2398 2247 2458 insequentes,

645 2496 742 2551 Dei
786 2495 935 2564 jussu
987 2504 1040 2546 et
1090 2491 1369 2545 elementis
1421 2486 1789 2541 adnitentibus
1836 2485 2246 2538 obrtterunt.....

643 2587 716 2641 Ita
757 2587 904 2654 prius
948 2599 1042 2638 eos
1064 2583 1366 2636 deseruisse
1413 2577 1863 2648 compreltendes,
1912 2592 2071 2646 quant
2131 2589 2250 2629 esse.

643 2678 911 2743 desertos,
959 2691 1056 2730 nec
1085 2690 1206 2728 cum
1239 2674 1348 2728 Deo
1392 2687 1491 2726 suo
1518 2679 1727 2741 captos,
1761 2670 1857 2724 sed
1884 2684 1915 2723 a
1947 2669 2053 2722 Deo
2087 2677 2143 2722 ut
2170 2665 2250 2720 di-

642 2770 884 2840 sciplina:
915 2767 1239 2838 transfugas,
1276 2766 1506 2821 deditos.
1542 2783 1561 2817 ι

713 2862 899 2933 Neque
961 2860 1226 2925 Carcilins,
1285 2869 1376 2913 aut
1427 2859 1563 2913 alius
1624 2858 1847 2929 quilibet
1916 2853 2249 2925 respondere

646 2965 858 3028 poterat
889 2955 1016 3010 illud
1041 2957 1208 3024 gratis
1236 2969 1264 3007 a
1291 2953 1522 3008 Minucio
1557 2953 1761 3016 ﬁctum,
1791 2951 1931 3020 quod
1955 2949 2008 3004 itt
2033 2965 2249 3005 eorum-

642 3050 765 3105 dem
793 3048 1097 3104 Judaeorum
1136 3049 1350 3116 scriptis
1399 3057 1615 3102 aeternae
1647 3045 1923 3100 memoria:
1969 3041 2244 3107 traditum,

645 3143 844 3214 passim
893 3143 1088 3208 ubique
1133 3139 1344 3210 legitur.
1402 3138 1544 3193 Nibil
1579 3139 1720 3192 enim
1769 3137 1820 3190 in
1850 3137 1928 3190 eis
1957 3143 2142 3190 contra
2187 3149 2246 3188 se

2354 531 2590 594 homine,
2640 530 2756 583 sine
2795 527 2906 582 Deo
2944 543 3092 597 rege,
3123 526 3318 596 quibus
3349 541 3446 580 nec
3475 525 3809 578 advenarum
3839 523 3959 592 jure

2352 633 2549 677 terram
2583 623 2810 690 patriam
2841 619 3030 674 saltem
3057 617 3283 688 vestigio
3309 618 3544 671 salutare
3572 614 3951 671 conceditur?»

2356 715 2610 787 (TertuL,
2659 714 2948 784 Apologet.,
2995 727 3114 783 cap.
3165 728 3203 775 t,
3240 725 3357 780 pag.
3393 709 3512 779 20.)
3559 707 3766 763 Eadem
3797 723 3958 777 porro

2350 811 2588 878 reperies
2616 806 2754 878 apud
2783 805 3134 877 Cyprianum,
3164 804 3251 873 qui
3282 812 3449 856 totum
3473 804 3612 856 ttuttc
3635 800 3958 856 Tertulliani

2350 904 2527 957 locum
2561 898 2869 964 delibaudo,
2904 899 3132 967 ipsamet
3158 899 3318 950 etiam
3350 895 3642 966 aliquando
3673 895 3816 948 illius
3838 908 3961 948 vcr-

2351 993 2414 1046 ba
2457 1001 2730 1048 mutuatus
2755 1003 2837 1045 est
2865 989 3170 1062 (tlyprian.,
3207 988 3297 1042 lib.
3324 988 3386 1042 de
3417 985 3556 1039 Idol.
3602 984 3796 1050 Vattt’t.,
3833 1000 3955 1055 pag.

2351 1087 2468 1157 15).
2521 1086 2625 1140 Sed
2667 1085 2734 1140 de
2776 1085 2855 1140 Itis
2903 1084 3073 1138 fusius
3120 1083 3219 1136 alia
3253 1082 3305 1136 in
3347 1079 3726 1136 dissertatione
3775 1088 3958 1134 nostra

2349 1178 2638 1249 agendum.

2426 1271 2658 1341 Urgebat
2697 1279 2873 1325 tamen
2906 1268 3157 1325 Caecilius
3200 1267 3396 1322 frustra
3448 1266 3726 1337 praedicari
3765 1265 3954 1319 Provi-

2353 1368 2589 1424 dentiam
2649 1366 2761 1429 Dei,
2814 1365 2900 1434 qui
2950 1365 3170 1433 impune
3222 1363 3421 1431 patitur
3465 1360 3664 1430 probos
3710 1359 3955 1413 homines

2351 1459 2676 1530 quibuslibet
2723 1457 2968 1511 adversis
2998 1457 3213 1511 casibus
3257 1454 3459 1522 amigi;
3512 1468 3575 1508 ac
3617 1453 3951 1522 potis~imum

2349 1554 2684 1609 Christianos
2713 1551 2986 1614 maximis,
3017 1558 3073 1604 et
3099 1547 3535 1618 exquisitissimis
3560 1547 3840 1617 suppliciis
3867 1562 3957 1601 ve-

2350 1647 2487 1712 xari,
2535 1645 2930 1710 excarniﬁcari,
2988 1642 3188 1698 necari.
3248 1641 3316 1697 At
3369 1641 3629 1697 Minucius
3668 1642 3716 1696 id
3765 1656 3954 1696 verum

2351 1737 2563 1808 quidem
2616 1752 2735 1792 esse
2770 1737 3005 1791 fatetur:
3046 1735 3138 1790 sed
3185 1735 3462 1790 c0ntentlit
3507 1734 3622 1788 htec
3649 1751 3753 1789 nott
3782 1735 3954 1790 soluat

3791 1829 3954 1884 immo

2356 1940 2484 1978 vero
2511 1924 2708 1977 amoris
2746 1931 2800 1977 et
2829 1921 3216 1978 benevolentia:
3256 1921 3553 1975 certissima
3587 1934 3707 1974 esse
3737 1918 3951 1973 indicia.

2357 2020 2501 2071 Deus
2528 2015 2747 2080 etenim,
2793 2021 2863 2069 ttti
2892 2015 2982 2069 ille
3022 2023 3141 2082 post
3172 2013 3432 2069 Senecam
3467 2013 3561 2078 ait,
3595 2028 3951 2082 unumquem-

2355 2124 2460 2178 que
2490 2108 2540 2162 in
2573 2109 2814 2162 adversis
2836 2108 3025 2177 probat
3053 2116 3107 2162 et
3133 2107 3404 2162 examinat
3430 2123 3445 2159 :
3479 2107 3560 2160 vel
3590 2116 3647 2160 tit
3673 2107 3954 2176 ipsiusmet

2358 2200 2578 2255 Seneca:
2628 2200 2806 2255 verbis
2842 2209 3098 2254 utamur:
3154 2218 3173 2250 ι
3213 2199 3317 2253 Hos
3349 2198 3509 2262 Deus,
3561 2213 3694 2269 ques
3735 2199 3949 2268 probat,

2355 2307 2488 2362 quos
2517 2301 2682 2356 amat,
2708 2291 2938 2357 indurat,
2970 2291 3318 2361 recognoscit,
3345 2299 3575 2344 exercet.
3632 2289 3736 2343 Eos
3767 2300 3949 2344 autem

2355 2385 2549 2452 quibus
2596 2384 2870 2454 indulgere
2920 2383 3158 2447 videtur,
3202 2383 3392 2452 quibus
3439 2396 3695 2452 parcere,
3755 2381 3950 2438 molles

2355 2481 2593 2536 venturis
2625 2481 2774 2536 malis
2805 2491 3004 2536 servat.
3061 2481 3263 2536 Erratis
3291 2483 3460 2546 enim.
3501 2483 3544 2535 si
3572 2496 3731 2551 quem
3755 2481 3949 2536 creda-

2357 2576 2423 2630 tis
2451 2588 2756 2644 exceptum.
2792 2575 2982 2630 Veniet
3007 2576 3073 2630 ad
3103 2575 3246 2629 illum
3275 2575 3364 2630 ditt
3391 2576 3593 2631 felicem
3623 2591 3716 2630 sua
3742 2575 3946 2643 portio,

2353 2669 2592 2740 quisquis
2627 2669 2834 2725 videtur
2890 2671 3144 2727 dimissus
3188 2685 3308 2726 esse
3347 2671 3543 2726 dilatus
3581 2679 3667 2726 est
3713 2669 3949 2738 (Senem,

2354 2761 2441 2814 (ib.
2491 2764 2554 2814 de
2594 2759 2807 2816 Provid.
2867 2779 2984 2832 cap.
3042 2763 3108 2827 4;
3158 2780 3279 2834 pag.
3310 2761 3476 2834 498).
3515 2782 3532 2815 ι
3585 2761 3770 2833 Itaque
3815 2765 3954 2817 sicut

2354 2868 2543 2908 aurum
2585 2854 2726 2924 igne,
2760 2854 2928 2925 inquit
2959 2865 3202 2925 uterque,
3231 2855 3435 2910 Seneca
3464 2863 3521 2910 et
3560 2854 3840 2910 Minucius.
3873 2853 3952 2909 sic

2353 2945 2504 2998 fortis
2551 2945 2653 3010 vir,
2700 2945 2817 3014 pius
2862 2957 2916 2999 et
2944 2945 3143 3016 probus
3173 2946 3409 3002 miseriis
3468 2961 3530 3001 ac
3559 2945 3952 3001 calamitatibus

2352 3037 2625 3108 probatur.
2689 3037 2871 3092 Potest
2895 3053 3024 3108 ergo
3053 3039 3216 3094 miser
3243 3037 3433 3103 videri,
3463 3038 3556 3094 sed
3586 3039 3760 3108 reipsa
3790 3038 3954 3094 miser

2354 3144 2462 3182 non
2490 3140 2592 3184 est.
2622 3127 2982 3200 Quaecumque
3013 3132 3155 3185 enim
3185 3132 3428 3202 corporis
3469 3132 3604 3186 mala
3632 3141 3687 3186 et
3717 3143 3953 3186 tormen-

643 3252 876 3307 suosque
900 3247 1149 3306 parentes
1189 3236 1476 3304 scripsere,
1525 3232 1626 3286 nisi
1659 3231 1800 3300 quod
1832 3241 1922 3282 aut
1955 3239 2133 3285 tacere
2158 3239 2250 3283 aut
2274 3234 2318 3296 C
2354 3231 2427 3286 la,
2463 3237 2566 3276 non
2598 3236 2770 3292 paena:
2798 3233 2944 3289 sunt,
2976 3224 3071 3278 sed
3112 3225 3316 3292 militia,
3367 3233 3422 3280 et
3448 3225 3644 3294 saepius
3673 3223 3950 3294 disciplina

643 3331 984 3386 dissimulare
1039 3344 1143 3382 non
1198 3336 1466 3398 poterant.
1520 3325 1681 3379 Addit
1711 3339 1842 3380 vero
1885 3323 2145 3377 Minucius
2176 3339 2241 3376 eo

644 3423 815 3491 magis
841 3436 963 3475 reos
992 3419 1156 3474 fuisse
1184 3418 1422 3484 Iudaeos,
1455 3417 1596 3487 quod
1627 3419 1744 3471 haec
1773 3417 2022 3469 omniain
2050 3415 2237 3470 iisdem

644 3514 857 3570 illorum
886 3513 1036 3568 libris
1064 3513 1221 3582 longo
1247 3523 1371 3566 ante
1417 3521 1658 3581 tempore
1702 3511 1915 3564 luerunt
1961 3511 2236 3579 praedicta,

644 3623 802 3679 quam
825 3606 1136 3662 acciderint.

721 3703 862 3756 Duos
899 3711 1080 3756 autem
1129 3707 1387 3769 praeterea
1445 3707 1608 3753 testes
1659 3697 1974 3752 nominatim
2005 3697 2243 3766 appellat

643 3797 935 3868 Josepltum
992 3806 1048 3850 et
1114 3795 1406 3850 Antonium
1457 3793 1750 3849 Julianum.
1803 3795 1871 3845 At
1921 3793 2064 3859 prior
2112 3805 2243 3846 sane

645 3897 790 3948 omni
821 3889 924 3946 fide
969 3889 1066 3943 hac
1098 3889 1149 3942 itt
1199 3905 1256 3944 re
1297 3889 1469 3956 major
1507 3895 1642 3941 erat.
1701 3886 1917 3940 Judaeus
1974 3885 2239 3955 siquidem

643 3985 764 4052 fuit,
795 3993 953 4054 atque
989 3982 1041 4036 in
1080 3981 1248 4047 libris,
1279 3995 1414 4051 quos
1443 3978 1511 4034 de
1537 3986 1695 4049 gente
1723 3994 1839 4044 sua,
1876 3978 2122 4047 belloque
2145 3977 2242 4031 Ju-

643 4081 798 4138 daico
845 4080 1080 4150 scripsit,
1135 4078 1334 4148 quique
1386 4075 1623 4130 omnium
1671 4073 1916 4127 manibus
1965 4081 2236 4139 teruntur,

641 4176 818 4246 quivis
845 4190 929 4239 ea,
971 4187 1090 4242 quae
1118 4169 1378 4224 Minucius
1407 4169 1586 4231 refert,
1644 4166 1825 4238 legere
1856 4165 2106 4220 facillime
2149 4179 2244 4234 po-

645 4269 770 4324 terit
845 4266 1122 4322 Posterior
1151 4279 1362 4334 quoque
1415 4261 1483 4315 de
1511 4259 1734 4322 Jud:eis,
1781 4269 1838 4314 ιιι
1880 4260 2008 4313 satis
2055 4266 2242 4327 aperte

643 4362 906 4416 Miuucms
934 4361 1127 4422 innuit,
1159 4356 1576 4411 commentarios
1603 4356 1989 4425 divulgaverat.
2034 4353 2142 4408 Sed
2174 4353 2242 4406 il-

645 4453 816 4506 l'orum
856 4452 1119 4518 jacturam
1167 4463 1196 4501 a
1237 4460 1342 4501 tam
1372 4447 1533 4517 longo
1582 4457 1821 4516 tempore
1877 4447 2104 4501 fecimus
2131 4487 2145 4511 ,
2189 4455 2245 4500 ut

643 4542 732 4611 qui
767 4540 849 4592 vel
872 4555 1058 4593 eorum
1106 4538 1188 4592 vel
1237 4538 1516 4606 ipsiusmet
1556 4537 1748 4592 Juliani
1802 4538 2129 4600 meminerit,
2157 4539 2240 4592 vix

2346 3313 2579 3380 virtutis,
2624 3315 2703 3369 vel
2731 3323 2786 3368 ut
2811 3314 3013 3370 Seneca
3057 3315 3326 3385 loquitur:
3367 3333 3385 3366 ι
3423 3315 3539 3370 Non
3570 3319 3806 3382 saevitia;
3834 3331 3954 3372 cer-

2349 3415 2524 3459 tamen
2571 3416 2674 3472 est,
2715 3424 2733 3457 ι
2766 3414 2820 3460 et
2849 3407 3057 3460 virtutis
3085 3409 3296 3462 occasio
3347 3406 3524 3480 (Ibid.
3573 3425 3690 3481 cap.
3720 3411 3787 3475 5,
3829 3427 3951 3480 pag.

2347 3496 2444 3553 501
2475 3513 2494 3562 ;
2520 3515 2636 3567 cap.
2669 3498 2704 3553 5
2724 3539 2739 3565 ,
2773 3516 2894 3570 pag.
2922 3499 3061 3563 494;
3086 3517 3201 3570 cap.
3227 3503 3290 3565 4,
3317 3519 3439 3573 pag.
3460 3503 3646 3573 498).»
3685 3503 3845 3558 Addit
3873 3506 3954 3558 in-

2345 3607 2509 3660 super
2540 3591 2801 3646 Minucius
2829 3593 2881 3647 id
2913 3594 3053 3662 quod
3080 3610 3186 3648 non
3221 3594 3400 3648 solum
3427 3598 3494 3649 ab
3527 3596 3716 3650 eodem
3745 3596 3955 3652 Seneca

2347 3682 2440 3737 sed
2470 3683 2632 3737 etiam
2661 3701 2688 3734 a
2715 3683 2937 3738 Platone
2964 3694 3016 3738 et
3041 3684 3396 3756 Xenophonte
3417 3687 3785 3752 cnnﬁrmatur,
3813 3689 3955 3744 vires

2349 3783 2558 3827 nostras
2589 3773 2706 3829 sine
2735 3775 2937 3830 laboris
2955 3777 3349 3834 exercitatione
3378 3795 3598 3850 prorsus
3625 3791 3952 3849 torpescere.

2347 3865 2570 3938 (Plato,
2619 3869 2672 3921 in
2731 3866 2948 3932 Thema,
2990 3879 3113 3925 tom.
3161 3887 3207 3938 ι,
3268 3891 3386 3944 pag.
3439 3875 3575 3942 155;
3620 3874 3952 3948 XenOphon.,

2351 3959 2444 4013 lib.
2479 3975 2549 4013 vn
2581 3960 2644 4014 de
2672 3959 2875 4030 Emped.
2907 3963 3050 4034 (ἐφη,
3074 3980 3192 4036 pag.
3221 3965 3367 4036 198).

2421 4073 2589 4128 Porro
2625 4086 2803 4130 autem
2847 4093 2958 4147 prae
2993 4080 3206 4134 caeteris
3251 4081 3503 4136 omnibus
3546 4082 3634 4138 hic
3675 4084 3958 4142 laudamus

2347 4164 2632 4234 Senecam,
2681 4169 2904 4240 ejusque
2962 4171 3126 4226 verba
3179 4173 3490 4237 retulimus;
3542 4176 3666 4244 quia
3700 4175 3957 4232 Minucius

2349 4261 2528 4332 plura,
2562 4271 2619 4317 ut
2647 4277 2806 4332 supra
2832 4264 3185 4329 ostendimus,
3215 4282 3281 4319 cx
3322 4267 3411 4320 illo
3440 4265 3755 4336 desumpsit.
3785 4268 3957 4324 Cade-

2347 4372 2466 4412 rum
2491 4359 2559 4413 de
2589 4359 2670 4411 Itis
2696 4357 2942 4414 omnibus
2971 4358 3146 4426 legere
3169 4368 3422 4426 prteterea
3454 4361 3655 4427 poteris
3677 4359 3954 4416 lliceronis

2348 4450 2639 4520 paradoxa,
2695 4451 2964 4506 Valerium
3014 4450 3299 4506 Maximum
3348 4453 3439 4505 litt.
3473 4468 3546 4513 tv,
3597 4468 3696 4522 cap
3768 4453 3825 4517 4,
3884 4453 3953 4508 de

2350 4543 2669 4612 Paupertate
2713 4544 2944 4598 laudata.
2990 4542 3252 4597 Justinnm
3279 4544 3564 4616 Martyrem
3599 4546 3827 4617 Apolog.
3858 4549 3949 4618 76,

645 4632 784 4687 nllus
816 4640 1009 4702 pra-ter
1036 4639 1308 4685 auctorem
1345 4637 1584 4684 nostrum
1614 4639 1878 4684 occurrat.
1929 4629 2117 4683 Nullus
2153 4641 2232 4684 ta-
2262 4633 2316 4693 D
2343 4648 2464 4704 pag.
2520 4636 2591 4690 45
2629 4644 2686 4690 et
2729 4650 2879 4706 seqq.
2929 4634 3259 4690 Clementem
3289 4637 3732 4710 Alexandrinum,
3776 4639 3868 4695 lib.
3902 4658 3954 4698 tv

643 4745 789 4795 men,
849 4728 948 4782 nisi
983 4729 1139 4799 plane
1187 4726 1511 4790 incredulus,
1566 4745 1763 4792 negare
1806 4738 2072 4799 potestea
2115 4745 2241 4785 vera

643 4834 785 4879 esse.
813 4835 932 4890 quae
956 4835 985 4874 a
1024 4818 1254 4874 Minucio
1281 4827 1466 4871 nostro
1494 4819 1856 4887 proferuntur.

717 4913 773 4970 Si
801 4914 921 4984 quis
963 4923 1163 4981 autem,
1211 4913 1428 4968 Ctl‘CiiiO
1468 4913 1756 4978 morosior,
1811 4911 1973 4966 alium
2021 4928 2115 4980 pro
2143 4912 2238 4966 Ju-

642 5010 786 5065 liano
818 5018 1008 5064 testem
1035 5009 1135 5063 sibi
1179 5009 1329 5063 citari
1363 5009 1614 5078 postulet,
1642 5008 1688 5062 ei
1721 5008 1964 5076 protinus
1993 5007 2239 5064 dabimus

642 5102 1036 5159 Tertullianum
1067 5103 1218 5170 cujus
1260 5101 1373 5156 haec
1404 5102 1565 5156 verba
1610 5109 1776 5176 sunt:
1827 5118 1843 5150 ι
1883 5099 2110 5155 Tantum
2142 5100 2232 5156 Ju-

641 5196 776 5253 daeis
803 5206 917 5252 erat
957 5197 1094 5266 apud
1125 5197 1287 5250 Deum
1315 5198 1506 5266 gratia,
1553 5197 1622 5251 ob
1666 5197 1926 5265 insignem
1978 5195 2239 5265 justitiam

641 5301 695 5345 et
732 5290 890 5345 ﬁdem
925 5291 1265 5359 originalimn
1298 5301 1597 5359 auctorum,
1646 5290 1786 5344 unde
1819 5290 1921 5343 illis
1950 5299 2004 5343 et
2029 5290 2244 5360 generis

642 5381 956 5454 magnitudo
994 5393 1048 5437 et
1077 5382 1222 5452 regni
1263 5382 1565 5438 sublimitas
1607 5383 1828 5448 floruit;
1859 5391 1911 5437 et
1955 5392 2096 5436 tanta
2126 5382 2242 5437 feli-

641 5476 794 5538 citas,
847 5487 903 5531 ut
934 5475 1022 5528 Dei
1057 5477 1273 5530 vocibus
1299 5476 1366 5530 de
1398 5477 1752 5544 promerendo
1789 5477 1896 5530 Deo
1943 5484 1996 5529 et
2026 5492 2130 5530 non
2159 5476 2242 5531 of-

640 5567 909 5624 fendendo
955 5582 1439 5639 przetttttnerentur.
1509 5569 1614 5623 Sed
1655 5578 1851 5638 quanta
1893 5569 2236 5640 deliquerint,

641 5661 835 5717 ﬁducia
863 5669 1076 5731 patrum
1113 5660 1305 5726 inﬂati,
1339 5661 1621 5716 deviantes
1662 5678 1688 5712 a
1727 5661 2005 5730 disciplina
2038 5663 2086 5715 itt
2117 5677 2242 5732 pro-

641 5756 820 5809 fanum
855 5754 1093 5819 modum,
1126 5756 1226 5810 etsi
1275 5756 1373 5824 ipsi
1403 5771 1506 5808 non
1535 5752 1943 5820 conﬁterentur,
1988 5755 2242 5824 probaret

641 5844 816 5896 exitus
863 5843 1154 5897 hodiernus
1207 5843 1478 5912 ipsorum;
1528 5844 1782 5912 dispersi,
1827 5843 2134 5912 palabundi,
2186 5853 2241 5903 et

2355 4725 2555 4780 Strom.
2587 4741 2707 4797 pag.
2734 4727 2840 4783 504
2867 4737 2922 4783 et
2969 4742 3119 4797 seqq.
3177 4727 3568 4788 Tertulliannm
3615 4738 3954 4808 Apologetic.

2345 4833 2462 4888 cap.
2507 4820 2600 4873 M.
2629 4819 2958 4889 Cyprianum
3001 4830 3158 4875 tract.
3198 4821 3266 4878 de
3295 4822 3636 4888 Mortalitate.
3673 4845 3794 4901 pag.
3829 4831 3956 4888 158.

2346 4913 2642 4968 Arnobium
2673 4915 2760 4969 lib.
2797 4931 2835 4971 tt
2866 4916 3122 4972 adversus
3170 4917 3391 4986 Gentes,
3437 4934 3556 4993 pag.
3588 4924 3678 4981 97.
3729 4925 3960 4984 Lactan-

2345 5006 2478 5060 tium
2513 5007 2604 5060 lib.
2637 5022 2692 5073 v,
2724 5023 2843 5078 cap.
2887 5010 2949 5064 2|
2981 5020 3033 5066 et
3066 5010 3156 5072 ‘22.
3189 5028 3307 5082 pag.
3339 5013 3445 5071 529
3473 5026 3526 5069 ct
3549 5032 3699 5088 seqq.
3726 5019 3958 5076 Ambro-

2344 5101 2505 5165 sium,
2531 5100 2708 5156 Serm.
2741 5103 2830 5168 Η,
2853 5104 2904 5157 itt
2935 5104 3128 5159 Psalm.
3175 5122 3366 5174 cxvm,
3395 5124 3514 5180 pag.
3557 5113 3694 5166 “10
3720 5122 3774 5167 et
3801 5128 3956 5182 seqq.

2342 5208 2405 5249 ac
2437 5196 2531 5248 lib.
2560 5211 2595 5249 ll
2622 5195 2689 5250 de
2720 5195 2906 5253 Iacob.
2937 5208 2993 5253 et
3021 5199 3138 5253 Vita
3200 5199 3340 5255 beat.
3371 5217 3488 5272 cap.
3519 5202 3573 5266 9,
3596 5218 3696 5274 pag
3740 5204 3869 5260 475.
3902 5215 3960 5261 et

2347 5302 2496 5356 seqq.
2528 5287 2886 5357 Augustinum
2940 5291 3033 5344 lib.
3094 5291 3160 5345 de
3185 5291 3395 5346 Civitat.
3416 5310 3535 5364 cap.
3587 5295 3678 5360 29,
3711 5312 3828 5366 pag.
3861 5297 3954 5352 27.

2351 5380 2676 5436 Theodoret.
2701 5381 2848 5437 Orat.
2879 5384 2930 5438 6.
2962 5384 3029 5438 de
3055 5383 3366 5440 Provident.
3401 5402 3518 5456 pag.
3563 5390 3666 5445 578
3704 5399 3758 5445 et
3801 5406 3954 5462 seqq.

2345 5472 2412 5529 de
2452 5473 2690 5528 Graecor.
2721 5474 2903 5530 affect.
2947 5477 3172 5530 curand.
3205 5493 3360 5531 serm.
3399 5479 3452 5534 6.
3499 5481 3680 5535 itidem
3712 5482 3781 5537 de
3823 5484 3955 5538 Pro-

2345 5569 2545 5624 vident.
2581 5585 2698 5640 pag.
2733 5570 2858 5625 575.
2901 5581 2954 5626 et
2999 5588 3151 5643 seqq.
3195 5586 3248 5629 et
3291 5575 3425 5629 alios
3465 5594 3623 5646 quant
3675 5578 3953 5646 plurimos.

2344 5661 2563 5716 Interim
2593 5678 2720 5718 vero
2757 5673 3034 5720 auctorem
3068 5677 3311 5721 nostrum
3345 5683 3663 5738 sequantur,
3717 5671 3821 5726 ltoc
3853 5673 3956 5726 im-

2348 5756 2490 5811 belle
2519 5757 2871 5815 Ethnicorum
2904 5760 3070 5816 telum
3102 5761 3154 5816 iit
3185 5762 3330 5834 ipsos
3354 5764 3620 5821 acerrime
3662 5765 3961 5823 retunden-

2352 5856 2480 5903 tem.
