4248 6264
1015 399 1314 442 Αιιτιςυιῦε
1352 403 1427 443 ιν.

412 547 681 615 Quomodo
714 548 955 606 Octauius
981 550 1187 606 diluerit
1216 551 1483 607 deductam
1505 568 1536 606 a
1555 550 1763 608 Caicilio
1788 569 1851 609 ea:
1868 570 2009 607 mar-

485 651 657 712 tyrum
701 642 972 713 suppliciis
1023 652 1069 697 et
1122 654 1284 698 morte
1328 648 1813 716 argumentationem
1843 688 1858 710 ,
1924 647 2011 700 ubi

479 738 744 806 proposita
770 736 1040 802 Setevolce,
1072 735 1259 806 Reguli
1303 746 1350 791 et
1380 737 1571 808 Aquilii
1601 738 1833 807 exempta
1853 755 2010 808 expo-

477 838 670 881 nuntur
697 845 718 881 :
746 844 807 882 ac
845 827 908 883 de
934 846 1121 899 magno
1149 839 1432 901 martyrum
1462 847 1695 898 numero,
1736 841 1783 885 et
1823 832 2008 887 dicitur:

473 923 542 977 ad
567 923 886 980 subeundum
916 926 1219 997 martyrium
1242 927 1423 997 gratia:
1451 927 1761 981 necessitate.

474 1109 659 1177 Pergit
699 1108 997 1176 Minucius,
1040 1125 1104 1165 ac
1149 1109 1455 1167 luculenter
1511 1112 1731 1167 Otacilio
1781 1113 2005 1182 aliiSque

404 1202 637 1257 ethnicis
661 1203 918 1269 osrendit,
936 1204 1323 1261 crudelissimis
1350 1205 1777 1261 Christianorum
1809 1216 2005 1279 marty-

402 1312 519 1351 rum
551 1296 850 1367 suppliciis,
883 1314 990 1353 uou
1043 1296 1203 1352 modo
1245 1312 1354 1352 non
1392 1298 1514 1352 lmili
1564 1299 1656 1353 Dei
1708 1299 2002 1355 Providen-

401 1389 551 1454 tiam,
578 1390 673 1444 sed
707 1389 904 1445 mirum
933 1390 1088 1460 plane
1114 1393 1164 1444 in
1201 1390 1415 1444 modum
1446 1392 1834 1447 commendari.
1856 1393 1999 1447 Tan~

404 1491 513 1537 tum
545 1486 690 1537 enim
715 1482 764 1537 ei
793 1483 986 1537 abesse
1040 1482 1270 1548 videtur,
1311 1490 1370 1535 ut
1416 1482 1756 1539 Christianus
1792 1484 1861 1539 ob
1889 1500 2001 1540 sua:

397 1576 675 1646 religionis
714 1575 1104 1646 professionem
1142 1575 1429 1631 dirissimis
1450 1576 1775 1631 cruciatibus
1798 1592 1861 1631 ac
1891 1585 1999 1632 tor-

396 1669 593 1724 nicntis
622 1670 1054 1732 excarniﬁcatus,
1081 1677 1243 1738 atque
1282 1669 1345 1723 iis
1375 1670 1611 1722 animam
1632 1669 1861 1739 agendo.
1894 1670 1997 1723 iiii-

1841 252 2308 312 DlSSERTATlO.

2036 372 2087 431 Α
2115 368 2357 425 didisset.
2399 386 2419 421 ι
2460 370 2510 425 ls
2549 371 2690 427 enim
2722 385 2843 427 cum
2872 373 3167 441 Porsenna,
3192 377 3540 434 Etruscorum
3589 396 3706 450 rex,

3608 269 3715 324 458

2116 460 2341 515 Romam
2367 465 2513 532 gravi
2544 464 2860 536 diutinaque
2899 466 3040 521 bello
3070 468 3362 537 obsideret,
3393 472 3445 525 in
3476 474 3709 529 hostium

2114 568 2286 610 casu'a
2333 558 2607 617 audacter.
2649 570 2704 613 et
2744 560 2861 614 sine
2890 560 3020 627 ulla,
3050 570 3108 616 ut
3135 562 3208 616 ait
3235 563 3447 630 Cicero,
3484 580 3581 635 spe
3620 582 3713 621 sa-

2113 647 2241 703 lutis
2294 650 2552 716 intravit,
2586 652 2766 723 ibique
2819 653 2977 725 Regis
3035 657 3290 723 scribam,
3339 675 3434 728 pro
3479 662 3713 729 ipsomct

2111 754 2236 810 rege
2261 783 2275 804 ,
2308 757 2466 810 quem
2504 743 2749 797 occidere
2806 745 3053 813 volebat,
3089 747 3398 817 imprudens
3444 750 3715 808 interfecit

2112 828 2268 902 (Cia,
2298 830 2589 901 Paradox.,
2624 851 2677 902 p.
2710 835 2865 906 454).
2895 838 3256 902 Quamobrem
3285 849 3472 911 captus
3500 853 3553 897 et
3584 852 3712 900 ante

2108 927 2249 993 regis
2278 924 2505 980 tribunal
2536 925 2828 993 adductus,
2867 927 3111 984 dextram
3146 946 3376 986 accenso
3404 935 3469 987 ad
3491 935 3707 989 sacriﬁ-

2107 1017 2249 1070 cium
2280 1016 2401 1071 foco
2446 1018 2630 1087 injecit
2684 1020 3003 1090 intrepidus.
3025 1020 3138 1090 Qua
3165 1024 3385 1079 audacia
3414 1028 3713 1081 exterrefa-

2106 1116 2224 1161 ctus
2250 1107 2546 1176 Porsenna,
2576 1110 2726 1165 illum
2778 1113 3028 1169 libertate
3079 1114 3335 1170 donatum
3377 1118 3576 1174 dimisit
3606 1119 3718 1193 (Li-

2105 1204 2237 1267 vius,
2273 1200 2471 1258 Decad.
2506 1220 2542 1269 ι,
2569 1204 2657 1259 lib.
2678 1220 2739 1269 ιι,
2773 1222 2891 1277 pag.
2922 1207 2995 1261 22
3021 1220 3066 1261 et
3082 1208 3234 1280 seq.).
3260 1209 3330 1265 At
3354 1211 3422 1266 de
3446 1211 3548 1268 hoc
3569 1213 3713 1268 illius

2105 1296 2244 1352 facto
2270 1299 2396 1353 alibi
2425 1300 2680 1354 diximus.

2178 1391 2391 1446 Marcus
2413 1408 2543 1448 vero
2574 1393 2795 1449 Attilius
2820 1394 3085 1465 Regulus,
3114 1396 3271 1467 cujus
3300 1407 3483 1468 postea
3521 1409 3709 1455 auctor

2106 1494 2291 1541 noster
2315 1488 2558 1541 meminit
2582 1528 2596 1553 ,
2630 1488 2822 1543 iterum
2850 1491 3060 1556 consul,
3092 1493 3266 1560 primo
3297 1492 3498 1547 Punico
3535 1493 3702 1561 bello,

2102 1576 2168 1630 ab
2195 1579 2458 1644 hosubus,
2488 1593 2625 1649 quos
2672 1580 2834 1634 variis
2865 1580 3106 1635 cladibus
3127 1582 3361 1653 fregerat
3389 1594 3441 1637 et
3471 1584 3701 1652 vicerat,

2102 1678 2309 1738 captus,
2340 1685 2461 1723 cum
2481 1670 2548 1724 de
2566 1672 2792 1740 captivis
2822 1673 3218 1727 commutandis
3248 1674 3475 1729 Ruinam
3506 1676 3706 1731 missus

395 1776 486 1817 ser
515 1759 1056 1830 infelixquesit,quin
1080 1761 1226 1815 illum
1244 1760 1463 1831 dignum
1488 1772 1712 1816 censeat
1741 1761 1853 1816 Deo
1870 1777 1994 1831 spc-
2023 1766 2071 1824 B
2097 1770 2261 1824 esset,
2283 1761 2625 1830 jurassetque
2679 1776 2740 1817 se
2771 1761 3064 1817 rediturum
3092 1779 3105 1814 :
3146 1782 3163 1812 ι
3195 1762 3266 1819 Ut
3309 1767 3474 1831 venit,
3507 1767 3582 1820 ait
3609 1768 3702 1822 Ci-

395 1855 686 1914 ctaculum,
715 1852 905 1909 Nonne
948 1853 1146 1908 etenim
1173 1855 1418 1924 benignis
1461 1869 1685 1908 summte
1720 1855 1861 1908 illius
1884 1870 1997 1908 ma-

395 1949 613 2020 jestatis
655 1948 1033 2016 cmiSpeciihus
1080 1948 1299 2018 dignus,
1341 1949 1550 2020 ipsique
1590 1950 1996 2018 acceptissimus

396 2050 483 2096 est
510 2042 879 2097 sanctissimus
919 2050 1145 2112 martyr,
1179 2042 1267 2110 qui
1315 2053 1533 2111 propter
1575 2042 1839 2111 publicam
1871 2042 1995 2097 ﬁdei

393 2132 702 2188 christiana:
755 2133 1150 2188 confessionem
1195 2134 1475 2189 innumera
1501 2175 1517 2197 ,
1554 2149 1724 2204 eaque
1767 2134 1996 2189 atrocis-

391 2225 524 2281 sima
555 2241 843 2296 perpessus
864 2227 1147 2297 supplicia,
1178 2227 1349 2281 effuso
1375 2227 1589 2283 tandem
1618 2228 1895 2299 sanguine,
1928 2226 1995 2283 de

392 2321 735 2376 carnificibus
760 2331 814 2376 et
836 2322 1078 2392 tyrannis
1099 2320 1424 2391 triumphat?

463 2413 633 2469 Nemo
670 2425 820 2469 certe
866 2414 1208 2484 quantumvis
1246 2414 1497 2482 pervicax
1538 2413 1755 2484 gentilis
1796 2427 1995 2484 negare

392 2506 446 2563 id
474 2508 666 2563 merito
708 2507 830 2577 jure
857 2516 1050 2577 petest,
1078 2507 1165 2577 qui
1220 2507 1335 2562 lucc
1361 2507 1583 2562 Seneca:
1609 2508 1682 2563 de
1728 2507 1851 2563 forti
1881 2508 1995 2562 viro

392 2603 582 2673 legerit
618 2603 821 2658 verba:
858 2621 875 2653 ι
919 2601 1055 2655 Ecce
1085 2602 1450 2671 spectaculum
1492 2600 1734 2672 dignum,
1760 2601 1825 2656 ad
1850 2601 1992 2671 quod

393 2694 645 2764 respiciat
685 2694 923 2748 intentus
959 2693 1108 2762 operi
1146 2708 1243 2747 suo
1288 2693 1446 2748 Deus.
1483 2693 1619 2749 Ecce
1662 2710 1757 2762 par
1785 2694 1893 2748 Deo
1912 2692 1994 2747 di-

392 2801 577 2858 gnum,
610 2788 692 2841 vir
716 2785 870 2841 fortis
895 2801 1017 2841 cum
1047 2786 1184 2840 mala
1236 2786 1446 2842 fortuna
1487 2788 1820 2856 compositus
1843 2828 1859 2851 ,
1889 2788 1994 2842 titi-

392 2893 497 2948 que
523 2878 565 2932 si
606 2890 657 2932 et
690 2893 789 2948 pro
824 2879 1017 2943 ocavit.
1054 2876 1168 2932 Non
1223 2877 1399 2945 video,
1444 2879 1680 2948 inquam,
1734 2878 1863 2948 quid
1898 2878 1992 2932 ha-

392 2970 518 3025 beat
547 2971 597 3024 in
645 2970 803 3026 terris
844 2969 1053 3040 Jupiter
1084 2970 1376 3040 pulchrius.
1411 2971 1455 3024 si
1501 2979 1821 3025 convertere
1871 2969 1990 3024 ani-

392 3079 539 3119 mum
570 3064 716 3129 velit,
763 3078 923 3133 quam
978 3072 1029 3115 ιιι
1062 3072 1268 3132 spectet
1303 3062 1585 3124 Catonem,
1608 3061 1718 3132 jam
1749 3062 1991 3131 partibus

2099 1865 2245 1916 cero,
2274 1852 2518 1921 captivos
2548 1852 2851 1907 reddendos
2873 1854 2925 1906 in
2967 1864 3155 1909 senatu
3203 1870 3309 1909 non
3339 1858 3567 1912 censuit.
3594 1859 3702 1914 De-

2101 1941 2226 1996 inde
2255 1958 2377 1996 cum
2436 1943 2759 1998 retineretur
2783 1959 2813 1998 a
2863 1946 3176 2015 propinquis
3216 1956 3269 2001 ct
3298 1948 3366 2002 ab
3397 1950 3607 2016 amicis,
3633 1951 3701 2005 ad

2098 2035 2458 2087 certissimum
2497 2042 2676 2088 tamen
2723 2036 3042 2104 supplicium
3091 2036 3265 2091 redire
3303 2039 3510 2105 maluit,
3540 2058 3702 2112 quam

2098 2122 2237 2178 hosti
2264 2126 2440 2179 datam
2476 2127 2634 2181 ﬁdem
2664 2125 2850 2181 fallere
2880 2126 3035 2199 (ϐία,
3069 2128 3161 2183 lib.
3211 2145 3229 2183 1
3269 2129 3333 2183 de
3373 2127 3543 2201 0ﬁic.,
3578 2150 3699 2204 pag.

2099 2214 2223 2281 556,
2250 2217 2344 2269 lin.
2370 2215 2438 2270 16
2464 2228 2510 2270 et
2533 2215 2696 2289 seqq.)
2733 2235 2752 2268 θ
2786 2218 2865 2272 Ad
2895 2234 2988 2273 eos
3018 2219 3197 2290 itaque
3212 2236 3483 2288 reversus,
3508 2223 3701 2292 vigiliis

2097 2318 2152 2363 et
2196 2308 2369 2364 inedia
2420 2320 2641 2364 necatus
2679 2319 2780 2364 est.
2835 2310 3046 2366 Videsis
3079 2314 3328 2368 eumdem
3384 2315 3702 2371 Ciceroneni

2098 2401 2193 2456 lib.
2221 2418 2251 2454 v
2280 2404 2342 2456 de
2373 2402 2569 2467 Finib.,
2619 2420 2737 2474 pag.
2766 2404 2888 2467 “2,
2927 2416 3086 2476 atque
3110 2407 3373 2476 imprimis
3415 2410 3506 2465 lib.
3542 2427 3599 2466 ιιι
3639 2413 3703 2466 ile

2104 2492 2275 2562 0ﬁic.,
2307 2508 2427 2563 pag.
2458 2494 2558 2548 101
2613 2504 2659 2547 et
2686 2510 2791 2564 seq.
2822 2494 3000 2551 Valer.
3048 2497 3211 2562 illam,
3244 2498 3334 2554 lib.
3364 2516 3402 2562 ι.
3431 2517 3549 2572 cap.
3583 2504 3634 2569 1,
3666 2504 3694 2575 §

2100 2584 2192 2649 14,
2226 2602 2275 2653 p.
2310 2586 2396 2640 15.
2440 2584 2778 2653 Eutropium,
2809 2585 2901 2639 lib.
2932 2602 2967 2640 ιι
3000 2586 3199 2642 Hister.
3228 2590 3378 2644 Rom.
3419 2595 3697 2653 Aurelium

2101 2676 2374 2732 Victorem
2404 2679 2468 2731 de
2508 2676 2642 2731 Viris
2680 2678 2985 2745 illustribus,
3035 2695 3154 2750 pag.
3188 2680 3313 2735 605.
3339 2681 3403 2736 Λ.
3436 2683 3690 2750 Gellium,

2098 2768 2190 2825 lib.
2221 2787 2275 2824 vt
2328 2769 2484 2824 Noct.
2539 2771 2703 2835 attic.,
2734 2784 2853 2839 cap.
2909 2772 2959 2824 4.
2998 2770 3254 2835 Florum,
3290 2775 3377 2827 Lb.
3415 2791 3471 2842 ιι,
3496 2792 3610 2845 cap.
3640 2778 3697 2830 2.

2097 2863 2406 2929 Senecam,
2452 2865 2545 2919 lib.
2603 2864 2666 2918 de
2714 2864 3034 2932 l’rovident.,
3078 2882 3195 2937 cap.
3261 2868 3367 2934 15,
3418 2885 3537 2939 pag.
3564 2869 3695 2927 272.

2095 2959 2257 3029 Aug.,
2305 2958 2397 3013 lib.
2429 2973 2444 3011 ι
2472 2959 2535 3013 de
2557 2956 2907 3027 Civitat.,cap.
2932 2961 3015 3023 l5,
3042 2961 3266 3030 pag.l:‘i;
3297 2977 3415 3032 cap.
3445 2963 3536 3029 24,
3569 2979 3693 3034 pag.

2093 3050 2186 3117 25;
2216 3051 2309 3105 lib.
2340 3068 2396 3118 ιι,
2426 3066 2526 3121 cap
2579 3050 2669 3119 2⁸5,
2693 3067 2808 3121 pag.
2842 3050 2929 3115 52,
2955 3062 3010 3107 et
3037 3053 3129 3107 lib.
3161 3069 3238 3121 in,
3269 3069 3387 3124 cap.
3422 3057 3502 3115 l8.
3531 3058 3696 3126 p.76.

390 3171 497 3211 non
547 3156 713 3211 semel
747 3154 950 3219 fractis,
983 3165 1218 3210 stantem
1261 3154 1614 3209 nihilominus
1642 3155 1783 3209 inter
1808 3154 1991 3209 ruinas

2099 3146 2172 3200 De
2208 3157 2435 3214 utroque
2464 3156 2675 3207 autem,
2712 3146 2950 3201 Scaevola
2991 3157 3045 3202 et
3092 3147 3314 3217 Regulo,
3346 3148 3560 3213 Cicero,
3594 3151 3690 3207 lib.

387 3249 626 3320 publicas
680 3256 1005 3302 rectmn.....
1061 3246 1255 3317 Liquet
1292 3247 1421 3301 mihi
1470 3262 1592 3301 cum
1639 3262 1835 3318 magno
1863 3263 1985 3318 spe-

387 3352 562 3397 etasse
588 3340 786 3411 gaudio
815 3339 970 3403 deos,
1002 3354 1126 3394 cum
1161 3340 1271 3409 jam
1316 3339 1406 3394 ille
1435 3339 1537 3406 vir,
1570 3342 1864 3395 acerrimus
1904 3341 1985 3395 sui

387 3435 616 3500 vindex,
650 3435 845 3489 aliena)
883 3434 1041 3487 saluti
1073 3434 1338 3499 consulit,
1371 3443 1426 3489 ct
1465 3433 1680 3490 instruit
1703 3434 1988 3489 disceden-

387 3528 515 3582 tium
545 3526 719 3596 fugam
747 3527 912 3591 ;dum
936 3526 1096 3582 etiam
1143 3526 1317 3582 studia
1357 3539 1516 3582 noete
1555 3527 1742 3581 ultima
1771 3535 1981 3593 tractat,

383 3618 511 3675 dum
548 3619 784 3690 gladium
826 3635 982 3675 sacro
1035 3618 1241 3689 pectori
1269 3622 1398 3691 figit,
1425 3620 1551 3675 dum
1595 3621 1802 3677 viscera
1834 3636 1989 3690 spar-

384 3711 496 3782 git,
528 3722 586 3765 et
641 3712 787 3767 illam
826 3712 1221 3767 sanctissimam
1278 3715 1509 3767 animam
1583 3712 1985 3783 indignamque,

387 3817 509 3872 qum
554 3801 700 3858 ferro
744 3805 1220 3870 contaminaretur,
1249 3821 1407 3860 manu
1449 3805 1649 3861 educit.
1689 3824 1709 3856 ι
1746 3804 1984 3876 (Senec.,

387 3892 479 3947 lib.
504 3894 569 3947 de
596 3893 835 3957 Provid.,
864 3911 979 3964 cap.
1017 3895 1072 3962 2,
1105 3915 1225 3968 pag.
1248 3896 1401 3968 492.)
1432 3898 1487 3952 Si
1530 3899 1642 3952 haec
1692 3896 1896 3952 Seneca
1921 3898 1987 3952 de

384 3986 612 4041 ethnico
645 3985 767 4041 forti
814 3986 1051 4051 homine,
1090 3989 1143 4043 in
1175 3998 1253 4043 tot
1293 3988 1534 4044 adversis
1579 3989 1895 4055 consumto,
1918 3989 1986 4044 de

380 4091 479 4132 sua
510 4086 630 4148 post
659 4079 796 4133 hanc
814 4079 976 4133 vitam
1003 4088 1151 4134 sorte
1176 4080 1599 4139 incerto,dicere
1631 4080 1984 4151 potuit;quid

382 4168 565 4225 dicere
580 4169 813 4225 debebat
842 4170 911 4226 de
933 4168 1523 4243 Christiano-martyre,
1554 4172 1644 4242 qui
1674 4182 1823 4227 certo
1866 4187 1987 4227 cer-

383 4263 489 4319 tius
510 4264 662 4319 novit
683 4279 745 4320 se
774 4274 949 4321 morte
974 4280 1072 4320 sua
1102 4273 1358 4320 aeternam
1392 4264 1699 4320 felicitatem
1726 4281 1986 4321 consecu-

380 4362 556 4410 turum
584 4356 607 4409 ἲ

448 4446 529 4503 Ne
552 4457 732 4504 autem
761 4447 1014 4504 Cmcilius
1057 4458 1146 4503 aut
1200 4449 1337 4504 alius
1362 4450 1579 4521 gentilis
1597 4449 1860 4520 quispiam
1888 4465 1985 4521 op-

2090 3253 2145 3292 ιιι
2174 3237 2237 3290 de
2266 3235 2436 3308 0/]ic.,
2467 3253 2586 3309 pag.
2610 3238 2736 3293 252.
2781 3237 3049 3304 Lactant.,
3078 3238 3173 3293 lib.
3218 3256 3267 3306 ν,
3296 3255 3414 3310 cap.
3450 3243 3536 3307 15,
3568 3260 3691 3315 pag.

2088 3330 2213 3386 496.
2235 3330 2574 3398 Tet'tullian.,
2606 3331 2897 3403 Apologet.,
2929 3348 3048 3402 cap.
3091 3333 3183 3399 50,
3214 3343 3268 3388 et
3296 3334 3392 3390 lib.
3441 3338 3510 3389 ad
3541 3335 3695 3392 Mar-

2088 3432 2211 3492 tyr.,
2244 3439 2362 3492 cap.
2386 3424 2419 3479 4
2456 3434 2509 3478 et
2538 3423 2693 3478 alios.
2728 3423 2902 3483 Unum
2950 3441 3109 3495 porro
3136 3425 3415 3482 dumtaxat
3450 3428 3696 3485 animad-

2090 3526 2360 3569 vertemus
2393 3517 2568 3570 varias
2598 3514 2761 3571 fuisse
2785 3516 2853 3571 de
2895 3517 3084 3587 Reguli
3115 3533 3290 3588 ptems
3333 3523 3696 3594 suppliciique

2089 3621 2290 3676 genere
2321 3606 2508 3661 horum
2537 3607 2867 3677 Scriptorum
2892 3611 3191 3679 opiniones.

2162 3700 2432 3755 Ca'terum
2469 3716 2575 3771 quo
2620 3702 2952 3772 frequentior
3000 3704 3160 3769 huius
3212 3705 3403 3777 Reguli
3449 3722 3513 3762 ac
3540 3709 3701 3766 Mucii

2090 3792 2354 3847 Scaivola:
2389 3794 2529 3862 apud
2574 3792 2753 3847 varius
2800 3794 3110 3864 scriptores,
3145 3812 3210 3850 eo
3257 3799 3428 3852 rarior
3470 3798 3693 3870 Aquilii,

2089 3886 2156 3940 ab
2196 3895 2416 3939 auctore
2462 3893 2648 3939 nostro
2688 3885 2887 3940 ibidem
2939 3886 3243 3953 memorati,
3285 3890 3505 3943 mentio.
3558 3891 3697 3947 lliuc

2089 3989 2236 4034 certe
2265 3977 2481 4047 quidam
2510 3978 2800 4047 opinantur
2833 3978 2884 4032 in
2908 3979 3021 4047 ejus
3058 3980 3274 4033 nomine
3303 3981 3591 4037 scribendo
3612 3998 3700 4038 er-

2089 4086 2240 4126 rasse
2284 4069 2599 4134 librarium,
2650 4078 2811 4139 atque
2843 4070 2911 4123 ibi
2968 4086 3064 4139 pro
3119 4072 3360 4140 Aquilio,
3409 4072 3696 4143 legendum

2090 4163 2257 4220 Atilio
2296 4174 2390 4219 aut
2443 4164 2639 4219 Acilio.
2687 4164 2801 4231 Qua
2847 4163 3063 4234 quidem
3104 4162 3242 4218 facta
3294 4168 3696 4238 emendatione,

2090 4270 2311 4317 censent
2364 4261 2506 4314 hunc
2536 4273 2678 4325 esse,
2711 4273 2872 4329 quem
2915 4256 3205 4329 Dionysius
3258 4257 3704 4318 Halicarnasseus

2090 4344 2308 4421 Ᾰτὺλιον,
2356 4369 2449 4408 seu
2497 4353 2695 4420 potius,
2726 4362 2782 4406 ut
2809 4352 2887 4406 eis
2916 4353 3107 4422 placet,
3158 4344 3379 4419 Ᾰχύλιον,
3409 4354 3702 4425 appellavit

2091 4446 2414 4518 (Halicarn.,
2448 4445 2535 4500 lib.
2577 4461 2633 4500 tit
2682 4444 2957 4511 Autiquit.,
3014 4461 3136 4515 pag.
3167 4444 3275 4500 259
3313 4455 3360 4499 et
3399 4445 3553 4519 seq).
3589 4448 3697 4504 Sed

379 4550 606 4609 poneret
645 4538 784 4593 hanc
821 4538 1037 4609 quidem
1068 4540 1288 4595 Seneca:
1319 4582 1333 4606 ,
1372 4553 1463 4596 aut
1505 4541 1671 4599 Stoici
1705 4542 1984 4611 cujusdam
2012 4547 2065 4608 D
2091 4539 2272 4594 futiles
2301 4554 2562 4609 vanaique
2606 4547 2733 4592 sunt
2777 4536 2860 4592 hac
2883 4537 3233 4607 conjecturae.
3265 4538 3525 4595 Minucius
3550 4542 3697 4597 enim

380 4632 722 4704 philosophi,
754 4650 859 4687 non
909 4634 1140 4689 aliorum
1190 4650 1319 4690 vero
1366 4636 1528 4689 fuisse
1557 4637 1885 4705 Opinionem,
1913 4635 1985 4690 id-

381 4725 532 4780 circo
555 4736 707 4795 urget
736 4726 911 4782 adhuc
941 4727 1229 4792 Minucius,
1271 4737 1433 4797 atque
1455 4728 1525 4783 ob
1563 4728 1769 4785 Caecilii
1791 4739 1846 4785 et
1875 4744 1984 4785 cre-

381 4824 625 4872 terorum
675 4820 863 4874 oculos
906 4820 1055 4889 ponit
1106 4819 1266 4876 Mucii
1309 4821 1611 4888 Scaevolae,
1654 4822 1886 4892 Reguli,
1932 4831 1989 4878 et

377 4907 581 4978 Aquilii
622 4910 893 4981 exempla,
946 4926 1083 4981 quos
1138 4913 1355 4968 tametsi
1408 4914 1707 4970 calamitosi
1746 4914 1991 4969 videren-

376 5010 486 5067 tur,
500 5004 573 5058 ob
598 5004 852 5059 invictam
881 5003 1231 5061 nihilominus
1261 5006 1312 5061 in
1354 5008 1722 5063 acerbissimis
1750 5018 1985 5063 tormen-

378 5097 447 5152 tis
484 5100 867 5158 constantiam,
900 5099 1103 5154 ethnici
1149 5116 1339 5157 omnes
1394 5106 1618 5158 summis
1665 5102 1908 5157 laudibus
1930 5102 1982 5156 in

375 5190 578 5246 coelum
605 5193 936 5247 extulerunt.
964 5192 1097 5261 Quae
1137 5209 1303 5264 porro
1351 5195 1637 5266 supplicia,
1667 5194 1912 5264 Aquilius
1932 5202 1989 5249 et

378 5286 616 5357 Regulus
645 5286 1009 5358 pertulerint,
1040 5288 1165 5345 silet
1207 5288 1491 5356 Minucius,
1515 5288 1654 5343 haud
1673 5288 1833 5342 dubie
1863 5287 1987 5358 quia

377 5378 495 5435 htec
525 5396 627 5437 suo
655 5391 902 5451 tempore
954 5383 1156 5439 nemini
1209 5387 1542 5454 incomperta
1577 5392 1749 5437 erant.
1784 5379 1891 5436 Sed
1923 5396 1990 5437 ne

378 5473 545 5529 alicui
587 5475 813 5530 forsitan
878 5476 1146 5546 incognita
1195 5477 1338 5541 sint,
1393 5492 1453 5531 ea
1500 5476 1740 5531 breviter
1769 5488 1991 5528 enarra-

375 5566 554 5623 binuis
594 5584 611 5632 ;
662 5569 728 5623 de
777 5569 933 5624 Mucii
980 5578 1158 5624 autem
1203 5569 1458 5625 Scaevola:
1501 5567 1802 5637 supplicio,
1879 5568 1993 5622 hinc

379 5660 654 5715 Arnobius
717 5653 915 5719 ibidem
968 5663 1202 5734 adjecit:
1265 5680 1284 5713 ι
1324 5661 1424 5727 Qui
1473 5676 1592 5715 cum
1654 5667 1889 5715 errasset
1936 5659 1991 5715 in

380 5750 583 5826 Regem
616 5793 633 5822 ,
700 5755 950 5825 periisset
1004 5756 1057 5811 in
1115 5754 1382 5824 hostibus,
1420 5753 1523 5810 nisi
1562 5750 1810 5812 dextram
1874 5766 1996 5825 per-

640 5846 918 5913 ΡΑ-ιυιιοι.
966 5847 1075 5913 lll.

2087 4633 2155 4689 de
2187 4634 2317 4688 viris
2364 4630 2847 4697 innocentissimis,
2877 4631 2965 4701 qui
3004 4632 3158 4685 vario
3185 4633 3571 4703 suppliciorum
3608 4634 3695 4689 di-

2085 4712 2423 4783 rissimorum
2454 4741 2651 4794 genere
2700 4726 2865 4780 occisi
2892 4736 3037 4790 sunt,
3084 4726 3341 4796 loquitur.
3378 4728 3574 4783 Atilius
3598 4746 3697 4784 au-

2090 4830 2220 4886 tem,
2268 4827 2404 4873 teste
2450 4817 2640 4872 eodem
2699 4817 3135 4884 llalicarnasseo,
3189 4820 3410 4873 meritas
3455 4820 3701 4878 criminis

2091 4914 2173 4966 sui
2209 4926 2396 4980 punias
2439 4909 2716 4981 persolvit.

2162 5004 2300 5072 Quid
2332 5017 2481 5065 vero,
2511 5000 2704 5055 amabo
2731 5007 2969 5065 te,vetat
2997 4997 3285 5069 quominus
3316 4999 3557 5056 dicamus
3584 5016 3704 5057 ser-

2086 5112 2303 5152 monem
2332 5111 2364 5150 a
2394 5094 2623 5149 Minucio
2649 5091 2762 5146 fieri
2804 5092 2870 5146 de
2911 5091 3107 5145 Marcio
3135 5092 3361 5161 Aquilio,
3393 5109 3552 5163 quem
3584 5095 3699 5164 Ap.

2094 5190 2306 5259 pianus,
2360 5202 2388 5239 a
2427 5185 2733 5240 Mithridate
2777 5183 3170 5237 crudelissima:
3211 5186 3368 5237 morti
3417 5185 3697 5255 traditum,

2088 5280 2172 5334 his
2201 5286 2382 5333 narrat
2412 5276 2591 5331 verbis
2621 5293 2634 5328 :
2676 5295 2694 5326 ι
2731 5275 2839 5330 Nec
2862 5275 3032 5328 multo
3069 5285 3187 5343 post
3244 5275 3498 5331 Marcium
3527 5278 3699 5349 Aqui-

2092 5372 2244 5435 lium,
2276 5368 2559 5441 legationis
2592 5367 2752 5436 hujus
2782 5376 2835 5421 et
2866 5366 2991 5421 belli
3032 5376 3305 5422 auctorem
3339 5370 3694 5441 priet-ipuum,

2094 5475 2311 5537 captum
2335 5464 2680 5532 vinctumque
2713 5463 2763 5514 in
2787 5461 2939 5515 asino
2970 5461 3426 5528 circumvehebat,
3447 5477 3698 5525 coactum

2094 5572 2281 5631 suapte
2308 5574 2439 5615 voce
2465 5557 2603 5626 apud
2631 5566 2961 5625 spectatores
2984 5557 3316 5626 proclamare
3334 5573 3392 5612 se
3419 5574 3538 5614 esse
3561 5560 3699 5617 Mar-

2096 5657 2259 5718 cium,
2283 5654 2455 5710 donec
2484 5651 2729 5723 Pergami
2773 5667 2960 5704 aurum
2997 5650 3250 5719 liquatum
3296 5652 3345 5704 iu
3389 5667 3449 5705 os
3471 5653 3586 5722 ejus
3614 5659 3697 5711 in-

2096 5749 2288 5817 fundit,
2321 5745 2655 5820 corruptelas
2694 5745 3038 5819 largitionum
3065 5746 3402 5815 exprobrans
3449 5744 3693 5809 Romano

3193 5834 3269 5901 15
