  <div class='ocr_page' id='page_1' title='image "/cluster/home/n/w/nwhite01/storage/ocr_20150623/3/hvd.32044054086798/279.png"; bbox 0 0 4230 6242; ppageno 0'>
   <div class='ocr_carea' id='block_1_1' title="bbox 565 189 675 245">
    <p class='ocr_par' dir='ltr' id='par_1_1' title="bbox 565 189 675 245">
     <span class='ocr_line' id='line_1_1' title="bbox 565 189 675 245; baseline 0 0"><span class='ocrx_word' id='word_1_1' title='bbox 565 189 675 245; x_wconf 68' lang='grc'><strong>459</strong></span> 
     </span>
    </p>
   </div>
   <div class='ocr_carea' id='block_1_2' title="bbox 1797 180 2523 241">
    <p class='ocr_par' dir='ltr' id='par_1_2' title="bbox 1797 180 2523 241">
     <span class='ocr_line' id='line_1_2' title="bbox 1797 180 2523 241; baseline 0.001 -1"><span class='ocrx_word' id='word_1_2' title='bbox 1797 186 1886 241; x_wconf 76' lang='lat' dir='ltr'><strong>DE</strong></span> <span class='ocrx_word' id='word_1_3' title='bbox 1927 182 2189 241; x_wconf 81' lang='lat' dir='ltr'><strong>MlNUCll</strong></span> <span class='ocrx_word' id='word_1_4' title='bbox 2221 180 2523 241; x_wconf 78' lang='lat' dir='ltr'><strong>OCTAVIO</strong></span> 
     </span>
    </p>
   </div>
   <div class='ocr_carea' id='block_1_3' title="bbox 3773 184 3884 242">
    <p class='ocr_par' dir='ltr' id='par_1_3' title="bbox 3773 184 3884 242">
     <span class='ocr_line' id='line_1_3' title="bbox 3773 184 3884 242; baseline -0.009 0"><span class='ocrx_word' id='word_1_5' title='bbox 3773 184 3884 242; x_wconf 74' lang='grc'><strong>460</strong></span> 
     </span>
    </p>
   </div>
   <div class='ocr_carea' id='block_1_4' title="bbox 572 300 2174 397">
    <p class='ocr_par' dir='ltr' id='par_1_4' title="bbox 572 300 2174 374">
     <span class='ocr_line' id='line_1_4' title="bbox 572 300 2174 374; baseline -0.004 -13"><span class='ocrx_word' id='word_1_6' title='bbox 572 303 821 361; x_wconf 85' lang='lat' dir='ltr'><strong>nomini?</strong></span> <span class='ocrx_word' id='word_1_7' title='bbox 858 320 876 355; x_wconf 77' lang='grc' dir='ltr'><strong>ι</strong></span> <span class='ocrx_word' id='word_1_8' title='bbox 906 301 1182 373; x_wconf 65' lang='lat' dir='ltr'><strong>(Appiam,</strong></span> <span class='ocrx_word' id='word_1_9' title='bbox 1216 301 1304 356; x_wconf 83' lang='lat' dir='ltr'><strong>lib.</strong></span> <span class='ocrx_word' id='word_1_10' title='bbox 1339 301 1402 356; x_wconf 77' lang='lat' dir='ltr'><strong>de</strong></span> <span class='ocrx_word' id='word_1_11' title='bbox 1439 302 1553 356; x_wconf 81' lang='lat' dir='ltr'><strong>Bel.</strong></span> <span class='ocrx_word' id='word_1_12' title='bbox 1590 300 1854 368; x_wconf 64' lang='lat' dir='ltr'><strong>Mil/md,</strong></span> <span class='ocrx_word' id='word_1_13' title='bbox 1889 303 2038 374; x_wconf 84' lang='lat' dir='ltr'><strong>longe</strong></span> <span class='ocrx_word' id='word_1_14' title='bbox 2065 312 2174 371; x_wconf 84' lang='lat' dir='ltr'><strong>post</strong></span> 
     </span>
    </p>
   </div>
   <div class='ocr_carea' id='block_1_5' title="bbox 2283 300 3887 397">
    <p class='ocr_par' dir='ltr' id='par_1_5' title="bbox 2283 321 3887 397">
     <span class='ocr_line' id='line_1_5' title="bbox 2283 321 3887 397; baseline 0.003 -21"><span class='ocrx_word' id='word_1_15' title='bbox 2283 322 2456 389; x_wconf 82' lang='lat' dir='ltr'><strong>cibus,</strong></span> <span class='ocrx_word' id='word_1_16' title='bbox 2510 321 2658 388; x_wconf 87' lang='lat' dir='ltr'><strong>feris,</strong></span> <span class='ocrx_word' id='word_1_17' title='bbox 2692 331 2745 376; x_wconf 88' lang='lat' dir='ltr'><strong>et</strong></span> <span class='ocrx_word' id='word_1_18' title='bbox 2773 341 2790 372; x_wconf 82' lang='lat' dir='ltr'><strong>t</strong></span> <span class='ocrx_word' id='word_1_19' title='bbox 2825 324 3096 391; x_wconf 87' lang='lat' dir='ltr'><strong>omnibus,</strong></span> <span class='ocrx_word' id='word_1_20' title='bbox 3136 342 3157 377; x_wconf 74' lang='grc' dir='ltr'><strong>ι</strong></span> <span class='ocrx_word' id='word_1_21' title='bbox 3183 332 3241 379; x_wconf 81' lang='grc' dir='ltr'><strong>ιιι</strong></span> <span class='ocrx_word' id='word_1_22' title='bbox 3268 325 3382 395; x_wconf 91' lang='lat' dir='ltr'><strong>ipse</strong></span> <span class='ocrx_word' id='word_1_23' title='bbox 3418 324 3678 393; x_wconf 90' lang='lat' dir='ltr'><strong>loquitur,</strong></span> <span class='ocrx_word' id='word_1_24' title='bbox 3704 345 3722 377; x_wconf 78' lang='lat' dir='ltr'><strong>t</strong></span> <span class='ocrx_word' id='word_1_25' title='bbox 3754 341 3887 397; x_wconf 83' lang='lat' dir='ltr'><strong>sup-</strong></span> 
     </span>
    </p>
   </div>
   <div class='ocr_carea' id='block_1_6' title="bbox 570 394 2175 466">
    <p class='ocr_par' dir='ltr' id='par_1_6' title="bbox 570 394 2175 466">
     <span class='ocr_line' id='line_1_6' title="bbox 570 394 2175 466; baseline -0.001 -16"><span class='ocrx_word' id='word_1_26' title='bbox 570 398 716 462; x_wconf 83' lang='lat' dir='ltr'><strong>init.,</strong></span> <span class='ocrx_word' id='word_1_27' title='bbox 746 413 867 466; x_wconf 85' lang='lat' dir='ltr'><strong>pag.</strong></span> <span class='ocrx_word' id='word_1_28' title='bbox 901 394 1051 466; x_wconf 73' lang='lat'><strong>1‘23).</strong></span> <span class='ocrx_word' id='word_1_29' title='bbox 1087 394 1291 448; x_wconf 66' lang='lat' dir='ltr'><strong>Plinius</strong></span> <span class='ocrx_word' id='word_1_30' title='bbox 1318 410 1570 464; x_wconf 90' lang='lat' dir='ltr'><strong>quoque:</strong></span> <span class='ocrx_word' id='word_1_31' title='bbox 1603 414 1621 447; x_wconf 76' lang='grc' dir='ltr'><strong>ι</strong></span> <span class='ocrx_word' id='word_1_32' title='bbox 1667 394 1777 448; x_wconf 82' lang='lat' dir='ltr'><strong>Nec</strong></span> <span class='ocrx_word' id='word_1_33' title='bbox 1814 394 1946 463; x_wconf 87' lang='lat' dir='ltr'><strong>jam,</strong></span> <span class='ocrx_word' id='word_1_34' title='bbox 1982 395 2175 465; x_wconf 89' lang='lat' dir='ltr'><strong>inquit,</strong></span> 
     </span>
    </p>
   </div>
   <div class='ocr_carea' id='block_1_7' title="bbox 574 486 2177 557">
    <p class='ocr_par' dir='ltr' id='par_1_7' title="bbox 574 486 2177 557">
     <span class='ocr_line' id='line_1_7' title="bbox 574 486 2177 557; baseline 0.001 -17"><span class='ocrx_word' id='word_1_35' title='bbox 574 490 859 557; x_wconf 74' lang='lat' dir='ltr'><strong>Qniritium</strong></span> <span class='ocrx_word' id='word_1_36' title='bbox 875 486 1176 557; x_wconf 74' lang='lat' dir='ltr'><strong>aliquo.setl</strong></span> <span class='ocrx_word' id='word_1_37' title='bbox 1197 487 1447 542; x_wconf 78' lang='lat' dir='ltr'><strong>universo</strong></span> <span class='ocrx_word' id='word_1_38' title='bbox 1464 486 1677 540; x_wconf 84' lang='lat' dir='ltr'><strong>nomine</strong></span> <span class='ocrx_word' id='word_1_39' title='bbox 1695 487 1939 541; x_wconf 80' lang='lat' dir='ltr'><strong>Romano</strong></span> <span class='ocrx_word' id='word_1_40' title='bbox 1963 486 2146 541; x_wconf 80' lang='lat' dir='ltr'><strong>infami</strong></span> <span class='ocrx_word' id='word_1_41' title='bbox 2160 530 2177 552; x_wconf 87' lang='lat'><strong>,</strong></span> 
     </span>
    </p>
   </div>
   <div class='ocr_carea' id='block_1_8' title="bbox 570 579 2178 649">
    <p class='ocr_par' dir='ltr' id='par_1_8' title="bbox 570 579 2178 649">
     <span class='ocr_line' id='line_1_8' title="bbox 570 579 2178 649; baseline -0.002 -12"><span class='ocrx_word' id='word_1_42' title='bbox 570 598 666 637; x_wconf 79' lang='lat' dir='ltr'><strong>rex</strong></span> <span class='ocrx_word' id='word_1_43' title='bbox 687 581 1018 636; x_wconf 73' lang='lat' dir='ltr'><strong>Mithridates</strong></span> <span class='ocrx_word' id='word_1_44' title='bbox 1046 579 1260 648; x_wconf 81' lang='lat' dir='ltr'><strong>Aquilio</strong></span> <span class='ocrx_word' id='word_1_45' title='bbox 1283 579 1404 633; x_wconf 90' lang='lat' dir='ltr'><strong>duci</strong></span> <span class='ocrx_word' id='word_1_46' title='bbox 1426 591 1585 649; x_wconf 88' lang='lat' dir='ltr'><strong>capto</strong></span> <span class='ocrx_word' id='word_1_47' title='bbox 1607 595 1795 633; x_wconf 90' lang='lat' dir='ltr'><strong>aurum</strong></span> <span class='ocrx_word' id='word_1_48' title='bbox 1823 580 1871 631; x_wconf 89' lang='lat' dir='ltr'><strong>itt</strong></span> <span class='ocrx_word' id='word_1_49' title='bbox 1897 593 1958 633; x_wconf 88' lang='lat' dir='ltr'><strong>os</strong></span> <span class='ocrx_word' id='word_1_50' title='bbox 1983 580 2178 635; x_wconf 78' lang='lat' dir='ltr'><strong>infudit</strong></span> 
     </span>
    </p>
   </div>
   <div class='ocr_carea' id='block_1_9' title="bbox 570 671 1965 748">
    <p class='ocr_par' dir='ltr' id='par_1_9' title="bbox 570 671 1965 748">
     <span class='ocr_line' id='line_1_9' title="bbox 570 671 1965 748; baseline -0.002 -19"><span class='ocrx_word' id='word_1_51' title='bbox 570 675 769 748; x_wconf 84' lang='lat' dir='ltr'><strong>(Pliu.,</strong></span> <span class='ocrx_word' id='word_1_52' title='bbox 788 675 877 729; x_wconf 87' lang='lat' dir='ltr'><strong>lib.</strong></span> <span class='ocrx_word' id='word_1_53' title='bbox 902 689 1071 728; x_wconf 68' lang='grc' dir='ltr'>χχχιιι</span> <span class='ocrx_word' id='word_1_54' title='bbox 1095 672 1282 727; x_wconf 84' lang='lat' dir='ltr'><strong>Natur.</strong></span> <span class='ocrx_word' id='word_1_55' title='bbox 1307 671 1464 735; x_wconf 80' lang='lat' dir='ltr'><strong>Hist.,</strong></span> <span class='ocrx_word' id='word_1_56' title='bbox 1484 690 1601 743; x_wconf 87' lang='lat' dir='ltr'><strong>cap.</strong></span> <span class='ocrx_word' id='word_1_57' title='bbox 1632 674 1688 738; x_wconf 80' lang='lat'><strong>5,</strong></span> <span class='ocrx_word' id='word_1_58' title='bbox 1711 689 1830 743; x_wconf 83' lang='lat' dir='ltr'><strong>pag.</strong></span> <span class='ocrx_word' id='word_1_59' title='bbox 1849 671 1965 741; x_wconf 73' lang='lat'><strong>52).</strong></span> 
     </span>
    </p>
   </div>
   <div class='ocr_carea' id='block_1_10' title="bbox 644 763 2178 837">
    <p class='ocr_par' dir='ltr' id='par_1_10' title="bbox 644 763 2178 837">
     <span class='ocr_line' id='line_1_10' title="bbox 644 763 2178 837; baseline -0.005 -13"><span class='ocrx_word' id='word_1_60' title='bbox 644 767 824 824; x_wconf 87' lang='lat' dir='ltr'><strong>Nescii</strong></span> <span class='ocrx_word' id='word_1_61' title='bbox 849 767 1065 837; x_wconf 80' lang='lat' dir='ltr'><strong>quidem</strong></span> <span class='ocrx_word' id='word_1_62' title='bbox 1088 781 1194 821; x_wconf 89' lang='lat' dir='ltr'><strong>non</strong></span> <span class='ocrx_word' id='word_1_63' title='bbox 1224 781 1414 822; x_wconf 88' lang='lat' dir='ltr'><strong>sumus</strong></span> <span class='ocrx_word' id='word_1_64' title='bbox 1434 765 1648 835; x_wconf 82' lang='lat' dir='ltr'><strong>scriptis</strong></span> <span class='ocrx_word' id='word_1_65' title='bbox 1665 782 1692 817; x_wconf 91' lang='lat' dir='ltr'><strong>a</strong></span> <span class='ocrx_word' id='word_1_66' title='bbox 1715 764 1932 821; x_wconf 77' lang='lat' dir='ltr'><strong>Valerio</strong></span> <span class='ocrx_word' id='word_1_67' title='bbox 1947 763 2178 818; x_wconf 76' lang='lat' dir='ltr'><strong>Maximo</strong></span> 
     </span>
    </p>
   </div>
   <div class='ocr_carea' id='block_1_11' title="bbox 576 858 2179 935">
    <p class='ocr_par' dir='ltr' id='par_1_11' title="bbox 576 858 2179 935">
     <span class='ocr_line' id='line_1_11' title="bbox 576 858 2179 935; baseline -0.005 -15"><span class='ocrx_word' id='word_1_68' title='bbox 576 865 876 935; x_wconf 90' lang='lat' dir='ltr'><strong>proditum,</strong></span> <span class='ocrx_word' id='word_1_69' title='bbox 925 865 994 918; x_wconf 81' lang='grc' dir='ltr'><strong>Μ.</strong></span> <span class='ocrx_word' id='word_1_70' title='bbox 1030 861 1304 933; x_wconf 76' lang='lat' dir='ltr'><strong>Aquilium</strong></span> <span class='ocrx_word' id='word_1_71' title='bbox 1351 859 1600 915; x_wconf 77' lang='lat' dir='ltr'><strong>maluisse</strong></span> <span class='ocrx_word' id='word_1_72' title='bbox 1636 858 1925 914; x_wconf 82' lang='lat' dir='ltr'><strong>Mithridati</strong></span> <span class='ocrx_word' id='word_1_73' title='bbox 1951 859 2179 928; x_wconf 82' lang='lat' dir='ltr'><strong>turpiter</strong></span> 
     </span>
    </p>
   </div>
   <div class='ocr_carea' id='block_1_12' title="bbox 574 952 2177 1029">
    <p class='ocr_par' dir='ltr' id='par_1_12' title="bbox 574 952 2177 1029">
     <span class='ocr_line' id='line_1_12' title="bbox 574 952 2177 1029; baseline -0.007 -13"><span class='ocrx_word' id='word_1_74' title='bbox 574 961 805 1025; x_wconf 81' lang='lat' dir='ltr'><strong>servire,</strong></span> <span class='ocrx_word' id='word_1_75' title='bbox 839 974 1000 1029; x_wconf 90' lang='lat' dir='ltr'><strong>quam</strong></span> <span class='ocrx_word' id='word_1_76' title='bbox 1031 958 1265 1027; x_wconf 80' lang='lat' dir='ltr'><strong>gloriose</strong></span> <span class='ocrx_word' id='word_1_77' title='bbox 1287 972 1349 1011; x_wconf 90' lang='lat' dir='ltr'><strong>ac</strong></span> <span class='ocrx_word' id='word_1_78' title='bbox 1380 954 1591 1010; x_wconf 88' lang='lat' dir='ltr'><strong>fortiter</strong></span> <span class='ocrx_word' id='word_1_79' title='bbox 1622 955 1782 1008; x_wconf 92' lang='lat' dir='ltr'><strong>mori.</strong></span> <span class='ocrx_word' id='word_1_80' title='bbox 1803 952 1907 1009; x_wconf 87' lang='lat' dir='ltr'><strong>Sed</strong></span> <span class='ocrx_word' id='word_1_81' title='bbox 1932 954 2045 1022; x_wconf 90' lang='lat' dir='ltr'><strong>ipse</strong></span> <span class='ocrx_word' id='word_1_82' title='bbox 2076 952 2177 1006; x_wconf 78' lang='lat' dir='ltr'><strong>Va-</strong></span> 
     </span>
    </p>
   </div>
   <div class='ocr_carea' id='block_1_13' title="bbox 568 1044 2176 1121">
    <p class='ocr_par' dir='ltr' id='par_1_13' title="bbox 568 1044 2176 1121">
     <span class='ocr_line' id='line_1_13' title="bbox 568 1044 2176 1121; baseline -0.008 -11"><span class='ocrx_word' id='word_1_83' title='bbox 568 1054 739 1110; x_wconf 85' lang='lat' dir='ltr'><strong>lerius</strong></span> <span class='ocrx_word' id='word_1_84' title='bbox 760 1053 869 1107; x_wconf 91' lang='lat' dir='ltr'><strong>alto</strong></span> <span class='ocrx_word' id='word_1_85' title='bbox 893 1053 960 1107; x_wconf 88' lang='lat' dir='ltr'><strong>ibi</strong></span> <span class='ocrx_word' id='word_1_86' title='bbox 996 1052 1188 1121; x_wconf 85' lang='lat' dir='ltr'><strong>premit</strong></span> <span class='ocrx_word' id='word_1_87' title='bbox 1214 1050 1431 1105; x_wconf 89' lang='lat' dir='ltr'><strong>silentio</strong></span> <span class='ocrx_word' id='word_1_88' title='bbox 1450 1064 1557 1119; x_wconf 92' lang='lat' dir='ltr'><strong>quo</strong></span> <span class='ocrx_word' id='word_1_89' title='bbox 1585 1047 1775 1101; x_wconf 88' lang='lat' dir='ltr'><strong>mortis</strong></span> <span class='ocrx_word' id='word_1_90' title='bbox 1804 1060 2003 1116; x_wconf 80' lang='lat' dir='ltr'><strong>genere</strong></span> <span class='ocrx_word' id='word_1_91' title='bbox 2025 1044 2176 1098; x_wconf 88' lang='lat' dir='ltr'><strong>obic-</strong></span> 
     </span>
    </p>
   </div>
   <div class='ocr_carea' id='block_1_14' title="bbox 570 1140 2180 1216">
    <p class='ocr_par' dir='ltr' id='par_1_14' title="bbox 570 1140 2180 1216">
     <span class='ocr_line' id='line_1_14' title="bbox 570 1140 2180 1216; baseline -0.007 -13"><span class='ocrx_word' id='word_1_92' title='bbox 570 1148 645 1203; x_wconf 84' lang='lat' dir='ltr'><strong>rit</strong></span> <span class='ocrx_word' id='word_1_93' title='bbox 678 1146 886 1216; x_wconf 83' lang='lat' dir='ltr'><strong>(Valer.</strong></span> <span class='ocrx_word' id='word_1_94' title='bbox 919 1145 1089 1211; x_wconf 57' lang='lat' dir='ltr'><strong>Mam,</strong></span> <span class='ocrx_word' id='word_1_95' title='bbox 1122 1146 1210 1199; x_wconf 93' lang='lat' dir='ltr'><strong>lib.</strong></span> <span class='ocrx_word' id='word_1_96' title='bbox 1246 1161 1321 1211; x_wconf 75' lang='lat' dir='ltr'><strong>is,</strong></span> <span class='ocrx_word' id='word_1_97' title='bbox 1354 1159 1470 1211; x_wconf 85' lang='lat' dir='ltr'><strong>cap.</strong></span> <span class='ocrx_word' id='word_1_98' title='bbox 1523 1142 1610 1202; x_wconf 80' lang='lat' dir='ltr'><strong>l3.</strong></span> <span class='ocrx_word' id='word_1_99' title='bbox 1637 1142 1665 1213; x_wconf 63' lang='grc' dir='ltr'><strong>ξ</strong></span> <span class='ocrx_word' id='word_1_100' title='bbox 1690 1142 1767 1210; x_wconf 85' lang='lat' dir='ltr'><strong>l).</strong></span> <span class='ocrx_word' id='word_1_101' title='bbox 1801 1140 2054 1206; x_wconf 83' lang='lat' dir='ltr'><strong>Quamvis</strong></span> <span class='ocrx_word' id='word_1_102' title='bbox 2085 1154 2180 1192; x_wconf 90' lang='lat' dir='ltr'><strong>au—</strong></span> 
     </span>
    </p>
   </div>
   <div class='ocr_carea' id='block_1_15' title="bbox 574 1232 2181 1306">
    <p class='ocr_par' dir='ltr' id='par_1_15' title="bbox 574 1232 2181 1306">
     <span class='ocr_line' id='line_1_15' title="bbox 574 1232 2181 1306; baseline -0.007 -11"><span class='ocrx_word' id='word_1_103' title='bbox 574 1250 682 1295; x_wconf 90' lang='lat' dir='ltr'><strong>tem</strong></span> <span class='ocrx_word' id='word_1_104' title='bbox 711 1239 799 1293; x_wconf 91' lang='lat' dir='ltr'><strong>ille</strong></span> <span class='ocrx_word' id='word_1_105' title='bbox 826 1237 892 1293; x_wconf 89' lang='lat' dir='ltr'><strong>de</strong></span> <span class='ocrx_word' id='word_1_106' title='bbox 940 1236 1136 1306; x_wconf 88' lang='lat' dir='ltr'><strong>Aquilii</strong></span> <span class='ocrx_word' id='word_1_107' title='bbox 1180 1244 1354 1289; x_wconf 90' lang='lat' dir='ltr'><strong>morte</strong></span> <span class='ocrx_word' id='word_1_108' title='bbox 1392 1233 1569 1297; x_wconf 83' lang='lat' dir='ltr'><strong>aliter,</strong></span> <span class='ocrx_word' id='word_1_109' title='bbox 1618 1246 1775 1301; x_wconf 89' lang='lat' dir='ltr'><strong>quam</strong></span> <span class='ocrx_word' id='word_1_110' title='bbox 1832 1232 2104 1301; x_wconf 82' lang='lat' dir='ltr'><strong>Appianus</strong></span> <span class='ocrx_word' id='word_1_111' title='bbox 2124 1237 2181 1283; x_wconf 84' lang='lat' dir='ltr'><strong>et</strong></span> 
     </span>
    </p>
   </div>
   <div class='ocr_carea' id='block_1_16' title="bbox 573 1323 2181 1397">
    <p class='ocr_par' dir='ltr' id='par_1_16' title="bbox 573 1323 2181 1397">
     <span class='ocr_line' id='line_1_16' title="bbox 573 1323 2181 1397; baseline -0.007 -12"><span class='ocrx_word' id='word_1_112' title='bbox 573 1332 684 1396; x_wconf 88' lang='lat' dir='ltr'><strong>alii,</strong></span> <span class='ocrx_word' id='word_1_113' title='bbox 717 1331 961 1389; x_wconf 88' lang='lat' dir='ltr'><strong>sentiret.</strong></span> <span class='ocrx_word' id='word_1_114' title='bbox 996 1328 1046 1383; x_wconf 90' lang='lat' dir='ltr'><strong>id</strong></span> <span class='ocrx_word' id='word_1_115' title='bbox 1075 1337 1223 1382; x_wconf 91' lang='lat' dir='ltr'><strong>certe</strong></span> <span class='ocrx_word' id='word_1_116' title='bbox 1251 1326 1539 1397; x_wconf 90' lang='lat' dir='ltr'><strong>prohibere</strong></span> <span class='ocrx_word' id='word_1_117' title='bbox 1563 1340 1667 1378; x_wconf 91' lang='lat' dir='ltr'><strong>non</strong></span> <span class='ocrx_word' id='word_1_118' title='bbox 1696 1323 1888 1393; x_wconf 90' lang='lat' dir='ltr'><strong>potuit,</strong></span> <span class='ocrx_word' id='word_1_119' title='bbox 1912 1339 1980 1377; x_wconf 91' lang='lat' dir='ltr'><strong>ne</strong></span> <span class='ocrx_word' id='word_1_120' title='bbox 2008 1323 2181 1376; x_wconf 84' lang='lat' dir='ltr'><strong>Minu-</strong></span> 
     </span>
    </p>
   </div>
   <div class='ocr_carea' id='block_1_17' title="bbox 574 1413 2181 1491">
    <p class='ocr_par' dir='ltr' id='par_1_17' title="bbox 574 1413 2181 1491">
     <span class='ocr_line' id='line_1_17' title="bbox 574 1413 2181 1491; baseline -0.007 -14"><span class='ocrx_word' id='word_1_121' title='bbox 574 1424 689 1478; x_wconf 83' lang='lat' dir='ltr'><strong>cius</strong></span> <span class='ocrx_word' id='word_1_122' title='bbox 714 1422 905 1476; x_wconf 88' lang='lat' dir='ltr'><strong>horum</strong></span> <span class='ocrx_word' id='word_1_123' title='bbox 946 1421 1148 1491; x_wconf 83' lang='lat' dir='ltr'><strong>potius,</strong></span> <span class='ocrx_word' id='word_1_124' title='bbox 1176 1434 1335 1489; x_wconf 86' lang='lat' dir='ltr'><strong>quam</strong></span> <span class='ocrx_word' id='word_1_125' title='bbox 1372 1418 1568 1471; x_wconf 86' lang='lat' dir='ltr'><strong>Valerii</strong></span> <span class='ocrx_word' id='word_1_126' title='bbox 1602 1416 1839 1481; x_wconf 77' lang='lat' dir='ltr'><strong>Maximi,</strong></span> <span class='ocrx_word' id='word_1_127' title='bbox 1871 1424 2089 1469; x_wconf 89' lang='lat' dir='ltr'><strong>secutus</strong></span> <span class='ocrx_word' id='word_1_128' title='bbox 2110 1413 2181 1467; x_wconf 88' lang='lat' dir='ltr'><strong>sit</strong></span> 
     </span>
    </p>
   </div>
   <div class='ocr_carea' id='block_1_18' title="bbox 570 1509 2180 1586">
    <p class='ocr_par' dir='ltr' id='par_1_18' title="bbox 570 1509 2180 1586">
     <span class='ocr_line' id='line_1_18' title="bbox 570 1509 2180 1586; baseline -0.005 -16"><span class='ocrx_word' id='word_1_129' title='bbox 570 1516 905 1586; x_wconf 83' lang='lat' dir='ltr'><strong>opinionem.</strong></span> <span class='ocrx_word' id='word_1_130' title='bbox 931 1513 1044 1568; x_wconf 91' lang='lat' dir='ltr'><strong>lluc</strong></span> <span class='ocrx_word' id='word_1_131' title='bbox 1082 1512 1311 1577; x_wconf 85' lang='lat' dir='ltr'><strong>accedit,</strong></span> <span class='ocrx_word' id='word_1_132' title='bbox 1338 1510 1482 1581; x_wconf 88' lang='lat' dir='ltr'><strong>quod</strong></span> <span class='ocrx_word' id='word_1_133' title='bbox 1513 1510 1599 1564; x_wconf 91' lang='lat' dir='ltr'><strong>hic</strong></span> <span class='ocrx_word' id='word_1_134' title='bbox 1631 1509 1876 1578; x_wconf 84' lang='lat' dir='ltr'><strong>Aquilius</strong></span> <span class='ocrx_word' id='word_1_135' title='bbox 1906 1523 2026 1562; x_wconf 76' lang='lat' dir='ltr'><strong>esse</strong></span> <span class='ocrx_word' id='word_1_136' title='bbox 2060 1523 2180 1562; x_wconf 86' lang='lat' dir='ltr'><strong>cre-</strong></span> 
     </span>
    </p>
   </div>
   <div class='ocr_carea' id='block_1_19' title="bbox 571 1601 2180 1677">
    <p class='ocr_par' dir='ltr' id='par_1_19' title="bbox 571 1601 2180 1677">
     <span class='ocr_line' id='line_1_19' title="bbox 571 1601 2180 1677; baseline -0.006 -14"><span class='ocrx_word' id='word_1_137' title='bbox 571 1610 750 1675; x_wconf 89' lang='lat' dir='ltr'><strong>datur,</strong></span> <span class='ocrx_word' id='word_1_138' title='bbox 780 1608 848 1663; x_wconf 90' lang='lat' dir='ltr'><strong>de</strong></span> <span class='ocrx_word' id='word_1_139' title='bbox 888 1623 995 1677; x_wconf 93' lang='lat' dir='ltr'><strong>quo</strong></span> <span class='ocrx_word' id='word_1_140' title='bbox 1035 1607 1227 1661; x_wconf 87' lang='lat' dir='ltr'><strong>Cicero</strong></span> <span class='ocrx_word' id='word_1_141' title='bbox 1253 1605 1484 1675; x_wconf 87' lang='lat' dir='ltr'><strong>quadam</strong></span> <span class='ocrx_word' id='word_1_142' title='bbox 1520 1606 1572 1657; x_wconf 91' lang='lat' dir='ltr'><strong>in</strong></span> <span class='ocrx_word' id='word_1_143' title='bbox 1620 1603 1876 1658; x_wconf 89' lang='lat' dir='ltr'><strong>Oratione</strong></span> <span class='ocrx_word' id='word_1_144' title='bbox 1902 1602 1980 1656; x_wconf 89' lang='lat' dir='ltr'><strong>sic</strong></span> <span class='ocrx_word' id='word_1_145' title='bbox 2004 1601 2180 1655; x_wconf 88' lang='lat' dir='ltr'><strong>disse-</strong></span> 
     </span>
    </p>
   </div>
   <div class='ocr_carea' id='block_1_20' title="bbox 2287 414 3889 487">
    <p class='ocr_par' dir='ltr' id='par_1_20' title="bbox 2287 414 3889 487">
     <span class='ocr_line' id='line_1_20' title="bbox 2287 414 3889 487; baseline 0.005 -20"><span class='ocrx_word' id='word_1_146' title='bbox 2287 414 2568 483; x_wconf 87' lang='lat' dir='ltr'><strong>pliciornm</strong></span> <span class='ocrx_word' id='word_1_147' title='bbox 2614 415 2923 470; x_wconf 85' lang='lat' dir='ltr'><strong>terriculis?</strong></span> <span class='ocrx_word' id='word_1_148' title='bbox 2963 437 2981 469; x_wconf 79' lang='grc' dir='ltr'><strong>ι</strong></span> <span class='ocrx_word' id='word_1_149' title='bbox 3031 416 3219 473; x_wconf 88' lang='lat' dir='ltr'><strong>Nonne</strong></span> <span class='ocrx_word' id='word_1_150' title='bbox 3270 427 3347 474; x_wconf 93' lang='lat' dir='ltr'><strong>tot</strong></span> <span class='ocrx_word' id='word_1_151' title='bbox 3395 427 3612 487; x_wconf 81' lang='lat' dir='ltr'><strong>tamque</strong></span> <span class='ocrx_word' id='word_1_152' title='bbox 3657 420 3889 476; x_wconf 80' lang='lat' dir='ltr'><strong>diversis</strong></span> 
     </span>
    </p>
   </div>
   <div class='ocr_carea' id='block_1_21' title="bbox 2287 508 3890 579">
    <p class='ocr_par' dir='ltr' id='par_1_21' title="bbox 2287 508 3890 579">
     <span class='ocr_line' id='line_1_21' title="bbox 2287 508 3890 579; baseline 0.006 -19"><span class='ocrx_word' id='word_1_153' title='bbox 2287 508 2589 572; x_wconf 87' lang='lat' dir='ltr'><strong>tormentis,</strong></span> <span class='ocrx_word' id='word_1_154' title='bbox 2622 523 2728 563; x_wconf 92' lang='lat' dir='ltr'><strong>non</strong></span> <span class='ocrx_word' id='word_1_155' title='bbox 2760 517 2865 562; x_wconf 73' lang='lat' dir='ltr'><strong>tam</strong></span> <span class='ocrx_word' id='word_1_156' title='bbox 2891 523 3057 579; x_wconf 87' lang='lat' dir='ltr'><strong>parvo</strong></span> <span class='ocrx_word' id='word_1_157' title='bbox 3078 508 3369 565; x_wconf 77' lang='lat' dir='ltr'><strong>Christiani</strong></span> <span class='ocrx_word' id='word_1_158' title='bbox 3414 527 3641 567; x_wconf 85' lang='lat' dir='ltr'><strong>numero</strong></span> <span class='ocrx_word' id='word_1_159' title='bbox 3693 513 3890 570; x_wconf 83' lang='lat' dir='ltr'><strong>crude—</strong></span> 
     </span>
    </p>
   </div>
   <div class='ocr_carea' id='block_1_22' title="bbox 2285 598 3888 675">
    <p class='ocr_par' dir='ltr' id='par_1_22' title="bbox 2285 598 3888 675">
     <span class='ocr_line' id='line_1_22' title="bbox 2285 598 3888 675; baseline 0.004 -23"><span class='ocrx_word' id='word_1_160' title='bbox 2285 598 2407 654; x_wconf 88' lang='lat' dir='ltr'><strong>liter</strong></span> <span class='ocrx_word' id='word_1_161' title='bbox 2437 601 2630 667; x_wconf 89' lang='lat' dir='ltr'><strong>necati,</strong></span> <span class='ocrx_word' id='word_1_162' title='bbox 2688 601 2917 671; x_wconf 88' lang='lat' dir='ltr'><strong>palmam</strong></span> <span class='ocrx_word' id='word_1_163' title='bbox 2950 603 3189 674; x_wconf 80' lang='lat' dir='ltr'><strong>martyrii</strong></span> <span class='ocrx_word' id='word_1_164' title='bbox 3221 612 3346 658; x_wconf 92' lang='lat' dir='ltr'><strong>tunc</strong></span> <span class='ocrx_word' id='word_1_165' title='bbox 3388 604 3665 675; x_wconf 86' lang='lat' dir='ltr'><strong>consecuti</strong></span> <span class='ocrx_word' id='word_1_166' title='bbox 3697 614 3826 661; x_wconf 89' lang='lat' dir='ltr'><strong>sunt</strong></span> <span class='ocrx_word' id='word_1_167' title='bbox 3864 607 3888 658; x_wconf 87' lang='lat'><strong>?</strong></span> 
     </span>
    </p>
   </div>
   <div class='ocr_carea' id='block_1_23' title="bbox 2356 693 3886 765">
    <p class='ocr_par' dir='ltr' id='par_1_23' title="bbox 2356 693 3886 765">
     <span class='ocr_line' id='line_1_23' title="bbox 2356 693 3886 765; baseline 0.004 -18"><span class='ocrx_word' id='word_1_168' title='bbox 2356 693 2915 749; x_wconf 81' lang='lat' dir='ltr'><strong>Animadvertendum</strong></span> <span class='ocrx_word' id='word_1_169' title='bbox 2981 696 3203 763; x_wconf 79' lang='lat' dir='ltr'><strong>insuper</strong></span> <span class='ocrx_word' id='word_1_170' title='bbox 3270 711 3586 765; x_wconf 82' lang='lat' dir='ltr'><strong>persuasum</strong></span> <span class='ocrx_word' id='word_1_171' title='bbox 3633 696 3886 764; x_wconf 81' lang='lat' dir='ltr'><strong>Minucio,</strong></span> 
     </span>
    </p>
   </div>
   <div class='ocr_carea' id='block_1_24' title="bbox 2285 786 3890 857">
    <p class='ocr_par' dir='ltr' id='par_1_24' title="bbox 2285 786 3890 857">
     <span class='ocr_line' id='line_1_24' title="bbox 2285 786 3890 857; baseline 0.006 -17"><span class='ocrx_word' id='word_1_172' title='bbox 2285 786 2741 856; x_wconf 91' lang='lat' dir='ltr'><strong>quemadmodum</strong></span> <span class='ocrx_word' id='word_1_173' title='bbox 2767 788 3069 857; x_wconf 80' lang='lat' dir='ltr'><strong>Lactantio,</strong></span> <span class='ocrx_word' id='word_1_174' title='bbox 3114 790 3300 853; x_wconf 86' lang='lat' dir='ltr'><strong>fuisse.</strong></span> <span class='ocrx_word' id='word_1_175' title='bbox 3332 792 3602 847; x_wconf 87' lang='lat' dir='ltr'><strong>neminem</strong></span> <span class='ocrx_word' id='word_1_176' title='bbox 3645 792 3762 849; x_wconf 85' lang='lat' dir='ltr'><strong>sine</strong></span> <span class='ocrx_word' id='word_1_177' title='bbox 3806 794 3890 849; x_wconf 87' lang='lat' dir='ltr'><strong>di-</strong></span> 
     </span>
    </p>
   </div>
   <div class='ocr_carea' id='block_1_25' title="bbox 2286 880 3890 953">
    <p class='ocr_par' dir='ltr' id='par_1_25' title="bbox 2286 880 3890 953">
     <span class='ocr_line' id='line_1_25' title="bbox 2286 880 3890 953; baseline 0.006 -20"><span class='ocrx_word' id='word_1_178' title='bbox 2286 880 2413 933; x_wconf 89' lang='lat' dir='ltr'><strong>vino</strong></span> <span class='ocrx_word' id='word_1_179' title='bbox 2436 881 2669 936; x_wconf 87' lang='lat' dir='ltr'><strong>victricis</strong></span> <span class='ocrx_word' id='word_1_180' title='bbox 2714 884 2902 952; x_wconf 72' lang='lat' dir='ltr'><strong>gratia:</strong></span> <span class='ocrx_word' id='word_1_181' title='bbox 2952 882 3170 948; x_wconf 80' lang='lat' dir='ltr'><strong>auxilio,</strong></span> <span class='ocrx_word' id='word_1_182' title='bbox 3204 884 3444 953; x_wconf 85' lang='lat' dir='ltr'><strong>potuisse</strong></span> <span class='ocrx_word' id='word_1_183' title='bbox 3485 884 3890 943; x_wconf 87' lang='lat' dir='ltr'><strong>crudelissimos</strong></span> 
     </span>
    </p>
   </div>
   <div class='ocr_carea' id='block_1_26' title="bbox 2286 973 3889 1044">
    <p class='ocr_par' dir='ltr' id='par_1_26' title="bbox 2286 973 3889 1044">
     <span class='ocr_line' id='line_1_26' title="bbox 2286 973 3889 1044; baseline 0.005 -17"><span class='ocrx_word' id='word_1_184' title='bbox 2286 973 2409 1028; x_wconf 88' lang='lat' dir='ltr'><strong>illos</strong></span> <span class='ocrx_word' id='word_1_185' title='bbox 2466 974 2735 1028; x_wconf 83' lang='lat' dir='ltr'><strong>cruciatus</strong></span> <span class='ocrx_word' id='word_1_186' title='bbox 2779 990 2875 1044; x_wconf 89' lang='lat' dir='ltr'><strong>pro</strong></span> <span class='ocrx_word' id='word_1_187' title='bbox 2923 973 3121 1030; x_wconf 85' lang='lat' dir='ltr'><strong>Christi</strong></span> <span class='ocrx_word' id='word_1_188' title='bbox 3160 974 3505 1032; x_wconf 70' lang='lat' dir='ltr'><strong>confessione</strong></span> <span class='ocrx_word' id='word_1_189' title='bbox 3545 977 3611 1031; x_wconf 90' lang='lat' dir='ltr'><strong>ad</strong></span> <span class='ocrx_word' id='word_1_190' title='bbox 3657 988 3889 1035; x_wconf 89' lang='lat' dir='ltr'><strong>mortem</strong></span> 
     </span>
    </p>
   </div>
   <div class='ocr_carea' id='block_1_27' title="bbox 2286 1066 3886 1143">
    <p class='ocr_par' dir='ltr' id='par_1_27' title="bbox 2286 1066 3886 1143">
     <span class='ocr_line' id='line_1_27' title="bbox 2286 1066 3886 1143; baseline 0.005 -24"><span class='ocrx_word' id='word_1_191' title='bbox 2286 1079 2458 1136; x_wconf 88' lang='lat' dir='ltr'><strong>usque</strong></span> <span class='ocrx_word' id='word_1_192' title='bbox 2505 1074 2651 1120; x_wconf 88' lang='lat' dir='ltr'><strong>tanta</strong></span> <span class='ocrx_word' id='word_1_193' title='bbox 2681 1068 2922 1135; x_wconf 77' lang='lat' dir='ltr'><strong>perferre</strong></span> <span class='ocrx_word' id='word_1_194' title='bbox 2972 1068 3271 1122; x_wconf 84' lang='lat' dir='ltr'><strong>constantia</strong></span> <span class='ocrx_word' id='word_1_195' title='bbox 3303 1066 3588 1139; x_wconf 58' lang='lat' dir='ltr'><strong>(Lactant,</strong></span> <span class='ocrx_word' id='word_1_196' title='bbox 3621 1070 3719 1125; x_wconf 84' lang='lat' dir='ltr'><strong>loc.</strong></span> <span class='ocrx_word' id='word_1_197' title='bbox 3748 1072 3886 1143; x_wconf 86' lang='lat' dir='ltr'><strong>cit.).</strong></span> 
     </span>
    </p>
   </div>
   <div class='ocr_carea' id='block_1_28' title="bbox 2287 1158 3890 1233">
    <p class='ocr_par' dir='ltr' id='par_1_28' title="bbox 2287 1158 3890 1233">
     <span class='ocr_line' id='line_1_28' title="bbox 2287 1158 3890 1233; baseline 0.004 -20"><span class='ocrx_word' id='word_1_198' title='bbox 2287 1158 2528 1213; x_wconf 89' lang='lat' dir='ltr'><strong>Primum</strong></span> <span class='ocrx_word' id='word_1_199' title='bbox 2561 1161 2760 1216; x_wconf 88' lang='lat' dir='ltr'><strong>etenim</strong></span> <span class='ocrx_word' id='word_1_200' title='bbox 2800 1170 3028 1230; x_wconf 88' lang='lat' dir='ltr'><strong>uterque</strong></span> <span class='ocrx_word' id='word_1_201' title='bbox 3064 1160 3265 1216; x_wconf 90' lang='lat' dir='ltr'><strong>diserte</strong></span> <span class='ocrx_word' id='word_1_202' title='bbox 3316 1161 3543 1216; x_wconf 76' lang='lat' dir='ltr'><strong>afﬁrmat</strong></span> <span class='ocrx_word' id='word_1_203' title='bbox 3573 1163 3890 1233; x_wconf 85' lang='lat' dir='ltr'><strong>inspiratam</strong></span> 
     </span>
    </p>
   </div>
   <div class='ocr_carea' id='block_1_29' title="bbox 2288 1252 3887 1325">
    <p class='ocr_par' dir='ltr' id='par_1_29' title="bbox 2288 1252 3887 1325">
     <span class='ocr_line' id='line_1_29' title="bbox 2288 1252 3887 1325; baseline 0.003 -19"><span class='ocrx_word' id='word_1_204' title='bbox 2288 1252 2372 1307; x_wconf 89' lang='lat' dir='ltr'><strong>eis</strong></span> <span class='ocrx_word' id='word_1_205' title='bbox 2437 1252 2606 1307; x_wconf 87' lang='lat' dir='ltr'><strong>fuisse</strong></span> <span class='ocrx_word' id='word_1_206' title='bbox 2675 1254 3011 1323; x_wconf 74' lang='lat' dir='ltr'><strong>patientiam.</strong></span> <span class='ocrx_word' id='word_1_207' title='bbox 3041 1253 3147 1309; x_wconf 84' lang='lat' dir='ltr'><strong>Sed</strong></span> <span class='ocrx_word' id='word_1_208' title='bbox 3198 1254 3469 1323; x_wconf 87' lang='lat' dir='ltr'><strong>quomodo</strong></span> <span class='ocrx_word' id='word_1_209' title='bbox 3497 1256 3752 1325; x_wconf 86' lang='lat' dir='ltr'><strong>inspirata</strong></span> <span class='ocrx_word' id='word_1_210' title='bbox 3785 1266 3887 1325; x_wconf 90' lang='lat' dir='ltr'><strong>est,</strong></span> 
     </span>
    </p>
   </div>
   <div class='ocr_carea' id='block_1_30' title="bbox 2288 1343 3892 1415">
    <p class='ocr_par' dir='ltr' id='par_1_30' title="bbox 2288 1343 3892 1415">
     <span class='ocr_line' id='line_1_30' title="bbox 2288 1343 3892 1415; baseline 0.004 -17"><span class='ocrx_word' id='word_1_211' title='bbox 2288 1343 2391 1398; x_wconf 91' lang='lat' dir='ltr'><strong>nisi</strong></span> <span class='ocrx_word' id='word_1_212' title='bbox 2429 1343 2626 1398; x_wconf 73' lang='lat' dir='ltr'><strong>divinze</strong></span> <span class='ocrx_word' id='word_1_213' title='bbox 2676 1346 2863 1415; x_wconf 73' lang='lat' dir='ltr'><strong>gratia:</strong></span> <span class='ocrx_word' id='word_1_214' title='bbox 2889 1346 3135 1401; x_wconf 78' lang='lat' dir='ltr'><strong>auxilio?</strong></span> <span class='ocrx_word' id='word_1_215' title='bbox 3169 1347 3370 1402; x_wconf 91' lang='lat' dir='ltr'><strong>Deinde</strong></span> <span class='ocrx_word' id='word_1_216' title='bbox 3424 1346 3572 1401; x_wconf 88' lang='lat' dir='ltr'><strong>addit</strong></span> <span class='ocrx_word' id='word_1_217' title='bbox 3623 1346 3892 1406; x_wconf 74' lang='lat' dir='ltr'><strong>Minucius</strong></span> 
     </span>
    </p>
   </div>
   <div class='ocr_carea' id='block_1_31' title="bbox 2294 1438 3889 1512">
    <p class='ocr_par' dir='ltr' id='par_1_31' title="bbox 2294 1438 3889 1512">
     <span class='ocr_line' id='line_1_31' title="bbox 2294 1438 3889 1512; baseline 0.003 -21"><span class='ocrx_word' id='word_1_218' title='bbox 2294 1457 2313 1490; x_wconf 73' lang='grc' dir='ltr'><strong>ι</strong></span> <span class='ocrx_word' id='word_1_219' title='bbox 2342 1438 2609 1493; x_wconf 87' lang='lat' dir='ltr'><strong>neminem</strong></span> <span class='ocrx_word' id='word_1_220' title='bbox 2664 1453 2806 1505; x_wconf 88' lang='lat' dir='ltr'><strong>esse,</strong></span> <span class='ocrx_word' id='word_1_221' title='bbox 2839 1439 2929 1510; x_wconf 92' lang='lat' dir='ltr'><strong>qui</strong></span> <span class='ocrx_word' id='word_1_222' title='bbox 2962 1451 3053 1494; x_wconf 85' lang='lat' dir='ltr'><strong>aut</strong></span> <span class='ocrx_word' id='word_1_223' title='bbox 3107 1440 3225 1494; x_wconf 87' lang='lat' dir='ltr'><strong>sine</strong></span> <span class='ocrx_word' id='word_1_224' title='bbox 3276 1441 3486 1495; x_wconf 85' lang='lat' dir='ltr'><strong>ratione</strong></span> <span class='ocrx_word' id='word_1_225' title='bbox 3522 1442 3649 1495; x_wconf 78' lang='lat' dir='ltr'><strong>velit</strong></span> <span class='ocrx_word' id='word_1_226' title='bbox 3675 1455 3889 1512; x_wconf 64' lang='lat' dir='ltr'><strong>penam</strong></span> 
     </span>
    </p>
   </div>
   <div class='ocr_carea' id='block_1_32' title="bbox 2287 1533 3887 1602">
    <p class='ocr_par' dir='ltr' id='par_1_32' title="bbox 2287 1533 3887 1602">
     <span class='ocr_line' id='line_1_32' title="bbox 2287 1533 3887 1602; baseline 0.001 -16"><span class='ocrx_word' id='word_1_227' title='bbox 2287 1533 2513 1599; x_wconf 90' lang='lat' dir='ltr'><strong>subire,</strong></span> <span class='ocrx_word' id='word_1_228' title='bbox 2556 1543 2649 1588; x_wconf 88' lang='lat' dir='ltr'><strong>aut</strong></span> <span class='ocrx_word' id='word_1_229' title='bbox 2703 1543 2971 1589; x_wconf 89' lang='lat' dir='ltr'><strong>tormenta</strong></span> <span class='ocrx_word' id='word_1_230' title='bbox 3026 1534 3144 1589; x_wconf 88' lang='lat' dir='ltr'><strong>sine</strong></span> <span class='ocrx_word' id='word_1_231' title='bbox 3201 1533 3313 1589; x_wconf 92' lang='lat' dir='ltr'><strong>Deo</strong></span> <span class='ocrx_word' id='word_1_232' title='bbox 3363 1534 3532 1602; x_wconf 86' lang='lat' dir='ltr'><strong>possit</strong></span> <span class='ocrx_word' id='word_1_233' title='bbox 3565 1536 3887 1590; x_wconf 65' lang='lat' dir='ltr'><strong>sustinere.»</strong></span> 
     </span>
    </p>
   </div>
   <div class='ocr_carea' id='block_1_33' title="bbox 2286 1624 3895 1696">
    <p class='ocr_par' dir='ltr' id='par_1_33' title="bbox 2286 1624 3895 1696">
     <span class='ocr_line' id='line_1_33' title="bbox 2286 1624 3895 1696; baseline 0.002 -18"><span class='ocrx_word' id='word_1_234' title='bbox 2286 1624 2597 1683; x_wconf 88' lang='lat' dir='ltr'><strong>Lactantius</strong></span> <span class='ocrx_word' id='word_1_235' title='bbox 2624 1641 2753 1681; x_wconf 89' lang='lat' dir='ltr'><strong>vero</strong></span> <span class='ocrx_word' id='word_1_236' title='bbox 2786 1636 2970 1696; x_wconf 89' lang='lat' dir='ltr'><strong>postea</strong></span> <span class='ocrx_word' id='word_1_237' title='bbox 3020 1627 3274 1694; x_wconf 88' lang='lat' dir='ltr'><strong>scripsit:</strong></span> <span class='ocrx_word' id='word_1_238' title='bbox 3301 1645 3319 1676; x_wconf 78' lang='grc' dir='ltr'><strong>ι</strong></span> <span class='ocrx_word' id='word_1_239' title='bbox 3344 1625 3452 1681; x_wconf 78' lang='lat' dir='ltr'><strong>Nec</strong></span> <span class='ocrx_word' id='word_1_240' title='bbox 3484 1628 3653 1696; x_wconf 81' lang='lat' dir='ltr'><strong>ipsam</strong></span> <span class='ocrx_word' id='word_1_241' title='bbox 3686 1629 3895 1696; x_wconf 89' lang='lat' dir='ltr'><strong>patien-</strong></span> 
     </span>
    </p>
   </div>
   <div class='ocr_carea' id='block_1_34' title="bbox 570 1696 3895 1791">
    <p class='ocr_par' dir='ltr' id='par_1_34' title="bbox 570 1696 3895 1791">
     <span class='ocr_line' id='line_1_34' title="bbox 570 1696 3895 1791; baseline -0.002 -33"><span class='ocrx_word' id='word_1_242' title='bbox 570 1703 681 1758; x_wconf 85' lang='lat' dir='ltr'><strong>rit:</strong></span> <span class='ocrx_word' id='word_1_243' title='bbox 728 1722 746 1755; x_wconf 79' lang='lat' dir='ltr'><strong>t</strong></span> <span class='ocrx_word' id='word_1_244' title='bbox 779 1702 891 1757; x_wconf 77' lang='lat' dir='ltr'><strong>Vos</strong></span> <span class='ocrx_word' id='word_1_245' title='bbox 919 1717 1041 1757; x_wconf 90' lang='lat' dir='ltr'><strong>eum</strong></span> <span class='ocrx_word' id='word_1_246' title='bbox 1082 1715 1265 1770; x_wconf 81' lang='lat' dir='ltr'><strong>regem</strong></span> <span class='ocrx_word' id='word_1_247' title='bbox 1319 1697 1749 1771; x_wconf 83' lang='lat' dir='ltr'><strong>(Mithridatem),</strong></span> <span class='ocrx_word' id='word_1_248' title='bbox 1780 1696 2008 1751; x_wconf 89' lang='lat' dir='ltr'><strong>inultum</strong></span> <span class='ocrx_word' id='word_1_249' title='bbox 2058 1710 2181 1750; x_wconf 90' lang='lat' dir='ltr'><strong>esse</strong></span> <span class='ocrx_word' id='word_1_250' title='bbox 2211 1700 2259 1761; x_wconf 85' lang='grc' dir='ltr'><strong><em>Β</em></strong></span> <span class='ocrx_word' id='word_1_251' title='bbox 2291 1721 2417 1774; x_wconf 59' lang='lat' dir='ltr'><strong>[iam</strong></span> <span class='ocrx_word' id='word_1_252' title='bbox 2445 1762 2459 1782; x_wconf 32' lang='grc' dir='ltr'><strong>ν</strong></span> <span class='ocrx_word' id='word_1_253' title='bbox 2509 1722 2624 1775; x_wconf 59' lang='lat' dir='ltr'><strong>sim</strong></span> <span class='ocrx_word' id='word_1_254' title='bbox 2668 1720 2818 1785; x_wconf 53' lang='lat' dir='ltr'><strong>De&quot;,</strong></span> <span class='ocrx_word' id='word_1_255' title='bbox 2884 1719 3153 1776; x_wconf 49' lang='lat' dir='ltr'><strong>crucia,“</strong></span> <span class='ocrx_word' id='word_1_256' title='bbox 3199 1728 3376 1775; x_wconf 55' lang='grc' dir='ltr'><strong>ωηο,</strong></span> <span class='ocrx_word' id='word_1_257' title='bbox 3428 1735 3587 1791; x_wconf 63' lang='lat' dir='ltr'><strong>posse</strong></span> <span class='ocrx_word' id='word_1_258' title='bbox 3633 1736 3895 1789; x_wconf 58' lang='lat' dir='ltr'><strong>superam</strong></span> 
     </span>
    </p>
   </div>
   <div class='ocr_carea' id='block_1_35' title="bbox 567 1789 2173 1865">
    <p class='ocr_par' dir='ltr' id='par_1_35' title="bbox 567 1789 2173 1865">
     <span class='ocr_line' id='line_1_35' title="bbox 567 1789 2173 1865; baseline -0.005 -16"><span class='ocrx_word' id='word_1_259' title='bbox 567 1796 868 1865; x_wconf 83' lang='lat' dir='ltr'><strong>patiemini,</strong></span> <span class='ocrx_word' id='word_1_260' title='bbox 899 1795 987 1865; x_wconf 90' lang='lat' dir='ltr'><strong>qui</strong></span> <span class='ocrx_word' id='word_1_261' title='bbox 1039 1796 1270 1863; x_wconf 86' lang='lat' dir='ltr'><strong>legatum</strong></span> <span class='ocrx_word' id='word_1_262' title='bbox 1321 1792 1501 1863; x_wconf 91' lang='lat' dir='ltr'><strong>populi</strong></span> <span class='ocrx_word' id='word_1_263' title='bbox 1551 1790 1776 1844; x_wconf 79' lang='lat' dir='ltr'><strong>Romani</strong></span> <span class='ocrx_word' id='word_1_264' title='bbox 1808 1789 2173 1851; x_wconf 84' lang='lat' dir='ltr'><strong>consularem,</strong></span> 
     </span>
    </p>
   </div>
   <div class='ocr_carea' id='block_1_36' title="bbox 568 1880 2173 1953">
    <p class='ocr_par' dir='ltr' id='par_1_36' title="bbox 568 1880 2173 1953">
     <span class='ocr_line' id='line_1_36' title="bbox 568 1880 2173 1953; baseline -0.004 -14"><span class='ocrx_word' id='word_1_265' title='bbox 568 1887 822 1951; x_wconf 81' lang='lat' dir='ltr'><strong>vinculis,</strong></span> <span class='ocrx_word' id='word_1_266' title='bbox 856 1901 919 1940; x_wconf 89' lang='lat' dir='ltr'><strong>ac</strong></span> <span class='ocrx_word' id='word_1_267' title='bbox 950 1884 1285 1940; x_wconf 88' lang='lat' dir='ltr'><strong>verberibus.</strong></span> <span class='ocrx_word' id='word_1_268' title='bbox 1315 1893 1476 1953; x_wconf 89' lang='lat' dir='ltr'><strong>atque</strong></span> <span class='ocrx_word' id='word_1_269' title='bbox 1503 1881 1653 1936; x_wconf 89' lang='lat' dir='ltr'><strong>omni</strong></span> <span class='ocrx_word' id='word_1_270' title='bbox 1685 1880 1949 1950; x_wconf 81' lang='lat' dir='ltr'><strong>supplicio</strong></span> <span class='ocrx_word' id='word_1_271' title='bbox 1977 1895 2173 1933; x_wconf 84' lang='lat' dir='ltr'><strong>excru-</strong></span> 
     </span>
    </p>
   </div>
   <div class='ocr_carea' id='block_1_37' title="bbox 568 1974 2172 2047">
    <p class='ocr_par' dir='ltr' id='par_1_37' title="bbox 568 1974 2172 2047">
     <span class='ocr_line' id='line_1_37' title="bbox 568 1974 2172 2047; baseline -0.005 -13"><span class='ocrx_word' id='word_1_272' title='bbox 568 1980 765 2034; x_wconf 85' lang='lat' dir='ltr'><strong>ciatum</strong></span> <span class='ocrx_word' id='word_1_273' title='bbox 797 1977 1050 2032; x_wconf 77' lang='lat' dir='ltr'><strong>necavit?</strong></span> <span class='ocrx_word' id='word_1_274' title='bbox 1088 1976 1238 2047; x_wconf 63' lang='lat' dir='ltr'><strong>(Cia,</strong></span> <span class='ocrx_word' id='word_1_275' title='bbox 1273 1985 1406 2030; x_wconf 90' lang='lat' dir='ltr'><strong>orat.</strong></span> <span class='ocrx_word' id='word_1_276' title='bbox 1447 1977 1534 2041; x_wconf 79' lang='lat' dir='ltr'><strong>l5,</strong></span> <span class='ocrx_word' id='word_1_277' title='bbox 1570 1992 1660 2046; x_wconf 87' lang='lat' dir='ltr'><strong>pro</strong></span> <span class='ocrx_word' id='word_1_278' title='bbox 1678 1974 1812 2047; x_wconf 82' lang='lat' dir='ltr'><strong>Lege</strong></span> <span class='ocrx_word' id='word_1_279' title='bbox 1828 1974 2172 2044; x_wconf 80' lang='lat' dir='ltr'><strong>Manil.,pag.</strong></span> 
     </span>
    </p>
   </div>
   <div class='ocr_carea' id='block_1_38' title="bbox 570 2068 2177 2142">
    <p class='ocr_par' dir='ltr' id='par_1_38' title="bbox 570 2068 2177 2142">
     <span class='ocr_line' id='line_1_38' title="bbox 570 2068 2177 2142; baseline -0.002 -18"><span class='ocrx_word' id='word_1_280' title='bbox 570 2071 727 2142; x_wconf 62' lang='grc'><strong>245.)</strong></span> <span class='ocrx_word' id='word_1_281' title='bbox 757 2071 999 2140; x_wconf 85' lang='lat' dir='ltr'><strong>Denique</strong></span> <span class='ocrx_word' id='word_1_282' title='bbox 1032 2069 1321 2134; x_wconf 81' lang='lat' dir='ltr'><strong>Arnobius,</strong></span> <span class='ocrx_word' id='word_1_283' title='bbox 1346 2068 1415 2124; x_wconf 93' lang='lat' dir='ltr'><strong>de</strong></span> <span class='ocrx_word' id='word_1_284' title='bbox 1440 2084 1547 2139; x_wconf 90' lang='lat' dir='ltr'><strong>quo</strong></span> <span class='ocrx_word' id='word_1_285' title='bbox 1574 2084 1672 2123; x_wconf 89' lang='lat' dir='ltr'><strong>nos</strong></span> <span class='ocrx_word' id='word_1_286' title='bbox 1698 2083 1798 2123; x_wconf 88' lang='lat' dir='ltr'><strong>suo</strong></span> <span class='ocrx_word' id='word_1_287' title='bbox 1829 2069 1967 2135; x_wconf 90' lang='lat' dir='ltr'><strong>loco,</strong></span> <span class='ocrx_word' id='word_1_288' title='bbox 1990 2083 2177 2123; x_wconf 84' lang='lat' dir='ltr'><strong>exem-</strong></span> 
     </span>
    </p>
   </div>
   <div class='ocr_carea' id='block_1_39' title="bbox 566 2162 2174 2237">
    <p class='ocr_par' dir='ltr' id='par_1_39' title="bbox 566 2162 2174 2237">
     <span class='ocr_line' id='line_1_39' title="bbox 566 2162 2174 2237; baseline -0.002 -18"><span class='ocrx_word' id='word_1_289' title='bbox 566 2168 711 2237; x_wconf 86' lang='lat' dir='ltr'><strong>plum</strong></span> <span class='ocrx_word' id='word_1_290' title='bbox 737 2166 977 2236; x_wconf 86' lang='lat' dir='ltr'><strong>ejusdem</strong></span> <span class='ocrx_word' id='word_1_291' title='bbox 1002 2164 1198 2236; x_wconf 78' lang='lat' dir='ltr'><strong>Aquilii</strong></span> <span class='ocrx_word' id='word_1_292' title='bbox 1222 2172 1408 2219; x_wconf 90' lang='lat' dir='ltr'><strong>contra</strong></span> <span class='ocrx_word' id='word_1_293' title='bbox 1428 2163 1692 2228; x_wconf 87' lang='lat' dir='ltr'><strong>ethnicos,</strong></span> <span class='ocrx_word' id='word_1_294' title='bbox 1718 2162 2174 2232; x_wconf 90' lang='lat' dir='ltr'><strong>quemadmodum</strong></span> 
     </span>
    </p>
   </div>
   <div class='ocr_carea' id='block_1_40' title="bbox 565 2258 2171 2330">
    <p class='ocr_par' dir='ltr' id='par_1_40' title="bbox 565 2258 2171 2330">
     <span class='ocr_line' id='line_1_40' title="bbox 565 2258 2171 2330; baseline -0.004 -14"><span class='ocrx_word' id='word_1_295' title='bbox 565 2261 832 2316; x_wconf 86' lang='lat' dir='ltr'><strong>Minucius</strong></span> <span class='ocrx_word' id='word_1_296' title='bbox 884 2269 1068 2315; x_wconf 91' lang='lat' dir='ltr'><strong>noster</strong></span> <span class='ocrx_word' id='word_1_297' title='bbox 1092 2302 1105 2324; x_wconf 92' lang='lat'><strong>,</strong></span> <span class='ocrx_word' id='word_1_298' title='bbox 1140 2259 1383 2314; x_wconf 87' lang='lat' dir='ltr'><strong>adhibuit</strong></span> <span class='ocrx_word' id='word_1_299' title='bbox 1421 2258 1661 2329; x_wconf 84' lang='lat' dir='ltr'><strong>(Arnob.,</strong></span> <span class='ocrx_word' id='word_1_300' title='bbox 1711 2258 1800 2313; x_wconf 90' lang='lat' dir='ltr'><strong>lib.</strong></span> <span class='ocrx_word' id='word_1_301' title='bbox 1830 2274 1867 2319; x_wconf 88' lang='lat' dir='ltr'><strong>t,</strong></span> <span class='ocrx_word' id='word_1_302' title='bbox 1900 2276 2019 2330; x_wconf 83' lang='lat' dir='ltr'><strong>pag.</strong></span> <span class='ocrx_word' id='word_1_303' title='bbox 2052 2258 2171 2328; x_wconf 70' lang='lat'><strong>25).</strong></span> 
     </span>
    </p>
   </div>
   <div class='ocr_carea' id='block_1_41' title="bbox 643 2352 2177 2422">
    <p class='ocr_par' dir='ltr' id='par_1_41' title="bbox 643 2352 2177 2422">
     <span class='ocr_line' id='line_1_41' title="bbox 643 2352 2177 2422; baseline -0.003 -14"><span class='ocrx_word' id='word_1_304' title='bbox 643 2354 761 2409; x_wconf 89' lang='lat' dir='ltr'><strong>Jam</strong></span> <span class='ocrx_word' id='word_1_305' title='bbox 810 2362 989 2408; x_wconf 91' lang='lat' dir='ltr'><strong>autem</strong></span> <span class='ocrx_word' id='word_1_306' title='bbox 1036 2353 1299 2413; x_wconf 85' lang='lat' dir='ltr'><strong>animum.</strong></span> <span class='ocrx_word' id='word_1_307' title='bbox 1323 2367 1531 2422; x_wconf 78' lang='lat' dir='ltr'><strong>quzeso,</strong></span> <span class='ocrx_word' id='word_1_308' title='bbox 1560 2352 1809 2407; x_wconf 65' lang='lat' dir='ltr'><strong>adiertas</strong></span> <span class='ocrx_word' id='word_1_309' title='bbox 1838 2368 1996 2422; x_wconf 89' lang='lat' dir='ltr'><strong>qnam</strong></span> <span class='ocrx_word' id='word_1_310' title='bbox 2030 2359 2177 2405; x_wconf 74' lang='lat' dir='ltr'><strong>recte</strong></span> 
     </span>
    </p>
   </div>
   <div class='ocr_carea' id='block_1_42' title="bbox 566 2445 2177 2514">
    <p class='ocr_par' dir='ltr' id='par_1_42' title="bbox 566 2445 2177 2514">
     <span class='ocr_line' id='line_1_42' title="bbox 566 2445 2177 2514; baseline -0.002 -13"><span class='ocrx_word' id='word_1_311' title='bbox 566 2462 630 2501; x_wconf 82' lang='lat' dir='ltr'><strong>ex</strong></span> <span class='ocrx_word' id='word_1_312' title='bbox 662 2446 746 2500; x_wconf 90' lang='lat' dir='ltr'><strong>his</strong></span> <span class='ocrx_word' id='word_1_313' title='bbox 779 2446 1046 2514; x_wconf 80' lang='lat' dir='ltr'><strong>exemplis</strong></span> <span class='ocrx_word' id='word_1_314' title='bbox 1092 2456 1281 2499; x_wconf 87' lang='lat' dir='ltr'><strong>auctor</strong></span> <span class='ocrx_word' id='word_1_315' title='bbox 1312 2454 1496 2500; x_wconf 91' lang='lat' dir='ltr'><strong>noster</strong></span> <span class='ocrx_word' id='word_1_316' title='bbox 1522 2454 1707 2498; x_wconf 89' lang='lat' dir='ltr'><strong>contra</strong></span> <span class='ocrx_word' id='word_1_317' title='bbox 1740 2445 1987 2499; x_wconf 87' lang='lat' dir='ltr'><strong>ethnicos</strong></span> <span class='ocrx_word' id='word_1_318' title='bbox 2014 2460 2177 2514; x_wconf 85' lang='lat' dir='ltr'><strong>argu-</strong></span> 
     </span>
    </p>
   </div>
   <div class='ocr_carea' id='block_1_43' title="bbox 568 2536 2175 2605">
    <p class='ocr_par' dir='ltr' id='par_1_43' title="bbox 568 2536 2175 2605">
     <span class='ocr_line' id='line_1_43' title="bbox 568 2536 2175 2605; baseline -0.001 -12"><span class='ocrx_word' id='word_1_319' title='bbox 568 2546 859 2593; x_wconf 80' lang='lat' dir='ltr'><strong>inentetur.</strong></span> <span class='ocrx_word' id='word_1_320' title='bbox 890 2536 1129 2591; x_wconf 91' lang='lat' dir='ltr'><strong>Primum</strong></span> <span class='ocrx_word' id='word_1_321' title='bbox 1156 2538 1298 2591; x_wconf 89' lang='lat' dir='ltr'><strong>enim</strong></span> <span class='ocrx_word' id='word_1_322' title='bbox 1327 2552 1391 2591; x_wconf 84' lang='lat' dir='ltr'><strong>ex</strong></span> <span class='ocrx_word' id='word_1_323' title='bbox 1422 2536 1677 2591; x_wconf 68' lang='lat' dir='ltr'><strong>Setcvoke</strong></span> <span class='ocrx_word' id='word_1_324' title='bbox 1700 2537 1950 2605; x_wconf 77' lang='lat' dir='ltr'><strong>exemplo</strong></span> <span class='ocrx_word' id='word_1_325' title='bbox 1981 2538 2059 2590; x_wconf 90' lang='lat' dir='ltr'><strong>sic</strong></span> <span class='ocrx_word' id='word_1_326' title='bbox 2084 2537 2175 2591; x_wconf 85' lang='lat' dir='ltr'><strong>ille</strong></span> 
     </span>
    </p>
   </div>
   <div class='ocr_carea' id='block_1_44' title="bbox 565 2628 2169 2699">
    <p class='ocr_par' dir='ltr' id='par_1_44' title="bbox 565 2628 2169 2699">
     <span class='ocr_line' id='line_1_44' title="bbox 565 2628 2169 2699; baseline -0.001 -16"><span class='ocrx_word' id='word_1_327' title='bbox 565 2630 844 2699; x_wconf 89' lang='lat' dir='ltr'><strong>disputat:</strong></span> <span class='ocrx_word' id='word_1_328' title='bbox 883 2648 901 2680; x_wconf 79' lang='grc' dir='ltr'><strong>ι</strong></span> <span class='ocrx_word' id='word_1_329' title='bbox 937 2629 1001 2683; x_wconf 80' lang='lat' dir='ltr'><strong>Et</strong></span> <span class='ocrx_word' id='word_1_330' title='bbox 1027 2640 1157 2697; x_wconf 87' lang='lat' dir='ltr'><strong>quot</strong></span> <span class='ocrx_word' id='word_1_331' title='bbox 1175 2645 1243 2684; x_wconf 85' lang='lat' dir='ltr'><strong>ex</strong></span> <span class='ocrx_word' id='word_1_332' title='bbox 1272 2629 1470 2683; x_wconf 87' lang='lat' dir='ltr'><strong>nostris</strong></span> <span class='ocrx_word' id='word_1_333' title='bbox 1495 2645 1600 2683; x_wconf 89' lang='lat' dir='ltr'><strong>non</strong></span> <span class='ocrx_word' id='word_1_334' title='bbox 1647 2628 1923 2684; x_wconf 59' lang='lat' dir='ltr'><strong>dexteram</strong></span> <span class='ocrx_word' id='word_1_335' title='bbox 1974 2629 2169 2695; x_wconf 90' lang='lat' dir='ltr'><strong>solum,</strong></span> 
     </span>
    </p>
   </div>
   <div class='ocr_carea' id='block_1_45' title="bbox 568 2720 2174 2791">
    <p class='ocr_par' dir='ltr' id='par_1_45' title="bbox 568 2720 2174 2791">
     <span class='ocr_line' id='line_1_45' title="bbox 568 2720 2174 2791; baseline -0.001 -15"><span class='ocrx_word' id='word_1_336' title='bbox 568 2721 663 2777; x_wconf 87' lang='lat' dir='ltr'><strong>sed</strong></span> <span class='ocrx_word' id='word_1_337' title='bbox 689 2733 856 2778; x_wconf 91' lang='lat' dir='ltr'><strong>t0tum</strong></span> <span class='ocrx_word' id='word_1_338' title='bbox 884 2736 1080 2791; x_wconf 88' lang='lat' dir='ltr'><strong>corpus</strong></span> <span class='ocrx_word' id='word_1_339' title='bbox 1109 2722 1213 2784; x_wconf 89' lang='lat' dir='ltr'><strong>uri,</strong></span> <span class='ocrx_word' id='word_1_340' title='bbox 1244 2721 1493 2781; x_wconf 87' lang='lat' dir='ltr'><strong>cremari.</strong></span> <span class='ocrx_word' id='word_1_341' title='bbox 1547 2722 1665 2775; x_wconf 86' lang='lat' dir='ltr'><strong>sine</strong></span> <span class='ocrx_word' id='word_1_342' title='bbox 1716 2721 1841 2774; x_wconf 85' lang='lat' dir='ltr'><strong>ullis</strong></span> <span class='ocrx_word' id='word_1_343' title='bbox 1886 2720 2174 2790; x_wconf 71' lang='lat' dir='ltr'><strong>eiulatibus</strong></span> 
     </span>
    </p>
   </div>
   <div class='ocr_carea' id='block_1_46' title="bbox 566 2815 2170 2885">
    <p class='ocr_par' dir='ltr' id='par_1_46' title="bbox 566 2815 2170 2885">
     <span class='ocr_line' id='line_1_46' title="bbox 566 2815 2170 2885; baseline -0.002 -15"><span class='ocrx_word' id='word_1_344' title='bbox 566 2816 926 2885; x_wconf 89' lang='lat' dir='ltr'><strong>pertulerunt,</strong></span> <span class='ocrx_word' id='word_1_345' title='bbox 957 2831 1076 2870; x_wconf 90' lang='lat' dir='ltr'><strong>cum</strong></span> <span class='ocrx_word' id='word_1_346' title='bbox 1129 2815 1325 2870; x_wconf 79' lang='lat' dir='ltr'><strong>dimitti</strong></span> <span class='ocrx_word' id='word_1_347' title='bbox 1360 2817 1660 2884; x_wconf 66' lang='lat' dir='ltr'><strong>prtesertim</strong></span> <span class='ocrx_word' id='word_1_348' title='bbox 1704 2815 1967 2870; x_wconf 87' lang='lat' dir='ltr'><strong>haberent</strong></span> <span class='ocrx_word' id='word_1_349' title='bbox 1994 2816 2046 2869; x_wconf 90' lang='lat' dir='ltr'><strong>in</strong></span> <span class='ocrx_word' id='word_1_350' title='bbox 2077 2830 2170 2868; x_wconf 89' lang='lat' dir='ltr'><strong>sua</strong></span> 
     </span>
    </p>
   </div>
   <div class='ocr_carea' id='block_1_47' title="bbox 569 2907 2175 2979">
    <p class='ocr_par' dir='ltr' id='par_1_47' title="bbox 569 2907 2175 2979">
     <span class='ocr_line' id='line_1_47' title="bbox 569 2907 2175 2979; baseline -0.002 -16"><span class='ocrx_word' id='word_1_351' title='bbox 569 2909 880 2979; x_wconf 87' lang='lat' dir='ltr'><strong>potestate?</strong></span> <span class='ocrx_word' id='word_1_352' title='bbox 909 2926 927 2958; x_wconf 77' lang='grc' dir='ltr'><strong>ι</strong></span> <span class='ocrx_word' id='word_1_353' title='bbox 958 2908 1149 2962; x_wconf 87' lang='lat' dir='ltr'><strong>Acrius</strong></span> <span class='ocrx_word' id='word_1_354' title='bbox 1190 2907 1408 2974; x_wconf 67' lang='lat' dir='ltr'><strong>deinde,</strong></span> <span class='ocrx_word' id='word_1_355' title='bbox 1444 2924 1506 2961; x_wconf 78' lang='lat' dir='ltr'><strong>ex</strong></span> <span class='ocrx_word' id='word_1_356' title='bbox 1536 2908 1787 2962; x_wconf 88' lang='lat' dir='ltr'><strong>omnibus</strong></span> <span class='ocrx_word' id='word_1_357' title='bbox 1838 2908 1997 2962; x_wconf 88' lang='lat' dir='ltr'><strong>simul</strong></span> <span class='ocrx_word' id='word_1_358' title='bbox 2042 2922 2175 2962; x_wconf 88' lang='lat' dir='ltr'><strong>con-</strong></span> 
     </span>
    </p>
   </div>
   <div class='ocr_carea' id='block_1_48' title="bbox 567 2999 2166 3069">
    <p class='ocr_par' dir='ltr' id='par_1_48' title="bbox 567 2999 2166 3069">
     <span class='ocr_line' id='line_1_48' title="bbox 567 2999 2166 3069; baseline -0.002 -16"><span class='ocrx_word' id='word_1_359' title='bbox 567 3000 823 3069; x_wconf 83' lang='lat' dir='ltr'><strong>globatis,</strong></span> <span class='ocrx_word' id='word_1_360' title='bbox 851 3000 991 3054; x_wconf 90' lang='lat' dir='ltr'><strong>hunc</strong></span> <span class='ocrx_word' id='word_1_361' title='bbox 1020 3000 1183 3054; x_wconf 72' lang='lat' dir='ltr'><strong>instat</strong></span> <span class='ocrx_word' id='word_1_362' title='bbox 1213 3002 1263 3053; x_wconf 91' lang='lat' dir='ltr'><strong>in</strong></span> <span class='ocrx_word' id='word_1_363' title='bbox 1284 3000 1500 3054; x_wconf 86' lang='lat' dir='ltr'><strong>modum</strong></span> <span class='ocrx_word' id='word_1_364' title='bbox 1534 3018 1547 3053; x_wconf 89' lang='lat'><strong>:</strong></span> <span class='ocrx_word' id='word_1_365' title='bbox 1577 3019 1597 3052; x_wconf 70' lang='grc' dir='ltr'><strong>ι</strong></span> <span class='ocrx_word' id='word_1_366' title='bbox 1634 3000 1785 3055; x_wconf 86' lang='lat' dir='ltr'><strong>Viros</strong></span> <span class='ocrx_word' id='word_1_367' title='bbox 1815 3015 1936 3055; x_wconf 89' lang='lat' dir='ltr'><strong>cum</strong></span> <span class='ocrx_word' id='word_1_368' title='bbox 1972 2999 2166 3065; x_wconf 81' lang='lat' dir='ltr'><strong>Mucio,</strong></span> 
     </span>
    </p>
   </div>
   <div class='ocr_carea' id='block_1_49' title="bbox 2282 1810 3891 1886">
    <p class='ocr_par' dir='ltr' id='par_1_49' title="bbox 2282 1810 3891 1886">
     <span class='ocr_line' id='line_1_49' title="bbox 2282 1810 3891 1886; baseline 0.004 -22"><span class='ocrx_word' id='word_1_369' title='bbox 2282 1810 2571 1883; x_wconf 83' lang='lat' dir='ltr'><strong>(Lactant.,</strong></span> <span class='ocrx_word' id='word_1_370' title='bbox 2604 1814 2715 1869; x_wconf 86' lang='lat' dir='ltr'><strong>loco</strong></span> <span class='ocrx_word' id='word_1_371' title='bbox 2743 1812 2879 1886; x_wconf 87' lang='lat' dir='ltr'><strong>cit.).</strong></span> <span class='ocrx_word' id='word_1_372' title='bbox 2904 1834 2923 1866; x_wconf 84' lang='grc' dir='ltr'><strong>ι</strong></span> <span class='ocrx_word' id='word_1_373' title='bbox 2956 1814 3145 1870; x_wconf 83' lang='lat' dir='ltr'><strong>Nonne</strong></span> <span class='ocrx_word' id='word_1_374' title='bbox 3185 1825 3362 1870; x_wconf 89' lang='lat' dir='ltr'><strong>autem</strong></span> <span class='ocrx_word' id='word_1_375' title='bbox 3390 1813 3472 1870; x_wconf 90' lang='lat' dir='ltr'><strong>his</strong></span> <span class='ocrx_word' id='word_1_376' title='bbox 3508 1815 3689 1871; x_wconf 83' lang='lat' dir='ltr'><strong>verbis</strong></span> <span class='ocrx_word' id='word_1_377' title='bbox 3719 1816 3891 1884; x_wconf 89' lang='lat' dir='ltr'><strong>ipsam</strong></span> 
     </span>
    </p>
   </div>
   <div class='ocr_carea' id='block_1_50' title="bbox 2282 1903 3894 1978">
    <p class='ocr_par' dir='ltr' id='par_1_50' title="bbox 2282 1903 3894 1978">
     <span class='ocr_line' id='line_1_50' title="bbox 2282 1903 3894 1978; baseline 0.005 -21"><span class='ocrx_word' id='word_1_378' title='bbox 2282 1903 2478 1959; x_wconf 70' lang='lat' dir='ltr'><strong>divinae</strong></span> <span class='ocrx_word' id='word_1_379' title='bbox 2527 1906 2713 1976; x_wconf 68' lang='lat' dir='ltr'><strong>gratia:</strong></span> <span class='ocrx_word' id='word_1_380' title='bbox 2744 1948 2758 1970; x_wconf 94' lang='lat'><strong>,</strong></span> <span class='ocrx_word' id='word_1_381' title='bbox 2790 1906 2857 1960; x_wconf 90' lang='lat' dir='ltr'><strong>ad</strong></span> <span class='ocrx_word' id='word_1_382' title='bbox 2895 1917 3122 1963; x_wconf 88' lang='lat' dir='ltr'><strong>mortem</strong></span> <span class='ocrx_word' id='word_1_383' title='bbox 3172 1918 3249 1963; x_wconf 86' lang='lat' dir='ltr'><strong>tot</strong></span> <span class='ocrx_word' id='word_1_384' title='bbox 3291 1908 3562 1978; x_wconf 88' lang='lat' dir='ltr'><strong>tantisque</strong></span> <span class='ocrx_word' id='word_1_385' title='bbox 3607 1909 3894 1965; x_wconf 82' lang='lat' dir='ltr'><strong>tormentis</strong></span> 
     </span>
    </p>
   </div>
   <div class='ocr_carea' id='block_1_51' title="bbox 2281 1996 3893 2062">
    <p class='ocr_par' dir='ltr' id='par_1_51' title="bbox 2281 1996 3893 2062">
     <span class='ocr_line' id='line_1_51' title="bbox 2281 1996 3893 2062; baseline 0.006 -12"><span class='ocrx_word' id='word_1_386' title='bbox 2281 1996 2629 2062; x_wconf 82' lang='lat' dir='ltr'><strong>obeundum,</strong></span> <span class='ocrx_word' id='word_1_387' title='bbox 2680 2001 3057 2055; x_wconf 86' lang='lat' dir='ltr'><strong>necessitatem</strong></span> <span class='ocrx_word' id='word_1_388' title='bbox 3110 2001 3531 2057; x_wconf 89' lang='lat' dir='ltr'><strong>luculentissime</strong></span> <span class='ocrx_word' id='word_1_389' title='bbox 3589 2004 3787 2058; x_wconf 86' lang='lat' dir='ltr'><strong>asserit</strong></span> <span class='ocrx_word' id='word_1_390' title='bbox 3837 2013 3893 2059; x_wconf 90' lang='lat' dir='ltr'><strong>et</strong></span> 
     </span>
    </p>
   </div>
   <div class='ocr_carea' id='block_1_52' title="bbox 2283 2088 3886 2163">
    <p class='ocr_par' dir='ltr' id='par_1_52' title="bbox 2283 2088 3886 2163">
     <span class='ocr_line' id='line_1_52' title="bbox 2283 2088 3886 2163; baseline 0.006 -23"><span class='ocrx_word' id='word_1_391' title='bbox 2283 2088 2559 2143; x_wconf 88' lang='lat' dir='ltr'><strong>vindicant</strong></span> <span class='ocrx_word' id='word_1_392' title='bbox 2588 2090 2612 2143; x_wconf 90' lang='lat'><strong>?</strong></span> <span class='ocrx_word' id='word_1_393' title='bbox 2642 2090 2716 2145; x_wconf 85' lang='lat' dir='ltr'><strong>De</strong></span> <span class='ocrx_word' id='word_1_394' title='bbox 2748 2092 3022 2147; x_wconf 82' lang='lat' dir='ltr'><strong>Lactantio</strong></span> <span class='ocrx_word' id='word_1_395' title='bbox 3069 2102 3247 2147; x_wconf 91' lang='lat' dir='ltr'><strong>autent</strong></span> <span class='ocrx_word' id='word_1_396' title='bbox 3298 2093 3498 2163; x_wconf 88' lang='lat' dir='ltr'><strong>aliquid</strong></span> <span class='ocrx_word' id='word_1_397' title='bbox 3543 2093 3716 2149; x_wconf 89' lang='lat' dir='ltr'><strong>adhuc</strong></span> <span class='ocrx_word' id='word_1_398' title='bbox 3750 2094 3886 2150; x_wconf 88' lang='lat' dir='ltr'><strong>infra</strong></span> 
     </span>
    </p>
   </div>
   <div class='ocr_carea' id='block_1_53' title="bbox 2292 2184 3855 2264">
    <p class='ocr_par' dir='ltr' id='par_1_53' title="bbox 2292 2184 3855 2264">
     <span class='ocr_line' id='line_1_53' title="bbox 2292 2184 3855 2264; baseline 0.004 -25"><span class='ocrx_word' id='word_1_399' title='bbox 2292 2184 2600 2240; x_wconf 88' lang='lat' dir='ltr'><strong>dicendum.</strong></span> <span class='ocrx_word' id='word_1_400' title='bbox 2634 2186 2874 2255; x_wconf 77' lang='lat' dir='ltr'><strong>(Dissert.</strong></span> <span class='ocrx_word' id='word_1_401' title='bbox 2934 2188 2987 2242; x_wconf 80' lang='lat' dir='ltr'><strong>in</strong></span> <span class='ocrx_word' id='word_1_402' title='bbox 3035 2186 3297 2257; x_wconf 85' lang='lat' dir='ltr'><strong>Lactant.,</strong></span> <span class='ocrx_word' id='word_1_403' title='bbox 3328 2205 3445 2258; x_wconf 83' lang='lat' dir='ltr'><strong>cap.</strong></span> <span class='ocrx_word' id='word_1_404' title='bbox 3487 2190 3578 2257; x_wconf 76' lang='lat'><strong>28,</strong></span> <span class='ocrx_word' id='word_1_405' title='bbox 3636 2205 3737 2247; x_wconf 81' lang='lat' dir='ltr'><strong>art.</strong></span> <span class='ocrx_word' id='word_1_406' title='bbox 3774 2192 3855 2264; x_wconf 80' lang='lat' dir='ltr'><strong>l).</strong></span> 
     </span>
    </p>
   </div>
   <div class='ocr_carea' id='block_1_54' title="bbox 2876 2361 3261 2402">
    <p class='ocr_par' dir='ltr' id='par_1_54' title="bbox 2876 2361 3261 2402">
     <span class='ocr_line' id='line_1_54' title="bbox 2876 2361 3261 2402; baseline 0.008 -3"><span class='ocrx_word' id='word_1_407' title='bbox 2876 2361 3170 2402; x_wconf 75' lang='lat' dir='ltr'><strong>AITICULUS</strong></span> <span class='ocrx_word' id='word_1_408' title='bbox 3209 2362 3261 2402; x_wconf 81' lang='grc' dir='ltr'><strong>ν.</strong></span> 
     </span>
    </p>
   </div>
   <div class='ocr_carea' id='block_1_55' title="bbox 2283 2475 3888 2541">
    <p class='ocr_par' dir='ltr' id='par_1_55' title="bbox 2283 2475 3888 2541">
     <span class='ocr_line' id='line_1_55' title="bbox 2283 2475 3888 2541; baseline 0.007 -12"><span class='ocrx_word' id='word_1_409' title='bbox 2283 2475 2549 2541; x_wconf 81' lang='lat' dir='ltr'><strong>Quomodo</strong></span> <span class='ocrx_word' id='word_1_410' title='bbox 2578 2477 2810 2532; x_wconf 85' lang='lat' dir='ltr'><strong>ultimum</strong></span> <span class='ocrx_word' id='word_1_411' title='bbox 2827 2477 3020 2534; x_wconf 79' lang='lat' dir='ltr'><strong>thcilii</strong></span> <span class='ocrx_word' id='word_1_412' title='bbox 3037 2491 3214 2536; x_wconf 83' lang='lat' dir='ltr'><strong>contra</strong></span> <span class='ocrx_word' id='word_1_413' title='bbox 3243 2482 3471 2539; x_wconf 84' lang='lat' dir='ltr'><strong>divinam</strong></span> <span class='ocrx_word' id='word_1_414' title='bbox 3501 2483 3888 2541; x_wconf 79' lang='lat' dir='ltr'><strong>Providentiam</strong></span> 
     </span>
    </p>
   </div>
   <div class='ocr_carea' id='block_1_56' title="bbox 2362 2572 3888 2649">
    <p class='ocr_par' dir='ltr' id='par_1_56' title="bbox 2362 2572 3888 2649">
     <span class='ocr_line' id='line_1_56' title="bbox 2362 2572 3888 2649; baseline 0.009 -27"><span class='ocrx_word' id='word_1_415' title='bbox 2362 2580 2714 2638; x_wconf 81' lang='lat' dir='ltr'><strong>argumentum</strong></span> <span class='ocrx_word' id='word_1_416' title='bbox 2740 2587 2803 2625; x_wconf 69' lang='lat' dir='ltr'><strong>ex</strong></span> <span class='ocrx_word' id='word_1_417' title='bbox 2829 2572 3235 2630; x_wconf 80' lang='lat' dir='ltr'><strong>Christianorum</strong></span> <span class='ocrx_word' id='word_1_418' title='bbox 3273 2576 3338 2631; x_wconf 86' lang='lat' dir='ltr'><strong>de</strong></span> <span class='ocrx_word' id='word_1_419' title='bbox 3373 2581 3480 2648; x_wconf 81' lang='lat' dir='ltr'><strong>fato</strong></span> <span class='ocrx_word' id='word_1_420' title='bbox 3512 2579 3753 2648; x_wconf 83' lang='lat' dir='ltr'><strong>opinione</strong></span> <span class='ocrx_word' id='word_1_421' title='bbox 3795 2596 3888 2649; x_wconf 85' lang='lat' dir='ltr'><strong>pe-</strong></span> 
     </span>
    </p>
   </div>
   <div class='ocr_carea' id='block_1_57' title="bbox 2356 2660 3134 2730">
    <p class='ocr_par' dir='ltr' id='par_1_57' title="bbox 2356 2660 3134 2730">
     <span class='ocr_line' id='line_1_57' title="bbox 2356 2660 3134 2730; baseline 0.009 -17"><span class='ocrx_word' id='word_1_422' title='bbox 2356 2662 2526 2730; x_wconf 85' lang='lat' dir='ltr'><strong>titum,</strong></span> <span class='ocrx_word' id='word_1_423' title='bbox 2550 2661 2613 2715; x_wconf 87' lang='lat' dir='ltr'><strong>ab</strong></span> <span class='ocrx_word' id='word_1_424' title='bbox 2643 2660 2854 2718; x_wconf 85' lang='lat' dir='ltr'><strong>Octavio</strong></span> <span class='ocrx_word' id='word_1_425' title='bbox 2886 2665 3134 2720; x_wconf 82' lang='lat' dir='ltr'><strong>solvatur.</strong></span> 
     </span>
    </p>
   </div>
   <div class='ocr_carea' id='block_1_58' title="bbox 2350 2801 3889 2867">
    <p class='ocr_par' dir='ltr' id='par_1_58' title="bbox 2350 2801 3889 2867">
     <span class='ocr_line' id='line_1_58' title="bbox 2350 2801 3889 2867; baseline 0.005 -7"><span class='ocrx_word' id='word_1_426' title='bbox 2350 2801 2611 2860; x_wconf 87' lang='lat' dir='ltr'><strong>Ultimum</strong></span> <span class='ocrx_word' id='word_1_427' title='bbox 2670 2815 2859 2861; x_wconf 88' lang='lat' dir='ltr'><strong>contra</strong></span> <span class='ocrx_word' id='word_1_428' title='bbox 2913 2806 3157 2861; x_wconf 76' lang='lat' dir='ltr'><strong>divinam</strong></span> <span class='ocrx_word' id='word_1_429' title='bbox 3216 2808 3628 2867; x_wconf 83' lang='lat' dir='ltr'><strong>Providentiam</strong></span> <span class='ocrx_word' id='word_1_430' title='bbox 3682 2811 3889 2867; x_wconf 67' lang='lat' dir='ltr'><strong>Caecilii</strong></span> 
     </span>
    </p>
   </div>
   <div class='ocr_carea' id='block_1_59' title="bbox 2279 2898 3887 2973">
    <p class='ocr_par' dir='ltr' id='par_1_59' title="bbox 2279 2898 3887 2973">
     <span class='ocr_line' id='line_1_59' title="bbox 2279 2898 3887 2973; baseline 0.006 -23"><span class='ocrx_word' id='word_1_431' title='bbox 2279 2899 2745 2967; x_wconf 76' lang='lat' dir='ltr'><strong>propugnaculum</strong></span> <span class='ocrx_word' id='word_1_432' title='bbox 2780 2898 2881 2953; x_wconf 89' lang='lat' dir='ltr'><strong>fuit</strong></span> <span class='ocrx_word' id='word_1_433' title='bbox 2925 2901 3247 2965; x_wconf 88' lang='lat' dir='ltr'><strong>communis,</strong></span> <span class='ocrx_word' id='word_1_434' title='bbox 3312 2903 3385 2957; x_wconf 92' lang='lat' dir='ltr'><strong>uti</strong></span> <span class='ocrx_word' id='word_1_435' title='bbox 3435 2903 3633 2967; x_wconf 82' lang='lat' dir='ltr'><strong>aiebat,</strong></span> <span class='ocrx_word' id='word_1_436' title='bbox 3679 2905 3887 2973; x_wconf 87' lang='lat' dir='ltr'><strong>opinio.</strong></span> 
     </span>
    </p>
   </div>
   <div class='ocr_carea' id='block_1_60' title="bbox 2280 2990 3889 3061">
    <p class='ocr_par' dir='ltr' id='par_1_60' title="bbox 2280 2990 3889 3061">
     <span class='ocr_line' id='line_1_60' title="bbox 2280 2990 3889 3061; baseline 0.006 -18"><span class='ocrx_word' id='word_1_437' title='bbox 2280 3005 2388 3044; x_wconf 90' lang='lat' dir='ltr'><strong>non</strong></span> <span class='ocrx_word' id='word_1_438' title='bbox 2413 2990 2576 3045; x_wconf 87' lang='lat' dir='ltr'><strong>modo</strong></span> <span class='ocrx_word' id='word_1_439' title='bbox 2600 2992 2906 3061; x_wconf 81' lang='lat' dir='ltr'><strong>gentilium,</strong></span> <span class='ocrx_word' id='word_1_440' title='bbox 2931 2994 3025 3048; x_wconf 85' lang='lat' dir='ltr'><strong>sed</strong></span> <span class='ocrx_word' id='word_1_441' title='bbox 3049 2994 3292 3048; x_wconf 90' lang='lat' dir='ltr'><strong>omnium</strong></span> <span class='ocrx_word' id='word_1_442' title='bbox 3342 2995 3503 3050; x_wconf 80' lang='lat' dir='ltr'><strong>etiam</strong></span> <span class='ocrx_word' id='word_1_443' title='bbox 3552 2993 3889 3053; x_wconf 79' lang='lat' dir='ltr'><strong>Christiano-</strong></span> 
     </span>
    </p>
   </div>
   <div class='ocr_carea' id='block_1_61' title="bbox 579 3085 3888 3163">
    <p class='ocr_par' dir='ltr' id='par_1_61' title="bbox 579 3085 3888 3163">
     <span class='ocr_line' id='line_1_61' title="bbox 579 3085 3888 3163; baseline -0.001 -19"><span class='ocrx_word' id='word_1_444' title='bbox 579 3093 664 3148; x_wconf 82' lang='lat' dir='ltr'><strong>vel</strong></span> <span class='ocrx_word' id='word_1_445' title='bbox 693 3110 814 3148; x_wconf 90' lang='lat' dir='ltr'><strong>cum</strong></span> <span class='ocrx_word' id='word_1_446' title='bbox 849 3091 1061 3163; x_wconf 86' lang='lat' dir='ltr'><strong>Aquilio</strong></span> <span class='ocrx_word' id='word_1_447' title='bbox 1096 3103 1187 3147; x_wconf 88' lang='lat' dir='ltr'><strong>aut</strong></span> <span class='ocrx_word' id='word_1_448' title='bbox 1218 3093 1422 3163; x_wconf 82' lang='lat' dir='ltr'><strong>Regulo</strong></span> <span class='ocrx_word' id='word_1_449' title='bbox 1449 3109 1722 3162; x_wconf 89' lang='lat' dir='ltr'><strong>comparo.</strong></span> <span class='ocrx_word' id='word_1_450' title='bbox 1748 3092 1907 3148; x_wconf 88' lang='lat' dir='ltr'><strong>Pueri</strong></span> <span class='ocrx_word' id='word_1_451' title='bbox 1951 3102 2003 3147; x_wconf 91' lang='lat' dir='ltr'><strong>et</strong></span> <span class='ocrx_word' id='word_1_452' title='bbox 2056 3109 2177 3146; x_wconf 88' lang='lat' dir='ltr'><strong>mu—</strong></span> <span class='ocrx_word' id='word_1_453' title='bbox 2201 3095 2247 3159; x_wconf 84' lang='lat' dir='ltr'><strong>C</strong></span> <span class='ocrx_word' id='word_1_454' title='bbox 2282 3100 2424 3148; x_wconf 82' lang='lat' dir='ltr'><strong>rum,</strong></span> <span class='ocrx_word' id='word_1_455' title='bbox 2450 3085 2543 3155; x_wconf 87' lang='lat' dir='ltr'><strong>qui</strong></span> <span class='ocrx_word' id='word_1_456' title='bbox 2567 3086 2676 3139; x_wconf 90' lang='lat' dir='ltr'><strong>fato</strong></span> <span class='ocrx_word' id='word_1_457' title='bbox 2714 3086 2895 3141; x_wconf 88' lang='lat' dir='ltr'><strong>omnia</strong></span> <span class='ocrx_word' id='word_1_458' title='bbox 2932 3086 3049 3142; x_wconf 79' lang='lat' dir='ltr'><strong>ﬁeri</strong></span> <span class='ocrx_word' id='word_1_459' title='bbox 3089 3089 3511 3144; x_wconf 80' lang='lat' dir='ltr'><strong>arbitrabantur.</strong></span> <span class='ocrx_word' id='word_1_460' title='bbox 3545 3089 3681 3157; x_wconf 85' lang='lat' dir='ltr'><strong>Quid</strong></span> <span class='ocrx_word' id='word_1_461' title='bbox 3710 3090 3888 3161; x_wconf 82' lang='lat' dir='ltr'><strong>ergo?</strong></span> 
     </span>
    </p>
   </div>
   <div class='ocr_carea' id='block_1_62' title="bbox 572 3184 2176 3250">
    <p class='ocr_par' dir='ltr' id='par_1_62' title="bbox 572 3184 2176 3250">
     <span class='ocr_line' id='line_1_62' title="bbox 572 3184 2176 3250; baseline -0.001 -8"><span class='ocrx_word' id='word_1_462' title='bbox 572 3186 809 3242; x_wconf 69' lang='lat' dir='ltr'><strong>lierculzc</strong></span> <span class='ocrx_word' id='word_1_463' title='bbox 861 3194 1062 3240; x_wconf 59' lang='lat' dir='ltr'><strong>nostra</strong></span> <span class='ocrx_word' id='word_1_464' title='bbox 1092 3201 1282 3241; x_wconf 86' lang='lat' dir='ltr'><strong>cruces</strong></span> <span class='ocrx_word' id='word_1_465' title='bbox 1324 3194 1378 3241; x_wconf 91' lang='lat' dir='ltr'><strong>et</strong></span> <span class='ocrx_word' id='word_1_466' title='bbox 1403 3194 1693 3250; x_wconf 87' lang='lat' dir='ltr'><strong>tormenta,</strong></span> <span class='ocrx_word' id='word_1_467' title='bbox 1732 3184 1874 3240; x_wconf 80' lang='lat' dir='ltr'><strong>feras</strong></span> <span class='ocrx_word' id='word_1_468' title='bbox 1903 3194 1959 3241; x_wconf 92' lang='lat' dir='ltr'><strong>et</strong></span> <span class='ocrx_word' id='word_1_469' title='bbox 1985 3199 2176 3240; x_wconf 88' lang='lat' dir='ltr'><strong>omnes</strong></span> 
     </span>
    </p>
   </div>
   <div class='ocr_carea' id='block_1_63' title="bbox 569 3276 2176 3349">
    <p class='ocr_par' dir='ltr' id='par_1_63' title="bbox 569 3276 2176 3349">
     <span class='ocr_line' id='line_1_63' title="bbox 569 3276 2176 3349; baseline -0.003 -15"><span class='ocrx_word' id='word_1_470' title='bbox 569 3278 956 3349; x_wconf 85' lang='lat' dir='ltr'><strong>suppliciorum</strong></span> <span class='ocrx_word' id='word_1_471' title='bbox 1019 3278 1302 3333; x_wconf 87' lang='lat' dir='ltr'><strong>terriculas</strong></span> <span class='ocrx_word' id='word_1_472' title='bbox 1343 3277 1600 3345; x_wconf 87' lang='lat' dir='ltr'><strong>inspirata</strong></span> <span class='ocrx_word' id='word_1_473' title='bbox 1658 3277 1917 3347; x_wconf 76' lang='lat' dir='ltr'><strong>patientia</strong></span> <span class='ocrx_word' id='word_1_474' title='bbox 1970 3276 2176 3330; x_wconf 72' lang='lat' dir='ltr'><strong>doloris</strong></span> 
     </span>
    </p>
   </div>
   <div class='ocr_carea' id='block_1_64' title="bbox 570 3368 2177 3441">
    <p class='ocr_par' dir='ltr' id='par_1_64' title="bbox 570 3368 2177 3441">
     <span class='ocr_line' id='line_1_64' title="bbox 570 3368 2177 3441; baseline -0.001 -15"><span class='ocrx_word' id='word_1_475' title='bbox 570 3372 823 3427; x_wconf 87' lang='lat' dir='ltr'><strong>illudunt.</strong></span> <span class='ocrx_word' id='word_1_476' title='bbox 865 3390 883 3422; x_wconf 86' lang='grc' dir='ltr'><strong>ι</strong></span> <span class='ocrx_word' id='word_1_477' title='bbox 918 3370 1120 3426; x_wconf 84' lang='lat' dir='ltr'><strong>Eodem</strong></span> <span class='ocrx_word' id='word_1_478' title='bbox 1155 3370 1313 3441; x_wconf 87' lang='lat' dir='ltr'><strong>plane</strong></span> <span class='ocrx_word' id='word_1_479' title='bbox 1341 3369 1503 3423; x_wconf 90' lang='lat' dir='ltr'><strong>modo</strong></span> <span class='ocrx_word' id='word_1_480' title='bbox 1544 3377 1598 3423; x_wconf 91' lang='lat' dir='ltr'><strong>et</strong></span> <span class='ocrx_word' id='word_1_481' title='bbox 1617 3385 1682 3423; x_wconf 78' lang='lat' dir='ltr'><strong>ex</strong></span> <span class='ocrx_word' id='word_1_482' title='bbox 1711 3368 1900 3423; x_wconf 85' lang='lat' dir='ltr'><strong>iisdem</strong></span> <span class='ocrx_word' id='word_1_483' title='bbox 1930 3368 2084 3423; x_wconf 72' lang='lat' dir='ltr'><strong>Mucii</strong></span> <span class='ocrx_word' id='word_1_484' title='bbox 2113 3383 2177 3424; x_wconf 88' lang='lat' dir='ltr'><strong>ac</strong></span> 
     </span>
    </p>
   </div>
   <div class='ocr_carea' id='block_1_65' title="bbox 576 3461 2172 3535">
    <p class='ocr_par' dir='ltr' id='par_1_65' title="bbox 576 3461 2172 3535">
     <span class='ocr_line' id='line_1_65' title="bbox 576 3461 2172 3535; baseline -0.003 -16"><span class='ocrx_word' id='word_1_485' title='bbox 576 3463 762 3535; x_wconf 81' lang='lat' dir='ltr'><strong>Reguli</strong></span> <span class='ocrx_word' id='word_1_486' title='bbox 794 3463 1054 3533; x_wconf 84' lang='lat' dir='ltr'><strong>exemplis</strong></span> <span class='ocrx_word' id='word_1_487' title='bbox 1104 3462 1415 3517; x_wconf 86' lang='lat' dir='ltr'><strong>Lactantius</strong></span> <span class='ocrx_word' id='word_1_488' title='bbox 1464 3461 1813 3516; x_wconf 89' lang='lat' dir='ltr'><strong>ratiocinatnr</strong></span> <span class='ocrx_word' id='word_1_489' title='bbox 1856 3482 1868 3516; x_wconf 88' lang='lat'><strong>:</strong></span> <span class='ocrx_word' id='word_1_490' title='bbox 1920 3481 1939 3515; x_wconf 87' lang='lat' dir='ltr'><strong>t</strong></span> <span class='ocrx_word' id='word_1_491' title='bbox 1972 3461 2172 3526; x_wconf 87' lang='lat' dir='ltr'><strong>Nostri,</strong></span> 
     </span>
    </p>
   </div>
   <div class='ocr_carea' id='block_1_66' title="bbox 571 3553 2178 3624">
    <p class='ocr_par' dir='ltr' id='par_1_66' title="bbox 571 3553 2178 3624">
     <span class='ocr_line' id='line_1_66' title="bbox 571 3553 2178 3624; baseline -0.002 -14"><span class='ocrx_word' id='word_1_492' title='bbox 571 3565 631 3610; x_wconf 90' lang='lat' dir='ltr'><strong>ut</strong></span> <span class='ocrx_word' id='word_1_493' title='bbox 660 3556 727 3611; x_wconf 91' lang='lat' dir='ltr'><strong>de</strong></span> <span class='ocrx_word' id='word_1_494' title='bbox 754 3556 907 3622; x_wconf 91' lang='lat' dir='ltr'><strong>viris,</strong></span> <span class='ocrx_word' id='word_1_495' title='bbox 933 3556 1124 3624; x_wconf 90' lang='lat' dir='ltr'><strong>inquit,</strong></span> <span class='ocrx_word' id='word_1_496' title='bbox 1173 3564 1403 3620; x_wconf 87' lang='lat' dir='ltr'><strong>taceam,</strong></span> <span class='ocrx_word' id='word_1_497' title='bbox 1443 3553 1593 3624; x_wconf 87' lang='lat' dir='ltr'><strong>pueri</strong></span> <span class='ocrx_word' id='word_1_498' title='bbox 1627 3563 1681 3609; x_wconf 89' lang='lat' dir='ltr'><strong>et</strong></span> <span class='ocrx_word' id='word_1_499' title='bbox 1711 3554 2042 3609; x_wconf 80' lang='lat' dir='ltr'><strong>muliercula:</strong></span> <span class='ocrx_word' id='word_1_500' title='bbox 2068 3564 2178 3608; x_wconf 82' lang='lat' dir='ltr'><strong>tor-</strong></span> 
     </span>
    </p>
   </div>
   <div class='ocr_carea' id='block_1_67' title="bbox 571 3647 2174 3718">
    <p class='ocr_par' dir='ltr' id='par_1_67' title="bbox 571 3647 2174 3718">
     <span class='ocr_line' id='line_1_67' title="bbox 571 3647 2174 3718; baseline 0 -14"><span class='ocrx_word' id='word_1_501' title='bbox 571 3660 719 3704; x_wconf 91' lang='lat' dir='ltr'><strong>tores</strong></span> <span class='ocrx_word' id='word_1_502' title='bbox 747 3665 874 3704; x_wconf 88' lang='lat' dir='ltr'><strong>suos</strong></span> <span class='ocrx_word' id='word_1_503' title='bbox 904 3648 1050 3703; x_wconf 90' lang='lat' dir='ltr'><strong>taciti</strong></span> <span class='ocrx_word' id='word_1_504' title='bbox 1080 3649 1339 3712; x_wconf 87' lang='lat' dir='ltr'><strong>vincunt,</strong></span> <span class='ocrx_word' id='word_1_505' title='bbox 1369 3656 1425 3703; x_wconf 92' lang='lat' dir='ltr'><strong>et</strong></span> <span class='ocrx_word' id='word_1_506' title='bbox 1457 3648 1763 3718; x_wconf 80' lang='lat' dir='ltr'><strong>exprimere</strong></span> <span class='ocrx_word' id='word_1_507' title='bbox 1785 3647 1891 3702; x_wconf 89' lang='lat' dir='ltr'><strong>illis</strong></span> <span class='ocrx_word' id='word_1_508' title='bbox 1915 3650 2174 3718; x_wconf 83' lang='lat' dir='ltr'><strong>gemitum</strong></span> 
     </span>
    </p>
   </div>
   <div class='ocr_carea' id='block_1_68' title="bbox 570 3741 2178 3815">
    <p class='ocr_par' dir='ltr' id='par_1_68' title="bbox 570 3741 2178 3815">
     <span class='ocr_line' id='line_1_68' title="bbox 570 3741 2178 3815; baseline 0.001 -15"><span class='ocrx_word' id='word_1_509' title='bbox 570 3759 675 3800; x_wconf 91' lang='lat' dir='ltr'><strong>nec</strong></span> <span class='ocrx_word' id='word_1_510' title='bbox 694 3745 834 3814; x_wconf 89' lang='lat' dir='ltr'><strong>ignis</strong></span> <span class='ocrx_word' id='word_1_511' title='bbox 860 3752 1062 3814; x_wconf 85' lang='lat' dir='ltr'><strong>potest.</strong></span> <span class='ocrx_word' id='word_1_512' title='bbox 1096 3743 1233 3797; x_wconf 86' lang='lat' dir='ltr'><strong>Eant</strong></span> <span class='ocrx_word' id='word_1_513' title='bbox 1268 3741 1519 3807; x_wconf 74' lang='lat' dir='ltr'><strong>Romani,</strong></span> <span class='ocrx_word' id='word_1_514' title='bbox 1554 3752 1609 3797; x_wconf 91' lang='lat' dir='ltr'><strong>et</strong></span> <span class='ocrx_word' id='word_1_515' title='bbox 1659 3743 1832 3799; x_wconf 87' lang='lat' dir='ltr'><strong>Mucio</strong></span> <span class='ocrx_word' id='word_1_516' title='bbox 1880 3745 2178 3815; x_wconf 82' lang='lat' dir='ltr'><strong>glorientur</strong></span> 
     </span>
    </p>
   </div>
   <div class='ocr_carea' id='block_1_69' title="bbox 574 3836 2173 3909">
    <p class='ocr_par' dir='ltr' id='par_1_69' title="bbox 574 3836 2173 3909">
     <span class='ocr_line' id='line_1_69' title="bbox 574 3836 2173 3909; baseline 0.002 -18"><span class='ocrx_word' id='word_1_517' title='bbox 574 3851 661 3894; x_wconf 87' lang='lat' dir='ltr'><strong>aut</strong></span> <span class='ocrx_word' id='word_1_518' title='bbox 695 3838 1021 3908; x_wconf 57' lang='lat' dir='ltr'><strong>Regulo“...</strong></span> <span class='ocrx_word' id='word_1_519' title='bbox 1053 3836 1194 3893; x_wconf 77' lang='lat' dir='ltr'><strong>Ecce</strong></span> <span class='ocrx_word' id='word_1_520' title='bbox 1227 3850 1389 3891; x_wconf 84' lang='lat' dir='ltr'><strong>sexus</strong></span> <span class='ocrx_word' id='word_1_521' title='bbox 1414 3836 1682 3902; x_wconf 71' lang='lat' dir='ltr'><strong>infirmus,</strong></span> <span class='ocrx_word' id='word_1_522' title='bbox 1713 3849 1768 3893; x_wconf 92' lang='lat' dir='ltr'><strong>et</strong></span> <span class='ocrx_word' id='word_1_523' title='bbox 1799 3838 1999 3909; x_wconf 76' lang='lat' dir='ltr'><strong>fragilis</strong></span> <span class='ocrx_word' id='word_1_524' title='bbox 2020 3852 2173 3907; x_wconf 76' lang='lat' dir='ltr'><strong>mtas,</strong></span> 
     </span>
    </p>
   </div>
   <div class='ocr_carea' id='block_1_70' title="bbox 577 3931 2171 4000">
    <p class='ocr_par' dir='ltr' id='par_1_70' title="bbox 577 3931 2171 4000">
     <span class='ocr_line' id='line_1_70' title="bbox 577 3931 2171 4000; baseline 0.001 -13"><span class='ocrx_word' id='word_1_525' title='bbox 577 3931 861 3987; x_wconf 73' lang='lat' dir='ltr'><strong>dilacerari</strong></span> <span class='ocrx_word' id='word_1_526' title='bbox 893 3945 951 3985; x_wconf 89' lang='lat' dir='ltr'><strong>se</strong></span> <span class='ocrx_word' id='word_1_527' title='bbox 974 3939 1089 3985; x_wconf 90' lang='lat' dir='ltr'><strong>toto</strong></span> <span class='ocrx_word' id='word_1_528' title='bbox 1115 3945 1344 3998; x_wconf 81' lang='lat' dir='ltr'><strong>corpore</strong></span> <span class='ocrx_word' id='word_1_529' title='bbox 1377 3931 1561 4000; x_wconf 89' lang='lat' dir='ltr'><strong>utique</strong></span> <span class='ocrx_word' id='word_1_530' title='bbox 1592 3932 1909 4000; x_wconf 84' lang='lat' dir='ltr'><strong>perpetitur,</strong></span> <span class='ocrx_word' id='word_1_531' title='bbox 1943 3948 2047 3987; x_wconf 89' lang='lat' dir='ltr'><strong>non</strong></span> <span class='ocrx_word' id='word_1_532' title='bbox 2073 3949 2171 3988; x_wconf 91' lang='lat' dir='ltr'><strong>nc-</strong></span> 
     </span>
    </p>
   </div>
   <div class='ocr_carea' id='block_1_71' title="bbox 576 4025 2173 4095">
    <p class='ocr_par' dir='ltr' id='par_1_71' title="bbox 576 4025 2173 4095">
     <span class='ocr_line' id='line_1_71' title="bbox 576 4025 2173 4095; baseline 0.001 -14"><span class='ocrx_word' id='word_1_533' title='bbox 576 4026 850 4088; x_wconf 75' lang='lat' dir='ltr'><strong>cessitate,</strong></span> <span class='ocrx_word' id='word_1_534' title='bbox 883 4026 1004 4093; x_wconf 87' lang='lat' dir='ltr'><strong>quia</strong></span> <span class='ocrx_word' id='word_1_535' title='bbox 1038 4025 1162 4080; x_wconf 83' lang='lat' dir='ltr'><strong>licet</strong></span> <span class='ocrx_word' id='word_1_536' title='bbox 1195 4026 1383 4087; x_wconf 84' lang='lat' dir='ltr'><strong>vitare,</strong></span> <span class='ocrx_word' id='word_1_537' title='bbox 1408 4028 1451 4079; x_wconf 90' lang='lat' dir='ltr'><strong>si</strong></span> <span class='ocrx_word' id='word_1_538' title='bbox 1482 4027 1697 4087; x_wconf 78' lang='lat' dir='ltr'><strong>vellent.</strong></span> <span class='ocrx_word' id='word_1_539' title='bbox 1728 4028 1819 4081; x_wconf 86' lang='lat' dir='ltr'><strong>sed</strong></span> <span class='ocrx_word' id='word_1_540' title='bbox 1878 4029 2173 4095; x_wconf 82' lang='lat' dir='ltr'><strong>voluntate,</strong></span> 
     </span>
    </p>
   </div>
   <div class='ocr_carea' id='block_1_72' title="bbox 575 4117 2175 4190">
    <p class='ocr_par' dir='ltr' id='par_1_72' title="bbox 575 4117 2175 4190">
     <span class='ocr_line' id='line_1_72' title="bbox 575 4117 2175 4190; baseline 0.003 -19"><span class='ocrx_word' id='word_1_541' title='bbox 575 4118 699 4189; x_wconf 82' lang='lat' dir='ltr'><strong>quia</strong></span> <span class='ocrx_word' id='word_1_542' title='bbox 728 4118 1007 4175; x_wconf 84' lang='lat' dir='ltr'><strong>c0ttlitluut</strong></span> <span class='ocrx_word' id='word_1_543' title='bbox 1027 4117 1135 4173; x_wconf 89' lang='lat' dir='ltr'><strong>Deo</strong></span> <span class='ocrx_word' id='word_1_544' title='bbox 1161 4117 1446 4190; x_wconf 83' lang='lat' dir='ltr'><strong>(Lactant.,</strong></span> <span class='ocrx_word' id='word_1_545' title='bbox 1472 4118 1559 4171; x_wconf 88' lang='lat' dir='ltr'><strong>lib.</strong></span> <span class='ocrx_word' id='word_1_546' title='bbox 1589 4135 1622 4172; x_wconf 89' lang='lat' dir='ltr'><strong>v</strong></span> <span class='ocrx_word' id='word_1_547' title='bbox 1652 4118 1823 4173; x_wconf 77' lang='lat' dir='ltr'><strong>Instit.</strong></span> <span class='ocrx_word' id='word_1_548' title='bbox 1863 4120 2021 4175; x_wconf 75' lang='lat' dir='ltr'><strong>divin.</strong></span> <span class='ocrx_word' id='word_1_549' title='bbox 2056 4139 2175 4189; x_wconf 83' lang='lat' dir='ltr'><strong>cap.</strong></span> 
     </span>
    </p>
   </div>
   <div class='ocr_carea' id='block_1_73' title="bbox 575 4210 2180 4283">
    <p class='ocr_par' dir='ltr' id='par_1_73' title="bbox 575 4210 2180 4283">
     <span class='ocr_line' id='line_1_73' title="bbox 575 4210 2180 4283; baseline 0.002 -20"><span class='ocrx_word' id='word_1_550' title='bbox 575 4210 664 4275; x_wconf 75' lang='grc'><strong>1⁸5,</strong></span> <span class='ocrx_word' id='word_1_551' title='bbox 695 4228 815 4283; x_wconf 89' lang='lat' dir='ltr'><strong>pag.</strong></span> <span class='ocrx_word' id='word_1_552' title='bbox 846 4211 953 4266; x_wconf 75' lang='lat'><strong>495</strong></span> <span class='ocrx_word' id='word_1_553' title='bbox 984 4223 1027 4265; x_wconf 83' lang='lat' dir='ltr'><strong>et</strong></span> <span class='ocrx_word' id='word_1_554' title='bbox 1056 4211 1243 4281; x_wconf 72' lang='lat' dir='ltr'><strong>88l].).)</strong></span> <span class='ocrx_word' id='word_1_555' title='bbox 1293 4210 1393 4264; x_wconf 86' lang='lat' dir='ltr'><strong>Alii</strong></span> <span class='ocrx_word' id='word_1_556' title='bbox 1411 4227 1539 4263; x_wconf 89' lang='lat' dir='ltr'><strong>vero</strong></span> <span class='ocrx_word' id='word_1_557' title='bbox 1567 4210 1789 4275; x_wconf 90' lang='lat' dir='ltr'><strong>ethnici,</strong></span> <span class='ocrx_word' id='word_1_558' title='bbox 1817 4215 2059 4278; x_wconf 84' lang='lat' dir='ltr'><strong>quamvis</strong></span> <span class='ocrx_word' id='word_1_559' title='bbox 2090 4231 2180 4267; x_wconf 83' lang='lat' dir='ltr'><strong>ro-</strong></span> 
     </span>
    </p>
   </div>
   <div class='ocr_carea' id='block_1_74' title="bbox 571 4303 2175 4377">
    <p class='ocr_par' dir='ltr' id='par_1_74' title="bbox 571 4303 2175 4377">
     <span class='ocr_line' id='line_1_74' title="bbox 571 4303 2175 4377; baseline 0.001 -18"><span class='ocrx_word' id='word_1_560' title='bbox 571 4303 731 4359; x_wconf 86' lang='lat' dir='ltr'><strong>busto</strong></span> <span class='ocrx_word' id='word_1_561' title='bbox 752 4320 979 4374; x_wconf 88' lang='lat' dir='ltr'><strong>corpore</strong></span> <span class='ocrx_word' id='word_1_562' title='bbox 1004 4308 1265 4377; x_wconf 83' lang='lat' dir='ltr'><strong>vigentes.</strong></span> <span class='ocrx_word' id='word_1_563' title='bbox 1298 4320 1419 4359; x_wconf 91' lang='lat' dir='ltr'><strong>cum</strong></span> <span class='ocrx_word' id='word_1_564' title='bbox 1465 4314 1865 4373; x_wconf 87' lang='lat' dir='ltr'><strong>torquerentur,</strong></span> <span class='ocrx_word' id='word_1_565' title='bbox 1900 4310 2175 4362; x_wconf 83' lang='lat' dir='ltr'><strong>exclama-</strong></span> 
     </span>
    </p>
   </div>
   <div class='ocr_carea' id='block_1_75' title="bbox 573 4398 2175 4471">
    <p class='ocr_par' dir='ltr' id='par_1_75' title="bbox 573 4398 2175 4471">
     <span class='ocr_line' id='line_1_75' title="bbox 573 4398 2175 4471; baseline 0.001 -17"><span class='ocrx_word' id='word_1_566' title='bbox 573 4398 723 4464; x_wconf 83' lang='lat' dir='ltr'><strong>bant,</strong></span> <span class='ocrx_word' id='word_1_567' title='bbox 758 4401 1095 4455; x_wconf 88' lang='lat' dir='ltr'><strong>cdebantune</strong></span> <span class='ocrx_word' id='word_1_568' title='bbox 1121 4399 1371 4467; x_wconf 77' lang='lat' dir='ltr'><strong>gemitus,</strong></span> <span class='ocrx_word' id='word_1_569' title='bbox 1411 4399 1533 4466; x_wconf 88' lang='lat' dir='ltr'><strong>quia</strong></span> <span class='ocrx_word' id='word_1_570' title='bbox 1570 4418 1587 4449; x_wconf 77' lang='grc' dir='ltr'><strong>ι</strong></span> <span class='ocrx_word' id='word_1_571' title='bbox 1626 4398 1777 4453; x_wconf 86' lang='lat' dir='ltr'><strong>deest</strong></span> <span class='ocrx_word' id='word_1_572' title='bbox 1809 4400 1948 4462; x_wconf 84' lang='lat' dir='ltr'><strong>illis,</strong></span> <span class='ocrx_word' id='word_1_573' title='bbox 1983 4402 2175 4471; x_wconf 90' lang='lat' dir='ltr'><strong>inquit,</strong></span> 
     </span>
    </p>
   </div>
   <div class='ocr_carea' id='block_1_76' title="bbox 2287 3180 3893 3253">
    <p class='ocr_par' dir='ltr' id='par_1_76' title="bbox 2287 3180 3893 3253">
     <span class='ocr_line' id='line_1_76' title="bbox 2287 3180 3893 3253; baseline 0.002 -18"><span class='ocrx_word' id='word_1_574' title='bbox 2287 3180 2564 3251; x_wconf 88' lang='lat' dir='ltr'><strong>quomodo</strong></span> <span class='ocrx_word' id='word_1_575' title='bbox 2610 3180 2861 3239; x_wconf 71' lang='lat' dir='ltr'><strong>Caecilius</strong></span> <span class='ocrx_word' id='word_1_576' title='bbox 2915 3193 3021 3237; x_wconf 90' lang='lat' dir='ltr'><strong>tam</strong></span> <span class='ocrx_word' id='word_1_577' title='bbox 3074 3181 3340 3239; x_wconf 76' lang='lat' dir='ltr'><strong>afﬁrmate</strong></span> <span class='ocrx_word' id='word_1_578' title='bbox 3379 3198 3691 3239; x_wconf 86' lang='lat' dir='ltr'><strong>asseverare</strong></span> <span class='ocrx_word' id='word_1_579' title='bbox 3717 3184 3893 3253; x_wconf 84' lang='lat' dir='ltr'><strong>potuit</strong></span> 
     </span>
    </p>
   </div>
   <div class='ocr_carea' id='block_1_77' title="bbox 2283 3274 3887 3335">
    <p class='ocr_par' dir='ltr' id='par_1_77' title="bbox 2283 3274 3887 3335">
     <span class='ocr_line' id='line_1_77' title="bbox 2283 3274 3887 3335; baseline 0.003 -6"><span class='ocrx_word' id='word_1_580' title='bbox 2283 3274 2423 3329; x_wconf 80' lang='lat' dir='ltr'><strong>hanc</strong></span> <span class='ocrx_word' id='word_1_581' title='bbox 2448 3289 2790 3331; x_wconf 89' lang='lat' dir='ltr'><strong>communem</strong></span> <span class='ocrx_word' id='word_1_582' title='bbox 2820 3274 2987 3331; x_wconf 85' lang='lat' dir='ltr'><strong>fuisse</strong></span> <span class='ocrx_word' id='word_1_583' title='bbox 3030 3277 3464 3334; x_wconf 81' lang='lat' dir='ltr'><strong>Christianorum</strong></span> <span class='ocrx_word' id='word_1_584' title='bbox 3502 3279 3887 3335; x_wconf 70' lang='lat' dir='ltr'><strong>universorum</strong></span> 
     </span>
    </p>
   </div>
   <div class='ocr_carea' id='block_1_78' title="bbox 2282 3370 3891 3444">
    <p class='ocr_par' dir='ltr' id='par_1_78' title="bbox 2282 3370 3891 3444">
     <span class='ocr_line' id='line_1_78' title="bbox 2282 3370 3891 3444; baseline 0.004 -20"><span class='ocrx_word' id='word_1_585' title='bbox 2282 3371 2610 3425; x_wconf 88' lang='lat' dir='ltr'><strong>sententiam</strong></span> <span class='ocrx_word' id='word_1_586' title='bbox 2637 3370 2661 3425; x_wconf 85' lang='lat'><strong>?</strong></span> <span class='ocrx_word' id='word_1_587' title='bbox 2689 3370 2879 3426; x_wconf 79' lang='lat' dir='ltr'><strong>Nonne</strong></span> <span class='ocrx_word' id='word_1_588' title='bbox 2908 3386 3028 3426; x_wconf 90' lang='lat' dir='ltr'><strong>eam</strong></span> <span class='ocrx_word' id='word_1_589' title='bbox 3075 3373 3201 3426; x_wconf 85' lang='lat' dir='ltr'><strong>totis</strong></span> <span class='ocrx_word' id='word_1_590' title='bbox 3236 3373 3399 3427; x_wconf 83' lang='lat' dir='ltr'><strong>animi</strong></span> <span class='ocrx_word' id='word_1_591' title='bbox 3433 3374 3737 3444; x_wconf 82' lang='lat' dir='ltr'><strong>ingeniique</strong></span> <span class='ocrx_word' id='word_1_592' title='bbox 3752 3374 3891 3430; x_wconf 82' lang='lat' dir='ltr'><strong>viri-</strong></span> 
     </span>
    </p>
   </div>
   <div class='ocr_carea' id='block_1_79' title="bbox 2282 3462 3893 3533">
    <p class='ocr_par' dir='ltr' id='par_1_79' title="bbox 2282 3462 3893 3533">
     <span class='ocr_line' id='line_1_79' title="bbox 2282 3462 3893 3533; baseline 0.002 -16"><span class='ocrx_word' id='word_1_593' title='bbox 2282 3462 2901 3533; x_wconf 83' lang='lat' dir='ltr'><strong>businrpugnaverunt?</strong></span> <span class='ocrx_word' id='word_1_594' title='bbox 2934 3463 2989 3518; x_wconf 89' lang='lat' dir='ltr'><strong>Si</strong></span> <span class='ocrx_word' id='word_1_595' title='bbox 3016 3463 3086 3519; x_wconf 87' lang='lat' dir='ltr'><strong>de</strong></span> <span class='ocrx_word' id='word_1_596' title='bbox 3111 3464 3379 3533; x_wconf 80' lang='lat' dir='ltr'><strong>aliquibus</strong></span> <span class='ocrx_word' id='word_1_597' title='bbox 3416 3465 3684 3521; x_wconf 70' lang='lat' dir='ltr'><strong>haereticis</strong></span> <span class='ocrx_word' id='word_1_598' title='bbox 3709 3466 3765 3521; x_wconf 88' lang='lat' dir='ltr'><strong>id</strong></span> <span class='ocrx_word' id='word_1_599' title='bbox 3793 3466 3893 3521; x_wconf 84' lang='lat' dir='ltr'><strong>ille</strong></span> 
     </span>
    </p>
   </div>
   <div class='ocr_carea' id='block_1_80' title="bbox 2281 3555 3894 3630">
    <p class='ocr_par' dir='ltr' id='par_1_80' title="bbox 2281 3555 3894 3630">
     <span class='ocr_line' id='line_1_80' title="bbox 2281 3555 3894 3630; baseline 0.004 -21"><span class='ocrx_word' id='word_1_600' title='bbox 2281 3555 2530 3621; x_wconf 77' lang='lat' dir='ltr'><strong>dixisset,</strong></span> <span class='ocrx_word' id='word_1_601' title='bbox 2560 3571 2753 3611; x_wconf 87' lang='lat' dir='ltr'><strong>manus</strong></span> <span class='ocrx_word' id='word_1_602' title='bbox 2801 3557 2849 3611; x_wconf 92' lang='lat' dir='ltr'><strong>ei</strong></span> <span class='ocrx_word' id='word_1_603' title='bbox 2900 3557 3043 3613; x_wconf 85' lang='lat' dir='ltr'><strong>haud</strong></span> <span class='ocrx_word' id='word_1_604' title='bbox 3092 3557 3245 3613; x_wconf 89' lang='lat' dir='ltr'><strong>inviti</strong></span> <span class='ocrx_word' id='word_1_605' title='bbox 3292 3558 3563 3614; x_wconf 79' lang='lat' dir='ltr'><strong>daremus.</strong></span> <span class='ocrx_word' id='word_1_606' title='bbox 3608 3558 3716 3616; x_wconf 86' lang='lat' dir='ltr'><strong>Sed</strong></span> <span class='ocrx_word' id='word_1_607' title='bbox 3765 3559 3894 3630; x_wconf 83' lang='lat' dir='ltr'><strong>quis</strong></span> 
     </span>
    </p>
   </div>
   <div class='ocr_carea' id='block_1_81' title="bbox 2283 3647 3894 3718">
    <p class='ocr_par' dir='ltr' id='par_1_81' title="bbox 2283 3647 3894 3718">
     <span class='ocr_line' id='line_1_81' title="bbox 2283 3647 3894 3718; baseline 0.003 -15"><span class='ocrx_word' id='word_1_608' title='bbox 2283 3650 2481 3718; x_wconf 90' lang='lat' dir='ltr'><strong>ipsum,</strong></span> <span class='ocrx_word' id='word_1_609' title='bbox 2509 3647 2577 3702; x_wconf 90' lang='lat' dir='ltr'><strong>de</strong></span> <span class='ocrx_word' id='word_1_610' title='bbox 2609 3649 2861 3704; x_wconf 77' lang='lat' dir='ltr'><strong>omnibus</strong></span> <span class='ocrx_word' id='word_1_611' title='bbox 2912 3650 3208 3706; x_wconf 87' lang='lat' dir='ltr'><strong>universim</strong></span> <span class='ocrx_word' id='word_1_612' title='bbox 3244 3650 3570 3705; x_wconf 77' lang='lat' dir='ltr'><strong>Christianis</strong></span> <span class='ocrx_word' id='word_1_613' title='bbox 3607 3650 3712 3706; x_wconf 87' lang='lat' dir='ltr'><strong>hoc</strong></span> <span class='ocrx_word' id='word_1_614' title='bbox 3735 3666 3894 3708; x_wconf 88' lang='lat' dir='ltr'><strong>asse-</strong></span> 
     </span>
    </p>
   </div>
   <div class='ocr_carea' id='block_1_82' title="bbox 2282 3741 3891 3813">
    <p class='ocr_par' dir='ltr' id='par_1_82' title="bbox 2282 3741 3891 3813">
     <span class='ocr_line' id='line_1_82' title="bbox 2282 3741 3891 3813; baseline 0.002 -17"><span class='ocrx_word' id='word_1_615' title='bbox 2282 3751 2513 3804; x_wconf 87' lang='lat' dir='ltr'><strong>reutem,</strong></span> <span class='ocrx_word' id='word_1_616' title='bbox 2547 3741 2687 3797; x_wconf 85' lang='lat' dir='ltr'><strong>ferre</strong></span> <span class='ocrx_word' id='word_1_617' title='bbox 2728 3744 2949 3813; x_wconf 85' lang='lat' dir='ltr'><strong>potest?</strong></span> <span class='ocrx_word' id='word_1_618' title='bbox 2976 3742 3116 3799; x_wconf 80' lang='lat' dir='ltr'><strong>Audi</strong></span> <span class='ocrx_word' id='word_1_619' title='bbox 3154 3753 3357 3809; x_wconf 86' lang='lat' dir='ltr'><strong>tamen,</strong></span> <span class='ocrx_word' id='word_1_620' title='bbox 3381 3744 3633 3809; x_wconf 88' lang='lat' dir='ltr'><strong>obsecro,</strong></span> <span class='ocrx_word' id='word_1_621' title='bbox 3664 3760 3768 3813; x_wconf 78' lang='lat' dir='ltr'><strong>qua</strong></span> <span class='ocrx_word' id='word_1_622' title='bbox 3793 3760 3891 3799; x_wconf 86' lang='lat' dir='ltr'><strong>ra-</strong></span> 
     </span>
    </p>
   </div>
   <div class='ocr_carea' id='block_1_83' title="bbox 2284 3834 3892 3908">
    <p class='ocr_par' dir='ltr' id='par_1_83' title="bbox 2284 3834 3892 3908">
     <span class='ocr_line' id='line_1_83' title="bbox 2284 3834 3892 3908; baseline 0.004 -22"><span class='ocrx_word' id='word_1_623' title='bbox 2284 3834 2433 3887; x_wconf 87' lang='lat' dir='ltr'><strong>tione</strong></span> <span class='ocrx_word' id='word_1_624' title='bbox 2465 3834 2596 3888; x_wconf 82' lang='lat' dir='ltr'><strong>illud</strong></span> <span class='ocrx_word' id='word_1_625' title='bbox 2623 3836 2854 3904; x_wconf 86' lang='lat' dir='ltr'><strong>probare</strong></span> <span class='ocrx_word' id='word_1_626' title='bbox 2878 3845 3126 3891; x_wconf 74' lang='lat' dir='ltr'><strong>conatur.</strong></span> <span class='ocrx_word' id='word_1_627' title='bbox 3158 3855 3178 3888; x_wconf 75' lang='grc' dir='ltr'><strong>ι</strong></span> <span class='ocrx_word' id='word_1_628' title='bbox 3222 3836 3491 3908; x_wconf 83' lang='lat' dir='ltr'><strong>Quidquid</strong></span> <span class='ocrx_word' id='word_1_629' title='bbox 3517 3838 3746 3907; x_wconf 83' lang='lat' dir='ltr'><strong>agimus,</strong></span> <span class='ocrx_word' id='word_1_630' title='bbox 3798 3838 3892 3893; x_wconf 83' lang='lat' dir='ltr'><strong>in-</strong></span> 
     </span>
    </p>
   </div>
   <div class='ocr_carea' id='block_1_84' title="bbox 2284 3926 3892 3996">
    <p class='ocr_par' dir='ltr' id='par_1_84' title="bbox 2284 3926 3892 3996">
     <span class='ocr_line' id='line_1_84' title="bbox 2284 3926 3892 3996; baseline 0.004 -17"><span class='ocrx_word' id='word_1_631' title='bbox 2284 3926 2418 3996; x_wconf 88' lang='lat' dir='ltr'><strong>quit,</strong></span> <span class='ocrx_word' id='word_1_632' title='bbox 2450 3935 2510 3979; x_wconf 90' lang='lat' dir='ltr'><strong>ut</strong></span> <span class='ocrx_word' id='word_1_633' title='bbox 2541 3926 2629 3980; x_wconf 89' lang='lat' dir='ltr'><strong>alii</strong></span> <span class='ocrx_word' id='word_1_634' title='bbox 2654 3926 2784 3991; x_wconf 84' lang='lat' dir='ltr'><strong>fato,</strong></span> <span class='ocrx_word' id='word_1_635' title='bbox 2814 3929 2885 3981; x_wconf 85' lang='lat' dir='ltr'><strong>ita</strong></span> <span class='ocrx_word' id='word_1_636' title='bbox 2918 3943 3012 3982; x_wconf 91' lang='lat' dir='ltr'><strong>vos</strong></span> <span class='ocrx_word' id='word_1_637' title='bbox 3042 3928 3150 3983; x_wconf 87' lang='lat' dir='ltr'><strong>Deo</strong></span> <span class='ocrx_word' id='word_1_638' title='bbox 3166 3928 3384 3993; x_wconf 86' lang='lat' dir='ltr'><strong>dicitis;</strong></span> <span class='ocrx_word' id='word_1_639' title='bbox 3413 3930 3490 3984; x_wconf 85' lang='lat' dir='ltr'><strong>sic</strong></span> <span class='ocrx_word' id='word_1_640' title='bbox 3506 3938 3666 3984; x_wconf 59' lang='lat' dir='ltr'><strong>seetse</strong></span> <span class='ocrx_word' id='word_1_641' title='bbox 3690 3939 3892 3986; x_wconf 60' lang='lat' dir='ltr'><strong>vestra</strong></span> 
     </span>
    </p>
   </div>
   <div class='ocr_carea' id='block_1_85' title="bbox 2284 4022 3892 4093">
    <p class='ocr_par' dir='ltr' id='par_1_85' title="bbox 2284 4022 3892 4093">
     <span class='ocr_line' id='line_1_85' title="bbox 2284 4022 3892 4093; baseline 0.003 -18"><span class='ocrx_word' id='word_1_642' title='bbox 2284 4038 2392 4076; x_wconf 90' lang='lat' dir='ltr'><strong>non</strong></span> <span class='ocrx_word' id='word_1_643' title='bbox 2424 4032 2751 4090; x_wconf 82' lang='lat' dir='ltr'><strong>spontaneos</strong></span> <span class='ocrx_word' id='word_1_644' title='bbox 2775 4038 2956 4093; x_wconf 82' lang='lat' dir='ltr'><strong>agere.</strong></span> <span class='ocrx_word' id='word_1_645' title='bbox 2985 4022 3079 4077; x_wconf 89' lang='lat' dir='ltr'><strong>sed</strong></span> <span class='ocrx_word' id='word_1_646' title='bbox 3108 4022 3329 4086; x_wconf 71' lang='lat' dir='ltr'><strong>electos.</strong></span> <span class='ocrx_word' id='word_1_647' title='bbox 3362 4041 3382 4075; x_wconf 77' lang='grc' dir='ltr'><strong>ι</strong></span> <span class='ocrx_word' id='word_1_648' title='bbox 3415 4024 3466 4077; x_wconf 90' lang='lat' dir='ltr'><strong>id</strong></span> <span class='ocrx_word' id='word_1_649' title='bbox 3484 4032 3585 4089; x_wconf 88' lang='lat' dir='ltr'><strong>est,</strong></span> <span class='ocrx_word' id='word_1_650' title='bbox 3611 4040 3706 4079; x_wconf 88' lang='lat' dir='ltr'><strong>vos</strong></span> <span class='ocrx_word' id='word_1_651' title='bbox 3729 4022 3892 4080; x_wconf 77' lang='lat' dir='ltr'><strong>Chri-</strong></span> 
     </span>
    </p>
   </div>
   <div class='ocr_carea' id='block_1_86' title="bbox 2285 4114 3892 4185">
    <p class='ocr_par' dir='ltr' id='par_1_86' title="bbox 2285 4114 3892 4185">
     <span class='ocr_line' id='line_1_86' title="bbox 2285 4114 3892 4185; baseline 0.003 -17"><span class='ocrx_word' id='word_1_652' title='bbox 2285 4114 2444 4169; x_wconf 90' lang='lat' dir='ltr'><strong>stiani</strong></span> <span class='ocrx_word' id='word_1_653' title='bbox 2495 4130 2602 4169; x_wconf 90' lang='lat' dir='ltr'><strong>non</strong></span> <span class='ocrx_word' id='word_1_654' title='bbox 2647 4115 2789 4169; x_wconf 89' lang='lat' dir='ltr'><strong>ultro</strong></span> <span class='ocrx_word' id='word_1_655' title='bbox 2842 4124 2893 4170; x_wconf 79' lang='lat' dir='ltr'><strong>et</strong></span> <span class='ocrx_word' id='word_1_656' title='bbox 2936 4125 3129 4185; x_wconf 77' lang='lat' dir='ltr'><strong>sponte</strong></span> <span class='ocrx_word' id='word_1_657' title='bbox 3175 4127 3377 4177; x_wconf 87' lang='lat' dir='ltr'><strong>vestra.</strong></span> <span class='ocrx_word' id='word_1_658' title='bbox 3418 4117 3515 4173; x_wconf 90' lang='lat' dir='ltr'><strong>sed</strong></span> <span class='ocrx_word' id='word_1_659' title='bbox 3560 4116 3742 4172; x_wconf 85' lang='lat' dir='ltr'><strong>divina</strong></span> <span class='ocrx_word' id='word_1_660' title='bbox 3774 4118 3892 4173; x_wconf 82' lang='lat' dir='ltr'><strong>ele-</strong></span> 
     </span>
    </p>
   </div>
   <div class='ocr_carea' id='block_1_87' title="bbox 2284 4209 3890 4281">
    <p class='ocr_par' dir='ltr' id='par_1_87' title="bbox 2284 4209 3890 4281">
     <span class='ocr_line' id='line_1_87' title="bbox 2284 4209 3890 4281; baseline 0.003 -20"><span class='ocrx_word' id='word_1_661' title='bbox 2284 4210 2503 4272; x_wconf 89' lang='lat' dir='ltr'><strong>ctione,</strong></span> <span class='ocrx_word' id='word_1_662' title='bbox 2554 4217 2757 4263; x_wconf 85' lang='lat' dir='ltr'><strong>sectam</strong></span> <span class='ocrx_word' id='word_1_663' title='bbox 2811 4209 3239 4279; x_wconf 86' lang='lat' dir='ltr'><strong>religionemque</strong></span> <span class='ocrx_word' id='word_1_664' title='bbox 3286 4221 3522 4265; x_wconf 76' lang='lat' dir='ltr'><strong>vestram</strong></span> <span class='ocrx_word' id='word_1_665' title='bbox 3595 4211 3890 4281; x_wconf 74' lang='lat' dir='ltr'><strong>amplexati</strong></span> 
     </span>
    </p>
   </div>
   <div class='ocr_carea' id='block_1_88' title="bbox 2286 4301 3891 4372">
    <p class='ocr_par' dir='ltr' id='par_1_88' title="bbox 2286 4301 3891 4372">
     <span class='ocr_line' id='line_1_88' title="bbox 2286 4301 3891 4372; baseline 0.002 -17"><span class='ocrx_word' id='word_1_666' title='bbox 2286 4301 2436 4355; x_wconf 84' lang='lat' dir='ltr'><strong>estis.</strong></span> <span class='ocrx_word' id='word_1_667' title='bbox 2466 4301 2597 4355; x_wconf 89' lang='lat' dir='ltr'><strong>Cum</strong></span> <span class='ocrx_word' id='word_1_668' title='bbox 2632 4315 2810 4356; x_wconf 72' lang='lat' dir='ltr'><strong>autem</strong></span> <span class='ocrx_word' id='word_1_669' title='bbox 2856 4302 2969 4356; x_wconf 68' lang='lat' dir='ltr'><strong>haec</strong></span> <span class='ocrx_word' id='word_1_670' title='bbox 2995 4302 3317 4371; x_wconf 81' lang='lat' dir='ltr'><strong>objectabat,</strong></span> <span class='ocrx_word' id='word_1_671' title='bbox 3342 4303 3647 4372; x_wconf 78' lang='lat' dir='ltr'><strong>respexisse</strong></span> <span class='ocrx_word' id='word_1_672' title='bbox 3678 4303 3891 4358; x_wconf 78' lang='lat' dir='ltr'><strong>videtur</strong></span> 
     </span>
    </p>
   </div>
   <div class='ocr_carea' id='block_1_89' title="bbox 2285 4393 3887 4465">
    <p class='ocr_par' dir='ltr' id='par_1_89' title="bbox 2285 4393 3887 4465">
     <span class='ocr_line' id='line_1_89' title="bbox 2285 4393 3887 4465; baseline 0.003 -18"><span class='ocrx_word' id='word_1_673' title='bbox 2285 4394 2351 4447; x_wconf 88' lang='lat' dir='ltr'><strong>ad</strong></span> <span class='ocrx_word' id='word_1_674' title='bbox 2371 4409 2432 4447; x_wconf 89' lang='lat' dir='ltr'><strong>ea</strong></span> <span class='ocrx_word' id='word_1_675' title='bbox 2463 4393 2662 4449; x_wconf 71' lang='lat' dir='ltr'><strong>tlhristi</strong></span> <span class='ocrx_word' id='word_1_676' title='bbox 2691 4395 2876 4456; x_wconf 86' lang='lat' dir='ltr'><strong>verba.</strong></span> <span class='ocrx_word' id='word_1_677' title='bbox 2905 4410 3026 4465; x_wconf 75' lang='lat' dir='ltr'><strong>qum</strong></span> <span class='ocrx_word' id='word_1_678' title='bbox 3054 4395 3139 4449; x_wconf 67' lang='lat' dir='ltr'><strong>vvl</strong></span> <span class='ocrx_word' id='word_1_679' title='bbox 3183 4412 3249 4450; x_wconf 87' lang='lat' dir='ltr'><strong>ex</strong></span> <span class='ocrx_word' id='word_1_680' title='bbox 3274 4395 3596 4450; x_wconf 64' lang='lat' dir='ltr'><strong>Christianis</strong></span> <span class='ocrx_word' id='word_1_681' title='bbox 3617 4397 3887 4463; x_wconf 84' lang='lat' dir='ltr'><strong>audierat,</strong></span> 
     </span>
    </p>
   </div>
   <div class='ocr_carea' id='block_1_90' title="bbox 572 4487 3892 4561">
    <p class='ocr_par' dir='ltr' id='par_1_90' title="bbox 572 4487 3892 4561">
     <span class='ocr_line' id='line_1_90' title="bbox 572 4487 3892 4561; baseline 0.002 -16"><span class='ocrx_word' id='word_1_682' title='bbox 572 4491 833 4559; x_wconf 77' lang='lat' dir='ltr'><strong>inspirata</strong></span> <span class='ocrx_word' id='word_1_683' title='bbox 866 4491 1142 4560; x_wconf 80' lang='lat' dir='ltr'><strong>patientia.</strong></span> <span class='ocrx_word' id='word_1_684' title='bbox 1177 4508 1195 4542; x_wconf 79' lang='grc' dir='ltr'><strong>ι</strong></span> <span class='ocrx_word' id='word_1_685' title='bbox 1224 4490 1428 4556; x_wconf 87' lang='lat' dir='ltr'><strong>Quibus</strong></span> <span class='ocrx_word' id='word_1_686' title='bbox 1468 4489 1684 4558; x_wconf 87' lang='lat' dir='ltr'><strong>quidem</strong></span> <span class='ocrx_word' id='word_1_687' title='bbox 1710 4491 1889 4544; x_wconf 80' lang='lat' dir='ltr'><strong>verbis</strong></span> <span class='ocrx_word' id='word_1_688' title='bbox 1918 4491 2179 4548; x_wconf 73' lang='lat' dir='ltr'><strong>Minucius</strong></span> <span class='ocrx_word' id='word_1_689' title='bbox 2203 4488 2257 4550; x_wconf 79' lang='grc' dir='ltr'><strong>ἰ)</strong></span> <span class='ocrx_word' id='word_1_690' title='bbox 2285 4487 2371 4540; x_wconf 59' lang='lat' dir='ltr'><strong>vel</strong></span> <span class='ocrx_word' id='word_1_691' title='bbox 2399 4487 2601 4555; x_wconf 72' lang='lat' dir='ltr'><strong>legerat</strong></span> <span class='ocrx_word' id='word_1_692' title='bbox 2644 4489 2697 4543; x_wconf 84' lang='lat' dir='ltr'><strong>in</strong></span> <span class='ocrx_word' id='word_1_693' title='bbox 2726 4487 2948 4543; x_wconf 75' lang='lat' dir='ltr'><strong>Joannis</strong></span> <span class='ocrx_word' id='word_1_694' title='bbox 2990 4488 3283 4559; x_wconf 76' lang='lat' dir='ltr'><strong>Evangelia</strong></span> <span class='ocrx_word' id='word_1_695' title='bbox 3310 4506 3323 4542; x_wconf 89' lang='lat'><strong>:</strong></span> <span class='ocrx_word' id='word_1_696' title='bbox 3349 4487 3469 4542; x_wconf 78' lang='lat' dir='ltr'><strong>Non</strong></span> <span class='ocrx_word' id='word_1_697' title='bbox 3493 4505 3580 4543; x_wconf 71' lang='lat' dir='ltr'><strong>vos</strong></span> <span class='ocrx_word' id='word_1_698' title='bbox 3611 4506 3691 4544; x_wconf 82' lang='lat' dir='ltr'><strong>me</strong></span> <span class='ocrx_word' id='word_1_699' title='bbox 3731 4490 3892 4561; x_wconf 80' lang='lat' dir='ltr'><strong>elegi-</strong></span> 
     </span>
    </p>
   </div>
   <div class='ocr_carea' id='block_1_91' title="bbox 574 4582 2180 4658">
    <p class='ocr_par' dir='ltr' id='par_1_91' title="bbox 574 4582 2180 4658">
     <span class='ocr_line' id='line_1_91' title="bbox 574 4582 2180 4658; baseline 0.003 -19"><span class='ocrx_word' id='word_1_700' title='bbox 574 4594 780 4650; x_wconf 90' lang='lat' dir='ltr'><strong>noster,</strong></span> <span class='ocrx_word' id='word_1_701' title='bbox 811 4587 881 4639; x_wconf 87' lang='lat' dir='ltr'><strong>ttti</strong></span> <span class='ocrx_word' id='word_1_702' title='bbox 915 4586 1110 4642; x_wconf 73' lang='lat' dir='ltr'><strong>cernis.</strong></span> <span class='ocrx_word' id='word_1_703' title='bbox 1135 4584 1247 4654; x_wconf 87' lang='lat' dir='ltr'><strong>jam</strong></span> <span class='ocrx_word' id='word_1_704' title='bbox 1278 4598 1404 4640; x_wconf 89' lang='lat' dir='ltr'><strong>usus</strong></span> <span class='ocrx_word' id='word_1_705' title='bbox 1448 4582 1639 4638; x_wconf 83' lang='lat' dir='ltr'><strong>fuerat.</strong></span> <span class='ocrx_word' id='word_1_706' title='bbox 1676 4585 1985 4641; x_wconf 89' lang='lat' dir='ltr'><strong>Lactantius</strong></span> <span class='ocrx_word' id='word_1_707' title='bbox 2017 4588 2180 4658; x_wconf 86' lang='lat' dir='ltr'><strong>igitur</strong></span> 
     </span>
    </p>
   </div>
   <div class='ocr_carea' id='block_1_92' title="bbox 572 4677 2175 4749">
    <p class='ocr_par' dir='ltr' id='par_1_92' title="bbox 572 4677 2175 4749">
     <span class='ocr_line' id='line_1_92' title="bbox 572 4677 2175 4749; baseline 0.006 -22"><span class='ocrx_word' id='word_1_708' title='bbox 572 4694 681 4734; x_wconf 88' lang='lat' dir='ltr'><strong>non</strong></span> <span class='ocrx_word' id='word_1_709' title='bbox 718 4677 878 4732; x_wconf 90' lang='lat' dir='ltr'><strong>modo</strong></span> <span class='ocrx_word' id='word_1_710' title='bbox 932 4678 1171 4731; x_wconf 85' lang='lat' dir='ltr'><strong>auctoris</strong></span> <span class='ocrx_word' id='word_1_711' title='bbox 1217 4679 1399 4742; x_wconf 76' lang='lat' dir='ltr'><strong>nostri</strong></span> <span class='ocrx_word' id='word_1_712' title='bbox 1443 4691 1661 4733; x_wconf 87' lang='lat' dir='ltr'><strong>sensum</strong></span> <span class='ocrx_word' id='word_1_713' title='bbox 1717 4687 1769 4734; x_wconf 90' lang='lat' dir='ltr'><strong>et</strong></span> <span class='ocrx_word' id='word_1_714' title='bbox 1796 4689 2053 4749; x_wconf 87' lang='lat' dir='ltr'><strong>mentem,</strong></span> <span class='ocrx_word' id='word_1_715' title='bbox 2080 4682 2175 4737; x_wconf 86' lang='lat' dir='ltr'><strong>sed</strong></span> 
     </span>
    </p>
   </div>
   <div class='ocr_carea' id='block_1_93' title="bbox 571 4768 1664 4839">
    <p class='ocr_par' dir='ltr' id='par_1_93' title="bbox 571 4768 1664 4839">
     <span class='ocr_line' id='line_1_93' title="bbox 571 4768 1664 4839; baseline -0.001 -14"><span class='ocrx_word' id='word_1_716' title='bbox 571 4769 686 4839; x_wconf 84' lang='lat' dir='ltr'><strong>ipsa</strong></span> <span class='ocrx_word' id='word_1_717' title='bbox 719 4771 879 4824; x_wconf 90' lang='lat' dir='ltr'><strong>etiam</strong></span> <span class='ocrx_word' id='word_1_718' title='bbox 904 4769 1149 4839; x_wconf 69' lang='lat' dir='ltr'><strong>qundam</strong></span> <span class='ocrx_word' id='word_1_719' title='bbox 1174 4768 1335 4822; x_wconf 76' lang='lat' dir='ltr'><strong>verba</strong></span> <span class='ocrx_word' id='word_1_720' title='bbox 1376 4770 1664 4837; x_wconf 87' lang='lat' dir='ltr'><strong>expressit.</strong></span> 
     </span>
    </p>
   </div>
   <div class='ocr_carea' id='block_1_94' title="bbox 644 4862 2178 4935">
    <p class='ocr_par' dir='ltr' id='par_1_94' title="bbox 644 4862 2178 4935">
     <span class='ocr_line' id='line_1_94' title="bbox 644 4862 2178 4935; baseline 0.003 -18"><span class='ocrx_word' id='word_1_721' title='bbox 644 4862 854 4917; x_wconf 89' lang='lat' dir='ltr'><strong>Nemini</strong></span> <span class='ocrx_word' id='word_1_722' title='bbox 879 4862 1326 4932; x_wconf 85' lang='lat' dir='ltr'><strong>porroingratnm</strong></span> <span class='ocrx_word' id='word_1_723' title='bbox 1351 4872 1444 4916; x_wconf 91' lang='lat' dir='ltr'><strong>aut</strong></span> <span class='ocrx_word' id='word_1_724' title='bbox 1475 4863 1827 4932; x_wconf 90' lang='lat' dir='ltr'><strong>injucundum</strong></span> <span class='ocrx_word' id='word_1_725' title='bbox 1867 4865 1981 4921; x_wconf 85' lang='lat' dir='ltr'><strong>fore</strong></span> <span class='ocrx_word' id='word_1_726' title='bbox 2020 4878 2178 4935; x_wconf 87' lang='lat' dir='ltr'><strong>puta-</strong></span> 
     </span>
    </p>
   </div>
   <div class='ocr_carea' id='block_1_95' title="bbox 574 4953 2176 5025">
    <p class='ocr_par' dir='ltr' id='par_1_95' title="bbox 574 4953 2176 5025">
     <span class='ocr_line' id='line_1_95' title="bbox 574 4953 2176 5025; baseline 0.001 -14"><span class='ocrx_word' id='word_1_727' title='bbox 574 4970 714 5015; x_wconf 82' lang='lat' dir='ltr'><strong>mus.</strong></span> <span class='ocrx_word' id='word_1_728' title='bbox 739 4956 782 5009; x_wconf 95' lang='lat' dir='ltr'><strong>si</strong></span> <span class='ocrx_word' id='word_1_729' title='bbox 814 4970 878 5010; x_wconf 83' lang='lat' dir='ltr'><strong>ex</strong></span> <span class='ocrx_word' id='word_1_730' title='bbox 912 4966 1139 5025; x_wconf 87' lang='lat' dir='ltr'><strong>utroque</strong></span> <span class='ocrx_word' id='word_1_731' title='bbox 1171 4953 1263 5008; x_wconf 91' lang='lat' dir='ltr'><strong>illo</strong></span> <span class='ocrx_word' id='word_1_732' title='bbox 1290 4953 1501 5009; x_wconf 81' lang='lat' dir='ltr'><strong>Minucii</strong></span> <span class='ocrx_word' id='word_1_733' title='bbox 1530 4955 1901 5020; x_wconf 82' lang='lat' dir='ltr'><strong>Lactatttiique</strong></span> <span class='ocrx_word' id='word_1_734' title='bbox 1928 4958 2046 5013; x_wconf 79' lang='lat' dir='ltr'><strong>loro</strong></span> <span class='ocrx_word' id='word_1_735' title='bbox 2071 4960 2176 5013; x_wconf 87' lang='lat' dir='ltr'><strong>oh-</strong></span> 
     </span>
    </p>
   </div>
   <div class='ocr_carea' id='block_1_96' title="bbox 572 5049 2177 5119">
    <p class='ocr_par' dir='ltr' id='par_1_96' title="bbox 572 5049 2177 5119">
     <span class='ocr_line' id='line_1_96' title="bbox 572 5049 2177 5119; baseline 0.002 -15"><span class='ocrx_word' id='word_1_736' title='bbox 572 5064 851 5106; x_wconf 88' lang='lat' dir='ltr'><strong>serventus</strong></span> <span class='ocrx_word' id='word_1_737' title='bbox 903 5065 1007 5105; x_wconf 90' lang='lat' dir='ltr'><strong>non</strong></span> <span class='ocrx_word' id='word_1_738' title='bbox 1057 5065 1301 5119; x_wconf 88' lang='lat' dir='ltr'><strong>parvum,</strong></span> <span class='ocrx_word' id='word_1_739' title='bbox 1351 5049 1488 5103; x_wconf 84' lang='lat' dir='ltr'><strong>sicut</strong></span> <span class='ocrx_word' id='word_1_740' title='bbox 1537 5051 1753 5118; x_wconf 71' lang='lat' dir='ltr'><strong>quidam</strong></span> <span class='ocrx_word' id='word_1_741' title='bbox 1801 5051 1935 5105; x_wconf 89' lang='lat' dir='ltr'><strong>falso</strong></span> <span class='ocrx_word' id='word_1_742' title='bbox 1984 5054 2177 5107; x_wconf 84' lang='lat' dir='ltr'><strong>existi-</strong></span> 
     </span>
    </p>
   </div>
   <div class='ocr_carea' id='block_1_97' title="bbox 571 5143 2171 5215">
    <p class='ocr_par' dir='ltr' id='par_1_97' title="bbox 571 5143 2171 5215">
     <span class='ocr_line' id='line_1_97' title="bbox 571 5143 2171 5215; baseline 0.004 -19"><span class='ocrx_word' id='word_1_743' title='bbox 571 5150 740 5203; x_wconf 83' lang='lat' dir='ltr'><strong>mant.</strong></span> <span class='ocrx_word' id='word_1_744' title='bbox 792 5143 957 5197; x_wconf 87' lang='lat' dir='ltr'><strong>luisse</strong></span> <span class='ocrx_word' id='word_1_745' title='bbox 999 5158 1184 5197; x_wconf 86' lang='lat' dir='ltr'><strong>eorum</strong></span> <span class='ocrx_word' id='word_1_746' title='bbox 1228 5151 1467 5210; x_wconf 90' lang='lat' dir='ltr'><strong>tempore</strong></span> <span class='ocrx_word' id='word_1_747' title='bbox 1518 5153 1811 5215; x_wconf 84' lang='lat' dir='ltr'><strong>martyrum</strong></span> <span class='ocrx_word' id='word_1_748' title='bbox 1862 5162 2171 5203; x_wconf 89' lang='lat' dir='ltr'><strong>numerum.</strong></span> 
     </span>
    </p>
   </div>
   <div class='ocr_carea' id='block_1_98' title="bbox 567 5234 2174 5308">
    <p class='ocr_par' dir='ltr' id='par_1_98' title="bbox 567 5234 2174 5308">
     <span class='ocr_line' id='line_1_98' title="bbox 567 5234 2174 5308; baseline 0.001 -15"><span class='ocrx_word' id='word_1_749' title='bbox 567 5234 757 5293; x_wconf 85' lang='lat' dir='ltr'><strong>Nonne</strong></span> <span class='ocrx_word' id='word_1_750' title='bbox 787 5235 930 5292; x_wconf 89' lang='lat' dir='ltr'><strong>enim</strong></span> <span class='ocrx_word' id='word_1_751' title='bbox 958 5252 1203 5308; x_wconf 85' lang='lat' dir='ltr'><strong>magnam</strong></span> <span class='ocrx_word' id='word_1_752' title='bbox 1236 5235 1427 5289; x_wconf 88' lang='lat' dir='ltr'><strong>horum</strong></span> <span class='ocrx_word' id='word_1_753' title='bbox 1458 5236 1623 5291; x_wconf 89' lang='lat' dir='ltr'><strong>fuisse</strong></span> <span class='ocrx_word' id='word_1_754' title='bbox 1666 5237 2063 5293; x_wconf 79' lang='lat' dir='ltr'><strong>multitudinem</strong></span> <span class='ocrx_word' id='word_1_755' title='bbox 2094 5239 2174 5294; x_wconf 89' lang='lat' dir='ltr'><strong>illi</strong></span> 
     </span>
    </p>
   </div>
   <div class='ocr_carea' id='block_1_99' title="bbox 563 5330 2171 5402">
    <p class='ocr_par' dir='ltr' id='par_1_99' title="bbox 563 5330 2171 5402">
     <span class='ocr_line' id='line_1_99' title="bbox 563 5330 2171 5402; baseline 0.003 -19"><span class='ocrx_word' id='word_1_756' title='bbox 563 5331 744 5401; x_wconf 81' lang='lat' dir='ltr'><strong>palam</strong></span> <span class='ocrx_word' id='word_1_757' title='bbox 778 5339 1069 5402; x_wconf 85' lang='lat' dir='ltr'><strong>aperteque</strong></span> <span class='ocrx_word' id='word_1_758' title='bbox 1114 5330 1412 5397; x_wconf 86' lang='lat' dir='ltr'><strong>declarant,</strong></span> <span class='ocrx_word' id='word_1_759' title='bbox 1449 5345 1567 5385; x_wconf 91' lang='lat' dir='ltr'><strong>cum</strong></span> <span class='ocrx_word' id='word_1_760' title='bbox 1598 5331 1784 5385; x_wconf 91' lang='lat' dir='ltr'><strong>dicunt</strong></span> <span class='ocrx_word' id='word_1_761' title='bbox 1826 5348 1931 5386; x_wconf 91' lang='lat' dir='ltr'><strong>non</strong></span> <span class='ocrx_word' id='word_1_762' title='bbox 1963 5342 2171 5389; x_wconf 91' lang='lat' dir='ltr'><strong>tantum</strong></span> 
     </span>
    </p>
   </div>
   <div class='ocr_carea' id='block_1_100' title="bbox 558 5425 2165 5497">
    <p class='ocr_par' dir='ltr' id='par_1_100' title="bbox 558 5425 2165 5497">
     <span class='ocr_line' id='line_1_100' title="bbox 558 5425 2165 5497; baseline 0.003 -19"><span class='ocrx_word' id='word_1_763' title='bbox 558 5425 729 5489; x_wconf 79' lang='lat' dir='ltr'><strong>viros,</strong></span> <span class='ocrx_word' id='word_1_764' title='bbox 760 5440 944 5480; x_wconf 88' lang='lat' dir='ltr'><strong>verum</strong></span> <span class='ocrx_word' id='word_1_765' title='bbox 973 5426 1134 5480; x_wconf 88' lang='lat' dir='ltr'><strong>etiam</strong></span> <span class='ocrx_word' id='word_1_766' title='bbox 1159 5441 1355 5496; x_wconf 90' lang='lat' dir='ltr'><strong>pueros</strong></span> <span class='ocrx_word' id='word_1_767' title='bbox 1380 5433 1433 5481; x_wconf 92' lang='lat' dir='ltr'><strong>et</strong></span> <span class='ocrx_word' id='word_1_768' title='bbox 1464 5426 1811 5482; x_wconf 90' lang='lat' dir='ltr'><strong>mulierculas</strong></span> <span class='ocrx_word' id='word_1_769' title='bbox 1835 5443 2042 5483; x_wconf 89' lang='lat' dir='ltr'><strong>summa</strong></span> <span class='ocrx_word' id='word_1_770' title='bbox 2070 5445 2165 5497; x_wconf 87' lang='lat' dir='ltr'><strong>pa-</strong></span> 
     </span>
    </p>
   </div>
   <div class='ocr_carea' id='block_1_101' title="bbox 558 5517 2167 5589">
    <p class='ocr_par' dir='ltr' id='par_1_101' title="bbox 558 5517 2167 5589">
     <span class='ocr_line' id='line_1_101' title="bbox 558 5517 2167 5589; baseline 0.004 -18"><span class='ocrx_word' id='word_1_771' title='bbox 558 5518 744 5573; x_wconf 88' lang='lat' dir='ltr'><strong>tientia</strong></span> <span class='ocrx_word' id='word_1_772' title='bbox 776 5532 838 5572; x_wconf 91' lang='lat' dir='ltr'><strong>ac</strong></span> <span class='ocrx_word' id='word_1_773' title='bbox 877 5518 999 5572; x_wconf 88' lang='lat' dir='ltr'><strong>sine</strong></span> <span class='ocrx_word' id='word_1_774' title='bbox 1033 5519 1140 5572; x_wconf 88' lang='lat' dir='ltr'><strong>ullo</strong></span> <span class='ocrx_word' id='word_1_775' title='bbox 1176 5517 1376 5586; x_wconf 79' lang='lat' dir='ltr'><strong>gemitu</strong></span> <span class='ocrx_word' id='word_1_776' title='bbox 1421 5532 1610 5586; x_wconf 88' lang='lat' dir='ltr'><strong>passos</strong></span> <span class='ocrx_word' id='word_1_777' title='bbox 1634 5534 1754 5576; x_wconf 89' lang='lat' dir='ltr'><strong>esse</strong></span> <span class='ocrx_word' id='word_1_778' title='bbox 1781 5535 1977 5589; x_wconf 89' lang='lat' dir='ltr'><strong>corpus</strong></span> <span class='ocrx_word' id='word_1_779' title='bbox 2006 5536 2167 5577; x_wconf 90' lang='lat' dir='ltr'><strong>suum</strong></span> 
     </span>
    </p>
   </div>
   <div class='ocr_carea' id='block_1_102' title="bbox 548 5607 2165 5677">
    <p class='ocr_par' dir='ltr' id='par_1_102' title="bbox 548 5607 2165 5677">
     <span class='ocr_line' id='line_1_102' title="bbox 548 5607 2165 5677; baseline 0.005 -17"><span class='ocrx_word' id='word_1_780' title='bbox 548 5607 630 5661; x_wconf 91' lang='lat' dir='ltr'><strong>uri</strong></span> <span class='ocrx_word' id='word_1_781' title='bbox 675 5616 726 5661; x_wconf 92' lang='lat' dir='ltr'><strong>et</strong></span> <span class='ocrx_word' id='word_1_782' title='bbox 764 5607 1048 5665; x_wconf 81' lang='lat' dir='ltr'><strong>cremari?</strong></span> <span class='ocrx_word' id='word_1_783' title='bbox 1077 5608 1217 5677; x_wconf 87' lang='lat' dir='ltr'><strong>Quid</strong></span> <span class='ocrx_word' id='word_1_784' title='bbox 1244 5624 1371 5664; x_wconf 89' lang='lat' dir='ltr'><strong>vero</strong></span> <span class='ocrx_word' id='word_1_785' title='bbox 1403 5607 1690 5666; x_wconf 88' lang='lat' dir='ltr'><strong>dicendum</strong></span> <span class='ocrx_word' id='word_1_786' title='bbox 1737 5609 1805 5665; x_wconf 89' lang='lat' dir='ltr'><strong>de</strong></span> <span class='ocrx_word' id='word_1_787' title='bbox 1852 5611 2015 5665; x_wconf 86' lang='lat' dir='ltr'><strong>variis</strong></span> <span class='ocrx_word' id='word_1_788' title='bbox 2042 5613 2165 5668; x_wconf 85' lang='lat' dir='ltr'><strong>aliis</strong></span> 
     </span>
    </p>
   </div>
   <div class='ocr_carea' id='block_1_103' title="bbox 535 5697 2163 5785">
    <p class='ocr_par' dir='ltr' id='par_1_103' title="bbox 535 5697 2163 5785">
     <span class='ocr_line' id='line_1_103' title="bbox 535 5697 2163 5785; baseline 0.006 -32"><span class='ocrx_word' id='word_1_789' title='bbox 535 5698 894 5764; x_wconf 85' lang='lat' dir='ltr'><strong>cruciatuum,</strong></span> <span class='ocrx_word' id='word_1_790' title='bbox 935 5697 1000 5756; x_wconf 83' lang='lat' dir='ltr'><strong>dc</strong></span> <span class='ocrx_word' id='word_1_791' title='bbox 1023 5706 1225 5773; x_wconf 83' lang='lat' dir='ltr'><strong>quibus</strong></span> <span class='ocrx_word' id='word_1_792' title='bbox 1255 5702 1328 5758; x_wconf 91' lang='lat' dir='ltr'><strong>illi</strong></span> <span class='ocrx_word' id='word_1_793' title='bbox 1359 5710 1660 5780; x_wconf 75' lang='lat' dir='ltr'><strong>tacuerunt,</strong></span> <span class='ocrx_word' id='word_1_794' title='bbox 1691 5704 2009 5785; x_wconf 74' lang='lat' dir='ltr'><strong>generibus,</strong></span> <span class='ocrx_word' id='word_1_795' title='bbox 2037 5721 2163 5763; x_wconf 89' lang='lat' dir='ltr'><strong>cru-</strong></span> 
     </span>
    </p>
   </div>
   <div class='ocr_carea' id='block_1_104' title="bbox 2282 4579 3885 4652">
    <p class='ocr_par' dir='ltr' id='par_1_104' title="bbox 2282 4579 3885 4652">
     <span class='ocr_line' id='line_1_104' title="bbox 2282 4579 3885 4652; baseline 0.001 -18"><span class='ocrx_word' id='word_1_796' title='bbox 2282 4581 2395 4644; x_wconf 78' lang='lat' dir='ltr'><strong>stis,</strong></span> <span class='ocrx_word' id='word_1_797' title='bbox 2444 4581 2536 4634; x_wconf 79' lang='lat' dir='ltr'><strong>sed</strong></span> <span class='ocrx_word' id='word_1_798' title='bbox 2580 4598 2671 4652; x_wconf 79' lang='lat' dir='ltr'><strong>ego</strong></span> <span class='ocrx_word' id='word_1_799' title='bbox 2700 4581 2829 4649; x_wconf 72' lang='lat' dir='ltr'><strong>elegi</strong></span> <span class='ocrx_word' id='word_1_800' title='bbox 2859 4598 2945 4635; x_wconf 79' lang='lat' dir='ltr'><strong>vos</strong></span> <span class='ocrx_word' id='word_1_801' title='bbox 2995 4579 3177 4652; x_wconf 81' lang='lat' dir='ltr'><strong>(Joau.</strong></span> <span class='ocrx_word' id='word_1_802' title='bbox 3206 4596 3293 4645; x_wconf 80' lang='lat' dir='ltr'><strong>xv,</strong></span> <span class='ocrx_word' id='word_1_803' title='bbox 3332 4581 3444 4650; x_wconf 74' lang='grc'><strong>16).</strong></span> <span class='ocrx_word' id='word_1_804' title='bbox 3479 4581 3558 4636; x_wconf 78' lang='lat' dir='ltr'><strong>Ex</strong></span> <span class='ocrx_word' id='word_1_805' title='bbox 3590 4582 3655 4636; x_wconf 76' lang='lat' dir='ltr'><strong>iis</strong></span> <span class='ocrx_word' id='word_1_806' title='bbox 3704 4589 3885 4636; x_wconf 81' lang='lat' dir='ltr'><strong>autem</strong></span> 
     </span>
    </p>
   </div>
   <div class='ocr_carea' id='block_1_105' title="bbox 2282 4673 3886 4745">
    <p class='ocr_par' dir='ltr' id='par_1_105' title="bbox 2282 4673 3886 4745">
     <span class='ocr_line' id='line_1_105' title="bbox 2282 4673 3886 4745; baseline -0.001 -16"><span class='ocrx_word' id='word_1_807' title='bbox 2282 4674 2375 4729; x_wconf 88' lang='lat' dir='ltr'><strong>ille</strong></span> <span class='ocrx_word' id='word_1_808' title='bbox 2405 4673 2715 4729; x_wconf 84' lang='lat' dir='ltr'><strong>concludit:</strong></span> <span class='ocrx_word' id='word_1_809' title='bbox 2757 4691 2776 4725; x_wconf 72' lang='grc' dir='ltr'><strong>ι</strong></span> <span class='ocrx_word' id='word_1_810' title='bbox 2808 4674 3234 4744; x_wconf 88' lang='lat' dir='ltr'><strong>lgituriniquum</strong></span> <span class='ocrx_word' id='word_1_811' title='bbox 3272 4674 3508 4744; x_wconf 80' lang='lat' dir='ltr'><strong>judicent</strong></span> <span class='ocrx_word' id='word_1_812' title='bbox 3542 4674 3759 4744; x_wconf 76' lang='lat' dir='ltr'><strong>fingitis,</strong></span> <span class='ocrx_word' id='word_1_813' title='bbox 3795 4674 3886 4745; x_wconf 72' lang='lat' dir='ltr'><strong>qui</strong></span> 
     </span>
    </p>
   </div>
   <div class='ocr_carea' id='block_1_106' title="bbox 2285 4766 3678 4836">
    <p class='ocr_par' dir='ltr' id='par_1_106' title="bbox 2285 4766 3678 4836">
     <span class='ocr_line' id='line_1_106' title="bbox 2285 4766 3678 4836; baseline 0 -15"><span class='ocrx_word' id='word_1_814' title='bbox 2285 4777 2486 4821; x_wconf 88' lang='lat' dir='ltr'><strong>sortem</strong></span> <span class='ocrx_word' id='word_1_815' title='bbox 2519 4768 2572 4821; x_wconf 92' lang='lat' dir='ltr'><strong>in</strong></span> <span class='ocrx_word' id='word_1_816' title='bbox 2593 4766 2901 4823; x_wconf 86' lang='lat' dir='ltr'><strong>hominibus</strong></span> <span class='ocrx_word' id='word_1_817' title='bbox 2928 4768 3134 4836; x_wconf 86' lang='lat' dir='ltr'><strong>puniat,</strong></span> <span class='ocrx_word' id='word_1_818' title='bbox 3160 4783 3266 4822; x_wconf 92' lang='lat' dir='ltr'><strong>non</strong></span> <span class='ocrx_word' id='word_1_819' title='bbox 3288 4768 3678 4823; x_wconf 60' lang='lat' dir='ltr'><strong>voluntatem.»</strong></span> 
     </span>
    </p>
   </div>
   <div class='ocr_carea' id='block_1_107' title="bbox 2355 4861 3885 4933">
    <p class='ocr_par' dir='ltr' id='par_1_107' title="bbox 2355 4861 3885 4933">
     <span class='ocr_line' id='line_1_107' title="bbox 2355 4861 3885 4933; baseline 0.001 -16"><span class='ocrx_word' id='word_1_820' title='bbox 2355 4861 2460 4917; x_wconf 88' lang='lat' dir='ltr'><strong>Sed</strong></span> <span class='ocrx_word' id='word_1_821' title='bbox 2516 4862 2652 4915; x_wconf 93' lang='lat' dir='ltr'><strong>hanc</strong></span> <span class='ocrx_word' id='word_1_822' title='bbox 2702 4861 2911 4916; x_wconf 89' lang='lat' dir='ltr'><strong>futilem</strong></span> <span class='ocrx_word' id='word_1_823' title='bbox 2970 4863 3313 4931; x_wconf 89' lang='lat' dir='ltr'><strong>ineptamque</strong></span> <span class='ocrx_word' id='word_1_824' title='bbox 3364 4862 3885 4933; x_wconf 88' lang='lat' dir='ltr'><strong>argumentationem</strong></span> 
     </span>
    </p>
   </div>
   <div class='ocr_carea' id='block_1_108' title="bbox 2283 4953 3887 5023">
    <p class='ocr_par' dir='ltr' id='par_1_108' title="bbox 2283 4953 3887 5023">
     <span class='ocr_line' id='line_1_108' title="bbox 2283 4953 3887 5023; baseline 0.001 -14"><span class='ocrx_word' id='word_1_825' title='bbox 2283 4954 2395 5009; x_wconf 90' lang='lat' dir='ltr'><strong>cito</strong></span> <span class='ocrx_word' id='word_1_826' title='bbox 2422 4964 2478 5007; x_wconf 89' lang='lat' dir='ltr'><strong>et</strong></span> <span class='ocrx_word' id='word_1_827' title='bbox 2520 4953 2678 5009; x_wconf 86' lang='lat' dir='ltr'><strong>facile</strong></span> <span class='ocrx_word' id='word_1_828' title='bbox 2712 4954 2972 5010; x_wconf 74' lang='lat' dir='ltr'><strong>Minucius</strong></span> <span class='ocrx_word' id='word_1_829' title='bbox 3010 4956 3221 5011; x_wconf 89' lang='lat' dir='ltr'><strong>evertit.</strong></span> <span class='ocrx_word' id='word_1_830' title='bbox 3247 4956 3504 5023; x_wconf 83' lang='lat' dir='ltr'><strong>Quamvis</strong></span> <span class='ocrx_word' id='word_1_831' title='bbox 3545 4957 3825 5012; x_wconf 87' lang='lat' dir='ltr'><strong>enimvero</strong></span> <span class='ocrx_word' id='word_1_832' title='bbox 3853 4971 3887 5011; x_wconf 87' lang='lat' dir='ltr'><strong>a</strong></span> 
     </span>
    </p>
   </div>
   <div class='ocr_carea' id='block_1_109' title="bbox 2286 5048 3889 5117">
    <p class='ocr_par' dir='ltr' id='par_1_109' title="bbox 2286 5048 3889 5117">
     <span class='ocr_line' id='line_1_109' title="bbox 2286 5048 3889 5117; baseline 0 -14"><span class='ocrx_word' id='word_1_833' title='bbox 2286 5050 2400 5103; x_wconf 90' lang='lat' dir='ltr'><strong>Deo</strong></span> <span class='ocrx_word' id='word_1_834' title='bbox 2420 5054 2589 5103; x_wconf 89' lang='lat' dir='ltr'><strong>simus</strong></span> <span class='ocrx_word' id='word_1_835' title='bbox 2616 5049 2797 5116; x_wconf 88' lang='lat' dir='ltr'><strong>electi,</strong></span> <span class='ocrx_word' id='word_1_836' title='bbox 2849 5058 3056 5104; x_wconf 89' lang='lat' dir='ltr'><strong>certum</strong></span> <span class='ocrx_word' id='word_1_837' title='bbox 3091 5058 3267 5103; x_wconf 89' lang='lat' dir='ltr'><strong>tamen</strong></span> <span class='ocrx_word' id='word_1_838' title='bbox 3309 5057 3391 5103; x_wconf 86' lang='lat' dir='ltr'><strong>est</strong></span> <span class='ocrx_word' id='word_1_839' title='bbox 3414 5048 3637 5102; x_wconf 89' lang='lat' dir='ltr'><strong>liberam</strong></span> <span class='ocrx_word' id='word_1_840' title='bbox 3667 5063 3889 5117; x_wconf 81' lang='lat' dir='ltr'><strong>semper</strong></span> 
     </span>
    </p>
   </div>
   <div class='ocr_carea' id='block_1_110' title="bbox 2281 5140 3888 5211">
    <p class='ocr_par' dir='ltr' id='par_1_110' title="bbox 2281 5140 3888 5211">
     <span class='ocr_line' id='line_1_110' title="bbox 2281 5140 3888 5211; baseline 0 -14"><span class='ocrx_word' id='word_1_841' title='bbox 2281 5157 2405 5197; x_wconf 86' lang='lat' dir='ltr'><strong>esse</strong></span> <span class='ocrx_word' id='word_1_842' title='bbox 2438 5141 2728 5196; x_wconf 90' lang='lat' dir='ltr'><strong>humanam</strong></span> <span class='ocrx_word' id='word_1_843' title='bbox 2756 5142 3110 5207; x_wconf 87' lang='lat' dir='ltr'><strong>voluntatem,</strong></span> <span class='ocrx_word' id='word_1_844' title='bbox 3150 5157 3211 5196; x_wconf 89' lang='lat' dir='ltr'><strong>ac</strong></span> <span class='ocrx_word' id='word_1_845' title='bbox 3236 5140 3463 5211; x_wconf 73' lang='lat' dir='ltr'><strong>proinde</strong></span> <span class='ocrx_word' id='word_1_846' title='bbox 3486 5142 3888 5210; x_wconf 73' lang='lat' dir='ltr'><strong>hominespro-</strong></span> 
     </span>
    </p>
   </div>
   <div class='ocr_carea' id='block_1_111' title="bbox 2283 5234 3860 5305">
    <p class='ocr_par' dir='ltr' id='par_1_111' title="bbox 2283 5234 3860 5305">
     <span class='ocr_line' id='line_1_111' title="bbox 2283 5234 3860 5305; baseline 0.002 -18"><span class='ocrx_word' id='word_1_847' title='bbox 2283 5234 2621 5304; x_wconf 85' lang='lat' dir='ltr'><strong>pterliberos</strong></span> <span class='ocrx_word' id='word_1_848' title='bbox 2646 5249 2775 5290; x_wconf 90' lang='lat' dir='ltr'><strong>suos</strong></span> <span class='ocrx_word' id='word_1_849' title='bbox 2816 5244 2988 5301; x_wconf 84' lang='lat' dir='ltr'><strong>actus,</strong></span> <span class='ocrx_word' id='word_1_850' title='bbox 3012 5235 3057 5289; x_wconf 90' lang='lat' dir='ltr'><strong>si</strong></span> <span class='ocrx_word' id='word_1_851' title='bbox 3108 5250 3202 5305; x_wconf 85' lang='lat' dir='ltr'><strong>pra</strong></span> <span class='ocrx_word' id='word_1_852' title='bbox 3215 5236 3265 5289; x_wconf 85' lang='lat' dir='ltr'><strong>vi</strong></span> <span class='ocrx_word' id='word_1_853' title='bbox 3311 5235 3441 5299; x_wconf 88' lang='lat' dir='ltr'><strong>sint,</strong></span> <span class='ocrx_word' id='word_1_854' title='bbox 3474 5250 3580 5289; x_wconf 85' lang='lat' dir='ltr'><strong>non</strong></span> <span class='ocrx_word' id='word_1_855' title='bbox 3609 5250 3739 5289; x_wconf 89' lang='lat' dir='ltr'><strong>vero</strong></span> <span class='ocrx_word' id='word_1_856' title='bbox 3766 5235 3860 5290; x_wconf 86' lang='lat' dir='ltr'><strong>illo</strong></span> 
     </span>
    </p>
   </div>
   <div class='ocr_carea' id='block_1_112' title="bbox 2282 5325 3882 5397">
    <p class='ocr_par' dir='ltr' id='par_1_112' title="bbox 2282 5325 3882 5397">
     <span class='ocr_line' id='line_1_112' title="bbox 2282 5325 3882 5397; baseline 0.002 -19"><span class='ocrx_word' id='word_1_857' title='bbox 2282 5340 2403 5379; x_wconf 89' lang='lat' dir='ltr'><strong>rum</strong></span> <span class='ocrx_word' id='word_1_858' title='bbox 2437 5334 2637 5381; x_wconf 89' lang='lat' dir='ltr'><strong>sortem</strong></span> <span class='ocrx_word' id='word_1_859' title='bbox 2664 5342 2694 5380; x_wconf 90' lang='lat' dir='ltr'><strong>a</strong></span> <span class='ocrx_word' id='word_1_860' title='bbox 2727 5327 2838 5383; x_wconf 91' lang='lat' dir='ltr'><strong>Deo</strong></span> <span class='ocrx_word' id='word_1_861' title='bbox 2864 5328 3063 5397; x_wconf 87' lang='lat' dir='ltr'><strong>puniri.</strong></span> <span class='ocrx_word' id='word_1_862' title='bbox 3089 5345 3108 5378; x_wconf 87' lang='grc'><strong>‹</strong></span> <span class='ocrx_word' id='word_1_863' title='bbox 3133 5325 3305 5392; x_wconf 72' lang='lat' dir='ltr'><strong>Meus,</strong></span> <span class='ocrx_word' id='word_1_864' title='bbox 3328 5327 3545 5397; x_wconf 73' lang='lat' dir='ltr'><strong>quippe,</strong></span> <span class='ocrx_word' id='word_1_865' title='bbox 3575 5327 3653 5382; x_wconf 87' lang='lat' dir='ltr'><strong>uti</strong></span> <span class='ocrx_word' id='word_1_866' title='bbox 3673 5326 3761 5381; x_wconf 88' lang='lat' dir='ltr'><strong>ille</strong></span> <span class='ocrx_word' id='word_1_867' title='bbox 3786 5327 3882 5391; x_wconf 86' lang='lat' dir='ltr'><strong>ait,</strong></span> 
     </span>
    </p>
   </div>
   <div class='ocr_carea' id='block_1_113' title="bbox 2283 5417 3887 5489">
    <p class='ocr_par' dir='ltr' id='par_1_113' title="bbox 2283 5417 3887 5489">
     <span class='ocr_line' id='line_1_113' title="bbox 2283 5417 3887 5489; baseline 0 -16"><span class='ocrx_word' id='word_1_868' title='bbox 2283 5419 2451 5475; x_wconf 89' lang='lat' dir='ltr'><strong>libera</strong></span> <span class='ocrx_word' id='word_1_869' title='bbox 2480 5430 2584 5488; x_wconf 91' lang='lat' dir='ltr'><strong>est,</strong></span> <span class='ocrx_word' id='word_1_870' title='bbox 2613 5431 2669 5475; x_wconf 91' lang='lat' dir='ltr'><strong>et</strong></span> <span class='ocrx_word' id='word_1_871' title='bbox 2700 5419 2822 5474; x_wconf 89' lang='lat' dir='ltr'><strong>ideo</strong></span> <span class='ocrx_word' id='word_1_872' title='bbox 2851 5432 3005 5474; x_wconf 88' lang='lat' dir='ltr'><strong>actus</strong></span> <span class='ocrx_word' id='word_1_873' title='bbox 3055 5418 3310 5483; x_wconf 87' lang='lat' dir='ltr'><strong>hominis,</strong></span> <span class='ocrx_word' id='word_1_874' title='bbox 3342 5434 3449 5473; x_wconf 88' lang='lat' dir='ltr'><strong>non</strong></span> <span class='ocrx_word' id='word_1_875' title='bbox 3477 5417 3712 5489; x_wconf 78' lang='lat' dir='ltr'><strong>dignitas</strong></span> <span class='ocrx_word' id='word_1_876' title='bbox 3732 5417 3887 5487; x_wconf 80' lang='lat' dir='ltr'><strong>judi-</strong></span> 
     </span>
    </p>
   </div>
   <div class='ocr_carea' id='block_1_114' title="bbox 2278 5514 3885 5585">
    <p class='ocr_par' dir='ltr' id='par_1_114' title="bbox 2278 5514 3885 5585">
     <span class='ocr_line' id='line_1_114' title="bbox 2278 5514 3885 5585; baseline 0 -16"><span class='ocrx_word' id='word_1_877' title='bbox 2278 5523 2452 5569; x_wconf 90' lang='lat' dir='ltr'><strong>catur.</strong></span> <span class='ocrx_word' id='word_1_878' title='bbox 2489 5534 2507 5566; x_wconf 83' lang='grc' dir='ltr'><strong>ι</strong></span> <span class='ocrx_word' id='word_1_879' title='bbox 2553 5515 2693 5571; x_wconf 88' lang='lat' dir='ltr'><strong>Deus</strong></span> <span class='ocrx_word' id='word_1_880' title='bbox 2735 5529 2866 5585; x_wconf 84' lang='lat' dir='ltr'><strong>ergo</strong></span> <span class='ocrx_word' id='word_1_881' title='bbox 2917 5515 3094 5585; x_wconf 84' lang='lat' dir='ltr'><strong>justus</strong></span> <span class='ocrx_word' id='word_1_882' title='bbox 3143 5530 3438 5585; x_wconf 65' lang='lat' dir='ltr'><strong>aequosque</strong></span> <span class='ocrx_word' id='word_1_883' title='bbox 3462 5525 3547 5571; x_wconf 86' lang='lat' dir='ltr'><strong>est</strong></span> <span class='ocrx_word' id='word_1_884' title='bbox 3573 5514 3762 5585; x_wconf 79' lang='lat' dir='ltr'><strong>judex,</strong></span> <span class='ocrx_word' id='word_1_885' title='bbox 3793 5515 3885 5583; x_wconf 88' lang='lat' dir='ltr'><strong>qui</strong></span> 
     </span>
    </p>
   </div>
   <div class='ocr_carea' id='block_1_115' title="bbox 2278 5607 3885 5681">
    <p class='ocr_par' dir='ltr' id='par_1_115' title="bbox 2278 5607 3885 5681">
     <span class='ocr_line' id='line_1_115' title="bbox 2278 5607 3885 5681; baseline 0.002 -20"><span class='ocrx_word' id='word_1_886' title='bbox 2278 5607 2526 5665; x_wconf 88' lang='lat' dir='ltr'><strong>homines</strong></span> <span class='ocrx_word' id='word_1_887' title='bbox 2562 5616 2782 5679; x_wconf 90' lang='lat' dir='ltr'><strong>propter</strong></span> <span class='ocrx_word' id='word_1_888' title='bbox 2829 5607 3002 5665; x_wconf 86' lang='lat' dir='ltr'><strong>bonos</strong></span> <span class='ocrx_word' id='word_1_889' title='bbox 3047 5617 3198 5665; x_wconf 87' lang='lat' dir='ltr'><strong>actus</strong></span> <span class='ocrx_word' id='word_1_890' title='bbox 3253 5608 3498 5679; x_wconf 65' lang='lat' dir='ltr'><strong>praemio,</strong></span> <span class='ocrx_word' id='word_1_891' title='bbox 3544 5621 3611 5664; x_wconf 88' lang='lat' dir='ltr'><strong>ac</strong></span> <span class='ocrx_word' id='word_1_892' title='bbox 3658 5617 3885 5681; x_wconf 84' lang='lat' dir='ltr'><strong>prepter</strong></span> 
     </span>
    </p>
   </div>
   <div class='ocr_carea' id='block_1_116' title="bbox 2272 5699 2889 5775">
    <p class='ocr_par' dir='ltr' id='par_1_116' title="bbox 2272 5699 2889 5775">
     <span class='ocr_line' id='line_1_116' title="bbox 2272 5699 2889 5775; baseline -0.005 -15"><span class='ocrx_word' id='word_1_893' title='bbox 2272 5703 2469 5773; x_wconf 86' lang='lat' dir='ltr'><strong>malos,</strong></span> <span class='ocrx_word' id='word_1_894' title='bbox 2501 5702 2680 5775; x_wconf 80' lang='lat' dir='ltr'><strong>ptenis</strong></span> <span class='ocrx_word' id='word_1_895' title='bbox 2707 5699 2889 5757; x_wconf 83' lang='lat' dir='ltr'><strong>afficit.</strong></span> 
     </span>
    </p>
   </div>
  </div>
