4248 6264
414 266 509 329 461

410 485 556 540 cedit
602 485 698 549 illi,
735 484 877 555 quod
923 484 1058 550 vult,
1109 500 1296 541 omnes
1337 485 1675 544 Christianos
1718 492 2011 549 credidisse

410 579 591 634 omnia
614 578 724 634 fato
759 578 896 632 ﬁeri.
928 581 997 632 At
1025 579 1153 649 quid
1174 589 1258 635 est
1292 580 1483 648 fatutn,
1529 583 1744 653 inquit?
1778 605 1796 638 ‹
1821 586 2008 642 Fatum

409 682 516 736 est.
536 672 676 743 quod
696 672 761 727 de
790 687 1113 742 unoquoque
1142 686 1385 730 nostrum
1409 675 1549 732 Deus
1566 676 1705 731 fatus
1733 688 1867 734 est.»
1904 679 2009 734 Ne~

407 784 514 839 que
543 767 667 822 huic
695 767 783 822 fati
810 766 1111 822 definitioni
1157 779 1420 840 repugnat
1464 771 1814 841 Augustinus.
1875 773 2008 829 Nam

413 880 434 912 ι
471 862 717 917 ordinem
748 878 1055 930 causarum,
1095 864 1296 934 inquit,
1328 865 1414 920 ubi
1447 867 1694 922 voluntas
1721 869 1810 923 Dei
1844 871 2008 938 pluri-

404 971 551 1010 mum
599 964 794 1024 potest,
839 971 1013 1025 neque
1052 971 1338 1026 negamus,
1376 974 1552 1027 neque
1613 958 1704 1014 fati
1749 961 2010 1015 vocabulo

405 1063 801 1116 nuncupamus,
838 1049 940 1103 nisi
973 1049 1132 1114 forte,
1173 1058 1229 1104 ut
1259 1051 1420 1103 fatum
1445 1067 1475 1102 (ι
1503 1051 1664 1120 fando
1693 1052 1893 1108 dietuni
1926 1055 2008 1107 in-

404 1139 731 1210 telligamus,
786 1140 837 1194 id
865 1150 970 1204 est,
1001 1156 1031 1194 a
1064 1141 1333 1211 loquendo
1375 1142 1635 1214 (August.,
1686 1145 1774 1198 lib.
1825 1147 1888 1199 de
1916 1144 2006 1200 Ci-

404 1237 516 1298 νει..
543 1252 655 1306 cap.
689 1237 744 1300 9,
777 1253 898 1307 pag.
928 1235 1110 1307 125).»
1138 1236 1292 1290 Plura
1321 1236 1459 1292 hanc
1482 1237 1532 1294 in
1563 1253 1675 1294 rem
1703 1241 1845 1311 apud
1877 1241 2010 1297 Vos-

406 1333 544 1384 simn
579 1331 630 1383 in
665 1329 1036 1401 Etymologico
1065 1329 1292 1384 videbis.

485 1423 592 1476 Hac
633 1434 812 1476 autem
847 1424 1018 1496 posita
1054 1424 1143 1476 fati
1193 1421 1526 1490 definitione,
1555 1425 1831 1481 contendit
1854 1427 2012 1483 Octa-

403 1516 523 1570 vius
549 1515 753 1570 nnllam
803 1515 1010 1573 homini
1061 1516 1125 1569 ad
1159 1516 1420 1586 agendum
1451 1534 1480 1572 a
1512 1517 1623 1573 Deo
1655 1521 1855 1589 imponi
1886 1521 2013 1575 fata-

404 1607 509 1663 lem
543 1609 940 1663 neces~itatein.
975 1608 1114 1663 Deus
1141 1615 1281 1663 enim
1307 1626 1434 1664 vero
1457 1631 1474 1662 ‹
1505 1628 1628 1666 cum
1657 1615 1956 1678 materiam,
1986 1633 2004 1665 )

403 1701 592 1771 inquit,
613 1717 709 1758 seu
735 1701 912 1757 futura
940 1703 1140 1769 omnia,
1174 1703 1287 1759 sive
1315 1704 1474 1770 bona,
1504 1706 1623 1760 sive
1674 1707 1810 1762 mala
1842 1707 2013 1762 homi-

1833 271 2300 339 DISSERTATIO.

490 393 686 447 Verum
715 390 970 448 Octavius
1010 404 1132 446 eum
1162 389 1384 447 Caecilio
1413 393 1522 462 agit
1553 394 1842 452 liberalius.
1877 400 2013 454 Con-
2041 395 2094 457 Α

2730 408 2958 469 CAPUT
2993 412 3106 468 VII.

2243 574 2308 612 DE
2348 576 2482 617 ALIIS
2521 578 2852 622 (ΖΗΙὶΙὸΤΙΛΝίΕ
2894 584 3190 626 HELIGIONIS
3219 587 3570 632 DOGMATIBUS.

2666 744 2952 786 ARTICL’LUS
2993 746 3202 790 PRIMUS.

2117 851 2460 912 Excutiuntur
2483 875 2799 933 argumenta,
2831 871 3013 936 quibus
3047 871 3282 930 chilius
3309 893 3580 947 corporum
3625 899 3720 936 nov

2187 957 2407 1002 atrorum
2449 959 2865 1012 resurrectionem
2910 963 3196 1035 impugnat,
3239 979 3283 1021 et
3340 971 3579 1027 Octavius
3609 991 3721 1026 eant

2189 1049 2356 1094 tuetur
2379 1060 2399 1108 ;
2439 1045 2524 1098 ubi
2562 1047 2624 1101 de
2655 1055 3070 1123 melempsyrltosi
3102 1069 3252 1126 atque
3279 1061 3432 1130 hujus
3462 1065 3718 1125 opinionis

2189 1135 2475 1189 auctoribus
2500 1149 2544 1191 et
2568 1146 2897 1201 assertoribus
2930 1147 3230 1221 Pythagora
3259 1163 3304 1208 et
3335 1153 3571 1212 Platone.

2186 1309 2306 1365 Alia
2334 1313 2576 1380 quaedam
2606 1317 2914 1378 christiana:
2936 1326 3209 1396 religionis
3239 1331 3563 1392 documenta
3594 1355 3718 1396 con«

2115 1403 2315 1458 vellere
2343 1406 2530 1462 nititur
2560 1408 2826 1477 Cmcilius,
2869 1417 2964 1471 sed
3019 1435 3122 1474 non
3169 1422 3394 1478 felicior:
3440 1443 3715 1489 Successu.

2120 1492 2290 1549 Unum
2321 1509 2496 1554 autem
2521 1518 2587 1556 ex
2613 1508 2894 1576 [iru'cipttis
2917 1510 3042 1564 illud
3069 1516 3252 1580 procul
3287 1517 3448 1573 dubio
3476 1533 3577 1583 est,
3611 1540 3718 1594 quo

2116 1585 2329 1644 futurus
2355 1595 2598 1661 Corporis
2617 1598 2786 1651 nostri
2815 1600 2880 1652 ad
2916 1602 3074 1654 vitam
3104 1605 3309 1661 reditus
3335 1585 3720 1670 aSseritur..Eo

2118 1679 2258 1732 enim
2283 1683 2514 1750 sublato,
2536 1701 2689 1751 vana,
2725 1701 2779 1742 ut
2809 1692 2882 1744 ait
2913 1695 3223 1763 Apostolus,
3247 1712 3292 1753 et
3327 1701 3495 1757 inanis
3527 1708 3630 1760 erit
3663 1709 3725 1762 li-

405 1770 532 1848 nu'm
564 1808 750 1862 opem,
789 1813 806 1845 ε
847 1795 1014 1863 possit
1045 1795 1317 1864 pmscire.
1354 1811 1449 1865 pro
1499 1796 1707 1852 mediis
1735 1807 1790 1852 et
1834 1799 2008 1868 quam
2038 1793 2087 1854 Β
2116 1770 2456 1868 desatostra.
2489 1778 2735 1835 Caecilius
2777 1798 2901 1838 vero
2955 1784 3055 1842 hoc
3093 1789 3213 1845 lidei
3260 1796 3484 1864 speique
3523 1812 3722 1858 nostra:

407 1886 604 1941 tatibus
647 1887 976 1956 singulorum
1029 1888 1130 1941 lata
1185 1887 1525 1943 determinat.
1563 1909 1582 1941 ι
1631 1890 1835 1957 Quibus
1879 1909 2009 1948 sane

407 1977 588 2032 verbis
615 1978 772 2032 docet
799 1978 986 2044 Deum,
1009 1983 1100 2048 qui
1124 1978 1303 2033 divina
1331 1995 1426 2035 sua
1460 1983 1798 2050 praesoieutia
1826 1986 2006 2038 omnia

409 2068 610 2129 futura,
639 2084 700 2122 ac
728 2069 980 2140 quidquid
1024 2073 1390 2141 unusquisque
1415 2082 1506 2126 aut
1535 2073 1691 2139 bene,
1724 2084 1815 2128 aut
1841 2077 2005 2142 male,

408 2159 503 2215 sed
533 2175 744 2230 semper
771 2176 957 2231 magna
981 2177 1103 2216 cum
1129 2163 1394 2230 libertate,
1427 2173 1645 2219 acturus
1667 2177 1768 2230 est,
1803 2169 2008 2236 optime

407 2254 702 2322 cognoscit,
740 2269 835 2323 pro
881 2254 1086 2310 meritis
1139 2257 1498 2326 singulorum,
1532 2259 1646 2313 sive
1694 2260 1870 2320 bonis,
1895 2262 2008 2318 sive

409 2347 585 2410 malis,
627 2345 755 2410 fata,
785 2345 838 2402 id
869 2359 972 2415 est,
1001 2358 1201 2404 teterna
1233 2362 1326 2405 aut
1353 2353 1637 2421 supplicia,
1666 2363 1760 2408 aut
1789 2357 2008 2425 praemia

409 2438 792 2507 determinare,
831 2456 925 2496 seu
965 2454 1170 2497 aeterno
1189 2444 1408 2500 decreto
1435 2461 1536 2502 suo
1562 2455 1800 2503 statuere
1829 2464 1891 2503 ac
1912 2450 2010 2506 de-

409 2544 649 2586 cernere.
685 2531 764 2586 Ex
793 2533 986 2602 quibus
1016 2534 1104 2589 ille
1159 2536 1298 2590 hunc
1345 2540 1619 2594 concludit
1652 2541 1704 2595 in
1742 2542 1958 2597 modum
1991 2559 2005 2596 :

416 2642 435 2673 (
475 2623 547 2678 Ita
580 2626 632 2679 in
671 2626 827 2680 nobis
861 2642 965 2681 non
997 2629 1239 2698 genitura
1270 2630 1541 2700 plectitur,
1572 2634 1666 2688 sed
1692 2635 1890 2703 ingenii
1915 2653 2011 2691 na-

410 2732 526 2779 tura
559 2726 774 2794 punitur
802 2742 816 2791 ;
859 2747 877 2778 ι
915 2728 1014 2781 hoc
1044 2737 1149 2794 est,
1183 2744 1287 2784 non
1313 2731 1581 2800 genitura,
1611 2733 1728 2786 sine
1756 2735 2012 2789 nascendi

409 2817 622 2882 modus,
655 2819 752 2874 sed
781 2819 904 2872 vitia
935 2831 1137 2884 nostra,
1168 2837 1234 2876 ac
1257 2837 1320 2877 ea
1347 2821 1548 2889 omnia,
1575 2839 1694 2893 qua:
1737 2826 1828 2880 Dei
1861 2842 2014 2882 man-

410 2914 550 2970 datis
604 2931 706 2970 non
757 2917 1182 2986 obtemperando
1213 2957 1228 2984 ,
1284 2920 1644 2988 peccavimus,
1686 2922 1753 2978 ab
1805 2923 1897 2978 illo
1921 2922 2012 2993 ju-

413 3007 648 3063 stissime
680 3010 991 3079 puniuntur.

484 3101 654 3157 Porro
683 3115 858 3157 autem
888 3104 1012 3173 quia
1056 3100 1304 3160 Caicilins
1339 3107 1514 3175 palam
1566 3118 1841 3164 asseverat
1887 3125 2012 3179 pro.

2116 1864 2516 1924 fundamentum
2571 1872 2674 1926 isto
2715 1873 3030 1935 dilemmate
3070 1894 3316 1940 evertere
3348 1891 3711 1949 moliebatur:

2118 1957 2211 2013 Vel
2237 1977 2597 2033 resurgemus,
2628 1967 2817 2039 inquit,
2861 1975 2978 2030 sine
3023 1992 3252 2049 corpore
3277 2024 3290 2046 ,
3322 1985 3406 2039 vel
3447 2003 3567 2042 cum
3601 2007 3724 2046 cor-

2115 2066 2269 2121 pore.
2301 2054 2415 2109 Non
2449 2059 2680 2127 primum
2738 2064 2994 2132 quidem;
3028 2085 3149 2124 nam
3198 2074 3316 2128 sine
3353 2090 3580 2147 corpore
3621 2100 3719 2138 ne-

2113 2160 2218 2214 que
2270 2165 2424 2204 mens
2450 2195 2462 2217 ,
2493 2168 2666 2220 neque
2697 2159 2896 2225 anima,
2930 2177 3102 2231 neque
3151 2165 3254 2219 vita
3307 2180 3406 2223 est.
3441 2175 3616 2244 Atque
3647 2177 3720 2232 ita

2114 2245 2629 2306 argunteulabantnr
2658 2251 2860 2306 ethnici
2888 2295 2902 2318 ,
2933 2258 3022 2325 qui
3059 2257 3188 2312 nihil
3247 2262 3346 2317 nisi
3398 2280 3720 2336 corporeum

2114 2335 2377 2393 exsiStere
2420 2356 2577 2409 posse
2636 2347 2963 2414 garriebant.
3022 2352 3204 2423 Neque
3258 2359 3417 2413 etiam
3446 2335 3566 2417 cum
3596 2380 3722 2420 cor-

2114 2441 2267 2497 pore,
2299 2432 2471 2501 pergit
2501 2437 2766 2500 Caicilius,
2802 2441 2882 2495 vel
2931 2443 3163 2511 ipsomet
3195 2461 3398 2516 nostro,
3432 2455 3512 2507 vel
3543 2457 3722 2512 alieno

2097 2537 2478 2594 .J‘esnrgemns.
2515 2528 2628 2583 Non
2656 2533 2882 2600 ipsomet
2907 2538 3120 2604 quidem
3153 2553 3358 2608 nostro,
3390 2549 3529 2614 quod
3553 2568 3579 2600 ει
3614 2560 3723 2606 tam

2100 2617 2280 2688 'longo
2309 2629 2550 2688 tempore
2578 2626 2684 2678 erit
2725 2637 3032 2694 mortuum;
3065 2642 3120 2686 ut
3146 2635 3275 2688 nihil
3328 2653 3549 2706 prorsus
3576 2644 3720 2699 illius

2117 2711 2320 2765 residui
2349 2713 2640 2784 quidquam
2675 2721 2843 2787 possit
2866 2737 3164 2779 remanere.
3198 2725 3312 2779 Non
3343 2731 3517 2784 alieno
3535 2734 3720 2802 etiam,

2115 2806 2552 2875 quandoquidem
2581 2826 2684 2863 non
2717 2812 2856 2868 idem
2890 2833 3138 2885 numero,
3169 2820 3262 2875 sed
3289 2822 3424 2878 alius
3449 2840 3480 2880 a
3511 2837 3723 2885 mortuo

2117 2897 2393 2955 redivivus
2423 2903 2585 2956 homo
2615 2904 2772 2960 foret.

2188 2994 2436 3048 Secundo
2480 2996 2676 3052 deinde
2717 3013 3036 3070 argumento
3066 3015 3250 3060 contra
3304 3012 3500 3065 mortui
3552 3014 3725 3070 nostri

2119 3090 2364 3159 Corporis
2385 3089 2451 3144 ad
2482 3091 2640 3145 vitam
2668 3095 3050 3150 excitatiOnem
3071 3099 3149 3152 sic
3178 3100 3353 3157 adhuc
3379 3116 3576 3173 pugnat
3603 3109 3724 3160 Cae-

409 3203 696 3264 pugnaiam
743 3211 771 3249 a
805 3195 1051 3265 plurimis
1096 3197 1621 3267 gemitibusimpiam
1655 3200 1722 3256 de
1749 3202 1857 3255 {am
1905 3186 2074 3258 seuC
2108 3187 2305 3242 cilius:
2345 3205 2365 3237 ι
2412 3189 2545 3253 Quis
2599 3205 2733 3244 unus
2774 3192 2913 3246 ullus
2967 3193 3035 3248 ab
3083 3194 3266 3249 inferis
3313 3198 3394 3250 vel
3441 3198 3726 3256 Protesilai

409 3286 553 3342 fatali
585 3290 904 3343 necessitate
948 3287 1273 3359 opinionem,
1303 3305 1332 3343 a
1364 3290 1516 3345 nobis
1543 3291 1683 3347 haud
1708 3294 1868 3349 dubie
1911 3296 2010 3350 ali-

407 3382 527 3452 quis
553 3381 913 3436 seiscitabitur
957 3384 1176 3452 quinam
1210 3383 1284 3436 iili
1331 3383 1546 3440 fuerint.
1595 3389 1662 3441 At
1705 3387 1923 3445 cuilibet
1954 3390 2006 3445 id

408 3476 609 3545 petenti
655 3475 1004 3545 plenissime,
1055 3475 1132 3530 uti
1169 3477 1491 3531 arbitramur
1522 3518 1536 3541 ,
1592 3478 1677 3533 bis
1724 3478 2008 3536 Ciceronis

405 3569 583 3626 verbis
611 3569 1002 3626 satisfaciamus
1033 3589 1046 3625 :
1077 3588 1098 3622 ι
1141 3572 1220 3626 Ac
1263 3571 1659 3641 mihiquidem,
1696 3574 1886 3644 inquit,
1922 3575 2006 3630 vi-

405 3666 586 3727 detur,
614 3679 734 3719 eum
775 3665 897 3719 dua!
918 3668 1199 3719 sententia:
1233 3663 1463 3720 fuissent
1492 3678 1730 3723 velerqu
1761 3667 2002 3737 philoso-

405 3759 660 3830 phorum,
691 3773 794 3813 una
843 3773 1050 3822 eorum,
1105 3758 1193 3828 qui
1236 3768 1520 3814 censerent
1558 3761 1737 3814 omnia
1793 3761 1864 3815 ita
1893 3760 2006 3816 fato

412 3853 553 3913 ﬁeri,
587 3863 644 3907 ut
670 3853 723 3906 id
776 3852 940 3907 fatum
971 3856 1072 3906 vim
1127 3855 1464 3909 necessitatis
1493 3854 1739 3920 aferret,
1795 3855 1846 3909 in
1901 3871 2003 3923 qua

409 3946 676 4000 sententia
709 3946 1059 4011 Democritus,
1079 3945 1382 4002 Heraclitus
1402 3988 1415 4010 ,
1451 3947 1826 4016 Empedocles,
1857 3947 2004 4001 Aris-

408 4038 602 4092 toteles
633 4037 768 4093 fuit:
800 4037 967 4092 altera
1019 4054 1239 4105 eorum,
1271 4040 1466 4110 quibus
1524 4039 1836 4093 viderentur
1887 4039 2004 4094 sine

405 4131 516 4186 ullo
536 4132 644 4186 fato
671 4148 794 4188 esse
819 4133 1118 4188 animorum
1149 4142 1326 4187 motus
1374 4133 1654 4188 voluntarii
1679 4149 1693 4199 ;
1749 4132 2004 4203 Chrysip-

405 4241 504 4296 pus
549 4236 818 4297 tamquam
865 4229 1067 4282 arbiter
1109 4227 1448 4292 bonorarius,
1510 4228 1744 4283 medium
1774 4245 1833 4283 se
1864 4230 2004 4283 ferre

405 4319 674 4374 voluisse:
699 4320 792 4375 sed
847 4322 1076 4390 applicat
1101 4336 1159 4375 se
1185 4320 1250 4373 ad
1283 4334 1378 4374 eos
1409 4320 1586 4389 potius
1639 4322 1728 4390 qui
1762 4322 2003 4377 necessi-

406 4424 514 4470 tate
541 4428 715 4471 motus
740 4418 946 4472 animos
988 4417 1240 4471 liberatos
1280 4418 1485 4470 volunt.
1515 4417 1646 4470 Dum
1677 4427 1853 4473 autem
1885 4435 2006 4473 ver-

404 4507 486 4563 bis
533 4515 696 4564 utitur
734 4512 868 4574 suis,
901 4511 1168 4565 delabitur
1208 4511 1259 4566 in
1307 4526 1400 4566 eas
1428 4510 1794 4577 difficultates,
1822 4523 1872 4567 ut
1905 4530 2003 4568 nec

2114 3293 2262 3338 sorte
2289 3284 2569 3348 remeavit,
2602 3283 2854 3338 horarum
2877 3287 3064 3340 saltem
3097 3291 3361 3356 permisso
3385 3305 3718 3360 commeatu,

2112 3378 2196 3432 vel
2227 3388 2281 3430 ιιι
2313 3376 2561 3446 exetnplo
2585 3377 2979 3433 crederemus?
3020 3397 3038 3432 ι
3073 3379 3188 3434 Jan)
3221 3396 3350 3436 vero
3376 3386 3720 3440 observatum

2111 3486 2140 3525 a
2173 3471 2328 3524 nobis
2353 3470 2451 3524 fuit
2477 3470 2737 3540 quosdam
2769 3473 2964 3526 frustra
2993 3475 3220 3527 ominari
3257 3476 3309 3528 in
3352 3476 3453 3531 hoc
3495 3478 3711 3533 Minucii

2114 3574 2262 3619 textu
2315 3565 2517 3618 nomini
2569 3567 2812 3618 horarum
2848 3567 3275 3637 subjungendum
3316 3586 3436 3624 esse
3484 3572 3716 3640 adjecti-

2110 3672 2234 3711 vum
2268 3673 2567 3726 paucarum.
2616 3657 2758 3712 Satis
2795 3660 2938 3713 enim
2985 3660 3054 3715 ibi
3107 3662 3551 3733 subintelligitur;
3592 3665 3718 3734 quia

2110 3749 2178 3804 de
2202 3761 2348 3805 sorte
2375 3753 2548 3820 agitur
2578 3751 2876 3815 Protesilai,
2893 3753 2982 3823 qui
3008 3754 3208 3822 primus
3239 3771 3301 3808 ex
3325 3755 3546 3811 Graeciae
3565 3759 3716 3826 prin-

2111 3843 2322 3912 cipibus
2345 3844 2413 3895 ab
2433 3843 2666 3898 Hectore
2699 3845 2749 3898 in
2780 3844 3013 3914 Trojano
3055 3846 3195 3901 bello
3246 3848 3555 3904 interfectus
3581 3851 3717 3905 dici-

2111 3946 2216 3990 tur.
2259 3936 2544 3990 Laodamia
2596 3953 2722 3991 vero
2769 3938 2915 3992 illius
2964 3954 3116 4003 uxor,
3167 3941 3346 3993 statim
3383 3954 3542 4012 atque
3587 3959 3712 3998 eum

2113 4036 2382 4082 mortuum
2417 4028 2582 4082 fuisse
2615 4029 2850 4089 rescivit.
2883 4029 3089 4095 magnis
3119 4031 3367 4098 precibus
3389 4049 3418 4085 a
3451 4035 3553 4086 diis
3604 4036 3712 4088 ini-

2112 4129 2352 4189 petrasse
2395 4118 2594 4185 fertur,
2630 4128 2685 4171 ut
2717 4120 2858 4172 illius
2885 4121 2948 4172 ad
2977 4120 3138 4172 vitam
3179 4122 3393 4175 excitati
3438 4125 3712 4192 colloquio

2111 4227 2205 4281 per
2236 4220 2344 4266 tres
2375 4211 2532 4264 horas
2580 4211 2679 4264 frui
2715 4211 2815 4264 sibi
2857 4211 3058 4264 liceret.
3095 4211 3305 4267 Videsis
3347 4215 3706 4284 PrOpertium,

2110 4303 2401 4375 Hyginum,
2431 4302 2697 4356 Catullum
2726 4311 2780 4356 et
2827 4302 3094 4370 Ovidium,
3127 4305 3213 4372 qui
3244 4305 3307 4357 ad
3352 4305 3494 4361 hunc
3521 4308 3709 4364 Proto-

2110 4395 2298 4450 silaum
2341 4395 2527 4448 uxoris
2557 4394 2674 4462 ejus
2716 4395 2932 4447 nomine
2978 4396 3191 4463 scripsit
3219 4396 3509 4467 Epistolam
3542 4399 3708 4473 (Pro-

2111 4497 2267 4555 pcrt.,
2298 4485 2387 4540 lib.
2423 4503 2470 4548 I,
2524 4485 2672 4556 Eleg.
2726 4486 2790 4538 19
2826 4501 2839 4549 ς
2875 4485 3094 4556 Hygin..
3139 4487 3275 4544 Fab.
3333 4491 3453 4547 105.
3509 4494 3704 4564 Catul.,

405 4604 709 4657 cessitatem
744 4602 831 4656 fati
862 4602 1141 4657 confirmet
1173 4604 1369 4658 invitus
1395 4603 1606 4672 (Cicera,
1637 4605 1726 4660 lib.
1761 4606 1824 4659 de
1846 4605 1891 4660 I"
1892 4617 1998 4671 ato,

2114 4579 2281 4650 Epist.
2305 4580 2376 4635 6'5
2401 4579 2469 4632 ad
2497 4578 2755 4635 Molliunt.
2793 4580 2966 4636 0vid..
3001 4580 3168 4648 Epist.
3208 4583 3322 4654 15).

406 4709 525 4762 pag.
559 4693 686 4759 507,
717 4693 805 4747 lin.
839 4694 910 4748 48
927 4705 974 4748 et
1002 4693 1134 4765 seq.)
1166 4715 1186 4747 ι
1217 4695 1315 4764 Qui
1351 4695 1499 4764 plura
1549 4696 1795 4761 voluerit,
1843 4701 1884 4751 is
1905 4699 2004 4752 ad-

409 4795 495 4840 eat
530 4785 770 4854 ejusdem
816 4788 1093 4843 Ciceronis
1137 4790 1200 4842 dc
1249 4788 1383 4843 Fato
1415 4791 1629 4856 librum,
1661 4808 1724 4844 ex
1755 4807 1859 4861 quo
1889 4792 2004 4846 haec

406 4879 684 4951 desumpta
725 4890 865 4937 sunt.
899 4882 1064 4953 Legat
1099 4888 1260 4938 etiam
1303 4898 1368 4939 ex
1422 4885 1809 4939 recentioribus
1850 4885 2008 4940 Chri-

404 4973 594 5027 stianis
618 4975 969 5043 scriptoribus
1025 4976 1304 5046 plurimos,
1353 4977 1613 5047 Lipsium,
1649 4989 1703 5032 et
1755 4976 2003 5032 Vossinm

403 5085 467 5122 ex
485 5070 718 5137 antiquis
741 5085 868 5124 vero
895 5070 1149 5126 Ecclesia-2
1175 5072 1417 5126 l’atribus
1439 5114 1455 5138 ,
1491 5073 1868 5142 Augustinum,
1894 5072 2002 5126 Eu-

402 5161 607 5215 sebium
638 5173 691 5215 et
721 5162 1026 5226 Tatianum,
1061 5165 1148 5233 qui
1180 5163 1230 5217 ili
1261 5178 1354 5218 sua
1383 5164 1446 5218 ad
1478 5162 1696 5220 Graecos
1722 5164 2000 5227 Oratione,

403 5254 480 5308 uti
509 5257 634 5310 alibi
667 5257 1092 5324 observa-vimus,
1121 5261 1266 5314 hunc
1295 5275 1533 5314 errorem
1566 5261 1722 5330 plane
1771 5261 2006 5328 exagitat

400 5360 463 5400 ac
502 5347 933 5417 refellit(Voss.,
965 5352 1002 5406 ι.
1063 5369 1096 5408 ιι
1137 5353 1200 5407 de
1247 5352 1392 5424 Orig.
1429 5363 1475 5406 et
1522 5352 1762 5424 Progres.
1797 5354 2006 5418 idolol.,

400 5457 516 5509 cap.
547 5443 618 5498 45
657 5453 706 5497 et
727 5461 863 5514 seqq.
899 5445 1067 5517 Lips.,
1101 5447 1191 5501 lib.
1235 5449 1296 5499 de
1325 5448 1524 5512 Const.,
1566 5464 1678 5516 cap.
1710 5446 1780 5499 29
1805 5457 1849 5498 et
1875 5464 2007 5517 seqq.

401 5535 646 5606 August.,
678 5536 764 5590 lib.
808 5553 842 5590 v
896 5539 960 5592 de
989 5539 1166 5606 Ciuit.,
1210 5558 1324 5610 mp.
1356 5540 1391 5593 2
1436 5548 1483 5593 et
1523 5538 1614 5592 20.
1667 5538 1876 5605 Euseb.,
1923 5539 2012 5593 lib.

398 5643 451 5680 vt
497 5629 559 5682 de
609 5627 847 5700 Prwpar.
889 5630 1107 5706 Erang.,
1164 5650 1278 5702 cap.
1314 5635 1365 5698 i,
1397 5632 1432 5684 2
1457 5675 1469 5696 ,
1518 5632 1551 5686 5
1579 5641 1625 5685 et
1652 5647 1812 5701 seqq.,
1841 5641 1885 5684 et
1918 5630 2018 5685 Ta-

402 5707 553 5789 ‘ian.,
591 5723 1221 5796 (om.rAppurat.nostri,
1255 5743 1372 5796 pag.
1417 5725 1564 5796 543).

2183 4672 2458 4743 Frequens
2478 4685 2656 4727 autem
2687 4689 2750 4727 ac
2775 4675 2970 4742 s'rpius
2999 4677 3221 4746 repetita
3250 4676 3343 4732 fuit
3370 4679 3483 4734 iure
3524 4683 3707 4737 ethni-

2110 4781 2296 4822 corum
2322 4768 2733 4833 argumentatio.
2766 4770 2803 4820 A
2831 4766 3042 4820 Justino
3069 4769 3330 4838 siquidem
3362 4783 3596 4842 martyre
3631 4777 3710 4832 sic

2109 4861 2426 4928 [imponitur
2475 4875 2491 4913 :

2111 4964 2239 5023 χρὸν,
2267 4957 2474 5008 ἀπιστία
2503 4961 2620 5021 ἔχει.
2649 4973 2666 5003 ι
2690 4953 2976 5022 Propterea
2998 4955 3135 5022 quod
3167 4958 3403 5011 nondum
3435 4973 3705 5015 mortuum

2110 5047 2473 5099 resnrrexisse
2503 5045 2761 5108 videritis,
2797 5061 2890 5097 Vos
2922 5046 3264 5099 incredulitas
3293 5053 3707 5106 resurrectionis

2108 5148 2272 5194 tenet.
2303 5137 2540 5209 (Justin.,
2576 5139 2792 5208 Apolog.
2819 5139 2870 5202 2,
2907 5157 2959 5208 p.
2997 5137 3114 5210 65.)
3148 5141 3440 5197 iSimiliter
3471 5161 3498 5196 a
3531 5145 3708 5199 Theo-

2109 5230 2258 5299 philo
2289 5229 2622 5282 Altlitittheno
2650 5235 2810 5284 τάλλά
2849 5234 2933 5282 καὶ
2954 5241 3006 5283 τὸ
3043 5234 3287 5300 ἀρνεῖσθαι-ί
3313 5259 3359 5288 σε
3388 5248 3568 5306 rapo-‘1;
3592 5244 3711 5303 ἐγεί-

2545 4863 2628 4912 διὰ
2650 4868 2708 4915 τὸ
2751 4876 2896 4927 μήπω
2924 4868 3179 4932 ἑωρακέναι
3202 4869 3321 4927 ὑμᾶς
3348 4871 3621 4922 ἀνιστάντα
3641 4893 3714 4921 νε·

2108 5332 2290 5395 ρεσθαι.
2319 5334 2407 5391 φὴ
2426 5330 2536 5393 γὰρ,
2569 5327 2725 5388 Δεῖξόν
2752 5347 2836 5385 μοι
2862 5330 2947 5393 κᾷν
2967 5331 3046 5379 ὄνοι
3083 5331 3327 5397 ἐγερθέντα.
3347 5337 3392 5383 ix.
3419 5352 3604 5401 vsa/93v,
3637 5337 3715 5386 ἳνκ

2121 5421 2228 5470 ὶὸὼν
2246 5420 2480 5472 maris
2515 5434 2527 5468 :
2555 5433 2574 5466 ι
2611 5417 2712 5469 Sed
2740 5425 2793 5468 et
2824 5433 2983 5484 negas
3016 5430 3346 5475 mortuorum
3373 5435 3716 5480 resurrectio-

2123 5528 2266 5566 nem.
2315 5513 2409 5564 Ais
2458 5525 2728 5579 namque:
2758 5509 2998 5566 Ostende
3052 5514 3184 5568 mibi
3216 5516 3408 5570 saltem
3461 5534 3620 5571 unum
3651 5535 3720 5575 cx

2124 5604 2350 5659 mortuis
2367 5613 2696 5667 revocatum,
2730 5619 2886 5673 quem
2918 5607 2962 5660 si
2987 5606 3190 5674 vidi-ro,
3218 5611 3396 5665 verbis
3421 5612 3524 5666 tuis
3554 5612 3718 5668 fidem

2125 5700 2352 5755 habebo.
2424 5697 2711 5768 (Theop/t.,
2746 5698 2835 5752 lib.
2867 5716 2880 5755 l
2912 5701 2978 5753 ad
3006 5701 3203 5768 Autol.,
3241 5721 3360 5774 pag.
3409 5706 3529 5775 7'1.)
3570 5726 3586 5757 ι
3624 5706 3722 5761 llis

2127 5801 2320 5863 prieter
2364 5800 2611 5860 caeteros,
2639 5808 2776 5865 quos
2805 5794 3005 5853 referre
3026 5796 3240 5868 longum
3268 5807 3431 5866 esset,
3456 5799 3716 5871 adjunga-
