4248 6264
554 264 661 318 465

554 389 642 431 tur
677 371 1004 430 Lactantius,
1035 368 1127 437 qui
1164 366 1280 436 pari
1319 373 1531 434 quoque
1565 359 1723 414 modo
1759 358 2006 414 ethnicus
2039 355 2153 408 IH‘C
2181 351 2234 411 Λ

557 470 877 538 objicientes
904 463 1104 518 inducit
1135 477 1147 513 :
1177 479 1193 510 ι
1217 459 1313 512 Τοι
1334 457 1442 527 jatn
1461 454 1652 510 s:rcula
1677 450 2158 520 transierunt,qnis

565 576 814 632 umquam
853 573 990 611 untts
1012 555 1079 608 ab
1109 551 1292 607 inferis
1333 547 1622 604 resurrexit
1646 587 1658 608 ,
1687 556 1742 598 ιιι
1771 544 1885 611 ejus
1913 541 2158 609 exemplo

557 655 880 715 credamus?
921 649 1206 722 (Lactant.,
1243 645 1328 698 lib.
1375 660 1467 704 vn,
1507 658 1621 710 cap.
1655 638 1746 703 9.2,
1778 654 1894 706 pag.
1932 632 2112 703 719.):

637 748 742 805 Sed
771 761 886 810 cur,
914 741 1103 811 inquit,
1131 737 1412 796 Minucius,
1434 744 1487 788 tu
1511 731 1709 793 (lzrcili,
1738 729 1897 782 homo
1923 725 2154 785 etliuicc,

562 843 730 898 audes
760 840 897 893 hanc
941 833 1371 890 Christianorum
1413 827 1478 881 tle
1509 837 1795 893 corporum
1849 827 2155 874 nostrorum

564 931 962 990 resurrectione
1002 923 1358 984 sententiam,
1392 927 1662 985 tamquam
1693 913 1889 966 anilem
1925 907 2156 962 fabulam

564 1028 788 1095 rejicere
809 1028 830 1076 ’ἐ
861 1022 970 1074 Cur
1017 1018 1152 1086 petis
1208 1014 1257 1068 id
1310 1016 1465 1066 ttnins
1492 1007 1739 1076 exempI0
1770 1004 1859 1057 “bi
1892 999 2108 1073 13"”"3ri
2137 998 2159 1050 ’ἶ

563 1113 835 1186 Numquid
887 1110 1082 1164 oblitus
1112 1121 1170 1161 es
1213 1103 1488 1159 dimidiam
1543 1100 1731 1154 saltem
1781 1096 1922 1148 illius
1953 1101 2156 1162 partem

560 1185 870 1266 constanter
911 1199 1233 1274 propugnari
1290 1214 1318 1251 a
1353 1197 1652 1268 Pythagora
1703 1200 1756 1245 ct
1796 1189 2040 1252 Platone,
2071 1185 2157 1252 qtti

562 1304 862 1358 animarum
892 1305 1196 1352 nostrarum
1239 1308 1304 1346 ex
1356 1289 1581 1343 mortuis
1616 1284 1931 1350 corporibus
1973 1281 2024 1333 itt
2055 1278 2159 1331 alia

561 1391 1084 1461 transmigrationem
1117 1382 1505 1440 asscruerunt?
1539 1384 1605 1433 At
1634 1377 1684 1432 id
1717 1378 1759 1431 si
1791 1392 1856 1430 ex
1899 1372 2160 1427 memoria

561 1497 651 1542 tua
679 1483 898 1547 excidit,
927 1481 1062 1550 lege,
1097 1493 1300 1548 qttmso,
1344 1475 1534 1529 librum
1578 1473 1804 1540 primum
1833 1465 2047 1521 Diodori
2077 1463 2161 1517 Si-

561 1581 703 1643 culi,
736 1589 790 1633 et
823 1577 890 1630 ibi
938 1575 1004 1628 ab
1041 1589 1106 1628 eo
1136 1572 1392 1639 scriptum
1436 1567 1674 1636 reperies
1707 1562 2063 1632 Pythagoram
2093 1559 2160 1611 ab

560 1671 825 1743 rEgyptiiS
856 1670 993 1720 hanc
1039 1664 1314 1732 accepisse
1362 1660 1668 1728 opinionem
1704 1654 1943 1726 (Diodor.
1971 1649 2156 1711 Sicul.,

1903 244 1989 298 DE
2013 237 2267 296 MINUCII
2306 235 2603 294 OCTAVIO

3762 216 3872 272 464

2381 350 2481 397 Per
2500 345 2634 396 illud.
2663 351 2716 392 ut
2739 355 2826 391 nos
2847 343 2963 391 olim
2986 340 3182 400 mutant.
3212 335 3510 400 philosomii,

2386 393 2599 460 iit'nuuc
2622 393 2685 454 de
2713 405 2844 453 tnttlo
2866 405 3132 461 hominem,
3157 393 3224 448 de
3248 393 3457 447 muliere
3482 393 3739 444 colubrum

2388 473 2613 528 Faciunt,
2635 477 2686 518 et
2712 481 2774 517 ex
2801 467 3012 515 diversis
3031 465 3230 512 diversa
3254 462 3362 509 alia.

2642 550 2853 616 (Crinit.,
2873 547 2908 598 l.
2931 563 2982 596 XI
3011 549 3073 597 de
3098 547 3298 596 Honest.
3325 539 3522 604 discipl.
3543 553 3652 603 cap.
3677 539 3746 600 5.)

2337 662 2595 718 Laberius
2620 667 2798 713 autem
2823 667 2879 712 et
2904 663 3056 725 poeta
3081 662 3134 708 et
3165 653 3360 706 mimus
3386 651 3501 714 fuit,
3519 649 3586 702 de
3607 663 3714 717 quo
3734 662 3871 715 pra!-

2265 769 2345 812 ter
2366 768 2591 811 caeteros
2619 751 2958 806 Macrobius:
2994 769 3011 800 ι
3053 745 3340 802 Laberium
3374 759 3581 815 asperae
3605 741 3872 796 libertatis

2263 851 2496 920 equitem
2556 848 2855 902 Romanum
2887 844 3068 898 Caesar
3095 839 3401 911 quingentis
3462 836 3696 891 millibus
3724 834 3871 888 invi-

2266 943 2415 1005 tavit,
2465 951 2522 993 ttt
2557 940 2792 1007 prodiret
2836 937 2888 990 itt
2919 951 3160 1000 scenam,
3195 942 3250 987 et
3276 932 3392 999 ipse
3419 938 3602 1000 ageret
3652 928 3866 991 mimos,

2262 1050 2397 1104 quos
2439 1031 2794 1100 scriptitabat.
2839 1048 2856 1079 ι
2903 1026 3189 1097 (illam-0b.,
3220 1023 3307 1077 lib.
3343 1038 3398 1086 ll,
3434 1019 3725 1080 Saturnal.,
3750 1035 3868 1086 cap.

2265 1126 2342 1196 7.)
2396 1129 2572 1195 Atque
2618 1125 2687 1177 ibi
2741 1120 3040 1176 Macrobius
3071 1119 3220 1188 plura
3267 1115 3478 1170 Laberii
3510 1112 3747 1166 carmina
3781 1126 3870 1162 rc-

2265 1222 2390 1287 l'ert,
2422 1219 2615 1288 quibus
2643 1216 2709 1270 ad
2744 1215 2975 1284 scriptos
3006 1229 3034 1262 a
3065 1225 3125 1267 se
3168 1214 3360 1264 mimos
3388 1205 3625 1278 agendos
3653 1213 3871 1259 coaetus

2264 1323 2364 1369 est.
2404 1313 2477 1368 De
2510 1312 2602 1366 illo
2628 1325 2842 1381 qquuc
2868 1307 3121 1361 lloratius
3149 1303 3366 1359 cecinit.

2453 1449 2514 1498 Et
2538 1447 2714 1496 Laberi
2739 1447 2928 1503 mimos,
2957 1447 3010 1490 ut
3035 1441 3239 1504 pulchra
3265 1443 3487 1503 poemata
3513 1437 3679 1485 mirer.

2821 1529 3036 1591 (Horat.,
3064 1524 3147 1574 lib.
3173 1539 3224 1586 ιι,
3252 1525 3475 1574 Sermon.
3502 1519 3655 1571 Satir.
3674 1521 3733 1570 to
3756 1519 3772 1577 )

2266 1667 2524 1723 Laberius
2549 1665 2726 1734 itaque
2742 1661 2841 1716 has
2858 1657 3302 1730 philosophorum
3322 1653 3391 1708 de
3417 1649 3868 1721 metcmpsychosi

556 1739 1005 1819 infinitum/tu
1050 1774 1169 1828 pag.
1222 1755 1337 1817 ea).
1371 1751 1604 1806 Revolvc
1660 1744 1915 1802 Herodoti
1969 1743 2158 1803 libros,

2268 1759 2633 1818 delirationes,
2655 1770 2760 1808 non
2780 1753 2954 1808 solum
2983 1748 3220 1817 scriptis,
3244 1745 3399 1815 paulo
3417 1754 3542 1798 ante
3558 1743 3756 1806 citatis,
3777 1739 3870 1795 sed

561 1866 616 1911 et
646 1857 714 1910 ibi
739 1854 942 1908 videbis
972 1851 1119 1904 illtun
1165 1845 1414 1900 similiter
1442 1843 1642 1896 dixisse
1664 1840 1902 1901 Grarcos,
1933 1850 2160 1905 quorum

562 1949 781 2004 nomine
816 1944 956 1999 haud
1004 1942 1164 1996 dubie
1211 1938 1566 2010 Pythagoram
1611 1943 1659 1987 et
1696 1933 1969 1986 Platonem
2015 1944 2164 1982 com-

558 2041 866 2115 prehendit,
911 2039 1054 2092 illam
1088 2031 1165 2087 ab
1201 2033 1387 2087 iisdem
1431 2029 1700 2085 delibasse
1727 2024 1991 2096 {Egyptiis
2023 2021 2159 2090 (Ile-

561 2138 758 2202 rodot.,
791 2133 878 2187 lib.
907 2149 961 2194 tt,
991 2130 1018 2201 ᾗ
1049 2129 1193 2198 IQS).
1225 2126 1323 2180 Adi
1366 2123 1661 2186 Laertinm,
1702 2130 1860 2187 atque
1882 2133 1945 2171 ex
1987 2115 2162 2169 citatis

563 2232 630 2284 ab
673 2230 764 2284 illo
793 2223 1156 2293 Scriptoribus
1187 2218 1488 2287 comperies
1514 2259 1527 2282 ,
1559 2213 1686 2283 quid
1743 2209 2073 2282 Pythagoras
2095 2205 2162 2258 de

561 2323 723 2378 rariis
789 2323 982 2375 anima:
1047 2329 1158 2369 sua:
1201 2307 1760 2378 transmigrationibtts
1838 2301 2163 2372 pra:dicabat

559 2416 780 2486 (Laert.,
813 2413 898 2466 lib.
949 2424 1061 2472 vut,
1104 2407 1130 2477 §
1160 2409 1192 2460 4
1221 2419 1266 2458 et
1298 2403 1374 2473 5).
1411 2401 1468 2456 Si
1497 2400 1612 2454 hzrc
1652 2414 1719 2452 on
1742 2395 1830 2452 nit
1885 2395 2015 2448 satis
2069 2392 2160 2445 tibi

559 2525 668 2562 non
698 2508 826 2565 sint,
859 2503 1014 2557 iidem
1047 2499 1230 2568 procul
1259 2497 1422 2550 dubio
1449 2511 1556 2548 non
1581 2492 1875 2560 denegahis
1907 2487 2183 2550 Laberio”

559 2601 646 2671 qui
677 2596 818 2666 apud
838 2593 1225 2649 Tertullianttm
1259 2589 1395 2643 hanc
1427 2588 1594 2656 ipsam
1613 2585 1681 2638 de
1706 2578 2160 2650 tt'tetempsychosi

559 2670 869 2761 Opinionem
899 2702 924 2738 a
959 2685 1259 2756 Pythagora
1308 2688 1694 2750 prepugnatam
1735 2683 1920 2744 apettc
1968 2670 2162 2726 testili-

566 2796 719 2840 catur
753 2779 1020 2854 (Tertttll.,
1052 2777 1300 2846 Apologet
1332 2815 1346 2840 ,
1372 2791 1487 2842 cap.
1518 2771 1609 2834 48,
1644 2788 1764 2840 pag.
1793 2768 1995 2835 4‘2).At
2022 2765 2164 2832 ipse-

563 2884 671 2929 met
727 2870 1091 2927 Tcrtullianus
1113 2909 1126 2931 ,
1160 2867 1477 2920 Ambrosius
1502 2903 1516 2927 ,
1558 2862 1775 2930 aliique,
1807 2855 2159 2928 quemadmo-

564 2968 692 3022 dum
744 2964 1006 3020 Minucius
1037 2969 1241 3024 noster,
1276 2957 1399 3011 hinc
1455 2965 1600 3009 recte
1627 2951 1952 3007 concludunt
1989 2949 2161 3002 int-re-

559 3057 781 3112 dibilem
834 3053 1062 3110 ethnicis
1113 3066 1233 3107 esse
1276 3065 1380 3104 non
1413 3049 1608 3103 debere
1635 3046 2061 3100 Christianorum
2094 3040 2160 3096 de

562 3152 808 3222 corporis
855 3148 1023 3203 nostri
1082 3145 1481 3202 resurrectione
1525 3140 1846 3195 sententiam
1877 3135 2153 3207 (Ambros.,
2184 3129 2228 3191 C

562 3247 654 3300 lib.
687 3262 723 3300 tt
746 3245 808 3298 de
836 3243 936 3306 ﬁde
959 3241 1194 3304 Resurr.,
1226 3239 1252 3309 §
1282 3238 1370 3303 65,
1403 3247 1522 3290 tom.
1559 3251 1615 3299 ιι,
1656 3251 1775 3304 pag.
1801 3232 1992 3298 1151).

639 3338 775 3408 Quid
803 3353 952 3403 vero,
977 3335 1116 3405 qttod
1147 3333 1288 3388 idem
1318 3329 1675 3386 Tertullianus
1717 3326 1843 3380 alibi
1895 3324 2031 3378 haud
2061 3323 2156 3376 du-

561 3432 794 3486 bitanter
815 3436 1108 3487 asseverat,
1144 3424 1245 3478 hoc
1269 3422 1337 3477 de
1358 3421 1657 3475 animarum
1687 3417 2158 3481 transmigratione

559 3523 849 3578 absurdum
897 3519 1089 3587 dogma
1135 3531 1241 3570 non
1271 3513 1431 3569 modo
1483 3514 1550 3566 ab
1605 3511 1793 3566 eodem
1835 3509 2153 3580 Pythagora,

560 3615 656 3670 scd
706 3615 866 3670 etiam
897 3629 923 3663 ει
960 3611 1219 3672 Platone,
1263 3606 1420 3660 sicuti
1472 3604 1607 3658 dixit
1639 3602 1900 3669 Minucius
1953 3609 2153 3666 uoster,

565 3710 730 3763 fuisse
783 3713 1045 3760 assertum
1080 3702 1273 3774 (Idem,
1318 3701 1405 3754 lib.
1438 3699 1500 3754 de
1534 3698 1731 3759 Anim.,
1763 3713 1878 3766 cap.
1904 3693 2018 3763 28).
2051 3693 2157 3748 Sed

559 3803 703 3874 quod
735 3801 802 3855 ad
837 3801 1113 3854 Platonem
1166 3799 1374 3861 attinet,
1409 3794 1556 3848 nullo
1598 3806 1818 3863 prorsus
1855 3790 1921 3844 ad
1961 3789 2009 3843 id
2036 3803 2157 3859 pro-

560 3893 796 3949 bandum
827 3902 963 3948 teste
993 3906 1127 3960 opus
1155 3899 1256 3945 est.
1281 3888 1396 3944 Non
1420 3887 1652 3941 obscure
1683 3885 1825 3938 enim
1860 3897 1958 3937 nec
1987 3880 2156 3936 semel

559 3991 614 4044 in
658 3986 808 4041 libris
861 3985 971 4040 suis
1013 3983 1146 4038 illud
1198 3981 1483 4036 tradidisse
1529 3979 1722 4048 legitur
1759 3975 1949 4045 (Plat.,
1979 3975 2031 4027 in
2060 3974 2154 4041 ﬁn.

562 4081 651 4135 lib.
675 4081 738 4136 de
767 4081 961 4144 Anim,
990 4088 1113 4134 tant.
1148 4093 1223 4144 ιιι,
1259 4092 1376 4146 pag.
1414 4073 1536 4140 101,
1567 4083 1612 4126 et
1653 4072 1740 4125 lib.
1773 4087 1803 4124 ιι
1831 4070 1893 4123 de
1912 4068 2154 4140 Reptibl.,

565 4185 689 4229 tom.
725 4190 783 4240 ll,
812 4190 928 4244 pag.
971 4171 1121 4240 6‘20).

640 4267 955 4334 Priusquam
1011 4279 1140 4317 vero
1187 4259 1588 4331 progrediamur
1627 4257 1876 4319 ulterius,
1909 4256 2014 4310 dno
2070 4255 2157 4310 hic

559 4356 894 4414 observanda
929 4364 1074 4409 suut.
1107 4353 1173 4407 Ει
1205 4354 1378 4421 primo
1407 4350 1622 4418 quidem
1675 4349 1744 4403 de
1801 4349 1889 4402 illo
1929 4346 2155 4402 ridiculo

560 4447 1006 4518 philosophorum
1037 4460 1222 4499 errore
1251 4443 1537 4498 Minucium
1567 4442 1766 4495 dixisse
1800 4458 1812 4492 :
1853 4460 1869 4491 ι
1902 4441 2017 4495 Νοιι
2040 4440 2154 4508 phi-

558 4540 767 4610 lo50plii
800 4539 998 4605 studio,
1030 4538 1122 4592 sed
1166 4537 1380 4591 mimico
1417 4536 1545 4590 vitio
1574 4535 1732 4602 digna
1765 4536 1860 4589 ista
1887 4535 2150 4590 sententia
2177 4521 2231 4582 1)

556 4641 658 4686 est.
694 4650 713 4682 ι
747 4629 934 4684 Mirum
963 4631 1161 4684 etenim
1185 4639 1383 4698 quanto
1414 4628 1591 4683 studio
1624 4643 1722 4683 nec
1751 4628 1923 4696 pauci,
1947 4642 2046 4682 nec
2073 4628 2152 4681 in-

558 4724 755 4780 cruditi
790 4723 888 4776 viri
931 4721 1073 4777 hunc
1117 4723 1312 4785 locum,
1342 4737 1500 4792 quem
1550 4729 1860 4792 corruptum
1907 4729 2150 4782 censent,

553 4830 610 4874 et
635 4816 926 4875 emendare
973 4817 1231 4882 nitantur,
1263 4826 1316 4872 et
1361 4832 1518 4886 quam
1551 4815 1724 4869 varias
1767 4815 1908 4868 illius
1935 4804 2149 4868 correc~

554 4915 730 4968 tiones
765 4910 1210 4981 excogitaverint.
1238 4909 1343 4964 Sed
1394 4909 1522 4964 nihil
1567 4909 1698 4963 certi
1743 4905 1992 4970 all‘erunt,
2036 4921 2152 4975 pro-

550 5019 669 5076 pter
697 5006 837 5078 quod
878 5007 1105 5076 genuina
1157 5003 1508 5075 manuscripti
1557 5001 1757 5058 codicis
1805 5000 1936 5070 regii
1989 4999 2147 5055 lectio

547 5099 818 5155 immutari
848 5099 1061 5154 debeat.
1092 5099 1452 5166 Quamobrem
1509 5112 1569 5152 ea
1622 5103 1850 5158 retenta,
1884 5093 2145 5161 Rigaltius

545 5194 853 5261 suspicatur
910 5191 1198 5245 Minucium
1268 5189 1351 5242 his
1379 5189 1556 5244 verbis
1602 5188 1669 5242 ad
1734 5187 1929 5241 mimos
1982 5187 2142 5241 colli-

544 5302 758 5351 neasse,
787 5285 874 5355 qui
917 5285 968 5339 in
1001 5300 1159 5339 scena
1197 5299 1317 5339 sese
1347 5283 1634 5355 aliquando
1664 5283 1714 5337 in
1741 5282 1944 5336 belluas
1968 5292 2142 5338 trans-

541 5380 884 5443 formabant,
918 5394 1210 5448 earumque
1271 5376 1565 5431 induebant
1615 5379 1835 5446 ﬁguras.
1867 5375 1969 5430 Alii
2011 5392 2140 5432 vero

541 5469 827 5537 opinantur
856 5484 887 5523 a
918 5468 1150 5522 Minucio
1192 5471 1364 5522 notari
1391 5468 1697 5532 Laberium,
1728 5485 1757 5522 a
1785 5468 2132 5535 Tertulliano,

539 5563 612 5617 uti
645 5563 803 5633 paulo
832 5572 958 5617 ante
985 5562 1380 5625 annmavimus,
1415 5562 1710 5630 laudatum,
1750 5571 1803 5617 ct
1832 5562 1947 5619 haec
1993 5563 2132 5619 illius

534 5654 768 5710 carmina
796 5668 826 5708 a
857 5652 1062 5708 Crinito
1089 5653 1383 5722 descripta:

782 5768 842 5822 Et
866 5766 1010 5818 audio
1035 5767 1160 5816 mala
1185 5765 1336 5819 multa
1363 5768 1508 5818 etiam
1530 5780 1592 5822 ex
1620 5769 1764 5818 bonis

2267 1855 2426 1910 etiam
2451 1853 2586 1907 actis
2613 1847 2845 1924 mimicis
2870 1843 3011 1899 haud
3054 1843 3216 1896 dubie
3274 1839 3556 1896 deriserat.
3609 1834 3871 1889 Minui-ius

2266 1963 2396 2018 ergo
2449 1944 2571 1999 inde
2616 1940 2815 1996 inferre
2860 1937 3030 2008 potuit
3071 1935 3216 1990 hunc
3269 1949 3509 1989 errorem
3576 1948 3595 1980 ι
3655 1929 3872 1983 mimico

2273 2058 2290 2088 (
2329 2037 2480 2100 vitio,
2523 2054 2539 2086 ι
2589 2042 2681 2087 aut
2711 2030 2928 2084 mimico
2977 2026 3235 2090 convitio,
3274 2041 3293 2075 ›
3326 2032 3419 2076 aut
3469 2041 3487 2073 ι
3540 2020 3686 2075 mimi
3743 2034 3872 2071 con-

2268 2131 2425 2196 vicio,
2460 2149 2478 2180 ι
2541 2125 2791 2181 nimirum
2848 2119 3082 2186 Laberii,
3142 2118 3224 2172 vel
3277 2117 3322 2170 si
3379 2115 3533 2178 velis,
3581 2110 3871 2182 cujuslibet

2268 2219 2584 2293 pantomimi
2633 2231 2755 2272 esse
2810 2213 3050 2281 dignum.

2337 2309 2885 2370 Animadvertendum
2917 2304 3154 2361 secundo
3187 2301 3535 2374 Pythagoram
3568 2315 3595 2351 a
3627 2296 3864 2352 Minucio

2265 2406 2526 2479 appellari
2581 2404 2810 2475 pritnum
2836 2443 2849 2466 ,
2907 2402 2995 2470 qui
3030 2398 3169 2452 hanc
3194 2397 3523 2466 Opinionem,
3564 2407 3658 2447 seu
3687 2390 3868 2461 potius

2264 2501 2643 2558 delirationem
2680 2494 2994 2550 introduxit.
3042 2491 3148 2548 Sed
3194 2505 3298 2559 quo
3347 2489 3487 2556 jure,
3519 2500 3691 2556 quove
3734 2493 3870 2539 teste

2266 2595 2316 2649 id
2365 2603 2472 2647 tam
2529 2598 2905 2644 asseveranter
2935 2584 3256 2639 afﬁrmavit?
3302 2582 3434 2636 Nam
3468 2579 3732 2635 Diodorus
3777 2577 3869 2631 Si-

2263 2687 2414 2742 culus
2455 2681 2793 2753 apertissime
2820 2720 2833 2742 ,
2873 2679 2948 2732 ιιιί
2987 2678 3097 2748 jam
3145 2675 3409 2739 diximus,
3469 2683 3522 2727 et
3570 2671 3868 2726 llerodottts

2264 2780 2424 2850 paulo
2451 2777 2732 2847 obscurius
2784 2775 3139 2829 testiﬁcantur
3170 2772 3371 2840 primos
3404 2768 3566 2838 hujus
3595 2766 3865 2835 opinionis

2263 2883 2516 2928 auctores
2546 2871 2710 2926 fuisse
2757 2868 3064 2940 Egyptios,
3095 2881 3122 2919 a
3162 2865 3357 2935 quibus
3385 2879 3502 2918 eam
3533 2862 3864 2931 Pythagoras

2263 2971 2491 3040 accepit.
2525 2967 2886 3036 Quamobrem
2940 2973 3031 3019 aut
3077 2963 3276 3019 erravit
3307 2962 3595 3027 Minucius,
3650 2968 3742 3014 aut
3773 2976 3867 3030 po-

2265 3065 2369 3119 tius
2399 3063 2530 3118 nihil
2563 3061 2707 3117 aliud
2738 3061 2841 3116 sibi
2896 3058 3065 3114 voluit
3088 3101 3103 3126 ,
3160 3058 3259 3112 nisi
3294 3058 3434 3112 hanc
3487 3055 3810 3111 sententiam
3835 3073 3864 3110 a

2263 3161 2585 3233 Pythagora,
2622 3169 2890 3226 tamquam
2949 3157 3123 3226 primo
3163 3155 3308 3209 illius
3355 3155 3634 3209 inventore
3677 3163 3731 3208 ct
3772 3169 3873 3207 au-

2262 3269 2412 3312 ctore
2436 3255 2574 3324 apud
2599 3254 2816 3310 Grrecos
2840 3251 3260 3306 disseminatam.
3295 3248 3447 3316 Quod
3482 3249 3525 3301 si
3560 3248 3660 3301 hoc
3684 3255 3865 3318 poste—

2261 3350 2373 3404 rius
2399 3347 2487 3401 ille
2520 3354 2722 3400 tantum
2745 3342 2929 3406 edixit,
2952 3341 3238 3410 ipsummt-t
3265 3339 3451 3410 procul
3480 3337 3644 3392 dubio
3673 3348 3865 3392 testem

2261 3438 2479 3493 habebit
2513 3435 2839 3491 Herodotum
2864 3477 2879 3500 ,
2915 3433 3069 3500 cujus
3118 3411 3236 3486 haec
3287 3440 3409 3484 sunt
3455 3427 3618 3484 verba
3659 3435 3864 3496 εΤοὺτῳ

2262 3545 2328 3601 τῷ
2368 3541 2483 3601 λόγῳ
2509 3536 2599 3585 εἶσι
2631 3531 2673 3582 οἳ
2701 3517 2918 3587 lini-Im
2943 3532 3227 3595 ἐχρήσαντο,
3248 3531 3292 3575 οἱ
3329 3531 3413 3590 μὲν
3459 3525 3696 3591 πρότερον,
3727 3528 3772 3573 οἱ
3819 3524 3867 3572 δὲ

2263 3631 2470 3695 ὕστερον,
2504 3629 2563 3682 ὡς
2595 3626 2695 3690 ἰδίῳ
2728 3629 2899 3673 εαυτῶν
2927 3624 3068 3672 ἐόντι.
3100 3634 3190 3671 τῶν
3228 3624 3313 3680 ἐγὼ
3357 3619 3488 3675 εἰδὼς
3511 3621 3576 3667 τὰ
3601 3617 3860 3680 abripiunt,

2264 3723 2314 3773 οὗ
2341 3724 2518 3787 γράφω.
2549 3733 2567 3765 ‹
2594 3712 3015 3766 llaucrationem
3029 3719 3154 3763 sunt
3175 3723 3242 3763 ex
3267 3706 3490 3769 ercis,
3521 3707 3606 3775 qui
3640 3720 3862 3773 usurpa-

2261 3811 2439 3865 verint
2463 3819 2737 3878 tamquam
2759 3822 2910 3861 suam
2953 3808 3215 3875 ipsorum,
3251 3804 3339 3857 alii
3371 3804 3540 3872 prius,
3568 3802 3656 3856 alii
3681 3811 3862 3871 poste-

2260 3906 2394 3970 rius,
2423 3919 2650 3975 quorttm
2679 3918 2779 3972 ego
2811 3901 3026 3955 nomina
3061 3901 3238 3954 sciens
3275 3914 3383 3953 non
3410 3898 3550 3953 duco
3578 3913 3700 3953 esse
3734 3897 3865 3952 scri-

2261 3999 2435 4054 benda
2483 3997 2783 4070 (Herodot.,
2811 3996 2899 4050 lib.
2930 4012 2986 4060 ιι,
3023 3994 3050 4065 §
3085 3993 3232 4064 125).
3281 4013 3299 4045 ι
3331 3993 3435 4048 Sed
3483 3993 3641 4064 longe
3667 3993 3863 4048 clarius

2259 4095 2328 4147 ab
2360 4092 2690 4163 Hieronymo
2728 4090 2984 4158 scriptum
3038 4089 3169 4142 fuit:
3204 4107 3222 4138 ι
3265 4088 3330 4141 Et
3357 4089 3481 4157 quia
3511 4087 3862 4158 Pythagorica

2260 4188 2506 4258 dogmata
2534 4201 2620 4240 me
2646 4185 2839 4256 legisse
2875 4183 3138 4247 dixeram,
3169 4180 3291 4236 audi
3323 4179 3448 4250 quid
3476 4180 3616 4249 apud
3644 4180 3864 4235 Graecos

2262 4280 2592 4352 Pythagoras
2617 4280 2821 4347 primus
2870 4273 3166 4336 invenerit,
3201 4270 3531 4326 immortales
3580 4285 3702 4325 esse
3745 4271 3863 4323 ani-

2259 4391 2396 4440 mas,
2418 4385 2473 4430 et
2494 4373 2562 4428 de
2592 4372 2714 4426 aliis
2743 4369 3062 4439 corporibus
3089 4366 3319 4421 transire
3355 4365 3406 4418 in
3437 4363 3562 4418 alia.
3596 4383 3614 4414 ι
3644 4362 3860 4432 (Hiero-

2260 4485 2425 4538 nynt.,
2456 4465 2728 4535 Apologet.
2760 4463 2931 4516 adver.
2966 4459 3167 4527 Ruﬁn.,
3211 4456 3396 4512 lib.ttt.
3432 4466 3550 4508 ante
3587 4455 3698 4522 ﬁn.,
3733 4470 3855 4524 pag.

2257 4561 2384 4615 470.
2421 4559 2565 4614 Τοηι.
2618 4575 2634 4612 ι
2688 4558 2957 4626 Apparat.,
3003 4568 3122 4622 pag.
3153 4548 3282 4614 522,
3317 4547 3423 4603 620
3453 4556 3498 4603 et
3530 4545 3690 4602 1156.
3743 4543 3856 4599 Dis-

2255 4666 2374 4711 εει-ι.
2409 4657 2463 4708 in
2510 4653 2772 4718 Lactant.,
2804 4666 2919 4713 cap.
2949 4645 3041 4709 29,
3065 4654 3164 4698 art.
3197 4645 3250 4706 ι.
3286 4641 3503 4698 Dissert.
3539 4645 3592 4696 in
3637 4638 3857 4694 Tertull.

2257 4746 2554 4817 Apologet.,
2587 4761 2702 4814 cap.
2741 4743 2829 4807 11,
2864 4750 2963 4794 art.
3005 4736 3087 4807 2.)
3134 4737 3209 4790 De
3257 4735 3358 4789 hac
3406 4749 3566 4804 porro
3610 4732 3751 4787 illius
3797 4745 3862 4784 ac

2253 4839 2496 4894 Platonis
2533 4838 2786 4906 opinione
2825 4849 2856 4886 a
2888 4831 3044 4887 nobis
3083 4829 3196 4898 jam
3228 4826 3434 4884 dictum
3487 4835 3606 4894 est,
3637 4835 3690 4880 et
3719 4822 3860 4878 intra

2254 4931 2430 4987 adhuc
2451 4927 2834 4998 disputabitur.

2887 5077 3179 5118 ABTICULUS
3220 5076 3278 5115 ιι.

2248 5230 2370 5283 Alia
2401 5229 2468 5281 ad
2489 5225 2806 5298 probandam
2836 5239 3106 5292 corporum
3125 5230 3416 5275 nostrorum
3445 5216 3860 5272 resurrectionem

2284 5324 2501 5389 Octavii,
2534 5332 2580 5376 et
2608 5319 2865 5376 contraria
2890 5315 3083 5373 Ca’rilii
3113 5324 3414 5386 argumenta
3439 5313 3815 5366 examinantur.

2313 5482 2512 5538 Contra
2565 5480 2794 5552 primam
2844 5475 3050 5532 Octavii
3106 5471 3627 5544 argumentationem
3667 5468 3856 5536 objec-

2238 5577 2384 5630 tabat
2413 5575 2683 5638 Czecilins,
2709 5573 2907 5642 aliique
2935 5568 3191 5640 gentiles,
3217 5582 3276 5621 se
3297 5579 3586 5634 numquam
3611 5561 3854 5617 ridicula:

2235 5687 2456 5740 prorsus
2506 5679 2597 5725 aut
2648 5667 2969 5738 Pythagorae
2999 5673 3054 5718 ct
3101 5659 3363 5724 Platonis,
3391 5655 3849 5712 autChristiano-

2231 5779 2352 5820 ruta
2374 5763 2444 5821 de
2470 5777 2699 5835 corpore
2725 5768 2915 5816 nostro
2941 5756 3010 5814 ad
3073 5755 3238 5812 vitam
3269 5750 3578 5812 revocando
3605 5743 3849 5822 opinioni
