4248 6264
404 380 510 434 υίϐΰ

1801 370 2274 428 DlSSERTATIO.

3600 369 3710 426 466

401 491 746 549 subscribere
775 490 1016 560 potuisse
1042 506 1056 555 ;
1088 485 1520 559 quandoquidem
1555 485 1698 540 tmlla
1730 500 2001 553 umquam,
2031 486 2080 540 Λ
2109 485 2357 538 essentia:
2385 498 2517 538 mere
2560 482 2714 537 fidem
2758 483 2964 549 habeo;
3016 484 3084 538 ita
3117 495 3294 550 natus,
3326 495 3378 538 et
3437 501 3534 555 per
3565 502 3714 540 mor-

401 602 756 659 qumcumqne
808 586 1060 655 fingatur,
1107 583 1317 637 ratione
1362 583 1474 637 fieri
1512 580 1639 636 illud
1682 578 2005 649 potest.Sed

402 679 908 736 Octaviusinsulam
952 676 1246 731 adversarii
1271 676 1383 741 sui,
1415 676 1482 730 tle
1531 681 1796 740 potestate
1824 671 2007 726 divina

398 772 728 836 dubitantis,
786 769 1143 824 temeritatem
1185 767 1263 821 sic
1312 767 1598 837 reprimit:
1638 784 1656 816 ι
1695 764 1826 832 Quis
1895 773 2002 816 tam

406 865 631 927 stultus,
662 870 753 916 aut
785 863 972 917 brutus
1001 871 1118 927 est,
1168 871 1226 913 ut
1255 875 1452 927 negare
1493 858 1686 912 audeat
1735 869 2002 912 mortuum

397 955 673 1010 hominem
707 955 945 1024 potuisse
974 971 1001 1008 a
1036 954 1142 1007 Deo
1163 953 1229 1006 ad
1263 954 1422 1006 vitam
1446 951 1730 1006 revocari?
1762 973 1779 1002 ›
1803 951 2002 1017 Quem-

397 1048 691 1103 admodum
741 1051 883 1101 enim
919 1047 1190 1101 hominem
1235 1062 1301 1100 ex
1354 1045 1522 1099 nihilo
1555 1045 1707 1098 finxit
1737 1059 1799 1097 ac
1853 1059 2003 1098 crea-

395 1141 494 1200 vit.
541 1139 614 1193 ita
649 1154 800 1209 :cqne
833 1139 992 1193 facile
1034 1139 1178 1192 illum
1219 1156 1246 1192 a
1279 1138 1502 1192 mortuis
1533 1139 1768 1191 excitare
1803 1147 1998 1206 potest.

402 1231 509 1287 Sed
533 1234 631 1286 hoc
683 1241 1053 1301 argumentum
1084 1231 1262 1284 acrius
1294 1241 1442 1295 urget
1464 1229 1707 1284 Justinus
1754 1239 1957 1300 martyr
1985 1245 1997 1281 ε

405 1345 424 1376 ι
459 1325 516 1380 Si
545 1325 666 1394 quis
699 1340 950 1392 umquam
979 1323 1152 1387 vobis,
1182 1339 1301 1376 cum
1337 1323 1571 1377 nondum
1616 1323 1747 1377 tales
1771 1331 2004 1376 exstare-

398 1419 486 1482 tis,
525 1431 793 1482 neque.ex
843 1415 1039 1469 talibus
1069 1416 1169 1469 orti
1202 1417 1414 1473 essetis.
1454 1424 1786 1470 asseveraret
1816 1428 2000 1468 semen

398 1507 688 1561 humanmn
721 1519 777 1560 et
814 1506 1097 1573 imaginem
1135 1505 1327 1572 pietatn
1371 1505 1642 1570 indicans,
1671 1521 1733 1559 ex
1790 1519 1855 1558 eo
1886 1505 2000 1571 ipso

399 1598 603 1652 semine
656 1607 898 1650 naturam
943 1595 1242 1665 hnjnsmodi
1274 1595 1389 1649 ﬁeri
1438 1610 1632 1662 po~se;
1672 1611 1796 1649 num
1831 1595 2001 1661 prius-

395 1705 553 1759 quam
583 1690 630 1742 id
659 1687 852 1742 factum
871 1689 1370 1749 esset,crederetis?
1393 1687 1507 1742 Non
1532 1687 1776 1756 equidem
1808 1688 2000 1756 Opinor

394 1797 718 1851 quemquam
741 1791 927 1836 contra
953 1781 1054 1835 huc
1076 1781 1258 1836 dicere
1285 1797 1536 1835 ansarum
1567 1795 1707 1835 esse.
1724 1779 1828 1835 Sed
1852 1780 1994 1833 cnim

2117 587 2222 630 tem
2257 577 2321 631 ad
2358 594 2461 630 non
2492 593 2613 632 esse
2645 577 2916 642 redactus,
2971 590 3130 648 atque
3163 578 3354 632 iterum
3388 579 3712 646 conspicuus

2111 670 2284 723 oculis
2333 672 2508 724 denuo
2538 671 2786 724 existant.
2823 670 3075 737 Quamvis
3125 671 3265 724 enim
3297 685 3424 723 caro
3473 679 3584 724 tota
3629 671 3713 724 in-

2111 765 2303 818 cemlio
2357 774 2735 825 consumatur,
2799 763 3074 816 materiam
3130 773 3308 816 tamen
3366 772 3712 830 evaporatam

2111 857 2341 912 mundus
2382 858 2619 926 excipit:
2655 872 2974 926 quamquam
3009 866 3098 909 aut
3149 857 3199 910 in
3229 856 3429 920 ﬂuviis,
3458 867 3548 909 aut
3578 857 3712 912 mari

2107 953 2506 1013 contabescam,
2559 964 2649 1004 aut
2709 951 2834 1005 feris
2887 951 3139 1012 dilanier,
3193 949 3400 1004 condor
3443 962 3622 1004 tamen
3660 952 3711 1004 in

2110 1063 2246 1117 penu
2295 1047 2569 1115 perdivitis
2595 1045 2820 1099 domini.
2869 1045 3021 1111 Quod
3056 1046 3180 1100 licet
3226 1063 3486 1116 pauperes
3531 1058 3582 1103 et
3613 1047 3714 1100 itu-

2106 1142 2177 1212 pii
2224 1141 2492 1204 nesciant;
2546 1140 2686 1193 Deus
2730 1149 2908 1194 tamen
2955 1141 3043 1209 qui
3101 1151 3308 1210 regnat,
3349 1141 3706 1195 substantiam

2105 1234 2206 1290 sibi
2249 1233 2348 1286 soli
2385 1232 2751 1300 conspicuam,
2781 1232 2995 1300 quando
3029 1233 3280 1298 voluerit,
3333 1233 3399 1287 ad
3433 1233 3710 1301 pristinam

2103 1322 2465 1394 integritatem
2527 1324 2744 1378 reducet
2789 1323 3029 1393 (Tatian.
3093 1323 3240 1378 Orat.
3312 1337 3478 1378 contr.
3548 1323 3715 1378 (ἕν-(ετ.

2106 1431 2224 1485 pag.
2262 1412 2407 1486 Mli).
2448 1434 2466 1466 υ

2177 1505 2297 1560 Pari
2345 1507 2506 1560 etiam
2541 1507 2699 1560 modo
2746 1507 3112 1561 Tertullianus
3169 1507 3500 1576 respondet:
3538 1507 3714 1562 «Ubi—

2103 1612 2333 1667 cumque
2388 1599 2656 1652 resolutus
2714 1598 2914 1664 fueris,
2973 1615 3326 1668 qumcumque
3379 1611 3430 1652 te
3485 1600 3714 1654 materia

2102 1689 2452 1750 destruxerit.
2507 1690 2776 1753 hauserit,
2807 1690 3126 1752 aboleverit,
3177 1693 3227 1744 iu
3274 1692 3500 1745 nihilum
3554 1693 3714 1747 redeo

2100 1783 2257 1852 gerit,
2313 1783 2500 1837 reddet
2539 1792 2610 1837 te.
2665 1784 2794 1849 Eius
2834 1792 2916 1836 est
2962 1783 3185 1836 nihilum
3240 1784 3434 1852 ipsum,
3479 1783 3628 1851 cujus
3652 1793 3713 1838 et.

393 1877 663 1946 quomodo
688 1877 754 1928 ab
791 1875 940 1928 initio
982 1892 1085 1929 non
1144 1876 1510 1930 crediilissetis
1557 1875 1810 1943 possibile
1847 1888 1988 1937 esse,
2023 1871 2068 1930 B
2099 1885 2268 1929 totum
2297 1875 2538 1946 (Tertull.
2578 1876 2798 1946 Apolog.
2835 1893 2948 1946 cap.
3001 1876 3094 1940 48,
3147 1894 3268 1947 pag.
3311 1878 3415 1946 £5).
3447 1895 3465 1927 i
3525 1877 3707 1946 Longe

397 1980 452 2023 ιιι
483 1985 514 2024 e
547 1972 687 2022 tenui
721 1979 862 2035 gutta
894 1970 1026 2024 tales
1079 1970 1372 2024 existerent
1417 1979 1473 2024 et
1499 1970 1749 2024 extitisse
1816 1978 1992 2022 tamen

397 2059 590 2112 ridetis
616 2079 628 2113 :
660 2063 843 2114 eodem
873 2059 1033 2114 modo
1060 2061 1359 2115 existimate
1389 2061 1718 2128 impossibile
1741 2077 1846 2113 non
1875 2075 1995 2115 esse

403 2161 456 2204 ttt
483 2151 760 2216 dissoluta,
793 2159 953 2221 atqtte
980 2153 1243 2204 seminum
1280 2153 1446 2205 instar
1473 2152 1522 2205 itt
1567 2163 1762 2206 terrain
1785 2151 1993 2220 tlejecta

393 2257 620 2311 corpora
653 2242 904 2307 humana,
943 2253 1181 2310 tempore
1213 2258 1332 2307 suo,
1357 2242 1522 2310 ,jussu
1567 2243 1655 2296 Dei
1691 2243 1995 2311 relinquant

393 2346 442 2387 et
474 2345 719 2389 naturam
770 2335 1232 2405 incorruptibilem
1275 2334 1495 2388 induant
1534 2335 1748 2405 (Justiti.
1774 2376 1788 2399 ,
1839 2336 1988 2403 Apol.

393 2443 448 2492 tt,
479 2445 595 2497 pag.
617 2426 709 2498 65)
757 2447 776 2478 ι

467 2521 670 2578 Eodem
697 2538 910 2593 quoque
940 2524 1045 2578 telo
1069 2523 1310 2577 ethnicos
1361 2538 1466 2576 non
1521 2521 1690 2576 solum
1713 2520 1990 2589 Tatianus,

392 2623 446 2669 et
478 2615 870 2685 Athenagoras,
911 2630 939 2667 a
989 2614 1143 2668 nobis
1186 2631 1307 2668 mox
1361 2613 1579 2679 citandi,
1605 2629 1789 2668 verum
1830 2614 1992 2668 etiam

393 2703 760 2759 'l‘ertullianus
791 2706 867 2760 sic
893 2704 1008 2760 ferit
1045 2725 1056 2758 :
1107 2726 1124 2757 ι
1153 2703 1515 2760 Considerate
1535 2708 1724 2774 ipsum,
1749 2721 1780 2757 0
1808 2705 1988 2768 homo,

393 2807 447 2850 et
481 2797 636 2851 tidem
662 2799 736 2851 rei
769 2799 1034 2852 invenies.
1063 2798 1316 2866 ﬂeetigita
1341 2797 1464 2868 quid
1494 2797 1680 2860 fueris,
1705 2807 1991 2868 antequam

397 2903 566 2954 esses,
592 2889 774 2959 utique
801 2889 928 2942 nihil
961 2891 1332 2944 :mcminisses
1353 2892 1518 2954 enim,
1544 2890 1587 2943 si
1620 2889 1743 2958 quid
1775 2889 1988 2944 fuisses.

398 2981 496 3048 Qui
533 2997 657 3051 ergo
681 2983 809 3035 nihil
844 2983 1003 3036 lueris
1033 2983 1342 3053 priusquam
1369 2998 1539 3045 esses,
1567 2982 1704 3035 idem
1738 2981 1869 3035 nihil
1916 2980 1985 3035 fa-

398 3083 537 3137 ctus,
563 3089 680 3127 cum
705 3089 822 3129 esse
845 3074 1090 3133 desieris.
1117 3089 1212 3128 cur
1243 3089 1345 3126 non
1374 3075 1545 3143 possis
1574 3089 1757 3127 rursus
1779 3089 1896 3126 esse
1925 3073 1992 3129 de

395 3166 584 3232 nihilo,
617 3167 856 3234 ejusdem
889 3167 1126 3222 auctoris
1149 3168 1443 3232 voluntate,
1473 3169 1562 3236 qui
1605 3179 1656 3221 te
1679 3169 1845 3222 voluit
1870 3184 1991 3224 esse

2101 1981 2278 2023 autem
2310 1969 2478 2023 fusius
2523 1973 2892 2039 Athenagoras
2923 1970 3035 2024 haec
3062 1971 3318 2024 adversus
3343 1971 3569 2039 gentiles
3599 1987 3691 2023 ur-

2099 2073 2187 2132 get
2216 2075 2270 2117 et
2299 2064 2556 2130 explicat.
2590 2063 2664 2117 lbi
2710 2071 2889 2116 autem
2941 2063 3076 2130 ipse,
3121 2061 3580 2130 quemadmodum
3614 2063 3708 2116 alii

2093 2158 2203 2224 jam
2233 2157 2378 2208 citati
2432 2172 2460 2208 a
2502 2155 2658 2209 nobis
2707 2155 3006 2224 Scriptores
3049 2174 3060 2205 :

2100 2257 2288 2316 πρώτην
2333 2253 2577 2309 σύστασιν,
2631 2256 2818 2308 ﬁstul/:68
2864 2252 2926 2301 τὰ.
2966 2259 3057 2300 τῶν
3085 2253 3337 2316 ἀνθρώπων
3365 2256 3586 2313 σώματα..
3616 2258 3700 2299 κσιί

3107 2159 3163 2206 Ei
3197 2168 3266 2221 μὴ
3307 2162 3420 2210 ὄντα
3448 2163 3578 2208 κα,τά
3605 2166 3702 2212 τὴν

2095 2349 2182 2403 τὰς
2210 2346 2580 2410 τοὺτωνᾶρχάς,
2625 2345 2708 2396 καὶ
2757 2345 3070 2402 διαλυθέντι,
3124 2342 3227 2394 κιθ’
3271 2349 3320 2393 ὃν
3358 2346 3483 2412 νινῦχῃ
3533 2350 3699 2406 contra,

2101 2437 2355 2488 ἀναστάσει
2384 2438 2508 2498 μετὰ.
2534 2449 2617 2493 τῆς
2647 2437 2918 2502 εὐμαρείας.
2956 2440 3121 2493 ἐπίσης
3156 2437 3250 2503 γὰρ
3277 2437 3406 2502 cura}
3446 2437 3528 2486 uti
3557 2441 3702 2487 τοῦτο

2099 2527 2310 2580 auum-67.
2345 2542 2361 2574 t
2400 2523 2456 2579 Si
2487 2524 2762 2577 hominum
2794 2538 3021 2594 corpora
3050 2539 3170 2577 cum
3204 2540 3309 2577 non
3336 2535 3539 2586 essent,
3569 2539 3700 2578 con-

2100 2615 2234 2670 didit
2278 2618 2438 2678 Deus.
2489 2631 2784 2685 eorumque
2833 2617 3089 2684 principia
3133 2617 3272 2670 unde
3303 2617 3563 2684 originem
3594 2627 3703 2670 tra-

2099 2709 2254 2774 hunt,
2306 2711 2634 2779 procreavit;
2669 2710 2828 2764 etiam
2873 2709 3374 2778 quomodocumque
3405 2707 3659 2760 dissoluta
3683 2751 3696 2772 ,

2099 2818 2220 2857 cmn
2269 2803 2455 2856 eadem
2486 2801 2742 2856 facilitate
2790 2801 3119 2855 instanrabit.
3162 2799 3218 2854 ld
3262 2800 3404 2854 enim
3438 2800 3513 2853 illi
3544 2815 3698 2870 atque

2098 2896 2253 2951 facile
2304 2906 2386 2950 est
2439 2897 2790 2966 (Athenagor.
2845 2895 2932 2949 lib.
2983 2895 3046 2948 de
3080 2893 3265 2948 Resttr.
3313 2911 3419 2947 car.
3453 2911 3573 2963 pttg.
3627 2894 3696 2948 45

2098 2998 2144 3042 et
2183 3005 2300 3058 seqq
2329 2991 2368 3057 ).
2421 3008 2439 3039 ι
2475 2988 2678 3041 Caetera
2711 2997 2888 3041 autem
2920 3003 3040 3056 qnze
3088 2986 3174 3041 hic
3206 2986 3560 3040 transaibcre
3585 2986 3701 3039 lon-

2098 3082 2215 3153 gius
2259 3085 2414 3148 t'oret,
2470 3081 2520 3134 in
2571 3081 2686 3149 ejus
2735 3080 2872 3132 libro
2923 3082 3101 3149 legere
3152 3088 3203 3133 te
3253 3096 3356 3132 non
3391 3079 3584 3148 pigeat.

2169 3174 2421 3242 Quamvis
2473 3184 2649 3226 autem
2710 3172 2970 3226 Minucius
3027 3180 3105 3225 tot
3157 3171 3392 3240 tantique
3433 3157 3695 3238 ponderis

395 3257 463 3312 de
496 3259 709 3312 nihilo?
737 3259 834 3325 Qui
867 3275 972 3314 non
1025 3275 1168 3325 eras,
1204 3258 1372 3312 factus
1401 3275 1490 3326 es,
1516 3275 1636 3314 cum
1668 3261 1858 3314 iterum
1884 3276 1988 3314 non
2017 3259 2061 3322 C
2096 3268 2393 3322 rationibus
2437 3265 2652 3319 frivolas
2694 3264 3031 3319 ethnicnrum
3055 3263 3423 3318 cavillationes
3454 3261 3694 3315 funditus

397 3352 525 3417 eris,
558 3350 674 3406 lies.
699 3351 898 3417 Redde,
921 3353 964 3405 si
997 3361 1169 3421 potes,
1193 3351 1473 3414 rationem,
1505 3367 1606 3418 qua
1637 3350 1807 3405 factus
1836 3367 1914 3416 es,
1939 3360 1992 3406 et

400 3452 525 3498 tunc
572 3445 788 3512 require
832 3460 932 3513 qua
965 3444 1080 3499 fies.
1108 3445 1175 3498 Et
1205 3456 1378 3498 tamen
1413 3445 1617 3499 facilius
1650 3446 1830 3515 utique
1875 3445 1988 3513 fies,

399 3537 540 3607 quod
581 3537 724 3592 fuisti
754 3538 1077 3608 aliquando;
1109 3539 1228 3605 quia
1275 3555 1426 3607 :eque
1457 3555 1562 3593 non
1584 3538 1802 3594 difficile
1824 3540 1991 3593 factus

400 3647 498 3692 cs,
552 3634 692 3701 quod
739 3648 1028 3702 numquam
1078 3634 1222 3688 fuisti
1267 3633 1574 3703 aliquando.
1631 3634 1987 3698 Dubitabitur,

401 3725 583 3788 credo,
605 3724 671 3778 de
697 3726 790 3779 Dci
806 3727 1026 3789 viribus,
1052 3728 1138 3797 qui
1167 3737 1368 3781 tantum
1390 3727 1492 3782 hoc
1511 3744 1707 3796 corpus
1728 3727 1992 3782 mundide

405 3835 489 3885 eo,
524 3821 663 3888 quod
693 3836 795 3873 non
827 3820 1011 3881 fuerat.
1031 3837 1133 3876 non
1161 3823 1335 3877 minus
1357 3839 1514 3888 quam
1546 3823 1614 3878 de
1633 3833 1803 3877 morte
1836 3837 1988 3876 vaca-

408 3911 566 3965 tionis
594 3921 644 3966 et
673 3913 940 3968 inanitatis
963 3916 1279 3986 composuit,
1307 3916 1599 3970 animatum
1626 3917 1814 3983 Spiritu
1870 3932 1988 3968 ont-

403 4005 548 4057 niuin
572 4006 1125 4074 attintatornm(Tot-1.,
1145 4007 1359 4076 Apolog.
1380 4025 1425 4060 ο.
1450 4008 1534 4071 48,
1556 4007 1725 4071 p.42).
1768 4029 1784 4058 ιι
1815 4016 1991 4076 Atque

404 4097 516 4149 lucc
543 4097 630 4150 ille
664 4097 876 4150 uberius
900 4114 964 4152 eo
988 4099 1038 4150 in
1073 4099 1208 4152 libro
1235 4100 1576 4168 prosequitur
1604 4099 1793 4173 (Idem,
1816 4102 1902 4153 lib.
1931 4100 1994 4153 tle

408 4189 692 4244 llesttrrect.
715 4191 902 4251 carnis,
921 4207 968 4244 c.
1001 4189 1057 4244 Η
1088 4201 1262 4260 etseqq
1291 4191 1308 4263 )
1363 4192 1585 4245 Brevius
1609 4200 1785 4245 autem
1808 4201 1990 4260 postea

402 4280 753 4335 Lactantius:
791 4299 807 4330 ι
844 4282 896 4334 Si
945 4299 972 4332 a
1022 4282 1286 4352 principio
1314 4283 1450 4335 Deus
1495 4281 1764 4336 hominem
1813 4282 1994 4335 nescio

404 4389 507 4442 quo
538 4375 882 4428 inenarrabili
931 4376 1092 4430 modo
1119 4377 1368 4440 instituit,
1393 4375 1676 4430 credamus
1713 4377 1780 4430 ab
1818 4392 1882 4431 eo
1906 4392 1992 4430 re-

402 4467 548 4519 stitui
578 4479 817 4521 veterem
852 4482 1028 4534 posse,
1051 4455 1141 4536 qui
1177 4485 1370 4522 novum
1409 4468 1529 4523 fecit
1581 4467 1869 4540 (Laclant.,
1902 4469 1989 4525 lib.

405 4574 470 4611 vn
499 4558 762 4625 lnstitat.,
795 4577 910 4629 cap.
958 4561 1050 4627 9.5,
1081 4579 1198 4632 pag.
1245 4562 1394 4634 791).
1430 4583 1446 4613 ι

2096 3359 2385 3421 everterit;
2440 3358 2602 3410 variis
2658 3355 3004 3410 nihilominus
3053 3356 3314 3424 exemplis
3360 3355 3475 3408 illas
3514 3354 3692 3408 adhuc

2096 3453 2290 3508 refellit
2333 3463 2385 3505 et
2431 3451 2700 3506 destruit:
2740 3470 2757 3501 ‹
2794 3449 2924 3504 Vide
2964 3449 3117 3514 adeo,
3175 3449 3479 3519 inquiebat,
3533 3463 3693 3518 quam

2095 3549 2147 3603 in
2195 3547 2440 3601 solatium
2485 3548 2676 3610 no.~tri,
2730 3549 3177 3600 resurrectionem
3229 3544 3461 3599 futuram
3515 3544 3692 3598 omnis

2095 3653 2282 3695 natura
2339 3639 2644 3693 meditetur.
2693 3636 2785 3692 Sol
2829 3638 3092 3706 demergit
3143 3645 3197 3692 et
3243 3639 3498 3699 nascitur,
3548 3648 3693 3690 astra

2095 3733 2347 3787 labuntur
2388 3743 2440 3786 et
2490 3731 2732 3791 redeunt,
2782 3731 2943 3785 liores
2973 3731 3227 3786 occidunt
3257 3741 3310 3785 et
3342 3732 3690 3791 reviviscunt,

2097 3836 2216 3894 post
2258 3826 2464 3879 senium
2510 3823 2726 3878 arbusta
2775 3821 3142 3885 frondescunt,
3197 3824 3403 3877 semina
3451 3821 3695 3875 nonnisi

2095 3923 2343 3982 corrupta
2389 3914 2756 3968 revirescunt:
2792 3913 2861 3966 ita
2909 3926 3103 3979 corpus
3148 3912 3199 3965 in
3232 3912 3446 3978 s:ecnlo,
3499 3921 3549 3964 ut
3599 3928 3689 3964 ar-

2097 4008 2255 4061 bores
2282 4007 2332 4058 in
2365 4005 2605 4076 hyhcrno
2635 4004 2808 4057 adhuc
2846 4003 3116 4058 occultant
3150 4003 3394 4064 virorem,
3445 4003 3693 4057 ariditate

2096 4098 2338 4152 mentita.
2371 4096 2506 4162 Quid
2542 4095 2759 4149 festinas
2801 4103 2859 4148 ιιι
2887 4094 3050 4147 cruda
3103 4094 3276 4148 adhuc
3317 4095 3508 4165 hyeme
3541 4097 3688 4149 revi—

2096 4192 2256 4246 \‘iscat
2312 4200 2363 4244 et
2396 4189 2612 4242 redeat?
2637 4207 2654 4238 ι
2690 4188 2888 4242 Eadem
2917 4197 2997 4241 est
3027 4186 3313 4255 Theophili
3361 4187 3688 4242 Antiocltctti

2096 4285 2327 4338 futui-ain
2359 4282 2598 4349 corporis
2635 4281 2802 4336 uestri
2850 4280 3301 4334 resurrectionem
3333 4281 3690 4348 comproban-

2097 4377 2148 4431 di
2197 4377 2350 4430 ratio.
2383 4393 2400 4426 t
2436 4375 2570 4427 Deus
2621 4373 2993 4443 plurimarum,
3045 4371 3242 4440 inquit,
3297 4388 3472 4426 rerum
3522 4387 3685 4440 argu-

2099 4478 2276 4522 tuenla
2328 4467 2649 4536 suppeditat,
2709 4464 2900 4535 quibus
2953 4464 3378 4518 incredulitatem
3425 4475 3688 4528 nostram,

2039 4552 2054 4558 ’
2098 4573 2354 4633 quantum
2402 4560 2466 4614 ad
2515 4558 2924 4614 resurrectionis
2987 4558 3255 4626 negotium
3298 4562 3519 4623 attinet,
3574 4575 3694 4629 pro-

476 4653 748 4708 lnstahant
784 4665 962 4708 tamen
1006 4657 1234 4725 gentiles
1262 4656 1372 4712 fieri
1410 4659 1631 4713 omnino
1663 4676 1767 4714 non
1811 4675 1987 4729 posse,
2015 4652 2068 4710 D
2096 4656 2275 4726 pellat.
2306 4654 2542 4708 Observa
2566 4694 2581 4717 ,
2627 4653 2725 4706 nisi
2780 4651 3061 4706 molestum
3094 4651 3184 4718 sit,
3218 4662 3540 4720 temporum,
3585 4651 3694 4707 die-

410 4753 467 4795 ut
501 4743 729 4798 hominis
761 4761 956 4816 corpus
979 4749 1128 4816 aquis
1158 4749 1492 4818 absorptum,
1528 4750 1648 4819 igne
1675 4761 1993 4815 crematum,

411 4837 462 4890 in
507 4841 797 4907 pulverem,
851 4842 1060 4896 cineres
1090 4851 1145 4896 et
1200 4841 1406 4896 favillas
1436 4844 1730 4906 redactum,
1771 4845 1822 4898 in
1853 4843 1996 4897 aliud

410 4943 602 4997 corpus
653 4939 1087 4993 transmittatum,
1138 4933 1276 4986 idem
1333 4950 1554 4988 numero
1586 4951 1772 4989 rursus
1799 4950 1995 4990 exsus-

410 5021 622 5081 citetnr,
674 5022 964 5089 reficiatnr,
1014 5040 1076 5078 ac
1117 5025 1461 5080 reformetur.
1494 5026 1560 5080 At
1594 5027 1879 5096 respondet
1904 5027 2000 5080 Mi-

411 5115 612 5178 nucius,
643 5132 964 5185 quamquam
995 5133 1192 5188 corpus
1241 5118 1366 5172 illud
1401 5137 1418 5168 ‹
1458 5119 1612 5172 nobis
1640 5118 1992 5182 subtlttcatnr,

414 5206 520 5260 Deo
548 5216 726 5261 tamen
755 5208 1146 5262 elementorum
1179 5210 1386 5262 custodi
1435 5208 1718 5262 reservari.
1776 5227 1792 5258 )
1828 5209 1888 5262 Et
1949 5209 1999 5262 id

411 5299 624 5368 quidem
676 5300 766 5353 ille
807 5302 1012 5370 paucis.
1061 5301 1203 5366 quod
1234 5301 1470 5370 pluribus
1501 5301 1755 5354 'l’atianus
1782 5311 1835 5355 et
1868 5301 2006 5356 hunc

412 5393 635 5458 urgebat
658 5393 706 5444 iu
738 5393 955 5446 modum
983 5411 996 5450 :
1036 5412 1053 5444 ι
1076 5393 1187 5447 Hoc
1207 5393 1274 5446 ita
1299 5393 1530 5446 futurum
1549 5394 1840 5455 credimus,
1870 5393 2002 5446 nihil

412 5484 622 5538 interim
653 5494 934 5549 curantes,
970 5495 1259 5554 utcumque
1294 5488 1474 5554 nugari
1511 5500 1607 5538 nos
1651 5493 1704 5538 et
1734 5483 2003 5539 blaterare

410 5576 767 5631 arbitremini.
823 5578 1085 5644 Quoniam
1129 5578 1268 5631 sicut
1300 5577 1628 5644 ignorabam,
1658 5576 1778 5645 quis
1804 5589 2001 5640 eSsClll,

413 5676 698 5737 antequam
754 5685 1027 5734 nascerer,
1064 5684 1185 5723 cum
1227 5667 1405 5720 nullus
1455 5667 1628 5720 adhuc
1657 5682 1856 5731 essem,
1915 5681 2005 5721 so-

416 5761 523 5816 lum
565 5773 742 5816 autem
791 5767 841 5816 in
883 5762 1129 5833 subjecto
1174 5759 1413 5814 materiae
1452 5758 1629 5813 carnis
1677 5757 2005 5821 existebam;

417 5854 609 5912 deinde
631 5855 869 5929 genitus,
900 5858 988 5926 qui
1021 5856 1148 5911 olim
1178 5867 1284 5909 non
1316 5867 1486 5920 eram,
1525 5851 1635 5925 ipsa
1661 5852 2010 5923 generatione

2103 4764 2217 4803 rutn
2295 4755 2348 4800 et
2419 4745 2654 4800 noetium
2704 4743 2998 4798 interitum.
3049 4746 3239 4797 Annon
3288 4744 3692 4809 animadvertis,

2103 4853 2159 4897 ut
2210 4844 2307 4894 ista
2356 4840 2657 4893 moriuntur
2704 4847 2756 4890 et
2805 4837 3128 4906 resurgunt?
3154 4836 3289 4902 Quid
3325 4849 3579 4906 prieterea
3610 4852 3695 4892 re-

2102 4931 2268 4987 feram
2321 4930 2770 4984 resurrectionem
2830 4929 3094 4982 fructuum
3148 4935 3204 4980 et
3242 4929 3526 4991 seminum,
3576 4944 3697 4997 qua:

2104 5023 2280 5078 omnia
2326 5031 2522 5076 nostra:
2568 5019 2824 5073 voluntati
2851 5017 3126 5072 serviunt?
3173 5017 3227 5070 Si
3259 5018 3399 5070 enitn
3445 5033 3693 5086 granum,

2105 5115 2334 5183 exempli
2377 5113 2566 5181 gratia,
2599 5112 2780 5172 tritici,
2829 5121 2918 5165 aut
2967 5110 3292 5176 reliquorum
3338 5109 3602 5162 fructuum
3644 5111 3696 5164 in

2106 5218 2304 5262 terram
2351 5206 2632 5274 sparseris,
2666 5206 2895 5273 primum
2942 5202 3156 5272 quidem
3206 5205 3431 5256 moritur
3477 5210 3532 5255 et
3577 5202 3693 5257 dis-

2106 5296 2352 5353 solvitur.
2398 5307 2448 5349 et
2502 5305 2609 5348 tutu
2664 5295 2879 5349 domum
2937 5293 3192 5354 nascitur,
3251 5301 3307 5348 ct
3361 5294 3411 5348 in
3461 5293 3697 5348 culmum

2109 5389 2516 5444 fructificantem
2571 5389 2818 5455 assurgit.
2857 5387 3123 5442 Arborum
3172 5395 3225 5440 et
3255 5403 3550 5457 quercunm
3601 5403 3694 5440 na-

2111 5493 2246 5542 tura,
2293 5480 2583 5534 secundum
2630 5479 2834 5532 Domini
2871 5481 3173 5547 imperium,
3227 5481 3436 5533 occulta
3467 5479 3696 5549 quadam

2111 5575 2194 5638 vi,
2245 5572 2502 5641 nobisque
2554 5569 2846 5634 invisibili,
2904 5569 3056 5622 statis
3109 5571 3439 5638 temporibus
3501 5570 3705 5624 fructus

2114 5663 2408 5735 proferunt.
2462 5661 2733 5715 Interdum
2788 5660 3148 5730 passwculus,
3203 5672 3295 5713 aut
3347 5663 3446 5712 alia
3496 5661 3706 5716 avicula

2115 5759 2381 5812 devorans
2427 5770 2609 5807 semen
2659 5754 2803 5818 mali,
2857 5763 2944 5806 aut
2994 5752 3145 5815 licus,
3195 5763 3285 5805 aut.
3328 5751 3548 5806 alteiins
3595 5753 3706 5817 rei,

2116 5849 2292 5909 avolat
2325 5849 2376 5904 iti
2413 5847 2589 5902 locum
2635 5846 2866 5920 aliquem
2907 5845 3130 5909 editum,
3181 5859 3453 5907 saxosum,
3488 5856 3536 5905 et
3575 5845 3622 5900 id
3660 5846 3712 5909 in
