4230 6242
508 346 615 401 167

1792 345 1881 401 DE
1920 340 2175 401 MINUCII
2215 341 2515 399 OCTAVIO

3711 344 3818 400 463

513 462 726 516 foveam
773 460 1007 529 aliquam
1040 473 1133 526 per
1160 457 1429 512 diversam
1453 457 1697 526 corporis
1726 466 1933 528 partem
1962 459 2112 513 cmit-
2142 457 2194 516 Α
2220 456 2287 512 ad
2315 472 2375 509 ea
2408 455 2704 511 revocanda
2755 457 2849 512 Dei
2900 466 3161 528 potestas,
3193 474 3296 527 qua
3345 458 3414 514 de
3457 457 3568 513 sola
3607 459 3813 529 agitur,

508 555 595 610 tit.
646 551 785 621 Quid
825 551 923 605 ﬁt?
955 550 1153 606 Semen
1193 551 1322 605 illud
1351 551 1664 616 subcressit,
1694 551 1822 606 etin
1863 552 2111 627 arborem

512 661 762 713 magnam
819 645 1017 709 evadit,
1068 644 1311 713 quamvis
1363 643 1703 709 devoratum,
1755 659 1852 715 per
1908 654 2112 701 tantum

511 741 748 796 calorem
795 739 1161 793 transierit....
1195 737 1289 793 Sin
1321 746 1496 793 autem
1533 738 1765 794 volueris
1814 740 2114 795 mirabilius

512 832 879 904 spectaculum
920 847 1165 896 cernere,
1209 832 1351 898 quod
1392 832 1458 886 ad
1492 832 1540 886 id
1586 847 1955 900 comparatum
2006 844 2109 901 est,

510 934 571 979 ut
599 923 804 992 majore
834 923 1101 977 evidentia
1133 937 1466 978 mortuorum
1507 928 1831 981 resurrectio
1857 942 2110 995 compro~

510 1015 685 1080 betur,
733 1015 898 1085 jubeo
939 1026 990 1069 te
1034 1016 1242 1085 erigere
1281 1017 1505 1082 vultum,
1559 1033 1664 1073 non
1706 1019 1879 1074 solum
1908 1021 1972 1074 ad
2006 1031 2113 1076 ter-

511 1109 725 1170 restria,
769 1124 955 1163 verum
1005 1111 1167 1163 etiam
1197 1107 1262 1162 ad
1304 1110 1603 1165 caelestium
1635 1114 2109 1167 resurrectionem.

510 1201 716 1256 Lunam
765 1200 904 1265 vide,
952 1217 1070 1270 qum
1099 1202 1323 1271 singulis
1375 1202 1647 1258 mensibus
1678 1212 1731 1259 et
1780 1205 1918 1274 perit
1943 1214 1999 1259 et
2025 1221 2113 1261 re—

510 1292 771 1355 nascitur,
796 1307 896 1347 nec
927 1309 1031 1346 nun
1059 1299 1112 1346 et
1138 1293 1242 1347 alia
1273 1295 1615 1348 considerato
1640 1308 1805 1351 astra.
1837 1297 2108 1354 Praeterea

510 1395 568 1442 et
614 1388 663 1439 in
698 1386 1005 1456 temetipso,
1060 1388 1305 1456 quamvis
1331 1387 1381 1441 id
1428 1388 1661 1460 ignores,
1696 1392 2111 1448 resurrectionis

511 1479 879 1548 operationem
928 1493 1217 1547 cognosce,
1267 1497 1299 1531 υ
1348 1479 1528 1535 Ιιοιιιο.
1584 1479 1703 1535 Non
1756 1483 1943 1537 dubito
1981 1484 2110 1553 quin

508 1572 798 1640 aliquando
827 1572 1054 1627 adversa
1084 1572 1390 1627 valetudine
1428 1572 1678 1637 aiilictus,
1726 1575 1972 1631 amiseris
1993 1591 2111 1631 car-

510 1682 610 1722 nes
639 1679 776 1731 tuas,
832 1676 887 1721 et
932 1666 1181 1732 fortnam,
1215 1666 1512 1737 roburque;
1559 1678 1813 1723 caeterum
1846 1669 1985 1724 Deus
2016 1669 2111 1727 tibi

508 1757 933 1813 misericordiam
984 1757 1299 1828 impertiens
1347 1767 1403 1812 et
1472 1758 1792 1813 medicinam
1834 1762 2107 1827 tribuens,

2219 550 2374 621 plane
2419 565 2481 605 ac
2522 551 2804 621 perspicue
2843 551 3122 621 probatur.
3182 550 3373 606 Nonne
3422 552 3624 607 etenim
3682 553 3817 609 solis

2216 650 2592 712 astrorumque
2632 657 2878 709 occasus,
2907 653 2963 698 et
3011 652 3185 707 ortus,
3231 660 3412 699 nonne
3447 643 3655 700 fructus
3685 646 3817 700 alia-

2217 750 2321 806 que
2353 735 2656 805 bujusmodi
2693 751 2758 791 ex
2811 737 3244 804 putrescentibus
3285 739 3467 807 granis
3492 739 3605 794 suis
3632 755 3819 795 renas-

2218 827 2417 889 centia,
2469 826 2627 882 nobis
2681 826 2940 884 exhibent
2990 828 3223 898 aliquam
3271 831 3605 898 resurgentis
3650 834 3818 888 nostri

2216 922 2459 991 corporis
2496 921 2940 976 similitudinem”!
2973 924 3035 975 At
3063 922 3109 978 si
3157 921 3275 977 haec
3307 922 3466 977 Solita
3518 924 3611 978 Dei
3638 935 3817 994 potes-

2219 1026 2325 1071 tate
2345 1016 2601 1071 coutinuo
2625 1017 2777 1081 liunt,
2801 1016 3073 1086 quomodo
3100 1015 3301 1071 ethnici
3333 1032 3529 1087 negare
3550 1018 3819 1074 audebant

2215 1123 2444 1179 Corpora
2492 1118 2673 1163 nostra
2726 1119 2936 1162 mortua
2993 1123 3153 1175 posse
3194 1108 3381 1163 eadem
3438 1108 3533 1165 Dei
3580 1111 3817 1179 potentia

2216 1201 2282 1255 ad
2316 1201 2477 1255 vitam
2503 1200 2761 1256 excitari?
2794 1201 2861 1255 Ut
2887 1215 2950 1255 ea
2981 1200 3139 1268 igitur
3168 1199 3233 1255 ad
3262 1201 3446 1254 amissi
3476 1201 3691 1255 luminis
3717 1217 3815 1256 au-

2222 1309 2309 1348 ras
2348 1293 2593 1358 redeant,
2640 1293 2769 1348 nihil
2816 1293 2957 1347 aliud
2992 1308 3150 1363 quam
3199 1295 3368 1364 ipsius
3419 1293 3511 1348 Dei
3571 1295 3818 1349 voluntas

2226 1385 2585 1441 desideratur.
2647 1387 2804 1455 Atqui
2853 1384 2903 1439 id
2932 1386 3093 1440 Deum
3140 1386 3277 1439 velle
3302 1398 3365 1439 ex
3418 1386 3585 1440 sacris
3612 1388 3812 1442 nostris

2215 1475 2509 1548 Scripturis
2556 1478 2964 1533 evidentissime
3017 1478 3308 1548 Colligitur,
3359 1478 3434 1532 uti
3481 1478 3705 1535 inferius
3748 1497 3813 1535 ex

2215 1573 2335 1627 aliis
2387 1572 2588 1627 nostris
2657 1571 3014 1641 scriptoribus
3075 1572 3448 1626 ostendemus.
3500 1571 3635 1641 Quia
3691 1588 3818 1629 vero

2214 1662 2413 1718 etlmici
2457 1677 2562 1717 non
2608 1662 2675 1718 de
2728 1664 2828 1717 hac
2871 1663 3054 1733 utique
3107 1663 3201 1716 Dei
3250 1663 3545 1729 voluntate,
3601 1663 3696 1717 sed
3750 1665 3818 1721 de

2216 1755 2356 1810 illius
2388 1763 2596 1809 tantum
2625 1755 2861 1824 potentia
2910 1755 3060 1809 litem
3106 1753 3395 1813 faciebant.
3429 1755 3562 1809 satis
3598 1755 3698 1810 sibi
3732 1756 3821 1810 Mi~

509 1850 688 1907 effecit
730 1860 788 1904 ut
817 1865 1010 1906 carnes
1060 1850 1308 1916 amissas,
1345 1852 1593 1917 formam,
1654 1852 1921 1921 roburque
1949 1868 2106 1907 recu-
2140 1850 2189 1911 B
2218 1851 2428 1915 nucius,
2463 1849 2682 1919 aliique,
2714 1863 2837 1905 esse
2877 1858 3130 1919 putarunt
3162 1847 3299 1903 hanc
3332 1848 3495 1904 variis
3523 1851 3808 1917 exemplis,

511 1957 755 2012 perat-es.
804 1941 872 1995 Et
902 1942 1352 2009 quemadmodum
1397 1944 1612 2013 ignoras
1644 1960 1772 2013 quo,
1806 1956 1857 2000 te
1902 1944 2111 2012 relicto,

512 2050 708 2090 carnes
740 2034 993 2099 abierint,
1026 2037 1104 2090 sic
1137 2044 1189 2090 te
1236 2034 1369 2106 fugit
1396 2037 1541 2092 unde
1569 2037 1848 2106 redierint,
1880 2050 1934 2095 et
1970 2042 2113 2097 unde

514 2143 608 2185 eas
634 2130 930 2198 acceperis.
964 2130 1161 2185 Verum
1203 2132 1499 2198 enimvero,
1536 2132 1734 2201 inquis,
1761 2149 1824 2187 ex
1855 2135 2114 2191 alimento

511 2230 567 2278 et
591 2222 899 2290 saporibus.
940 2223 993 2276 in
1023 2223 1335 2292 sanguinem
1383 2225 1683 2286 conversis,
1717 2240 1909 2281 carnes
1936 2229 2117 2297 repul-

511 2312 768 2367 lularunt.
813 2312 1043 2368 Pulchre
1090 2314 1336 2384 quidem;
1386 2315 1482 2370 sed
1530 2332 1599 2371 ne
1644 2332 1815 2382 erres,
1864 2318 1966 2374 hoc
2021 2319 2115 2375 Dei

514 2404 835 2459 benelicium
885 2415 986 2467 est,
1037 2420 1137 2461 nec
1187 2408 1339 2461 alteri
1380 2418 1465 2464 est
1500 2423 1724 2481 accepto
1767 2411 2113 2469 referendum

514 2495 821 2567 (Theoph.,
870 2498 958 2551 lib.
1005 2512 1043 2552 tt
1093 2499 1155 2552 de
1200 2499 1463 2571 Autolyc.,
1511 2516 1632 2572 pag.
1690 2504 1757 2557 77
1804 2514 1849 2557 et
1900 2506 2052 2576 δρψ).
2086 2525 2105 2558 ι

512 2587 708 2642 lisdem
740 2604 955 2658 quoque
985 2600 1078 2645 aut
1105 2591 1373 2647 similibus
1402 2594 1558 2661 plane
1584 2596 1847 2667 exemplis
1881 2599 2114 2668 plurimi,

516 2681 661 2752 iique
699 2682 998 2737 doctissimi
1045 2685 1301 2740 Ecclesiae
1352 2687 1572 2756 Patres,
1627 2690 1861 2746 futuram
1923 2709 2118 2765 corpo-

514 2789 639 2830 rum
692 2787 997 2831 nostrorum
1047 2781 1496 2836 resurrectionem
1545 2784 1952 2842 conﬁrmarunt.
2007 2789 2115 2844 Sed

515 2870 637 2939 quia
693 2870 984 2939 prolixiora
1031 2882 1155 2927 sunt
1183 2889 1373 2927 eorum
1403 2874 1587 2941 verba,
1631 2892 1791 2947 quam
1839 2888 1896 2934 ut
1920 2880 2005 2936 hic
2037 2882 2118 2937 iti-

516 2974 664 3034 tcgra
707 2962 1081 3027 exhibeantor,
1130 2982 1192 3021 ea
1223 2967 1447 3021 curiosis
1494 2970 1765 3037 omnibus,
1807 2972 1896 3043 qui
1937 2976 2117 3030 omnia

516 3056 743 3110 suismet
771 3056 942 3109 oculis
977 3060 1208 3113 lustrare
1239 3059 1448 3125 volunt,
1500 3061 1873 3120 indicabimus.
1913 3065 2119 3136 Lt'gant

517 3148 697 3215 itaque
744 3146 1136 3202 'l‘et'tullianutn
1186 3151 1452 3221 Apologrt.
1525 3168 1643 3221 cap.
1674 3154 1766 3220 48,
1814 3165 1867 3211 et
1913 3157 2007 3211 lib.
2054 3160 2119 3213 de

2219 1959 2283 1998 ac
2321 1941 2638 2013 quibusdam
2687 1942 2847 1997 etiam
2903 1942 2969 1995 ad
3019 1942 3314 2006 hominem,
3365 1942 3439 1996 uti
3489 1943 3814 2013 loquuntur,

2219 2035 2552 2106 argumentis
2601 2031 3026 2089 demonstrasse.

2292 2127 2461 2180 Porro
2487 2134 2665 2179 autem
2708 2126 2793 2179 his
2819 2126 2892 2180 ita
2935 2125 3185 2180 stabilitis
3214 2139 3275 2179 ac
3305 2124 3653 2193 conﬁrmatis,
3686 2126 3816 2181 nihil

2219 2229 2407 2273 auctor
2467 2226 2651 2273 noster
2716 2217 2947 2287 amplius
3005 2219 3214 2274 censuit
3275 2219 3701 2289 respondendum
3743 2220 3810 2274 ad

2221 2314 2454 2381 ineptam
2506 2310 2710 2367 Caecilii
2760 2311 3183 2378 cavillationem,
3230 2326 3333 2381 qua
3367 2312 3667 2379 postulabat
3710 2317 3816 2367 ati-

2221 2422 2379 2474 quctn
2412 2414 2680 2459 mortuum
2721 2405 2821 2459 sibi
2872 2404 3123 2475 proferri,
3181 2403 3269 2475 qui
3310 2405 3374 2459 ad
3418 2420 3516 2459 nos
3565 2420 3820 2476 umquam

2221 2498 2374 2552 vivus
2404 2497 2747 2552 remeaverit.
2780 2497 2922 2565 Quid
2944 2497 3088 2552 enim
3114 2510 3252 2567 Opus
3276 2506 3393 2552 erat
3412 2498 3644 2552 divinant
3673 2515 3821 2554 mor-

2224 2602 2344 2646 tuos
2370 2590 2736 2645 cxsnscitandi
2769 2598 3089 2660 potestatem
3138 2599 3230 2644 aut
3274 2591 3575 2658 Protesilai,
3605 2602 3695 2645 ant
3720 2592 3826 2647 alio

2220 2684 2436 2754 probari
2466 2682 2744 2752 exemplo,
2779 2698 2900 2753 qua:
2929 2682 3248 2738 certissimis
3276 2684 3545 2737 rationum
3577 2698 3822 2739 momen-

2223 2775 2290 2830 tis
2336 2775 2702 2831 demonstrata
2746 2775 2954 2829 fuerat?
3008 2775 3340 2845 Theopltilus
3394 2785 3573 2832 tamen
3630 2779 3823 2833 Antio-

2220 2871 2448 2934 chenns,
2499 2876 2558 2923 ut
2606 2867 2773 2923 hebes
2821 2867 2954 2922 illud
2987 2878 3038 2920 et
3079 2864 3296 2923 imbelle
3339 2869 3615 2937 gentilium
3658 2869 3824 2925 telum

2222 2959 2493 3027 retundat,
2528 2960 2654 3024 alia,
2693 2973 2854 3029 quam
2904 2958 3207 3022 Protesilai,
3260 2959 3452 3015 tradita
3482 2961 3551 3015 ab
3582 2961 3826 3031 ipsistnet

2221 3052 2509 3123 gentilibus
2558 3053 2802 3122 exempla
2838 3052 2980 3107 hunc
3041 3052 3242 3122 profert
3289 3054 3341 3106 in
3374 3053 3589 3108 modum
3623 3071 3636 3107 :
3667 3072 3686 3104 ι
3717 3052 3825 3107 Sed

2223 3146 2346 3216 quid
2396 3146 2744 3200 metnorabiie
2796 3144 2949 3211 facis,
3005 3145 3050 3199 si
3108 3145 3294 3199 videas
3339 3154 3393 3200 et
3447 3144 3668 3201 credis?
3705 3153 3820 3203 Et"

514 3238 905 3295 Resurrectione
925 3242 1114 3308 carnis,
1140 3258 1259 3312 cap.
1294 3244 1379 3299 19.
1419 3246 1756 3300 Ambrosium
1785 3246 1879 3301 lib.
1928 3265 1961 3301 ν
2010 3247 2113 3304 He-

2221 3245 2450 3300 πιστεύεις
2476 3248 2556 3294 τόν
2588 3228 2806 3308 ιῖρουιλέι
2829 3245 3070 3293 laesura:
3098 3245 3266 3294 Eatuer
3290 3247 3403 3309 ζῇν,
3431 3240 3513 3291 καὶ
3553 3232 3827 3298 Ᾱσιὼήπιον

516 3348 685 3387 τεηιηη.
734 3349 855 3402 cap.
897 3332 967 3386 22
996 3343 1049 3389 et
1078 3334 1172 3401 25,
1207 3352 1324 3406 pag.
1372 3338 1474 3392 109
1499 3348 1551 3392 et
1583 3354 1694 3408 seq.
1743 3350 1905 3412 atque
1934 3342 1986 3396 in
2013 3345 2120 3412 pri-

518 3426 620 3479 mis
652 3427 745 3480 lib.
776 3442 814 3481 tt
845 3427 908 3480 de
954 3425 1085 3482 Fide
1124 3440 1392 3484 resurrect.
1446 3430 1473 3501 ς
1502 3432 1570 3486 55
1601 3443 1652 3485 et
1680 3447 1797 3502 seq.
1829 3448 1947 3505 pag.
1979 3437 2119 3491 1117

516 3527 571 3573 et
618 3534 732 3590 seq.
763 3520 1164 3577 Titeotloretum
1210 3533 1346 3578 orat.
1380 3525 1434 3588 9,
1465 3524 1528 3577 de
1570 3523 1892 3593 Provident,
1921 3530 2023 3584 sub
2055 3532 2118 3583 ii.

522 3629 665 3679 ueni,
712 3629 831 3684 pag.
871 3614 975 3669 456
1025 3622 1079 3669 et
1127 3630 1280 3687 st-qq.
1328 3616 1504 3671 Nilum
1536 3627 1668 3671 orat.
1712 3620 1762 3683 1,
1794 3622 1846 3673 in
1890 3620 2117 3691 Pascha,

520 3704 663 3776 apud
696 3704 968 3769 Photium,
1015 3706 1257 3762 Biblioth.
1315 3722 1438 3779 pag.
1490 3710 1652 3766 1530.
1696 3715 1906 3767 adeant
1944 3716 2120 3772 adhuc

520 3796 880 3867 Augtrtiuum
933 3799 1025 3853 lib.
1078 3814 1189 3853 xxii
1230 3800 1293 3853 de
1337 3798 1513 3868 Civit.,
1562 3816 1681 3870 cap.
1734 3803 1797 3858 9.1
1836 3814 1890 3860 et
1938 3819 2117 3877 seqq.,

522 3904 641 3960 pag.
677 3890 780 3945 676
822 3901 877 3945 et
927 3907 1103 3963 seqq.,
1147 3894 1235 3947 ubi
1283 3892 1371 3948 ille
1417 3896 1651 3965 explicat
1677 3904 1875 3964 utrum,
1907 3909 1955 3954 et
1986 3915 2117 3970 quo-

521 3983 683 4037 modo
733 3999 982 4055 corpora,
1028 3994 1123 4040 aut
1152 3986 1238 4041 illa
1296 4002 1414 4057 qum
1464 3988 1515 4041 in
1572 3989 1778 4045 favillas
1807 4001 1863 4045 et
1907 3992 2118 4050 cineres

521 4075 735 4130 redacta
768 4086 913 4144 sunt,
960 4087 1052 4132 aut
1090 4079 1193 4134 alia
1241 4079 1309 4134 ab
1349 4079 1469 4135 aliis
1517 4081 1826 4137 hominibus
1855 4095 2115 4154 comesta,

522 4171 803 4226 autetiam
851 4171 1156 4239 iurantium,
1207 4175 1313 4229 sint
1352 4175 1420 4230 ad
1452 4175 1613 4231 vitam
1657 4179 1978 4235 revocanda.
2013 4180 2119 4237 Re-

520 4264 738 4319 volvant
770 4267 952 4332 etiam,
985 4268 1029 4322 si
1058 4277 1213 4322 vacat
1252 4278 1306 4322 et
1333 4268 1500 4331 lubet,
1534 4269 1962 4342 pseudouymum
1990 4272 2117 4328 Jus-

520 4358 617 4411 tini
662 4360 911 4431 martyris
957 4361 1149 4415 librum
1196 4362 1388 4429 Quam.
1419 4374 1466 4415 et
1504 4362 1752 4431 Respons.
1806 4365 1875 4419 ad
1920 4366 2115 4436 Gram,

522 4466 646 4520 pag.
689 4452 795 4508 $08
846 4453 899 4509 et
927 4469 1106 4524 seqq.,
1140 4454 1280 4510 inter
1323 4454 1565 4524 ejusdem
1614 4454 1809 4511 Justini
1840 4471 2003 4527 opera
2034 4459 2119 4515 di-

524 4545 822 4614 vulgatum.

2221 3340 2569 3405 κεραυιωθὲντα
2597 3340 2865 3404 ἕγηγξρθαι,
2908 3337 2971 3388 τὸ.
3002 3337 3051 3387 δὲ
3090 3340 3185 3387 ὑπὸ
3220 3339 3305 3389 τοῦ
3337 3340 3458 3389 Θεοῦ
3499 3337 3573 3387 σοὶ
3602 3337 3826 3403 liv-16,1st

2221 3430 2457 3493 ἀπιστεῖς,
2488 3436 2595 3487 ἴσως
2626 3428 2712 3479 κᾶν
2733 3430 2951 3495 ὶτιδείξῴ
2969 3448 3041 3480 σοι
3070 3435 3229 3497 vix,“
3251 3432 3510 3497 ὶοιερθξντα,
3535 3429 3614 3479 καὶ
3646 3430 3823 3491 ζῶντι,

2224 3522 2303 3573 καὶ
2335 3526 2472 3576 τοῦτο
2504 3524 2820 3579 interdum.
2851 3520 2906 3574 Si
2934 3519 3111 3572 credis
3140 3518 3447 3581 llerculetu,
3481 3534 3637 3589 quem
3667 3520 3824 3572 ﬂatu-

2225 3626 2307 3665 ma
2336 3611 2645 3678 assumpsit,
2680 3612 2882 3677 vivere,
2926 3610 3298 3680 1E~culapiutu
3339 3611 3561 3665 fulmine
3592 3622 3815 3677 tactum,

2225 3706 2349 3761 vita:
2383 3705 2710 3767 restitutum,
2752 3720 2874 3776 qum
2903 3707 3176 3761 dementia
3216 3716 3299 3761 est
3328 3706 3471 3761 nolle
3501 3704 3630 3761 dare
3659 3706 3821 3762 ﬁdem

2224 3798 2350 3863 illis,
2405 3812 2523 3868 qua:
2579 3798 2718 3852 Deus
2766 3799 3044 3869 loquitur?
3077 3798 3346 3853 Dubitatio
3389 3807 3441 3853 te
3489 3809 3714 3865 teneret,
3772 3810 3828 3856 et

2224 3890 2270 3945 si
2324 3890 2419 3945 tibi
2471 3874 2852 3959 praesentarem
2900 3892 3132 3962 aliquem
3162 3906 3195 3947 e
3242 3892 3466 3947 mortuis
3507 3903 3825 3957 eVocatum,

2222 3998 2289 4039 an
2311 3984 2450 4052 apud
2479 3995 2529 4039 te
2556 3983 2716 4041 iidem
2746 3985 2987 4041 invenire
3014 3986 3264 4055 possem?
3297 4006 3317 4039 ι
3349 3986 3728 4059 (Tlteopli.,lib.
3756 3990 3827 4043 ad

2225 4076 2482 4148 Autolyc.,
2537 4093 2657 4147 pag.
2709 4077 2827 4148 77.)
2866 4078 3084 4134 Poterat
3156 4078 3332 4135 adhuc
3396 4080 3484 4135 ille
3536 4081 3754 4135 allatum
3793 4098 3826 4138 a

2224 4171 2446 4226 Platone
2475 4171 2599 4228 Heri
2632 4173 2894 4238 Armenii,
2923 4172 2991 4226 de
3033 4186 3140 4243 quo
3187 4188 3286 4228 uos
3311 4174 3458 4235 alibi,
3491 4176 3822 4246 exemplum,

2223 4264 2436 4333 aliaque
2476 4265 2649 4335 plura,
2685 4258 2754 4320 ab
2784 4263 3016 4321 ethnicis
3060 4264 3351 4329 venditata,
3385 4267 3438 4320 in
3467 4268 3700 4322 medium
3730 4268 3827 4323 ad-

2224 4356 2454 4423 ducere;
2500 4357 2593 4412 sed
2624 4356 2741 4413 lucc
2773 4366 3023 4428 tanquam
3063 4368 3463 4429 supervacanea
3516 4360 3825 4431 Scriptores

2226 4452 2395 4504 nostri
2429 4452 2698 4521 aspernati
2751 4459 2895 4505 sunt.
2939 4450 3208 4506 Caeterum
3253 4451 3299 4506 si
3357 4452 3426 4506 de
3457 4450 3630 4505 futura
3677 4466 3827 4505 mor-

2226 4552 2436 4599 tuorum
2489 4545 2892 4601 resurrecﬁbne
2933 4543 3083 4614 plura
3133 4540 3328 4611 adhuc,
3379 4559 3538 4613 quam
3585 4560 3671 4611 ea,
3704 4560 3824 4617 qua:

595 4632 793 4688 Verum
830 4634 1072 4707 insurget
1118 4637 1364 4693 ethnicus
1393 4639 1609 4708 aliquis,
1644 4648 1735 4694 aut
1774 4641 1956 4697 nescio
1998 4644 2119 4714 quis
2142 4638 2196 4699 D
2222 4657 2285 4696 ex
2334 4641 2511 4697 citatis
2563 4643 2872 4698 auctoribus
2921 4642 3203 4697 retulimus
3231 4683 3246 4706 ,
3298 4641 3494 4710 aliquis
3527 4640 3822 4708 desideret,

526 4725 868 4793 incredulus,
924 4727 1187 4799 nobisque
1230 4729 1479 4797 objiciet,
1536 4732 1806 4799 preposita
1860 4732 2119 4791 hactenus

524 4821 591 4874 ad
634 4820 962 4889 probandam
984 4824 1229 4892 corporis
1257 4826 1423 4879 uestri
1452 4827 1902 4883 resurrectionem
1930 4845 2118 4885 exem-

526 4916 633 4985 pla,
669 4916 873 4972 minimi
904 4925 999 4972 aut
1026 4920 1202 4989 potius
1233 4918 1429 4973 nullius
1460 4933 1582 4975 esse
1626 4925 1904 4979 momenti.
1934 4923 2121 4997 Neque

523 5011 666 5065 enim
706 5011 787 5065 sol
842 5021 896 5066 et
939 5022 1082 5066 astra
1115 5012 1434 5078 moriuntur,
1485 5030 1658 5085 neque
1687 5014 1845 5072 iidem
1891 5034 2121 5076 numero

522 5101 683 5157 ﬂores
722 5111 777 5156 et
827 5102 1032 5158 fructus
1078 5105 1273 5159 mortui
1314 5105 1661 5162 reviviscunt.
1719 5110 1790 5163 At
1837 5124 1966 5166 sane
2012 5126 2117 5168 non

523 5193 658 5248 adeo
687 5193 837 5249 bardl
879 5204 930 5249 et
984 5194 1206 5251 hebetes
1247 5194 1461 5251 fuerunt
1502 5197 1697 5253 laudati
1744 5214 1773 5254 a
1802 5201 1958 5257 nobis
1987 5202 2120 5258 doc-

523 5289 719 5344 tissimi
766 5288 839 5344 illi
888 5288 1023 5357 viri;
1076 5300 1137 5345 ut
1188 5289 1302 5346 haec
1333 5301 1421 5346 aut
1456 5294 1838 5363 ignoraverint,
1889 5304 1980 5350 aut
2010 5312 2119 5353 non

521 5381 1018 5440 animadverterint.
1045 5384 1220 5440 Nescii
1242 5388 1441 5457 quippe
1463 5401 1568 5441 non
1589 5396 1948 5443 erantemnes
1968 5403 2119 5444 eom-

519 5477 828 5545 parationes
871 5477 1069 5546 aliqua,
1127 5485 1184 5531 ut
1235 5479 1417 5546 aiunt,
1470 5493 1536 5533 ex
1592 5490 1743 5549 parte
1792 5478 2115 5538 claudicare.

513 5568 875 5633 Quamobrem
932 5586 1027 5626 eas
1074 5571 1195 5629 ideo
1242 5572 1545 5637 instituunt,
1600 5581 1656 5626 ut
1684 5588 1751 5627 ex
1803 5573 1910 5628 illis
1966 5585 2116 5645 pate-

508 5658 708 5716 faciant
762 5662 925 5717 multa
960 5677 1251 5735 suppetere
1275 5666 1428 5720 nobis
1460 5666 1728 5735 exempla,
1767 5683 1887 5737 quin
1912 5668 2114 5737 aliquid

503 5764 621 5803 cum
661 5755 882 5808 mortuis
907 5764 1248 5823 corporibus
1279 5761 1496 5823 nostris,
1528 5759 1595 5813 ad
1633 5759 1796 5817 vitam
1826 5760 2113 5832 aliquando

528 5843 808 5907 evocandis,
853 5857 1179 5923 commune
1224 5865 1289 5906 ac
1316 5841 1497 5910 simile
1533 5850 1795 5929 habeant,
1839 5862 1891 5911 et
1920 5855 2112 5925 quibus

2224 4734 2270 4789 is
2295 4734 2577 4790 Tatiannm
2608 4779 2622 4801 ,
2663 4735 3025 4801 Ambrosium,
3070 4736 3311 4804 aliosque
3346 4734 3520 4801 adeat,
3552 4735 3641 4803 qui
3690 4735 3829 4789 inte-

2224 4842 2350 4898 gres
2388 4827 2492 4881 hoc
2545 4826 2613 4882 de
2658 4838 2976 4898 argumento
3017 4835 3275 4883 tractatus
3326 4826 3611 4881 ediderunt
3646 4825 3823 4897 (Tom.

2224 4936 2240 4975 ι
2288 4921 2535 4991 Apparet.
2595 4920 2684 4974 lib.
2746 4934 2835 4984 tu,
2911 4920 3116 4975 dissert.
3163 4919 3231 4987 2,
3279 4935 3396 4989 cap.
3452 4919 3550 4985 16,
3602 4928 3700 4972 nrt.
3754 4919 3821 4985 1,

2226 5030 2343 5085 pag.
2365 5013 2502 5069 1116

2834 5141 3134 5183 Αῐιτιευωε
3162 5142 3237 5181 Ill.

2226 5262 2600 5333 [impenduntur
2640 5272 2961 5332 argumenta,
3017 5263 3197 5332 quibus
3247 5261 3530 5317 ostenditur
3560 5260 3825 5331 improbos

2297 5356 2524 5411 homines
2577 5356 2737 5426 petitis
2765 5358 2969 5411 internis
3012 5366 3163 5424 atque
3212 5358 3329 5427 igne
3358 5356 3665 5426 sempiterno
3696 5371 3817 5410 cru~

2295 5451 2539 5514 ciandos;
2582 5452 2693 5522 pios
2719 5458 2890 5504 autem
2916 5448 2963 5505 et
2987 5451 3159 5520 justas
3190 5459 3434 5521 perpetua
3466 5449 3705 5519 felicitate
3726 5449 3826 5502 do-

2292 5542 2526 5604 nandus;
2565 5541 2647 5596 ubi
2693 5541 2757 5595 de
2781 5542 2968 5594 montis
3021 5539 3203 5599 £11m:
3237 5553 3287 5595 et
3352 5538 3554 5595 Vesuuii
3584 5541 3816 5611 ignibus,

2293 5633 2476 5703 Stygia
2504 5631 2710 5702 palude,
2742 5642 2789 5688 et
2815 5633 2961 5704 igneo
2996 5632 3185 5703 inferni
3225 5633 3461 5701 ﬂumine.

2288 5757 2750 5828 Quemadmodum
2799 5758 3045 5813 chilins
3081 5757 3389 5814 christiana:
3421 5756 3541 5812 iidei
3570 5755 3641 5811 de
3670 5771 3821 5812 mor—

2217 5865 2428 5912 tuorum
2467 5852 2742 5909 hominum
2780 5851 2843 5908 ad
2895 5854 3056 5908 vitam
3087 5867 3359 5921 regressu,
3402 5851 3471 5907 ita
3527 5859 3580 5908 ct
3619 5850 3687 5904 de
3719 5851 3818 5905 im-
