4248 6264
359 410 467 468 469

1790 406 2257 464 DISSERTATIO.

3563 403 3676 462 470

362 526 652 597 proborum
717 522 895 596 poenis
951 522 1326 594 sempiternis,
1387 530 1695 592 aeternaque
1749 521 1957 591 piorum
1987 525 2270 590 Ararum,
2318 520 2548 592 ﬂagrant
2595 535 2695 578 nec
2742 529 3064 593 erogantur:
3120 516 3191 577 ita
3261 521 3478 592 pmnale
3536 521 3672 578 illud

360 619 620 674 felicitate
663 616 882 689 dogma,
915 630 1024 671 non
1074 616 1192 670 sine
1217 615 1466 670 irrisione
1494 615 1670 685 rejicit
1697 629 1762 669 ac
1790 629 1958 685 repu-

361 711 495 767 diat.
534 710 713 777 «Hoc,
768 710 960 780 inquit,
1015 723 1222 773 errore,
1253 727 1273 761 ι
1332 707 1495 762 futuri
1550 709 1617 762 de
1671 716 1843 763 morte
1893 708 1960 762 ad

361 808 525 862 vitam
570 806 797 872 reditus,
838 803 1130 860 Christiani
1168 802 1420 871 (decepti
1476 801 1685 856 beatam
1722 801 1847 868 sibi,
1905 810 1961 855 ut

360 899 537 962 bonis,
576 905 634 951 et
662 905 942 968 perpetem
964 896 1127 949 vitam
1157 897 1384 951 mortuis
1419 894 1771 963 pollicentur;
1802 903 1962 948 emta-

360 995 435 1050 ris
478 1002 534 1047 ut
556 992 787 1063 injustis,
822 1005 1035 1061 ptenam
1068 991 1472 1060 sempiternam.
1500 1027 1545 1043 ..
1566 1028 1581 1045 .
1604 1026 1619 1040 .
1651 987 1786 1055 Quid
1839 996 1961 1057 post

362 1096 591 1142 mortem
635 1084 964 1154 impendeat.
999 1083 1180 1139 miseri
1212 1082 1339 1137 dum
1374 1082 1574 1147 vivitis,
1624 1080 1960 1137 aestimate...

363 1177 442 1232 Tu
466 1178 554 1248 qui
580 1176 1033 1231 immortalitatem
1064 1174 1401 1244 postlnunam
1431 1173 1690 1235 somnias.
1714 1189 1836 1227 cutn
1866 1189 1961 1241 pe-

362 1271 534 1326 riculo
563 1271 821 1340 quateris,
853 1285 973 1324 cum
1007 1268 1248 1325 febribus
1292 1268 1485 1333 ureris,
1514 1282 1636 1322 cum
1662 1266 1847 1321 dolore
1879 1267 1957 1321 la-

363 1362 582 1427 ceraris,
613 1362 849 1417 nondum
876 1362 1241 1417 conditionem
1274 1368 1417 1414 tuam
1440 1359 1636 1415 sentis?
1664 1380 1681 1412 ι
1720 1350 1960 1430 Denique

364 1470 471 1516 tam
511 1459 766 1515 audacter
811 1474 968 1528 quam
1024 1457 1187 1527 impie
1237 1457 1325 1512 ille
1376 1455 1727 1528 pronuntiat:
1765 1454 1962 1510 «Sicut

362 1552 655 1617 nascimur,
689 1560 745 1605 et
775 1552 1076 1613 interimus,
1111 1569 1128 1601 ι
1168 1548 1219 1604 id
1242 1558 1343 1614 est;
1375 1546 1826 1618 quemadmodum
1859 1562 1958 1601 an-

365 1655 577 1717 tequam
607 1660 973 1710 nasceremur,
1021 1643 1148 1700 nihil
1181 1659 1417 1710 eramus,
1466 1645 1538 1697 ita
1588 1653 1705 1713 post
1732 1654 1961 1698 mortem

362 1740 430 1794 ad
459 1739 601 1794 idem
635 1739 862 1793 nihilum
895 1739 1118 1804 redacti,
1148 1738 1279 1792 nihil
1311 1737 1523 1808 penitus
1546 1737 1769 1792 erimus.
1807 1738 1961 1792 Etita

364 1832 578 1903 quidem
611 1830 1089 1901 argumentabatttr
1117 1831 1385 1897 (la-cilius,
1417 1830 1487 1885 At
1517 1829 1603 1885 hic
1647 1830 1821 1885 obiter
1858 1831 1958 1884 0b-

2068 612 2399 681 incendium,
2449 629 2554 668 non
2623 613 2835 668 damnis
2892 613 3194 669 ardentium
3246 616 3516 684 pascitur,
3572 614 3672 670 sed

2066 705 2284 763 inexesa
2336 720 2624 775 corporum
2681 706 3011 761 laceratione
3064 707 3318 761 nutritur.
3358 726 3379 760 ι
3428 709 3494 763 At
3547 706 3666 763 haec

2068 797 2157 852 ille
2206 798 2473 854 delibasse
2524 799 2737 861 videtur
2767 814 2830 853 ex
2874 798 2977 852 hoc
3023 797 3342 853 Tertulliani
3368 798 3435 854 de
3478 799 3670 856 iisdem

2068 893 2286 945 mlernis
2314 891 2524 961 ignibus
2571 890 2892 960 diSputantis
2919 890 3068 945 loco:
3118 909 3137 942 ι
3165 889 3443 947 Noverunt
3467 902 3522 947 et
3553 891 3671 963 phi-

2068 982 2279 1051 losophi
2327 983 2695 1037 diversitatem
2750 983 2933 1037 arcani
3002 990 3057 1036 et
3114 982 3313 1053 publici
3367 984 3522 1054 ignis.
3591 984 3669 1040 Ita

2067 1078 2225 1145 longe
2269 1076 2407 1129 alius
2456 1085 2575 1143 est,
2633 1077 2723 1144 qui
2788 1078 2910 1129 usui
2965 1077 3220 1142 humano,
3268 1075 3408 1131 alius
3449 1078 3540 1146 qui
3583 1078 3669 1148 ju-

2067 1169 2209 1223 dicio
2254 1169 2347 1224 Dei
2388 1179 2628 1238 apparet,
2656 1169 2772 1222 sive
2824 1168 2892 1222 de
2936 1168 3075 1222 ccelo
3107 1167 3329 1222 fulmina
3374 1170 3669 1241 stringens,

2067 1262 2181 1316 sive
2209 1260 2277 1315 de
2328 1271 2465 1315 terra
2515 1275 2610 1329 per
2650 1260 2881 1314 vertices
2916 1261 3175 1314 montium
3222 1270 3493 1317 eructans.
3549 1262 3683 1318 Noui

2067 1358 2211 1411 enim
2254 1356 2508 1422 absumit,
2560 1354 2704 1424 quod
2758 1356 2979 1408 exurit:
3032 1354 3126 1409 sed
3176 1354 3303 1409 dum
3334 1364 3539 1426 erogat,
3583 1372 3669 1413 re-

2065 1462 2236 1522 parat.
2293 1448 2442 1504 Adeo
2515 1459 2730 1503 manent
2786 1458 2998 1502 montes
3047 1463 3262 1517 semper
3300 1450 3571 1515 ardentes,
3617 1462 3675 1509 et

2030 1548 2035 1549 ’
2067 1544 2157 1614 qui
2205 1542 2273 1597 de
2324 1542 2464 1597 cmlo
2505 1542 2757 1613 tangitur,
2795 1543 2976 1597 salvus
3013 1552 3114 1610 est,
3146 1553 3203 1596 ut
3229 1544 3376 1598 nullo
3401 1544 3511 1613 jam
3559 1544 3671 1615 igni

2066 1638 2457 1692 decinerescat.
2509 1636 2574 1690 Et
2625 1636 2726 1692 hoc
2754 1638 2856 1691 erit
2880 1636 3246 1692 testimonium
3289 1638 3426 1705 ignis
3454 1640 3667 1706 mterni,

2066 1728 2171 1784 hoc
2220 1729 2522 1797 CXt'mplUIII
2561 1728 2703 1799 jngis
2729 1728 2915 1799 judicii
2945 1744 3155 1798 ptenam
3187 1729 3495 1785 nutrientis.
3523 1730 3671 1787 Mon-

2069 1833 2148 1877 tcs
2178 1835 2404 1877 uruntur
2433 1831 2488 1877 et
2516 1822 2732 1875 durant.
2767 1820 2904 1888 Quid
2937 1831 3195 1876 nocentes
3240 1831 3293 1876 et
3317 1822 3410 1877 Dei
3440 1822 3625 1879 hostes
3646 1824 3672 1877 ?

367 1922 692 1979 servandum
721 1925 771 1977 in
815 1924 917 1978 hoc
956 1932 1102 1979 textu
1130 1923 1291 1978 verba
1322 1922 1548 1992 periculo
1572 1924 1814 1995 quateris,
1848 1924 1965 1993 qui-
1992 1923 2040 1982 B
2070 1919 2195 1975 llu‘c
2235 1928 2361 1973 sont
2386 1934 2504 1989 quae
2551 1919 2603 1971 in
2651 1918 2804 1972 nobis
2831 1918 2959 1972 solis
2988 1918 3442 1987 praesumptiones
3472 1933 3671 1972 vocan-

367 2015 597 2072 busdam
645 2014 1000 2084 displicuisse,
1027 2031 1227 2086 eosque
1256 2013 1466 2068 ariolari
1500 2014 1784 2085 legendum
1808 2030 1964 2084 quer-

367 2125 545 2177 quero,
604 2107 654 2162 id
686 2116 785 2170 est,
838 2106 1035 2178 frigore
1060 2116 1117 2162 et
1162 2116 1413 2172 tremore,
1449 2106 1562 2160 sive
1610 2106 1742 2161 febri
1776 2107 1960 2176 frigida

366 2201 612 2271 quateris.
643 2199 747 2256 Sed
779 2201 901 2256 huic
928 2201 1253 2269 conjectura:
1278 2208 1537 2270 repugnat
1567 2201 1963 2269 manuscriptus

365 2294 536 2349 codex
567 2295 767 2365 regius,
799 2310 863 2350 ac
888 2295 1051 2350 verba
1084 2294 1246 2349 etiam
1278 2292 1659 2363 subsequentia
1705 2308 1824 2349 eam
1852 2293 1963 2363 gad-

367 2386 502 2442 mitti
537 2386 846 2456 prohibent.

440 2479 692 2534 Octavius
718 2488 899 2534 autem
931 2476 1145 2533 Caecilio
1177 2479 1293 2531 haec
1312 2475 1634 2532 Christianis
1661 2476 1961 2546 objicienti,

367 2570 449 2625 vel
491 2570 663 2640 potius
702 2579 1019 2640 arroganter
1060 2569 1432 2638 exprobranti,
1471 2568 1714 2623 modeste
1742 2583 1964 2638 respon-

365 2661 456 2717 det
484 2662 772 2732 plerosque
804 2681 823 2715 ‹
848 2660 1175 2716 conscientia
1207 2662 1540 2727 meritorum,
1572 2680 1590 2713 ι
1623 2659 1674 2715 id
1706 2670 1811 2727 est,
1842 2676 1965 2731 pec-

366 2757 499 2809 catis
529 2754 781 2823 vitiisque
826 2755 1213 2831 conscientiam
1245 2754 1457 2808 illorutn
1490 2753 1962 2824 redarguentibus,

366 2849 538 2919 magis
570 2859 778 2918 optare,
809 2864 970 2919 quam
997 2864 1055 2904 re
1087 2850 1201 2919 ipsa
1232 2847 1456 2904 credere
1485 2847 1759 2903 hominem
1790 2857 1965 2903 morte

367 2942 639 3013 eXstiugui
684 2943 917 3013 penitus,
961 2957 1061 2997 nec
1090 2942 1155 2996 ad
1212 2942 1318 2996 ulla
1363 2952 1547 3012 postea
1579 2940 1841 3010 supplicia
1874 2956 1965 2996 rc-

370 3037 594 3088 servari.
639 3034 706 3089 Et
753 3049 883 3090 sane
906 3034 1125 3089 dubium
1158 3051 1265 3089 non
1297 3045 1403 3100 est,
1439 3035 1567 3105 quin
1615 3034 1666 3089 in
1706 3033 1823 3089 illos
1864 3033 1966 3088 hoc

369 3142 554 3182 errore
583 3127 791 3197 seipsos
823 3127 1093 3192 fallentes,
1145 3143 1209 3184 ac
1233 3127 1452 3183 liberius
1496 3138 1799 3199 peccantes,
1853 3142 1963 3198 quo

370 3222 593 3285 tardius,
639 3236 706 3277 eo
749 3222 991 3276 severius
1016 3222 1317 3292 justissima
1350 3222 1440 3277 Dei
1485 3221 1691 3290 judicio
1720 3220 1965 3275 animad-

372 3323 628 3369 vertatur.
681 3313 831 3371 Unde
856 3313 1102 3369 Valerins
1125 3314 1382 3370 Maximus
1425 3313 1491 3368 de
1522 3315 1775 3386 Dionysio
1803 3314 1966 3386 Syra-

371 3420 693 3487 cusanorum
728 3417 991 3478 tyranno:
1026 3425 1047 3458 ι
1087 3406 1276 3473 Lento,
1321 3406 1512 3476 inquit,
1541 3408 1709 3477 gradu
1738 3405 1804 3461 ad
1835 3408 1954 3460 vin-

369 3498 565 3556 dictam
590 3500 673 3555 Sui
691 3501 865 3556 divina
893 3500 1133 3571 procedit
1162 3504 1262 3568 ira,
1287 3502 1694 3570 tarditatemque
1718 3501 1966 3572 supplicii

369 3594 628 3662 gravitate
663 3594 1201 3665 compensat(Valer.
1236 3594 1406 3659 Μαι,
1432 3595 1519 3649 lib.
1554 3610 1593 3660 ι,
1627 3611 1738 3663 cap.
1774 3595 1826 3661 l,
1857 3593 1968 3649 Ea:-

372 3693 500 3740 tern.
538 3684 652 3757 §5,
684 3703 803 3757 pag.
832 3687 947 3752 2|).

444 3774 517 3830 At
543 3779 609 3842 si,
647 3778 843 3834 latente
866 3779 1081 3835 ethnico
1111 3779 1346 3848 homine,
1380 3781 1558 3837 divina
1592 3781 1822 3836 vindicta
1859 3794 1967 3836 non

377 3864 505 3920 sinit
550 3870 859 3937 graviorum
900 3873 1182 3927 criminum
1214 3888 1336 3928 reos
1362 3875 1511 3929 abire
1540 3874 1848 3943 impunitos,
1880 3890 1964 3930 ne-

372 3974 505 4030 gare
536 3962 721 4030 procul
767 3962 930 4018 dubio
956 3964 1045 4019 alii
1073 3983 1176 4020 non
1211 3976 1434 4036 possunt
1471 3966 1764 4035 improbos,
1799 3965 1967 4021 scele-

373 4062 540 4117 ratos,
573 4063 629 4107 et
654 4053 845 4123 impios
870 4055 1129 4122 homines,
1161 4060 1249 4129 qui
1282 4058 1595 4114 criminibus
1616 4057 1790 4113 adhuc
1819 4058 1968 4114 coin-

373 4144 576 4215 quinati
606 4148 940 4213 moriuntur,
986 4149 1180 4205 debitis
1222 4162 1340 4220 post
1369 4161 1595 4205 tnortetn
1642 4150 1813 4219 ptenis
1848 4164 1968 4206 esse

372 4237 705 4296 afficiendos.
741 4241 891 4297 Tunc
920 4245 1063 4298 enim
1103 4260 1233 4315 quas
1267 4245 1317 4298 in
1372 4244 1471 4299 hac
1510 4245 1617 4298 vita
1662 4260 1766 4298 non
1798 4242 1967 4298 dede-

372 4340 516 4398 runt,
558 4332 608 4389 in
645 4334 839 4401 altera,
870 4352 991 4406 quae
1035 4345 1234 4391 aeterna
1267 4337 1391 4402 erit,
1434 4336 1793 4405 sempiternas
1843 4336 1967 4406 igne

372 4433 576 4480 mlerno
618 4427 788 4482 luent.
847 4422 976 4484 Nam
1029 4431 1287 4500 «sapiens
1343 4431 1499 4501 ignis,
1554 4432 1629 4483 ait
1671 4429 1965 4496 Minucius,

372 4518 610 4573 membra
669 4520 794 4587 urit,
845 4532 897 4576 et
947 4521 1143 4589 reﬁcit,
1186 4524 1353 4590 carpit
1395 4533 1450 4578 et
1504 4523 1690 4577 nutrit.
1722 4541 1740 4573 ι
1788 4522 1971 4592 Neque

373 4613 570 4667 ethnici
616 4615 949 4685 resImndere
999 4625 1244 4686 poterant
1292 4617 1417 4672 illud
1449 4616 1824 4688 quorumdam,
1879 4616 1969 4687 qui

2070 2025 2172 2080 tur,
2219 2015 2275 2069 in
2330 2014 2664 2084 philosophis
2721 2022 2776 2069 et
2826 2013 2996 2081 poetis
3040 2027 3265 2066 summa:
3314 2012 3555 2067 scientiae
3618 2022 3674 2067 et

2066 2104 2507 2176 insigniajudicia
2538 2102 2779 2177 (Tertull.
2811 2103 3080 2173 Apologet.
3115 2119 3232 2173 cap.
3264 2101 3339 2155 48
3367 2119 3487 2173 pag.
3511 2100 3666 2173 45).»

2068 2199 2270 2256 Eodem
2321 2215 2534 2269 quoque
2594 2198 2755 2252 modo
2802 2197 3139 2263 Lactantius,
3188 2204 3308 2266 post
3350 2208 3669 2267 utrumque,

2067 2292 2453 2349 Tertullianum
2508 2306 2571 2346 ac
2619 2290 2908 2345 Minucium
2959 2289 3226 2357 Felicem,
3282 2288 3397 2343 haec
3426 2288 3584 2359 plane
3617 2289 3671 2343 in

2068 2384 2255 2448 verba,
2286 2383 2354 2437 ab
2383 2381 2502 2437 aliis
2522 2382 2683 2452 paulo
2711 2381 2951 2449 diversa,
2981 2389 3383 2452 argumentatus
3406 2390 3488 2435 est
3515 2378 3674 2453 (Lac-

2066 2487 2221 2543 tant.,
2277 2476 2366 2530 lib.
2413 2491 2488 2530 vit
2537 2475 2697 2528 divin.
2745 2473 2972 2528 lnstitut.
3032 2490 3153 2544 cap.
3189 2473 3253 2528 Ἦ
3315 2489 3437 2545 pag.
3489 2472 3596 2529 715
3627 2483 3676 2528 et

2069 2568 2227 2642 δρψ),
2266 2570 2411 2640 Ignis
2440 2567 2758 2638 sempiterni
2786 2586 2806 2618 ι
2841 2577 3031 2621 natura
3086 2566 3297 2620 diversa
3341 2575 3426 2620 est
3456 2566 3524 2620 ab
3570 2569 3677 2621 hoc

2069 2678 2280 2732 nostro,
2358 2666 2534 2737 quoad
2599 2666 2721 2718 vitae
2780 2661 3081 2717 necessaria
3131 2662 3349 2726 utimur,
3414 2660 3504 2729 qui
3567 2660 3675 2714 nisi

2069 2761 2297 2831 alicujus
2347 2760 2587 2814 materiae
2638 2759 2824 2812 fomite
2865 2757 3038 2811 alatur
3059 2755 3434 2824 exstinguitur.
3479 2754 3550 2807 At
3581 2753 3675 2809 ille

2068 2854 2282 2908 divinus
2340 2868 2437 2924 per
2487 2869 2546 2908 se
2594 2852 2769 2922 ipsum
2816 2865 3031 2919 semper
3075 2850 3205 2904 vivit
3256 2864 3319 2903 ac
3372 2848 3513 2918 viget
3553 2849 3673 2904 sine

2070 2947 2196 3002 ullis
2252 2946 2551 3013 alimentis,
2611 2960 2710 2999 nec
2765 2943 3060 2998 admixtum
3112 2940 3267 2995 habet
3300 2939 3526 3006 fumum,
3574 2939 3672 2995 sed

2068 3049 2151 3096 est
2211 3055 2374 3111 purus
2422 3055 2484 3094 ac
2542 3037 2793 3109 liquidus,
2848 3036 2984 3091 etin
3019 3050 3172 3104 aquae
3204 3033 3420 3089 modmn
3451 3031 3669 3088 ﬂuidus.

2068 3135 2183 3191 Non
2226 3136 2366 3190 enim
2417 3135 2464 3188 vi
2518 3133 2695 3202 aliqua
2736 3146 2948 3185 sursum
3004 3144 3194 3184 versus
3252 3137 3493 3196 urgetur,
3534 3128 3677 3182 sicut

2049 3238 2350 3293 ,noster....
2398 3227 2544 3282 Idem
2599 3227 2761 3296 igitur
2804 3224 3021 3280 divinus
3070 3224 3205 3293 ignis
3248 3235 3351 3276 una
3376 3219 3675 3288 eademque

1991 3315 2036 3378 C
2071 3325 2157 3388 vi,
2217 3331 2376 3392 atque
2421 3321 2658 3391 potentia
2702 3327 2757 3374 et
2806 3317 3071 3375 cremabit
3100 3316 3312 3385 impios,
3363 3325 3415 3369 et
3458 3325 3675 3367 recrea-

2073 3416 2178 3480 bit;
2231 3425 2284 3469 et
2351 3424 2608 3484 quantmn
2682 3427 2710 3464 a
2756 3410 3073 3481 corporibus
3126 3410 3393 3473 absumet,
3465 3412 3671 3459 tantum

2041 3504 2298 3579 'repouet
2337 3506 2548 3580 (noster
2581 3504 2753 3560 codex
2810 3499 3052 3574 resumet)
3108 3516 3171 3555 ac
3223 3499 3323 3553 sibi
3352 3500 3465 3570 ipse
3504 3506 3668 3551 aeter-

2073 3617 2200 3656 num
2250 3600 2500 3664 pabulum
2552 3596 3002 3653 subministrabit.
3053 3592 3206 3661 Quod
3250 3602 3418 3663 poetae
3475 3591 3525 3644 in
3557 3588 3673 3644 vul-

2072 3705 2246 3750 turem
2301 3693 2441 3765 Tityi
2487 3691 2910 3752 transtulerunt;
2966 3689 3034 3742 ita
3086 3689 3202 3742 sine
3260 3686 3397 3740 ullo.
3436 3683 3671 3738 revires-

2072 3790 2306 3845 Centium
2356 3802 2642 3857 corporum
2694 3785 3019 3840 detrimento
3072 3781 3262 3835 adoret
3326 3787 3552 3841 tantmn,
3610 3790 3674 3832 ac

2074 3897 2237 3937 sensu
2278 3880 2481 3934 doloris
2509 3877 2709 3932 afliciet
2734 3877 2978 3950 (Dissert.
3011 3875 3065 3927 in
3090 3872 3335 3927 Lactant.
3369 3888 3485 3942 cap.
3506 3868 3667 3940 ‘29).)

2075 3973 2181 4030 Sed
2235 3971 2303 4026 de
2349 3971 2450 4025 hac
2492 3970 2754 4025 Lactantii
2831 3965 3256 4033 Tertullianique
3324 3969 3673 4031 argumenta-

2071 4071 2217 4122 tione
2266 4063 2442 4117 adhuc
2472 4059 2673 4131 aliquid
2704 4075 2802 4113 suo
2833 4060 2949 4113 loco
3004 4056 3247 4111 dicemus
3288 4055 3667 4110 ostendemus-

2073 4173 2179 4229 que
2210 4171 2316 4227 quo
2347 4169 2507 4209 sensu
2536 4152 2623 4207 hic
2647 4162 2702 4206 et
2727 4150 2989 4205 Minucius
3021 4148 3245 4203 verbum
3291 4162 3502 4217 erogare
3524 4158 3673 4199 accc-

2074 4248 2254 4320 perint
2299 4244 2543 4314 (Dissert.
2601 4244 2654 4296 in
2692 4240 2907 4296 Tertull.
2964 4256 3080 4310 cap.
3129 4235 3243 4309 11).

2144 4340 2440 4411 Pergamus
2490 4335 2728 4398 interim,
2774 4335 2943 4405 iisque
2965 4346 3335 4396 occurramus,
3377 4330 3467 4403 qtti
3499 4328 3674 4401 genti-

2074 4433 2203 4489 lium
2257 4432 2475 4487 nomine
2503 4432 2656 4485 ttohis
2685 4428 2903 4485 forsitan
2944 4428 3219 4498 objicient,
3269 4441 3486 4496 prorsus
3516 4426 3672 4496 inep-

2076 4538 2158 4584 tas
2205 4544 2327 4584 esse
2375 4527 2680 4592 fulminum,
2723 4526 2983 4580 montium
3042 4538 3105 4577 ac
3143 4533 3407 4578 terrarum
3458 4535 3674 4591 semper

2076 4621 2378 4676 ardentium
2398 4662 2412 4687 ,
2435 4636 2556 4676 cum
2586 4619 2877 4674 inferorum
2903 4620 3022 4688 igne
3051 4616 3497 4687 comparationes.
3528 4613 3675 4670 Non-

374 4705 510 4761 alios
554 4715 757 4763 terrere
812 4708 1090 4774 volebant,
1139 4726 1260 4766 esse
1309 4720 1693 4766 commentum.
1753 4711 1868 4768 Non
1916 4711 1968 4767 id
1997 4710 2046 4771 D
2077 4731 2143 4769 ne
2182 4713 2405 4781 ctenim,
2439 4713 2667 4783 inquiet,
2696 4710 2894 4783 aliqttid
2926 4725 2991 4765 ex
3020 4709 3255 4763 hominis
3296 4708 3517 4763 fulmine
3545 4707 3675 4761 tacti

377 4798 574 4868 quippe
614 4804 964 4871 omnipotenti
1024 4803 1131 4858 Deo
1175 4802 1445 4859 difficilius
1480 4814 1582 4869 est,
1615 4820 1773 4873 quam
1819 4820 1967 4859 mor-

379 4899 525 4946 tuum
571 4891 841 4950 hominem
880 4896 945 4949 ad
981 4898 1138 4949 vitam
1189 4898 1444 4950 excitare.
1489 4895 1696 4951 Sufficit
1726 4896 1882 4965 igitur
1912 4904 1972 4951 ut

377 4983 431 5039 id
464 4985 605 5039 velit.
640 4985 800 5056 Atqui
822 5004 942 5043 eum
976 4989 1046 5043 ita
1078 4989 1213 5043 velle
1243 5000 1347 5043 non
1390 4990 1562 5044 solum
1593 5005 1759 5043 sacra:
1793 4988 1973 5059 Serip-

379 5086 509 5134 turte
539 5078 834 5143 declarant.
878 5080 973 5137 sed
1010 5081 1193 5138 divina
1220 5083 1379 5136 etiam
1420 5082 1565 5136 illius
1588 5082 1821 5152 justitia,
1854 5097 1972 5153 quae

377 5170 583 5227 nullum
619 5174 798 5229 scelus
836 5175 1062 5231 inultum
1102 5176 1407 5246 relinqttere
1464 5185 1661 5246 potest.

449 5267 514 5319 At
562 5266 826 5322 Minucius
849 5277 906 5322 ut
950 5268 1075 5324 illud
1118 5268 1346 5324 ethnicis
1375 5267 1582 5324 facilius
1629 5268 1975 5338 persuadeat,

379 5357 435 5412 in
480 5358 640 5427 hujus
690 5359 999 5415 documenti
1054 5361 1519 5416 confirmationem
1549 5359 1792 5427 quiedant
1821 5358 1979 5412 affert

380 5451 624 5520 exempla
677 5453 905 5523 ignium,
951 5453 1267 5520 fulminum,
1315 5469 1378 5508 ac
1430 5455 1691 5506 montium
1724 5450 1900 5505 Alma:
1924 5459 1980 5507 et

378 5542 630 5609 Vesuvii,
696 5555 857 5616 atque
914 5555 1181 5601 terrarum
1232 5545 1428 5615 ubique
1469 5545 1801 5611 ardentium,
1862 5560 1981 5615 quae

382 5636 597 5708 quidem
650 5639 755 5695 illis
800 5640 1068 5711 incognita
1105 5640 1286 5709 procul
1336 5638 1500 5692 dubio
1531 5654 1635 5691 non
1662 5648 1833 5691 erant.
1869 5639 1980 5691 Au.

384 5729 504 5785 dias
555 5731 716 5787 velim
774 5747 895 5788 emn
949 5734 1299 5802 loquentem:
1351 5749 1369 5783 ι
1405 5729 1554 5783 Sicut
1601 5730 1750 5799 ignes
1805 5730 1986 5784 fulmi—

390 5839 539 5891 num,
585 5824 775 5895 inquit,
830 5841 1060 5896 corpora
1090 5833 1335 5897 tangunt,
1366 5839 1465 5878 nec
1500 5823 1816 5889 absumunt;
1850 5824 1985 5881 sicut

389 5918 539 5986 ignes
571 5915 752 5974 {Etuta
800 5928 855 5973 et
895 5915 1135 5983 Vesuvii,
1186 5926 1239 5972 et
1283 5916 1585 5972 ardentium
1629 5916 1823 5986 ubique
1875 5926 1985 5973 tero

2074 4807 2374 4863 substantia
2423 4807 2582 4876 hujus
2628 4806 2822 4861 ardore
2873 4803 3247 4860 consumitur?
3292 4803 3478 4857 Nonne
3513 4801 3675 4855 etiam

2076 4900 2288 4971 ignibus
2345 4899 2526 4954 IEtnze
2576 4898 2904 4969 Vesuviique
2949 4899 3024 4967 (in
3074 4898 3438 4965 manuscripto
3487 4896 3676 4949 codice

2082 4992 2278 5047 Heunei
2329 5003 2375 5046 et
2421 4991 2590 5059 Jeeui,
2643 5001 2915 5060 corrupte,
2966 4988 3041 5042 ιιιί
3083 4987 3257 5056 vides)
3316 5002 3415 5041 seu
3444 4986 3676 5039 aliorum

2081 5085 2363 5149 montium,
2433 5094 2526 5137 aut
2591 5082 2895 5136 ardentium
2946 5091 3208 5132 terrarum
3270 5092 3406 5130 nova
3463 5089 3679 5144 semper

2081 5175 2518 5230 subministratur
2571 5172 2834 5227 materia?
2905 5170 3100 5225 Contra
3163 5186 3296 5224 vero
3385 5168 3678 5224 Christiani

2080 5267 2459 5323 asseverabant
2510 5266 2758 5321 eumdem
2808 5279 3023 5333 semper
3075 5261 3187 5317 fore
3247 5264 3421 5332 ignem
3475 5259 3677 5315 infero-

2084 5362 2487 5431 rum,‘nihi|que
2516 5363 2725 5429 penitus
2765 5359 2982 5413 humani
3010 5358 3253 5426 corporis
3280 5358 3347 5410 ab
3379 5357 3467 5410 illo
3496 5356 3679 5411 exusti

2084 5455 2350 5525 deperire.
2398 5453 2593 5507 Verum
2626 5450 3011 5515 Tertullianns,
3069 5465 3228 5520 quem
3254 5449 3515 5503 Minucius
3555 5463 3681 5504 nos-

2089 5557 2203 5610 ter,
2247 5545 2323 5599 uti
2349 5544 2460 5614 jam
2490 5545 2819 5609 monuimus,
2861 5540 3125 5613 sequitur,
3163 5540 3265 5595 hoc
3302 5542 3526 5596 rationis
3568 5556 3682 5595 mo-

2088 5648 2330 5694 mentum
2377 5634 2609 5690 ethnicis
2652 5635 2811 5707 plane
2879 5635 3139 5706 prwcidit.
3167 5635 3447 5689 Maximam
3487 5634 3685 5704 quippe

2091 5732 2247 5802 hujus
2296 5730 2597 5801 argmnenli
2634 5732 2737 5785 vim
2798 5730 2848 5785 in
2878 5729 2980 5784 hoc
3012 5731 3236 5799 positam
3279 5742 3401 5785 esse
3426 5726 3683 5796 ostendit,

2092 5824 2233 5896 quod
2278 5825 2527 5895 gentiles,
2569 5824 2782 5879 nemine
2832 5824 3180 5890 reclamante,
3210 5823 3501 5877 faterentur
3527 5836 3691 5893 quos-

2095 5920 2218 5977 dam
2269 5919 2574 5985 fulminum,
2626 5918 2913 5988 montium,
2963 5927 3018 5975 et
3081 5927 3346 5975 terrarum
3382 5916 3533 5988 ignes
3577 5928 3700 5972 esse
