4248 6264
597 352 701 404 471

598 477 825 534 prorsus
877 456 1354 517 extraordinarios.
1412 455 1597 509 Nonne
1632 461 1809 508 autem
1843 453 1966 508 inde
1997 453 2195 535 inferre
2222 453 2272 511 A

599 559 809 627 potuit,
858 555 924 610 ab
958 553 1148 608 iisdem
1205 550 1434 604 ethnicis
1495 563 1773 620 perperam
1829 546 2008 615 negari
2039 546 2200 599 alium

607 668 716 705 non
769 665 927 720 posse
983 646 1188 702 infinita
1239 646 1331 700 Dei
1398 643 1634 712 potentia
1684 641 1911 696 excitari
1985 639 2200 707 ignem,

606 745 694 812 qui
753 743 893 796 idem
936 755 1167 808 semper,
1204 745 1436 799 maneat,
1507 735 1900 804 impiorumque
1973 745 2203 799 Corpora

601 852 709 890 non
756 832 1149 895 consumendo.
1201 840 1460 885 :eternum
1515 835 1722 891 exuret,
1766 840 1827 879 ac
1878 824 2162 878 cruciabit.

674 928 858 998 Neque
905 943 1066 996 porro
1106 925 1175 978 ibi
1227 923 1374 977 stetit
1401 921 1683 983 Minucius,
1740 917 1832 970 sed
1884 916 1986 969 alia
2027 915 2203 968 adhuc

604 1020 1030 1089 comparatione,
1075 1032 1170 1071 seu
1222 1016 1350 1074 alio.
1404 1023 1461 1066 ut
1526 1012 1690 1074 aiunt,
1751 1009 1816 1064 ad
1889 1009 2198 1073 hominem,

604 1121 921 1181 argumento
960 1107 1268 1172 confirmat,
1319 1120 1477 1175 quam
1515 1104 1692 1171 inepte
1729 1102 1974 1154 Caicilius
2003 1101 2201 1168 aliique

602 1205 831 1274 gentiles
854 1203 902 1257 id
932 1201 1245 1256 abnuerint:
1283 1197 1707 1263 (Adtuonentur,
1734 1195 1923 1264 inquit,
1957 1193 2203 1247 homines

603 1297 1038 1351 doctissimorum
1072 1294 1242 1357 libris,
1275 1302 1329 1345 et
1349 1289 1678 1345 carminibus
1704 1297 2004 1356 poetarum,
2056 1285 2201 1339 illius

604 1391 743 1460 ignei
773 1389 1026 1447 fluminis.
1083 1398 1134 1441 et
1177 1386 1244 1440 de
1272 1384 1452 1455 Stygia
1505 1381 1696 1452 palude
1723 1383 1918 1450 smpius
1961 1381 2201 1434 ambien-

603 1481 670 1534 tis
709 1481 946 1541 ardoris,
1001 1495 1120 1548 qua:
1170 1475 1498 1531 cruciatibus
1534 1474 1751 1528 aiternis
1799 1482 2118 1540 praeparata,
2148 1479 2202 1525 et

603 1571 908 1625 ila-mnuum
961 1563 1170 1623 indiciis
1208 1567 1357 1622 etde
1405 1567 1642 1621 maculis
1686 1563 2074 1632 Prophetarum
2113 1577 2200 1616 co-

603 1667 750 1733 gnita
785 1665 1137 1718 tradiderunt.
1174 1682 1190 1714 )
1221 1661 1297 1715 lbi
1348 1670 1528 1714 autem
1577 1658 1839 1713 Minucius
1865 1665 1918 1710 et
1950 1655 2200 1723 profanos

608 1767 664 1813 et
708 1772 892 1812 sacros
927 1758 1224 1822 scriptores
1258 1755 1444 1824 procul
1485 1753 1649 1808 dubio
1695 1753 1897 1806 citavit.
1954 1749 2198 1819 Pr0phe-

1907 339 1992 393 DE
2033 335 2288 393 MINUCII
2321 332 2618 390 OCTAVIO

3811 335 3920 389 472

2397 447 2666 510 Petraque,
2699 455 2749 496 et
2791 459 3058 496 concursus
3102 448 3310 498 duorum
3354 449 3614 573 ﬂqviorum
3645 450 3789 498 valde
3839 465 3915 499 so-

3428 519 3665 560 nantmm.

3428 519 3644 560 nantium
3655 549 3665 560 .

2928 572 3118 634 (Hom,
3143 572 3322 638 Odyss.
3351 572 3478 633 χρυ.
3504 574 3638 637 145.)

2308 679 2501 734 Postea
2557 693 2686 733 vero
2733 678 3021 749 Virgilius:

2429 789 2556 858 Hine
2571 791 2655 858 via
2679 790 2923 858 Tartarei,
2950 805 3063 854 quae
3086 791 3183 842 fert
3200 792 3498 843 Acherontis
3521 794 3579 842 ad
3603 795 3775 858 undas,

2428 853 2676 919 'IZurbidus
2699 854 2779 901 hic
2796 853 3212 919 creueﬂastaque
3237 859 3475 917 voragine
3501 869 3694 919 gurges

2436 913 2645 974 Astat,
2666 927 2817 979 atque
2838 917 3033 979 omnem
3062 913 3239 979 Cocyto
3258 913 3443 968 eructat
3474 913 3690 969 arenam.

2711 977 2938 1042 (νέφει,
2965 977 3001 1028 ι.
3028 994 3072 1029 vi
3090 977 3308 1040 λΕἰιείά.,
3337 995 3380 1030 υ.
3400 980 3494 1030 295
3515 989 3560 1032 et
3584 986 3743 1048 seqq.)

2378 1085 2525 1153 Quos
2574 1086 2626 1139 in
2680 1100 2870 1140 versus
2915 1087 3029 1141 h:rc
3071 1087 3292 1142 Servius
3333 1090 3614 1144 observat:
3652 1110 3669 1141 ι
3739 1092 3912 1147 Ache-

2304 1191 2460 1232 ronta
2512 1179 2622 1232 vult
2667 1179 2818 1248 quasi
2877 1178 2944 1233 de
2990 1181 3097 1232 imo
3135 1182 3279 1235 nasci
3333 1191 3560 1247 tartaro;
3610 1182 3768 1251 hujus
3816 1201 3912 1239 ms-

2311 1270 2482 1323 tuaria
2538 1272 2756 1341 Stygem
2803 1285 3010 1335 creare,
3054 1272 3120 1326 de
3174 1273 3337 1343 Styge
3383 1285 3560 1327 autem
3600 1277 3745 1329 nasci
3807 1275 3911 1329 (Σο-

2305 1373 2508 1434 cytum.
2549 1381 2568 1414 ι
2619 1363 2753 1417 Vide
2799 1363 2976 1418 adhuc
3025 1365 3068 1417 si
3127 1366 3278 1430 velis,
3336 1381 3454 1435 qua:
3523 1367 3610 1420 ille
3659 1369 3805 1436 prius
3856 1368 3908 1422 iu

2305 1456 2546 1525 ejusdem
2595 1456 2714 1510 libri
2771 1473 2983 1510 versum
3018 1458 3116 1511 107
3154 1468 3524 1513 annotaverat.
3555 1460 3660 1514 Sed
3709 1460 3908 1532 Stygiae

2306 1547 2516 1617 paludis
2565 1548 2818 1617 frequens
2870 1549 3013 1617 apud
3067 1551 3243 1605 Varios
3289 1551 3594 1621 Scriptores
3647 1556 3870 1608 mentio.

2377 1639 2511 1693 Tum
2544 1639 2739 1695 deinde
2762 1641 3026 1695 Minucius
3052 1661 3065 1696 :
3103 1661 3120 1693 ι
3157 1643 3222 1696 Et
3251 1643 3371 1697 ideo
3397 1645 3534 1714 apud
3560 1660 3651 1699 eos
3673 1688 3686 1706 ,
3714 1647 3907 1715 inquit,

2305 1733 2467 1786 etiam
2501 1735 2614 1802 ipse
2640 1750 2735 1788 rex
2782 1734 2992 1803 Jupiter
3026 1752 3120 1804 per
3149 1746 3419 1792 torrentes
3449 1739 3594 1808 ripas
3639 1748 3691 1792 et
3735 1749 3908 1794 atram

597 1859 773 1903 tarum
840 1848 1104 1918 siquidem
1169 1846 1435 1912 nomine,
1514 1845 1678 1898 libros
1747 1843 1954 1896 Veteris
2009 1841 2192 1896 Testa-

2307 1824 2616 1894 voraginem
2644 1826 2788 1892 jurat
2821 1825 3088 1895 religiose,
3128 1845 3146 1878 ο
3185 1827 3288 1881 hoc
3322 1839 3426 1892 est,
3478 1844 3570 1897 per
3612 1843 3777 1899 aquas
3804 1828 3907 1884 du-

596 1941 785 2006 menti,
837 1952 997 2011 atque
1065 1941 1246 2006 etiam,
1289 1941 1332 1993 si
1380 1938 1534 2004 velis,
1576 1936 1926 2008 Sibyllarum,
1982 1943 2036 1989 et
2060 1935 2195 1988 alio-

597 2051 750 2099 rum,
802 2049 938 2104 quos
986 2034 1184 2089 ethnici
1234 2034 1524 2104 prophetas
1561 2049 1681 2087 esse
1718 2031 1994 2102 putabant,
2038 2031 2195 2084 effata

596 2127 874 2196 designat:
925 2148 942 2180 (
981 2129 1287 2183 d:.emonum
1333 2144 1462 2184 vero
1508 2127 1740 2194 indiciis,
1781 2145 1800 2178 ι
1837 2139 2020 2180 sacros
2063 2124 2196 2180 Novi

598 2218 929 2275 Testamenti
981 2219 1222 2285 COdlCt‘S;
1273 2220 1360 2274 tibi
1421 2221 1644 2289 legimus
1683 2219 1959 2273 daemones
1996 2218 2191 2288 palam,

591 2326 656 2365 ac
683 2312 935 2366 omnibus
965 2312 1327 2378 audientibus,
1353 2311 1633 2366 confessos
1662 2308 1826 2363 fuisse
1871 2308 2087 2362 aeternis
2135 2322 2196 2362 se

596 2405 809 2474 ignibus
871 2407 1124 2460 cruciari.
1182 2405 1422 2461 Ethnicis
1492 2405 1667 2473 itaque
1728 2402 1989 2471 publicam
2050 2399 2193 2454 illam

591 2496 898 2552 daemonum
935 2497 1327 2552 Confessionem
1366 2495 1570 2564 objicit,
1622 2509 1782 2564 quam
1814 2507 1914 2546 nec
1960 2491 2062 2555 illi,
2095 2505 2194 2545 nec

597 2589 736 2644 ullus
785 2591 922 2644 alius
974 2605 1170 2660 negare
1227 2598 1456 2660 poterat.

667 2681 969 2750 Scriptores
1021 2697 1148 2738 vero
1192 2684 1464 2752 profanos,
1535 2681 1648 2735 sive
1702 2679 1969 2744 ethnicos,
2027 2687 2192 2732 testes

591 2775 822 2845 appellat
859 2794 878 2826 ‹
910 2775 1050 2846 ignei
1097 2775 1332 2830 fluminis
1381 2775 1448 2829 de
1501 2773 1680 2844 Stygia
1733 2771 1942 2842 palude.
1985 2790 2003 2822 ι
2067 2781 2190 2840 puta

592 2867 948 2931 Acherontis,
979 2883 1137 2935 quem
1182 2867 1341 2921 iidem
1397 2865 1598 2920 ethnici
1655 2880 1817 2917 unum
1849 2880 1913 2918 ex
1961 2870 2192 2930 quatuor

593 2956 1030 3013 celebratissimis
1068 2956 1361 3012 inferorum
1393 2957 1586 3012 fluviis.
1620 2971 1741 3010 esse
1789 2955 2183 3021 fabulabantur,

592 3051 936 3121 ignibusque.
986 3063 1042 3107 ut
1084 3053 1158 3106 ait
1212 3053 1455 3118 Servius,
1501 3052 1739 3120 plenum.
1773 3051 1862 3120 qui
1908 3049 2186 3120 Pyriphle-

587 3140 863 3209 gethomis
907 3158 1072 3213 aquas
1121 3143 1416 3212 recipiebat
1476 3143 1648 3216 (Serv.
1681 3144 1731 3195 in
1764 3142 1850 3195 lib.
1898 3157 1950 3195 vi
2003 3140 2183 3210 Virgil.

591 3231 810 3287 Afueid.
872 3251 993 3305 pag.
1023 3235 1174 3305 404).
1207 3236 1306 3304 Qui
1348 3247 1526 3290 autem
1560 3236 1759 3289 fuerint
1787 3234 1837 3287 lii
1864 3234 2060 3302 aliique
2081 3233 2188 3287 duo
2216 3239 2259 3302 ρ

590 3322 886 3379 inferorum
922 3327 1090 3392 ﬂuvii,
1133 3343 1196 3382 ex
1245 3328 1500 3390 Platone,
1551 3328 1643 3396 qui
1697 3327 1814 3380 illos
1870 3325 2189 3394 descripsit,

587 3427 750 3486 atque
779 3419 899 3472 aliis
940 3436 1098 3489 quam
1134 3421 1377 3490 plurimis
1407 3421 1616 3475 discere
1657 3418 1885 3488 quilibet
1940 3418 2209 3473 facillime.

585 3509 987 3581 poterit(Plato
1032 3512 1176 3565 ΡΙιίε.
1229 3522 1348 3566 (om.
1397 3529 1436 3576 1,
1481 3528 1599 3583 pag.
1654 3510 1757 3565 “2
1800 3521 1848 3565 et
1894 3509 2081 3580 δείνῳ).

659 3602 741 3656 Ab
791 3603 884 3657 illo
928 3620 1142 3674 quoque
1196 3606 1416 3661 Platone
1463 3606 1650 3660 eadem
1692 3602 1950 3658 facilitate
1996 3603 2190 3657 edoce-

583 3696 750 3762 bitur,
787 3715 884 3754 cur
923 3700 1055 3772 Styx
1103 3717 1132 3754 a
1181 3701 1415 3756 Minucio
1444 3702 1614 3770 palus,
1667 3715 1837 3769 eaque
1865 3697 2059 3752 ardore
2090 3713 2190 3751 sa!-

582 3790 703 3860 pius
745 3793 938 3846 ambiri
986 3794 1230 3856 dicatur;
1283 3795 1494 3848 tametsi
1542 3792 1632 3846 alii
1667 3793 1887 3846 fluvium
1921 3805 2040 3844 esse
2082 3801 2189 3844 tra—

585 3882 846 3951 diderint,
891 3886 1044 3955 cujus
1099 3887 1235 3940 adeo
1287 3885 1480 3957 frigida
1534 3897 1616 3941 est
1666 3901 1825 3956 aqua,
1859 3894 2003 3939 utea
2029 3891 2186 3952 epota

584 3976 758 4045 quivis
813 3979 1055 4047 protinus
1128 3979 1409 4034 moriatur.
1465 3977 1594 4050 Styx
1648 3977 1814 4041 enim,
1882 3978 2070 4046 inquit,
2134 3976 2186 4029 in

582 4070 1284 4145 horridumimmanemque
1339 4073 1514 4126 locum
1567 4072 1783 4135 incidit,
1829 4071 2187 4140 paludemque

581 4161 768 4218 efficit.
804 4162 998 4237 (Idem,
1053 4166 1181 4219 ibid.
1226 4183 1346 4236 pag.
1389 4163 1537 4236 115).
1586 4164 1806 4219 Terram
1840 4179 1968 4218 vero
2009 4165 2186 4232 ingre-

583 4256 751 4325 ditur,
781 4269 830 4312 et
859 4260 1254 4314 circumi-etans
1285 4257 1458 4313 influit
1487 4257 1539 4311 in
1593 4257 2180 4328 Pyriphlegethonlem,

581 4348 708 4417 igne
749 4349 1054 4416 ardentem,
1101 4365 1274 4418 neque
1319 4349 1437 4418 ejus
1464 4358 1640 4403 tamen
1683 4365 1820 4419 aqua
1853 4350 1924 4403 illi
1948 4359 2037 4402 aut
2065 4350 2181 4402 cui-

579 4441 722 4508 piam
767 4442 918 4492 alteri
969 4441 1131 4494 fluvio
1175 4441 1452 4494 miscetur.
1516 4442 1728 4494 Circulo
1779 4452 1956 4495 autem
2006 4439 2176 4505 facto,

577 4530 803 4585 effundit
848 4545 908 4583 se
961 4530 1014 4584 iu
1069 4542 1347 4584 tartarum.
1398 4530 1564 4584 Totus
1609 4546 1771 4601 porro
1821 4531 1910 4584 ille
1941 4531 2180 4586 Platonis

571 4625 726 4680 locus
772 4625 840 4679 ab
880 4623 1112 4680 Eusebio
1168 4627 1470 4695 descriptus
1525 4637 1608 4681 est

569 4716 810 4789 Prwpar.
839 4714 1040 4788 Erauq.
1070 4735 1186 4788 cup.
1211 4719 1302 4782 ρξ’),
1331 4717 1552 4788 p.567).
1577 4719 1707 4784 Quis
1738 4734 1865 4773 vero
1888 4718 1986 4772 sibi
2019 4717 2177 4774 facile

572 4825 681 4864 non
728 4809 1073 4879 persuadebit
1130 4810 1271 4864 hunc
1321 4811 1494 4880 ipsum
1543 4811 1595 4864 in
1640 4811 1831 4880 primis
1873 4810 2172 4876 Platonem,

567 4903 1001 4958 doctissimorum
1042 4903 1339 4969 hominum,
1388 4903 1509 4968 vel,
1547 4913 1604 4957 ut
1629 4905 1705 4957 ait
1764 4904 2167 4984 'I‘ertullianus,

571 4997 1048 5068 philosophorum,
1104 4999 1343 5061 nomine,
1417 4998 1664 5068 huncque
1717 4998 1835 5068 ejus
1881 4998 2074 5052 librum
2140 5013 2172 5053 a

567 5090 801 5146 Minucio
837 5102 1025 5145 nostro
1069 5092 1262 5147 citari?
1291 5090 1480 5146 Nullus
1535 5107 1748 5163 quoque
1794 5091 2000 5147 inficias
2055 5091 2166 5147 for-

567 5193 710 5238 tasse
743 5183 866 5247 ibit,
921 5197 951 5237 c
1010 5183 1238 5238 laudatis
1280 5183 1348 5238 ab
1393 5199 1459 5240 eo
1499 5193 1553 5239 et
1605 5183 1936 5239 Tertulliano
1971 5186 2164 5254 poetis,

563 5277 794 5346 primum
825 5275 1078 5342 Homero,
1110 5288 1163 5332 et
1186 5275 1480 5332 secundum
1515 5277 1732 5347 Virgilio
1761 5277 1996 5332 dandum
2037 5292 2161 5332 esse

558 5372 758 5428 locum.
811 5372 1078 5427 Homerus
1121 5373 1398 5429 enimvero
1436 5375 1661 5430 cecinit:

808 5489 904 5538 ita;
923 5500 986 5548 μὶν
1008 5501 1056 5546 th;
1079 5491 1264 5552 Ᾰκίροντα
1291 5504 1554 5554 Πυριφλιγιοων
1575 5517 1615 5542 τι
1638 5505 1774 5553 ῥέωσι.

810 5561 982 5606 Κώκυτός
1015 5563 1063 5608 θ’,
1083 5565 1122 5610 ὃς
1141 5561 1188 5611 δή
1207 5567 1336 5610 Στυγὸς
1360 5562 1495 5610 ὕδατός
1521 5568 1618 5603 ἐστιν
1640 5565 1820 5616 ἀποῤῥὼξ,

809 5627 927 5674 Πίτρη
959 5638 1016 5668 τι,
1039 5625 1176 5672 {armis
1201 5640 1237 5664 τι
1271 5621 1345 5663 δύω
1366 5634 1536 5676 ποταμῶν
1562 5624 1771 5676 ιφιδθὺπων.

647 5719 738 5767 Hic
763 5720 960 5781 quidem
987 5719 1034 5765 in
1077 5719 1408 5769 Acbcrontem
1453 5723 1998 5806 Pyyriphlegethp‘nque
2039 5739 2156 5777 con-

647 5837 969 5898 Cocytusque,
995 5841 1077 5900 qui
1103 5846 1241 5889 certe
1263 5841 1428 5903 Stygis
1448 5854 1588 5903 aquae
1613 5847 1693 5890 est
1723 5785 2001 5893 timid];th

2303 1914 2391 1970 bie
2441 1916 2625 1985 procul
2675 1916 2909 1988 Stygias,
2961 1917 3029 1972 de
3078 1919 3271 1989 quibus
3301 1919 3589 1975 Homerus:

2551 2031 2657 2093 Ᾰγριι
2679 2046 2739 2080 νῦν
2765 2057 2827 2091 μοι
2848 2045 3009 2092 ὀμόσων
3031 2045 3168 2083 ἀάατον
3191 2045 3320 2096 Στυγὸς
3340 2041 3447 2096 ὕδωρ.

2397 2132 2506 2194 Age
2531 2146 2660 2183 nunc
2683 2135 2801 2184 mihi
2835 2137 2946 2198 jura
2971 2136 3305 2201 inviolabilem
3331 2139 3495 2201 Stygis
3517 2151 3710 2200 aquam.

2977 2197 3222 2262 (Romen,
3242 2199 3375 2251 Iliad
3383 2197 3399 2249 ξ
3415 2197 3514 2259 inv,
3541 2197 3585 2249 ιῐ.
3609 2201 3744 2263 271.)

2300 2303 2419 2357 Alio
2440 2305 2600 2359 etiam
2632 2305 2682 2359 in
2717 2304 2853 2360 libro
2877 2305 3133 2361 canebat:

2549 2454 2622 2514 ξςαὶ
2645 2454 2692 2491 πὸ
2716 2455 2972 2504 κτησόμενοι-ιι
2999 2457 3129 2506 Στυγὸς
3152 2453 3262 2508 ὕδωρ,
3283 2459 3379 2495 ὧστι
3405 2460 3574 2507 μέγιστος

2547 2511 2678 2566 ὑριος,
2702 2511 2912 2563 δεινότατός
2937 2532 2977 2556 τι
3000 2519 3100 2558 πέλει
3121 2523 3330 2570 μαιάρισσι
3349 2521 3476 2559 θεοῖσι,

2392 2583 2453 2653 fit
2479 2585 2581 2646 ipsa
2605 2587 2866 2648 subiacens
2885 2588 3049 2653 Stygis
3068 2603 3210 2653 aqua,
3235 2591 3367 2653 quod
3391 2594 3655 2640 niaximum

2391 2645 2752 2707 Jurameutum,
2777 2645 3217 2715 grat'iSSiii'iuitique
3242 2645 3414 2703 existit
3434 2655 3594 2704 beatis
3618 2654 3741 2703 Diis.

2732 2732 2916 2794 (Idem,
2947 2735 3122 2801 Odyss.
3153 2733 3187 2783 ι.
3213 2751 3258 2795 v,
3277 2749 3320 2785 υ.
3347 2736 3434 2786 [83
3449 2744 3494 2788 et
3518 2738 3676 2801 seqq.)

2299 2835 2534 2892 Homero
2579 2839 2737 2910 plane
2788 2842 3024 2897 concinit
3075 2842 3325 2914 Virgilius
3366 2844 3514 2899 hisce
3569 2844 3898 2899 carminibus

2296 2929 2512 2985 latinis:

2389 3046 2549 3116 gocyti
2576 3055 2750 3116 stagna
2773 3049 2868 3116 alta
2895 3053 3035 3100 vides
3081 3052 3402 3116 Stygiamque
3431 3053 3681 3116 paludem,

2390 3067 2549 3109 meyu
2576 3067 2750 3109 Stagna
2773 3067 2868 3100 alta
2895 3067 3035 3100 viues
3081 3067 3136 3101 δι
3170 3067 3402 3116 gtamque
3431 3067 3489 3116 pa

2390 3107 2450 3157 Di
2476 3113 2794 3174 cujusjurare
2815 3115 2992 3163 timent
3017 3124 3068 3164 et
3095 3067 3266 3163 fallere
3287 3129 3489 3165 numen.

2817 3195 3008 3261 (Virg,
3025 3196 3059 3246 ι.
3082 3213 3128 3247 v1
3156 3195 3374 3257 ίΕηρὶάη
3403 3210 3447 3246 υ.
3474 3197 3564 3248 325
3583 3206 3626 3249 et
3638 3198 3798 3265 seqq.)

2373 3293 2530 3350 Plura
2560 3297 2605 3350 si
2639 3298 2790 3364 velis,
2817 3298 2902 3352 adi
2927 3299 3270 3369 Apollonium
3300 3301 3579 3373 Argonaut.
3614 3303 3706 3358 lib.
3736 3320 3797 3370 ιι,
3839 3318 3889 3357 v.

2297 3385 2418 3442 290.
2461 3388 2752 3445 Hesiodum
2807 3391 3071 3464 Tlteogon.
3104 3411 3176 3461 tv,
3207 3395 3312 3451 585
3338 3405 3389 3451 et
3421 3412 3571 3466 seqq.
3603 3407 3655 3451 et
3683 3414 3736 3451 v.
3783 3398 3888 3453 775

2295 3489 2350 3536 et
2390 3496 2540 3553 seqq.
2586 3483 2834 3539 Ovidium
2884 3487 2976 3540 lib.
3015 3504 3031 3540 1
3061 3487 3402 3562 Metantorpli.
3437 3507 3486 3544 v.
3523 3492 3625 3546 184
3657 3503 3709 3546 ct
3736 3508 3886 3564 seqq.

2294 3572 2574 3642 Apuleium
2622 3576 2717 3631 lib.
2763 3595 2834 3634 vn
2889 3578 3230 3650 Metamorph.
3285 3585 3425 3639 circa
3478 3585 3618 3639 med.
3646 3585 3888 3642 Natalem

2293 3664 2554 3722 Comitem
2605 3670 2697 3724 lib.
2728 3688 2787 3726 ιιι
2820 3671 3108 3746 Mytlwlog.
3137 3691 3256 3746 cap.
3310 3679 3334 3732 1
3370 3690 3420 3732 et
3451 3693 3602 3749 seqq.
3637 3679 3885 3735 Vossium

2292 3756 2384 3812 lib.
2427 3776 2463 3814 ιι
2503 3762 2566 3815 de
2611 3761 2755 3835 Orig.
2800 3777 2846 3819 et
2913 3764 3097 3838 Progr.
3138 3767 3311 3824 Idolo.
3344 3753 3479 3841 Cap.
3509 3774 3571 3826 81
3631 3786 3750 3842 pag.
3784 3773 3886 3828 559

2292 3863 2346 3908 et
2397 3869 2548 3926 seqq.

2364 3948 2534 4014 Quam
2582 3961 2788 4006 certmn
2834 3969 2994 4023 porro
3037 3966 3120 4010 est
3169 3957 3445 4028 improbos
3485 3959 3754 4026 homines,
3799 3960 3884 4032 qui

2292 4054 2358 4094 ex
2390 4039 2490 4096 bac
2541 4044 2642 4096 vita
2670 4045 2956 4100 criminum
3008 4050 3210 4103 conscii
3249 4052 3496 4121 migrant.
3526 4053 3742 4105 aeternis
3768 4068 3888 4122 Stip-

2291 4133 2466 4202 pliciis
2516 4154 2544 4189 a
2606 4138 2752 4207 justo
2801 4152 2847 4194 et
2920 4143 3288 4211 omnipotente
3373 4143 3477 4199 Deo
3535 4145 3708 4208 affici,
3775 4155 3881 4198 tam

2288 4238 2540 4282 constare
2583 4229 2746 4284 debet
2782 4231 2978 4299 justus,
3008 4234 3059 4288 in
3102 4235 3306 4302 justitia
3342 4239 3657 4301 morientes,
3685 4237 3752 4290 ab
3787 4251 3882 4289 eo-

2287 4315 2410 4394 dem
2465 4319 2572 4373 Deo
2602 4323 2930 4391 sempiterna
2973 4325 3222 4380 felicitate
3249 4327 3457 4380 donari.
3489 4325 3750 4380 Minucius
3777 4342 3874 4379 au-

2287 4415 2393 4462 tem
2440 4423 2504 4462 eo
2545 4413 2680 4479 ipso,
2738 4429 2844 4483 quo
2889 4418 3110 4483 primum
3137 4417 3398 4485 probavit,
3424 4417 3716 4472 secundum
3747 4419 3876 4473 satis

2284 4512 2344 4551 se
2390 4499 2792 4558 demonstrasse
2846 4506 3132 4559 arbitratus
3162 4517 3265 4560 est.
3308 4507 3567 4574 Quocirca
3598 4508 3724 4561 illud
3756 4523 3873 4561 am-

1689 4626 1901 4697 (Emeb'
1972 4626 2058 4679 lib.
2124 4643 2177 4680 XI
2206 4635 2257 4694 Β
2285 4592 2432 4697 plin-so
2465 4592 2798 4697 probandum
2821 4611 2954 4697 .non
3005 4597 3370 4697 e-x-istiinavit,
3397 4599 3705 4697 palamque
3733 4615 3872 4697 pro-

2284 4685 2530 4737 ntmtiare
2562 4701 2668 4739 non
2708 4687 2944 4742 dubitat:
2983 4707 3001 4739 ι
3032 4687 3142 4743 Hos
3171 4690 3289 4757 pios
3325 4691 3572 4747 videlicet
3601 4691 3872 4758 homines,

2278 4790 2375 4844 spe
2425 4774 2620 4832 futura:
2669 4776 2938 4835 felicitatis
2968 4795 3187 4837 securos
3230 4785 3435 4840 vivere.
3477 4805 3495 4836 ›

2877 4916 3171 4977 auricomis
3199 4937 3274 4978 tv.

2273 5056 2653 5115 Examinantur
2693 5073 2993 5133 argumenta
3045 5065 3226 5134 quibus
3277 5064 3516 5119 Octavius
3561 5074 3736 5120 contra
3761 5065 3872 5121 Cte-

2346 5152 2516 5206 cilium
2564 5156 2744 5225 probat
2782 5155 3032 5210 mundum
3081 5157 3198 5226 igne
3225 5156 3501 5225 aliquando
3553 5160 3872 5226 periturum;

2343 5260 2404 5298 ac
2455 5245 2518 5298 de
2571 5245 2886 5312 Stoicorum,
2938 5245 3334 5319 Epicureorum,
3411 5261 3456 5304 et
3513 5248 3750 5305 Platonis
3810 5267 3871 5305 ea

2342 5336 2406 5391 de
2443 5352 2496 5390 re
2518 5337 2862 5407 opinionibus.

2339 5472 2630 5528 Christiani
2682 5487 2781 5544 pro
2826 5483 2978 5528 certo
3029 5473 3206 5529 adhuc
3256 5486 3479 5542 ratoque
3529 5475 3747 5532 decreto
3771 5477 3867 5531 ha-

2265 5565 2463 5622 hebant
2510 5576 2677 5621 totum
2723 5566 2866 5622 hunc
2918 5568 3197 5634 uutndum,
3258 5578 3312 5623 et
3337 5571 3516 5625 omnia
3559 5587 3681 5642 qua:
3713 5572 3764 5625 iu
3792 5587 3861 5627 eo

2261 5669 2421 5724 sunt,
2469 5659 2591 5729 igne
2631 5660 3018 5716 eonsumenda.
3063 5660 3168 5716 Sed
3211 5660 3342 5715 illud
3383 5660 3629 5716 Caecilius
3682 5665 3865 5732 paucis

2259 5751 2344 5804 his
2375 5751 2553 5805 verbis
2594 5749 2901 5822 impugnat:
2944 5771 2962 5802 σ
3015 5752 3180 5820 Quasi
3210 5763 3301 5808 aut
3330 5764 3536 5808 natura}
3563 5755 3757 5809 divinis
3786 5757 3864 5812 le-

2253 5842 2412 5910 gibus
2435 5843 2756 5898 constitutus
2807 5854 3046 5901 :eternus
3095 5846 3232 5900 ordo
3285 5847 3551 5916 turbetur,
3582 5860 3671 5904 aut
3703 5858 3864 5921 rupto
