4248 6264
371 281 480 337 475

1766 280 1952 338 DlSSE
1961 232 2233 339 ΒΤᾸΤΙΟ.

3571 285 3678 342 474

371 401 764 456 elementorum
821 394 1063 451 omnium
1113 393 1343 462 fcedere,
1375 403 1429 449 et
1479 393 1688 451 caelesti
1717 410 1972 466 compage
1999 397 2051 457 Α
2080 395 2307 453 humore
2353 396 2582 453 mundus
2636 397 2719 452 hic
2767 397 2946 453 omnis
2973 398 3231 467 igueseat.
3272 415 3290 449 ι
3328 397 3518 454 Mirum
3547 411 3678 452 sane

370 493 567 557 divisa,
596 491 765 546 moles
794 492 917 556 ista,
951 506 1070 560 qua:
1097 489 1425 556 continetur,
1469 499 1525 544 et
1563 490 1813 559 cingitur,
1846 490 1975 543 sub-

371 595 581 641 ruatur.
622 603 640 636 ι
690 583 793 640 Sed
865 582 1011 637 illum
1063 582 1318 637 Octavius
1346 583 1428 635 his
1482 580 1659 635 verbis
1705 583 1972 652 castigat:

382 696 401 729 ι
440 678 549 733 Aut
598 676 944 746 improvisum
998 676 1176 746 ignem
1231 674 1449 737 cadere,
1495 684 1585 728 aut
1625 672 1839 728 difﬁcile
1869 689 1973 728 non

375 769 619 835 credere,
674 769 913 840 vulgaris
959 768 1163 823 erroris
1212 776 1315 821 est.
1358 786 1376 818 ι
1413 765 1590 820 Multis
1631 776 1811 821 autem
1845 766 1976 821 'hzce

374 862 600 917 obscura
644 861 915 916 videntur.
947 858 1308 925 Quamobrem
1344 856 1622 926 liigaltius,
1653 867 1707 911 ct
1756 858 1971 927 quidam

374 953 465 1008 alii
521 953 752 1006 duorunt
786 951 1078 1007 verborum
1135 950 1574 1018 transpositione,
1617 948 1696 1003 sic
1743 951 1793 1001 in
1816 948 1974 1004 editis

375 1054 617 1101 correcta
641 1044 803 1098 scribi
855 1044 1179 1099 voluerunt:
1216 1061 1233 1093 ι
1287 1041 1758 1113 Autitnprovismn
1798 1041 1970 1111 ignem

375 1137 617 1199 credere,
673 1145 764 1190 aut
817 1134 1037 1190 difﬁcile
1073 1149 1180 1189 non
1208 1133 1402 1188 cadere
1432 1135 1666 1204 vulgaris
1705 1134 1974 1203 opinionis

375 1237 478 1283 est.
513 1248 532 1279 ι
569 1226 821 1283 Oozelius
870 1241 1004 1282 vero
1051 1226 1209 1281 unius
1259 1226 1408 1280 verbi
1455 1225 1731 1280 additione
1771 1226 1975 1294 putavit

373 1324 625 1380 mendqu
655 1324 851 1379 debere
878 1322 947 1377 ita
975 1322 1151 1376 sanari
1189 1340 1201 1376 :
1229 1340 1248 1372 ι
1290 1324 1395 1375 Aut
1422 1321 1767 1390 improvisum
1798 1322 1971 1389 ignem

374 1416 590 1482 cadere,
643 1427 736 1470 aut
785 1413 1039 1469 sufﬁcere
1078 1428 1184 1468 non
1262 1415 1517 1479 credere,
1563 1413 1798 1483 vulgaris
1824 1428 1974 1468 erro-

371 1510 448 1564 ris
493 1519 595 1566 est.
634 1528 652 1561 ›
686 1508 791 1565 Sed
846 1524 1146 1579 perperam,
1188 1523 1252 1563 ac
1299 1518 1485 1563 contra
1546 1506 1705 1561 ﬁdem
1756 1521 1971 1562 manus-

375 1601 531 1671 cripti
574 1600 802 1666 codicis,
856 1616 919 1654 ac
967 1599 1181 1654 Minucii
1230 1608 1487 1654 mentem.
1518 1598 1781 1655 Omnibus
1806 1600 1972 1670 siqui-

374 1691 496 1747 dem
546 1693 678 1747 satis
731 1703 949 1761 apertus
1000 1701 1084 1746 est
1138 1692 1224 1746 hic
1275 1691 1417 1747 illius
1464 1691 1970 1763 sensus:Vulgaris

2082 499 2336 558 quantum
2374 491 2425 545 itt
2478 491 2579 545 ltoc
2606 490 2746 557 loco,
2778 506 2937 562 quem
2970 500 3280 561 corruptum
3318 504 3442 545 esse
3469 489 3673 554 volunt,

2081 582 2419 637 emendando
2479 583 2670 637 eruditi
2719 584 2816 637 viri
2861 598 2891 637 a
2940 597 3001 638 se
3055 581 3282 636 invicem
3334 580 3675 636 dissentiant.

2080 674 2211 729 Nam
2264 675 2477 745 quidam
2520 675 2852 730 retinendam
2907 681 3132 729 censent
3183 674 3534 741 manuscripti
3583 688 3678 728 co-

2080 768 2213 822 dicis
2255 769 2560 834 lectionem,
2615 770 2707 823 sed
2761 779 2880 838 post
2936 770 3049 821 hsce
3089 768 3285 822 verba:
3339 786 3357 819 ι
3421 777 3679 823 constans

2079 862 2263 931 opinio
2313 873 2426 931 est,
2478 882 2495 913 ι
2540 878 2658 932 quae
2688 862 2758 916 ibi
2799 863 3215 931 subsequuntur,
3263 868 3533 931 tamquam
3580 875 3676 915 su-

2081 954 2383 1025 perﬂuum,
2437 955 2582 1025 quod
2630 970 2696 1009 ex
2750 955 2989 1019 margine
3061 957 3111 1008 in
3173 965 3373 1009 textum
3419 953 3673 1023 irrepsit,

2078 1048 2500 1103 additamentum
2557 1048 2772 1118 penitus
2806 1048 3076 1118 rejiciunt.
3127 1046 3257 1101 Eam
3296 1055 3475 1103 autem
3524 1046 3676 1101 aiunt

2077 1155 2198 1195 csse
2247 1141 2461 1196 Minucii
2514 1151 2789 1197 mentem:
2843 1139 3015 1194 fontes
3062 1139 3173 1194 suis
3216 1138 3461 1193 dulcibus
3520 1139 3675 1209 aquis

2079 1251 2185 1290 non
2244 1236 2476 1306 amplius
2532 1236 2767 1289 nutricnt
2808 1236 2972 1289 maris
3002 1249 3208 1305 aquas:
3261 1231 3354 1288 sed
3400 1232 3532 1287 illud
3576 1247 3674 1287 nu-

2081 1331 2230 1393 trire,
2264 1332 2377 1385 sive
2416 1330 2578 1384 maris
2620 1330 3039 1401 nutrimentum,
3083 1329 3156 1383 uti
3188 1328 3493 1384 Stoicorum
3545 1325 3668 1396 opi-

2077 1426 2167 1481 nio
2191 1434 2304 1492 est,
2333 1426 2384 1479 in
2416 1426 2577 1480 nivim
2608 1425 2743 1493 ignis
2786 1423 2985 1483 abibit,
3021 1437 3115 1477 seu
3165 1423 3288 1491 igne
3333 1420 3670 1475 conlicietur.

2076 1518 2179 1573 Alii
2232 1518 2360 1573 nihil
2417 1519 2467 1571 in
2522 1527 2668 1573 textu
2701 1516 3047 1585 manuscripti
3097 1513 3322 1579 codicis,
3371 1513 3469 1567 nisi
3494 1512 3668 1568 dulces

2074 1628 2263 1681 aquas,
2311 1627 2404 1675 pro
2444 1611 2607 1664 dulcis
2633 1626 2786 1677 aqua.
2848 1606 3236 1662 immutandum
3305 1604 3668 1673 suspicantur,

2074 1718 2303 1773 eumque
2333 1718 2451 1758 esse
2481 1703 2716 1757 auctoris
2762 1702 2931 1755 nostri
2981 1715 3235 1754 sensum:
3296 1696 3531 1762 Nutrire,
3559 1695 3673 1750 sive

376 1786 578 1842 erroris
605 1794 689 1841 est
727 1785 952 1842 credere
999 1785 1355 1855 improvisum
1395 1787 1570 1857 ignem
1614 1801 1720 1840 non
1748 1786 1964 1854 cadere,
2000 1794 2045 1854 Β
2075 1796 2399 1850 ιιυινῑηιριιιει
2428 1838 2441 1857 ,
2488 1810 2607 1865 qua:
2668 1792 2842 1848 {alites
2893 1800 2948 1847 et
3001 1791 3167 1845 maria
3223 1789 3361 1846 ccelo
3428 1786 3669 1854 debent,

374 1890 469 1935 aut
511 1879 563 1934 id
594 1896 713 1935 esse
742 1878 981 1945 difﬁcile,
1029 1880 1283 1934 nimirum
1336 1879 1467 1946 Deo,
1505 1879 1596 1949 qui
1628 1880 1740 1948 pari
1785 1879 1971 1948 utique

374 1973 652 2038 facilitate,
684 1988 785 2044 qua
824 1975 1001 2028 omnia
1049 1978 1287 2040 creavit,
1322 1973 1410 2026 illa
1458 1981 1632 2043 potest
1659 1973 1965 2028 destruere.

373 2069 445 2122 At
488 2066 627 2121 hanc
675 2081 794 2121 esse
866 2081 1051 2121 veram
1107 2067 1224 2135 ejus
1277 2076 1509 2120 mentem
1573 2065 1773 2134 liquido
1827 2075 1970 2135 patet

370 2175 441 2216 ex
512 2159 964 2230 subsequentibus
1040 2159 1208 2228 ipsius
1267 2160 1443 2214 verbis
1515 2168 1568 2213 ct
1626 2170 1970 2229 argumenta-

375 2258 537 2310 tione.

446 2347 647 2403 V'erum
712 2347 990 2403 enimvero
1059 2347 1479 2419 propositionem
1523 2362 1696 2409 suam.
1747 2345 1831 2399 his
1883 2345 1971 2400 ille

376 2446 568 2515 probat
592 2448 957 2517 argumentis;
994 2461 1056 2501 ac
1080 2448 1251 2517 primo
1276 2448 1520 2518 quidem:
1560 2466 1578 2498 ι
1606 2445 1737 2513 Quis
1758 2445 1970 2512 sapien-

378 2538 541 2605 tium,
590 2539 781 2609 inquit,
833 2540 1042 2611 ignorat
1108 2539 1287 2593 omnia
1332 2555 1451 2609 qum
1493 2547 1609 2593 orta
1654 2546 1797 2601 sunt,
1830 2537 1970 2593 occi-

377 2630 535 2695 dere;
568 2646 687 2701 qu:e
737 2630 875 2686 facta
904 2640 1049 2695 sunt,
1080 2631 1336 2686 interire?
1362 2631 1569 2687 Casium
1601 2645 1814 2701 quoque
1847 2645 1969 2685 cum

376 2722 646 2788 omnibus,
684 2738 806 2793 qua:
860 2723 1000 2779 coelo
1051 2723 1432 2787 continentur,
1466 2724 1537 2778 ita
1587 2734 1645 2777 ut
1695 2723 1966 2792 coepisse,

376 2815 649 2872 desinere.
688 2837 708 2870 ι
751 2817 827 2873 lbi
876 2817 1245 2889 proculdubio
1275 2818 1502 2871 indocta:
1531 2816 1804 2872 hominum
1835 2816 1970 2871 mul—

378 2908 591 2963 titudini
630 2912 852 2981 opponit
904 2909 1201 2981 sapientes,
1247 2910 1362 2965 sive
1412 2926 1477 2964 eo
1520 2911 1740 2965 nomine
1790 2909 1967 2980 philo-

377 3002 580 3071 sophos
620 3002 881 3071 designet,
910 3003 1048 3057 sivet
1076 3002 1209 3056 alios
1238 3003 1523 3073 quoslibet,
1576 3004 1663 3072 qui
1705 3002 1968 3073 imperita:

376 3093 548 3161 plebis
577 3095 921 3164 opinionibus
959 3095 1081 3149 duci
1123 3109 1181 3149 se
1222 3110 1330 3148 non
1361 3096 1654 3164 patiuntur.
1697 3093 1851 3148 Prius
1874 3110 1968 3147 att-

2075 1892 2275 1958 pariter
2318 1903 2439 1943 cum
2488 1888 2582 1941 illo
2626 1888 2679 1941 in
2725 1888 2828 1941 vim
2871 1886 3011 1956 ignis
3052 1885 3279 1939 abitura.

2145 1980 2248 2035 Sed
2288 1979 2622 2045 Gronovius,
2662 1978 2899 2049 explosis
2932 1978 3079 2031 hisce
3109 1975 3359 2029 omnibus
3389 1971 3670 2041 conjectu-

2072 2074 2180 2139 ris,
2229 2083 2380 2143 putat
2422 2072 2636 2127 Mmucii
2680 2072 2860 2126 verbis
2890 2071 3070 2125 omnia
3100 2064 3519 2139 Comprehendi,
3552 2078 3672 2133 quae

2076 2168 2299 2237 triplicis
2326 2167 2643 2223 diﬁercntim
2675 2176 2799 2222 sunt
2826 2208 2840 2232 ,
2874 2166 3140 2236 liquorum
3172 2177 3389 2234 genera.
3438 2160 3673 2229 Quamo-

2073 2259 2224 2315 brem
2258 2269 2459 2315 textum
2491 2261 2607 2329 ejus
2653 2259 2730 2314 sic
2778 2257 3155 2328 corrigendum
3204 2270 3326 2312 esse
3374 2253 3669 2324 opinatur:

2080 2369 2098 2402 ι
2121 2350 2577 2417 Fontiom,dulcis
2602 2367 2777 2421 aqum,
2809 2352 2972 2405 maris
3001 2350 3269 2404 nutrimen
3301 2347 3353 2402 in
3383 2347 3487 2401 vim
3532 2344 3671 2415 ignis

2074 2442 2360 2497 abiturum.
2390 2463 2407 2495 ι
2440 2442 2636 2499 Verum
2670 2454 3024 2513 prmlerquam
3058 2441 3199 2512 quod
3247 2442 3361 2495 hzcc
3403 2440 3669 2495 correctio

2073 2537 2391 2590 auctoritate
2423 2536 2566 2589 nulla
2610 2535 2878 2590 stabilitur
2903 2576 2917 2598 ,
2946 2533 3257 2602 quodnam,
3290 2534 3517 2587 obsecro
3541 2572 3554 2594 ,
3585 2540 3670 2587 est

2072 2629 2213 2683 inter
2237 2630 2459 2683 fontium
2482 2638 2536 2683 et
2554 2627 2728 2682 dulcis
2754 2643 2904 2698 aqua:
2932 2628 3312 2681 nutrimentum
3337 2622 3668 2678 discrimen?

2145 2725 2214 2778 At
2258 2738 2417 2794 quam
2463 2723 2687 2778 obseura
2727 2732 2779 2778 et
2821 2721 3108 2777 emendatu
3159 2718 3395 2774 difﬁcilia
3427 2726 3552 2771 sunt
3580 2731 3669 2771 au-

2072 2817 2238 2872 ctoris
2279 2817 2444 2870 nostri
2484 2816 2679 2879 verba,
2713 2826 2818 2869 tam
2846 2825 3051 2869 certum
3086 2812 3327 2882 profecto
3352 2810 3565 2865 videtur
3596 2809 3662 2863 il—

2072 2911 2181 2965 lum
2208 2911 2272 2966 ad
2301 2910 2416 2966 haec
2438 2911 2739 2982 respexisse
2761 2910 3039 2967 Ciceronis
3063 2910 3261 2965 verba:
3292 2928 3310 2960 ι
3336 2906 3471 2963 Sunt
3494 2905 3667 2962 stella:

2073 3013 2258 3058 natura
2292 3003 2587 3058 ﬂammeae:
2620 3004 2873 3073 quocirca
2919 3013 3077 3058 terrae
3101 3045 3117 3068 ,
3160 3003 3327 3057 maris
3350 3042 3368 3070 ,
3406 3015 3666 3068 aquarum

2073 3097 2365 3167 vaporibus
2394 3096 2609 3150 aluntur
2635 3095 2731 3160 iis,
2764 3096 2855 3167 qui
2889 3111 2917 3151 a
2948 3095 3061 3150 sole
3087 3109 3152 3150 ex
3182 3092 3322 3163 agris
3352 3090 3629 3162 tepefactis
3648 3134 3663 3159 ,

377 3193 483 3239 ιθηι
527 3184 742 3252 Cicero.
794 3187 1055 3242 Venelli"!
1109 3187 1427 3256 Epicurelllll
1480 3186 1559 3241 Sic
1605 3187 1963 3258 di>pulalllem
1993 3187 2037 3250 C
2071 3200 2125 3247 et
2152 3208 2216 3246 ex
2247 3191 2400 3262 aquis
2429 3192 2762 3247 excitantur.
2785 3230 2798 3244 .
2820 3230 2834 3244 .
2859 3230 2870 3244 .
2898 3192 2978 3245 Ex
3011 3207 3117 3260 quo
3145 3199 3460 3245 eVonturum
3495 3186 3667 3243 nostri

372 3278 695 3335 induxerat:
742 3298 760 3331 ι
821 3280 973 3336 Hune
1017 3279 1371 3354 (Platonem)
1422 3296 1613 3337 censes
1659 3283 1865 3351 primis,
1910 3291 1967 3336 ut

371 3370 587 3437 dicitur,
623 3372 787 3428 labris
815 3384 1060 3444 gustasse
1079 3374 1465 3446 physiologiam
1487 3416 1500 3440 ,
1534 3374 1624 3444 qui
1651 3375 1962 3445 quidquam,

370 3467 509 3534 quod
560 3476 738 3521 ortum
783 3468 874 3533 sit,
933 3478 1084 3538 putet
1126 3478 1384 3523 aeternum
1442 3485 1561 3525 esse
1604 3471 1796 3539 pos~e?
1837 3472 1965 3537 Quze

369 3570 453 3615 est
509 3563 653 3617 cuitu
702 3566 1099 3634 coagmentatio
1140 3580 1246 3619 non
1287 3565 1655 3621 dissolubilis?
1681 3567 1787 3621 Aut
1834 3566 1962 3637 quid

369 3665 473 3719 est,
520 3656 672 3726 cujus
711 3658 1030 3728 principium
1077 3658 1275 3729 aliquid
1322 3660 1421 3725 sit,
1478 3659 1609 3713 nihil
1651 3660 1721 3713 sit
1782 3668 1963 3714 extre-

370 3743 561 3795 mum?
598 3762 615 3793 ι
658 3740 789 3815 (Cic.
826 3743 914 3797 lib.
959 3759 994 3798 Il
1024 3745 1086 3797 de
1136 3742 1326 3798 Natur.
1366 3743 1524 3799 Deor.
1559 3761 1679 3814 pag.
1735 3743 1838 3799 198
1869 3745 1961 3798 lin.

368 3835 432 3889 5|
475 3844 522 3888 et
566 3836 731 3907 seqq.)

441 3925 744 4000 Cyprianus
787 3947 915 3986 vero
961 3932 1024 3987 ad
1060 3934 1456 3989 Demetrianum
1500 3932 1688 3988 scribit
1730 3933 1867 3988 hanc
1898 3936 1964 3990 ab

367 4020 597 4090 ipsiimet
644 4023 758 4079 Deo
799 4025 1141 4081 constitutam
1190 4041 1310 4081 esse
1362 4026 1552 4094 legem,
1598 4036 1654 4079 ut
1683 4042 1800 4097 qua:
1845 4037 1963 4081 orta

366 4124 510 4179 sunt,
540 4117 720 4170 outnia
748 4118 1016 4181 occidant,
1046 4127 1102 4174 et
1144 4118 1433 4189 aliquando
1460 4119 1742 4173 ﬁniantur:
1765 4137 1782 4168 ι
1814 4119 1960 4187 Hrc,

367 4206 568 4278 inquit,
606 4211 871 4265 sententia
902 4213 1100 4267 mundo
1131 4213 1252 4267 data
1304 4223 1387 4267 est
1409 4255 1423 4277 ,
1471 4214 1585 4267 bmc
1618 4214 1709 4268 Dei
1740 4214 1823 4267 lex
1857 4225 1958 4279 cst;

365 4306 421 4351 ttt
468 4300 645 4353 omnia
699 4310 817 4355 orta
863 4304 1131 4369 occidant,
1179 4312 1233 4358 et
1270 4313 1422 4358 aucta
1472 4314 1854 4370 senescant,et
1883 4305 1961 4359 in-

368 4392 648 4446 ﬁrmcutur
701 4394 879 4458 l'mtia,
934 4406 987 4450 et
1040 4412 1225 4466 magna
1268 4397 1598 4463 tuinuantttr,
1648 4406 1846 4453 etcum
1880 4399 1960 4453 itt-

361 4485 569 4540 ﬁrmata
628 4497 683 4540 ct
736 4486 996 4542 diminuta
1046 4491 1277 4552 fuerunt,
1334 4490 1604 4546 ﬁniantur.
1643 4490 1956 4562 )(Cyprian.

2073 3282 2318 3355 (scilicet
2357 3283 2561 3355 Stoici)
2592 3293 2777 3354 putant
2811 3283 2895 3348 id,
2929 3283 2996 3339 de
3026 3298 3132 3353 quo
3163 3283 3459 3338 Panmtium
3492 3281 3665 3336 addu-

2072 3375 2241 3433 bitare
2288 3377 2570 3444 dicebant;
2628 3387 2686 3432 ut
2732 3378 2798 3433 ad
2852 3389 3155 3434 extremum
3206 3379 3383 3432 omnis
3432 3377 3666 3432 mundus

2071 3470 2401 3541 ignesceret,
2427 3486 2571 3536 cum,
2602 3471 2826 3527 lmmore
2851 3481 3193 3542 consumpto,
3226 3485 3400 3541 neque
3431 3480 3571 3525 terra
3594 3470 3665 3524 ali

2069 3574 2249 3635 posset
2274 3605 2287 3625 .
2319 3581 2494 3635 neque
2523 3575 2785 3621 remearet
2814 3582 2927 3631 aer,
2954 3566 3108 3636 cujus
3138 3574 3317 3633 ortus,
3350 3579 3487 3634 aqua
3516 3563 3664 3617 omni

2069 3655 2361 3719 exhausta,
2393 3672 2515 3711 esse
2546 3673 2650 3711 non
2685 3667 2886 3727 posset.
2928 3658 3004 3712 lta
3033 3657 3264 3727 relinqui
3299 3655 3428 3711 nihil
3468 3665 3667 3727 prmter

2070 3748 2280 3819 ignem,
2312 3765 2342 3802 a
2385 3764 2493 3819 quo
2533 3765 2744 3804 rursum
2785 3750 3058 3804 animante
3098 3763 3161 3803 ac
3200 3749 3341 3811 Deo,
3380 3745 3667 3803 renovatio

2069 3840 2250 3894 mundi
2285 3841 2467 3905 ﬁeret,
2498 3855 2658 3911 atque
2691 3843 2829 3897 idem
2861 3851 3085 3897 ornatus
3113 3843 3348 3897 oriretur
3384 3840 3401 3911 (
3432 3840 3542 3895 Cic.
3572 3840 3660 3895 lib.

2068 3949 2103 3988 Il
2164 3933 2228 3985 de
2276 3932 2465 3987 Nalur.
2498 3932 2655 3988 Deor.
2684 3951 2807 4004 paq.
2836 3934 2974 3997 252,
3004 3936 3099 3988 lin.
3133 3935 3201 3989 l2
3236 3944 3285 3990 et
3311 3951 3445 4006 seqq.
3470 3934 3509 4007 ).
3536 3935 3667 3989 »νί-

2066 4024 2163 4080 des
2193 4026 2333 4079 enim
2367 4025 2609 4095 quredam
2641 4040 2706 4079 ex
2749 4027 2814 4080 iis
2843 4027 3020 4081 verbis
3061 4025 3249 4081 eadem
3297 4040 3454 4089 esse,
3506 4034 3666 4094 atque

2066 4122 2204 4191 apud
2238 4121 2557 4186 Minucium,
2591 4122 2681 4191 qui
2725 4120 2950 4192 proinde
2977 4134 3195 4175 sensum
3226 4119 3505 4174 Ciceronis
3538 4117 3664 4171 red-

2068 4213 2198 4268 dere
2230 4213 2417 4268 voluit.
2452 4214 2500 4268 ls
2533 4227 2661 4266 vero
2690 4228 2810 4267 esse
2850 4211 3094 4267 videtur:
3140 4211 3409 4266 neminem
3451 4210 3666 4280 sapien-

2069 4310 2197 4361 tium
2231 4308 2476 4377 ignorare
2506 4306 2735 4369 coelum,
2781 4321 2843 4361 ac
2872 4305 3084 4371 omnia,
3129 4319 3248 4374 qum
3289 4304 3341 4358 in
3383 4318 3450 4359 eo
3490 4304 3664 4358 conti-

2067 4408 2283 4463 nentur,
2310 4407 2414 4452 tam
2444 4398 2584 4452 dulci
2615 4396 2873 4463 fontium,
2900 4414 3057 4468 quam
3088 4397 3248 4451 maris
3274 4411 3408 4467 aqua
3435 4396 3662 4461 nutriri;

2064 4489 2302 4561 illudque
2347 4492 2517 4561 ipsum
2564 4491 2795 4554 etclam,
2841 4505 3164 4561 omnemque
3205 4491 3498 4550 mundum.
3535 4503 3666 4545 cou-

358 4582 427 4634 ad
481 4579 704 4637 Deutelr.
759 4594 883 4637 tom.
934 4601 945 4637 ι
993 4602 1114 4656 pug.
1176 4584 1320 4656 187).
1362 4585 1429 4638 Et
1457 4586 1573 4639 lure
1600 4587 1815 4656 quidem
1874 4582 2317 4654 illeDsumpto,
2367 4585 2441 4639 uti
2488 4585 2653 4641 Stoici
2699 4584 3073 4655 opinabantur,
3127 4584 3387 4649 hutnore,
3441 4583 3492 4637 itt
3544 4597 3663 4637 eam

362 4672 535 4728 fusius
572 4675 934 4745 prosequitur,
982 4694 1100 4746 qua:
1130 4677 1180 4730 iu
1210 4677 1329 4748 ejus
1357 4676 1496 4732 libro
1525 4677 1701 4748 legere
1732 4680 1952 4748 poteris,

361 4768 517 4825 sicuti
548 4781 602 4824 et
636 4770 846 4837 inﬁnita
878 4771 1265 4841 propemodmn
1297 4772 1422 4838 alia,
1448 4772 1499 4825 in
1544 4772 1788 4827 eamdem
1838 4788 1953 4827 rem

360 4864 431 4918 ab
478 4864 596 4919 aliis
640 4866 994 4936 scriptoribus
1052 4866 1266 4935 tradita,
1314 4884 1433 4936 qua:
1476 4883 1617 4923 nunc
1660 4883 1953 4939 congerere

357 4958 491 5014 nihil
543 4973 764 5014 neCcsse
802 4971 905 5014 est.

429 5051 594 5106 Porro
643 5062 822 5106 autem
900 5052 1160 5108 Minucius
1209 5064 1393 5109 noster
1436 5053 1771 5109 verissimam
1803 5053 1948 5108 illam

355 5144 783 5199 Christianorum
830 5145 897 5201 de
952 5145 1135 5201 tnundi
1180 5146 1305 5212 ﬁne,
1350 5145 1639 5216 futuroque
1694 5146 1836 5200 illius
1867 5146 1948 5199 in-

353 5240 545 5295 cendio
586 5239 931 5304 sententiam,
981 5255 1085 5294 non
1142 5239 1302 5293 modo
1331 5240 1602 5294 communi
1649 5239 1948 5307 sapientum

351 5333 605 5401 Opinione
632 5331 919 5385 conﬁrmat
941 5375 952 5394 ,
983 5332 1075 5385 scd
1105 5332 1459 5402 quorttmdam
1490 5347 1701 5400 quoque
1735 5331 1949 5384 tametsi

350 5440 459 5481 non
488 5426 728 5496 ejusdem
760 5436 921 5480 seclm
956 5425 1395 5496 philosophorum
1433 5424 1772 5480 testimoniis.
1822 5423 1951 5477 Post

350 5520 511 5574 citata
531 5518 807 5573 enimvero
831 5533 860 5571 a
888 5519 1046 5573 nobis
1070 5519 1345 5587 superiora
1378 5517 1517 5571 illius
1566 5515 1726 5570 verba
1751 5557 1764 5576 ,
1812 5528 1945 5568 cou-

354 5611 589 5664 lineutcr
616 5609 879 5680 subjecit:
910 5630 929 5662 ι
976 5610 1225 5666 Fontiutn
1257 5609 1396 5663 dulei
1426 5609 1554 5680 (ms.
1582 5606 1776 5677 dulcis)
1810 5621 1946 5675 aqua

351 5702 586 5758 tuarisve
618 5703 805 5761 nutriri
831 5702 954 5776 (ms.
974 5704 1138 5758 maria
1158 5697 1380 5771 nutrire)
1399 5701 1451 5754 in
1480 5701 1584 5754 vim
1605 5700 1742 5771 ignis
1767 5700 1944 5753 abitu-

351 5812 501 5863 rum,
555 5796 749 5856 Stoicis
797 5807 1051 5854 constans
1078 5795 1258 5868 opinio
1289 5804 1402 5861 εει,
1432 5792 1573 5867 quod
1626 5801 1947 5864 consumpto

2060 4678 2200 4733 unde
2244 4687 2515 4747 coeperat,
2559 4677 2666 4731 vim
2714 4677 2851 4747 ignis
2893 4676 3184 4732 abiturum.
3226 4675 3282 4729 Si
3315 4673 3440 4743 quid
3487 4686 3664 4729 tamen

2057 4769 2250 4836 aliquis
2276 4770 2477 4824 certius
2508 4771 2775 4838 proferat,
2810 4767 2935 4822 huic
2966 4782 3073 4822 non
3108 4765 3516 4831 refragabimur.

2133 4862 2204 4915 De
2236 4861 2334 4915 hoc
2362 4870 2540 4915 autem
2570 4859 2874 4915 Stoicorum
2907 4859 2960 4928 pl
2980 4860 3123 4921 icito,
3158 4865 3354 4924 praatcr
3382 4856 3663 4911 laudatum

2056 4970 2086 5009 a
2115 4955 2269 5009 nobis
2299 4953 2633 5017 Ciceronem,
2652 4953 2811 5008 Philo
2844 4952 2959 5005 hace
2984 4950 3201 5019 scriptis
3231 4948 3487 5002 tradidit:
3521 4957 3583 5001 οι
3614 4952 3664 5001 δὲ

2054 5050 2253 5103 Στωϊκοὶ
2278 5050 2447 5113 κόσμῳ)
2474 5053 2575 5108 ἕνα,
2602 5054 2814 5116 paria-mc
2844 5043 2884 5094 δ’
2906 5047 3056 5097 αὐτοῦ
3074 5050 3188 5096 Θεὸν
3217 5050 3396 5103 etiam,
3418 5047 3589 5108 φθοθᾶς
3608 5044 3658 5093 δὲ

2052 5148 2226 5207 μηκέτι
2247 5147 2393 5203 Θεὸν,
2416 5143 2541 5192 ἀλλὰ
2571 5148 2656 5193 τοὶ-ν
2686 5142 2989 5204 ὑπάρχουσαν
3026 5141 3070 5187 ἓν
3099 5137 3197 5192 τοῖς
3229 5132 3330 5186 οὖσι
3355 5141 3505 5202 erupit;
3534 5136 3661 5185 ἀκα-

2044 5241 2204 5301 μιὶτου
2235 5237 2448 5299 dun/ua,
2483 5236 2655 5301 χρὲνων
2693 5233 2907 5298 μακραῖς
2953 5229 3185 5295 περιόδοις
3216 5265 3232 5291 ,
3265 5228 3561 5278 ἀναλύουσα
3601 5229 3662 5279 τὸ.

2051 5334 2211 5382 πάντα,
2234 5329 2299 5384 εὶς
2328 5332 2520 5387 ﬁatut-iv,
2555 5330 2604 5388 ἔξ
2629 5328 2684 5384 ἧς
2715 5329 2857 5374 πάλιν
2884 5319 2946 5373 αὖ
2969 5322 3270 5385 alim/Eamne
3296 5322 3470 5388 κόσμου
3497 5323 3661 5374 ἵστασ-

2052 5428 2135 5474 ea:
2161 5433 2219 5491 τῇ
2249 5426 2512 5487 προμηθείᾳ
2542 5422 2624 5471 τοῦ
2666 5400 2899 5483 ἰἐχνίτου.
2937 5430 2955 5461 ‹
2985 5412 3150 5466 Stoici
3193 5427 3353 5465 unum
3398 5410 3657 5465 mundum

2054 5518 2340 5574 asserunt,
2370 5517 2423 5561 et
2459 5508 2623 5561 Deum
2654 5516 2931 5561 auctorem
2962 5505 3080 5573 ejus
3106 5504 3505 5573 generationis;
3537 5518 3659 5557 (or—

2053 5604 2319 5673 rttptionis
2350 5618 2476 5656 vero
2509 5616 2612 5655 non
2648 5601 2773 5656 item
2810 5602 2972 5655 Dcum
2994 5641 3007 5662 ,
3042 5598 3135 5652 sed
3183 5598 3504 5653 iudelcssam
3549 5598 3656 5651 vim

2052 5696 2222 5768 ignis,
2250 5695 2410 5752 rebus
2434 5695 2646 5749 insitam
2670 5736 2683 5760 ,
2714 5703 2834 5764 post
2860 5694 3045 5764 longas
3072 5701 3370 5760 temporum
3396 5689 3654 5759 ambages

2050 5790 2489 5862 absmnpturam,
2516 5796 2569 5842 ct
2596 5787 2647 5841 in
2679 5798 2851 5845 semet
2879 5794 3200 5842 tnutaturam
3227 5781 3407 5839 omnia
3424 5822 3438 5850 ,
3463 5797 3529 5841 ex
3551 5797 3655 5855 qua
