4230 6242
609 262 717 322 475

1906 271 1991 328 DE
2033 270 2291 331 MlNUCll
2328 272 2630 333 OCTAVIO

3826 288 3932 346 476

612 384 792 441 denuo
823 382 1079 440 mundum
1108 381 1525 441 instauraturam
1556 382 1776 457 Opiﬁcis
1821 389 2209 460 providentiam
2239 394 2292 455 Α
2319 394 2478 449 modo
2509 394 2771 464 Epicurus
2801 395 2885 453 vel
2916 396 3033 469 ejus
3063 406 3362 457 sectatores
3393 401 3653 459 mundum
3686 405 3934 463 iuteritu‘

616 476 635 550 (
660 476 827 531 Philo.
855 477 942 532 lib.
971 476 1122 543 Quod
1143 494 1283 534 mam.
1309 480 1373 533 sit
1394 489 1645 551 corrupt.,
1671 496 1793 553 pag.
1816 481 2000 553 940).»
2026 483 2220 540 Postea

616 578 797 625 tamen
828 568 1054 639 adjecit:
1094 589 1112 623 ι
1143 569 1380 626 Boethus
1400 613 1415 635 ,
1450 571 1799 628 Possidonins
1831 582 1886 628 et
1916 573 2212 641 Panaetius,

615 663 717 718 viri
758 663 937 718 Stoica
980 663 1222 719 doctrina
1256 665 1648 734 valentissimi,
1684 676 1953 736 tamquam
1986 670 2220 738 correpti

617 758 870 823 nomine,
924 757 1140 812 omissis
1190 757 1563 814 exustionibus
1606 767 1659 814 et
1703 759 2213 827 instaurationibus,

618 850 1021 922 transfugerunt
1049 840 1116 907 ad
1142 851 1378 908 divinius
1405 852 1472 908 de
1502 854 2005 925 incorruptibilitate
2032 856 2217 911 mundi

617 942 892 1018 placitum.
926 965 944 998 ι
980 954 1100 1018 Πρὸς
1129 955 1359 1019 θειότερον
1398 952 1582 1018 δόγμα,
1627 957 1680 1004 τὸ
1725 963 1809 1012 τίς
1840 953 2105 1021 ἀφθαρσίας
2137 958 2219 1006 τοῦ

617 1045 794 1109 κόσμου
826 1049 999 1102 irata-rb;
1020 1082 1034 1107 ,
1068 1044 1417 1109 αὖτομὸλησαν.
1467 1042 1715 1095 Animum
1748 1051 1924 1097 autem
1949 1084 1961 1107 ,
1996 1057 2178 1113 quaeso
2203 1085 2217 1109 ,

618 1135 869 1191 advertas
897 1154 962 1191 an
998 1137 1080 1193 his
1124 1140 1300 1193 verbis
1339 1138 1644 1193 confirmari
1694 1141 1897 1209 possit.
1947 1140 2087 1211 quod
2136 1140 2219 1196 di-

617 1234 761 1283 ctum
792 1247 820 1282 a
848 1228 1109 1284 Cicerone
1132 1230 1365 1285 vidimus
1385 1272 1399 1295 ,
1430 1246 1536 1285 non
1564 1231 1853 1286 Panaetium
1882 1233 2053 1287 solum
2081 1276 2094 1296 ,
2126 1237 2222 1288 sed

619 1317 753 1374 alios
776 1322 935 1374 etiam
969 1320 1179 1377 Stoicos
1200 1323 1548 1378 addubitasse
1572 1332 1747 1378 utrum
1776 1341 1898 1379 vera
1923 1336 2062 1379 eSst-t
2088 1325 2216 1379 alio-

620 1427 737 1466 rum
771 1414 1031 1468 sodalium
1059 1430 1277 1469 suorum
1306 1415 1373 1471 de
1398 1414 1579 1471 futuro
1609 1417 1790 1471 mundi
1824 1418 2072 1473 incendio
2099 1434 2223 1475 sen-

623 1506 807 1559 lentia.
839 1505 943 1561 Sed
972 1505 1203 1562 Minucio
1232 1516 1418 1563 nostro
1448 1509 1586 1564 hanc
1613 1511 1769 1581 longe
1799 1512 2027 1581 plurium
2059 1512 2222 1569 fuisse

619 1596 941 1653 sufﬁciebat.
978 1598 1188 1655 Vides-is
1219 1602 1270 1655 in
1312 1601 1532 1657 citatum
1571 1600 1846 1658 Ciceronis
1888 1605 2060 1659 locum
2096 1605 2222 1661 Les-

619 1689 893 1759 calopierii
918 1690 1326 1747 observationes
1346 1735 1361 1758 ,
1385 1703 1435 1747 et
1460 1693 1709 1764 Origenis
1730 1695 1986 1750 adversus
2004 1695 2218 1753 Celsum

2325 502 2441 541 rum
2471 485 2734 555 dixerint,
2785 498 2965 546 utrum
3003 506 3168 562 aqua,
3211 510 3278 549 an
3311 496 3432 566 igne
3453 539 3467 563 ,
3499 507 3593 552 aut
3619 507 3925 557 atomorum

2324 580 2851 649 corpusculorumve,
2890 583 3027 639 sicut
3064 585 3373 643 Lactantius
3410 591 3516 654 ait,
3547 591 3927 664 dissolutione,

2327 669 2407 724 vel
2458 685 2645 725 eorum
2698 674 2985 742 conﬂictu,
3040 690 3103 732 ac
3151 679 3625 750 percussionibus,
3678 686 3933 755 quemad-

2323 761 2540 817 modum
2569 763 2722 818 Pbilo
2751 764 2834 820 bis
2860 768 3125 838 signiﬁcat
3151 770 3217 825 de
3248 771 3584 840 Democrito,
3615 786 3670 830 et
3699 777 3933 849 Epicuro

2323 854 2502 910 verbis
2538 874 2552 910 :
2586 865 2789 921 Πολλοὺς
2818 864 3017 929 κόσμους
3043 867 3392 936 ὕπογρᾶτρυυσιν
3412 907 3427 930 ,
3456 870 3516 920 ὧν
3543 881 3629 930 τὴν
3650 879 3736 939 μὲν
3761 880 3936 938 γένεσιν

2322 952 2695 1014 dilaniat-uultu;
2715 992 2728 1015 ,
2760 956 2841 1005 καὶ
2873 959 3157 1016 ἐπιπλοκαῖς
3188 962 3381 1026 ἀτόμων
3408 961 3720 1029 ἀνατιθξοισι,
3761 979 3847 1027 τὴν
3887 971 3935 1021 δὲ

2323 1042 2500 1110 φθορὰν
2525 1043 2825 1111 ἀντικθπαῖς,
2855 1050 2938 1099 καὶ
2963 1050 3257 1104 ἀποστάσεσι
3284 1068 3373 1107 τῶν
3396 1057 3667 1124 γεγονότων.
3700 1074 3718 1107 t
3745 1057 3934 1116 Multos

2327 1129 2556 1185 mnndos
2605 1136 2979 1205 Inunginantur,
3013 1156 3239 1210 quorum
3285 1151 3691 1213 generationem
3745 1151 3935 1209 conﬂi-

2325 1222 2647 1279 ctationibus
2667 1233 2721 1281 et
2745 1231 3168 1287 eounexiouibus
3191 1244 3492 1292 atomorum
3524 1240 3795 1307 tribuunt,
3822 1260 3957 1309 cor-,

2328 1315 2627 1381 ruptionem
2663 1323 3100 1387 percussionibns
3130 1335 3183 1379 et
3215 1326 3529 1384 tlissultibu~
3550 1331 3817 1403 (Philam,
3841 1337 3928 1393 lib.

2330 1402 2481 1471 Quod
2509 1410 2683 1462 mund.
2716 1413 2781 1466 sit
2807 1413 3114 1487 iucorrupl.,
3145 1435 3265 1490 pag.
3294 1419 3460 1495 940).
3488 1442 3507 1475 ι
3540 1424 3733 1483 Multos
3761 1431 3937 1486 enim-

2324 1512 2456 1556 vero
2489 1505 2717 1560 mundos
2759 1507 2803 1561 si
2847 1510 3008 1563 variis
3051 1510 3272 1582 hujusce
3315 1517 3456 1570 modi
3498 1518 3934 1580 Conﬂictionibus

2325 1609 2387 1650 ac
2416 1599 2854 1666 percossionibus
2884 1606 3158 1676 eorrmnpi
3190 1622 3348 1676 posse
3379 1608 3643 1678 Epicurus
3682 1626 3933 1671 autuma-

2326 1688 2439 1755 vit,
2465 1705 2558 1745 cur
2584 1707 2687 1746 non
2718 1704 2769 1748 et
2796 1697 3019 1750 oniiies?
3044 1695 3353 1753 GaSsendus
3380 1709 3556 1757 tamen
3585 1705 3936 1767 verisimilius

620 1780 1040 1852 disputationem
1073 1782 1092 1855 (
1120 1784 1267 1855 Orig.
1303 1784 1391 1841 lib.
1426 1802 1479 1840 v.
1509 1798 1673 1840 contr.
1710 1788 1843 1842 Cels.
1878 1807 1997 1861 pag.
2030 1789 2138 1845 2M
2163 1790 2180 1863 )
2204 1835 2219 1860 ,
2253 1794 2298 1855 Β
2328 1783 2579 1852 opinatur
2620 1785 2766 1840 illum
2809 1787 3058 1844 docuisse
3098 1791 3356 1848 mundum
3388 1792 3532 1849 hunc
3563 1795 3717 1866 igne,
3751 1812 3936 1872 u'pOte

619 1887 682 1927 ac
711 1889 772 1927 ea
803 1878 1003 1942 etiam,
1047 1873 1092 1930 si
1124 1876 1257 1932 velis
1278 1919 1292 1942 ,
1323 1894 1442 1946 qua:
1471 1894 1502 1933 a
1536 1878 1689 1933 nobis
1719 1882 1772 1934 in
1802 1883 2066 1950 superiori
2109 1885 2222 1955 Ap-

617 1978 833 2039 paratus
856 1970 1021 2025 nostri
1051 1978 1195 2025 tomo
1222 1971 1503 2027 observata
1530 1983 1651 2028 sunt
1686 1973 1873 2045 (Tom.
1898 1975 1937 2030 Ι.
1967 1978 2216 2048 Apparat.

617 2062 707 2116 lib.
743 2078 836 2129 nt,
869 2064 1071 2119 dissert.
1100 2066 1137 2119 2
1166 2081 1279 2137 cap.
1316 2064 1404 2121 l6.
1438 2074 1539 2123 art.
1576 2069 1630 2134 l,
1662 2084 1782 2139 pag.
1822 2070 2015 2141 1117).

689 2153 874 2226 Neque
901 2173 1064 2228 porro
1092 2157 1230 2214 hanc
1259 2156 1524 2215 Minucius
1555 2171 1738 2215 n0ster
1764 2161 2067 2219 Stoicorum
2100 2173 2219 2220 tan-

618 2248 898 2305 tummodo
938 2250 1006 2308 de
1042 2253 1433 2309 elementorum
1475 2252 1894 2326 conﬂagratione
1914 2299 1928 2322 ,
1956 2266 2008 2312 et
2036 2260 2219 2316 mutuli

623 2344 775 2397 ruina
804 2360 926 2400 esse
955 2344 1261 2416 opinionem
1293 2348 1522 2413 asserit;
1553 2348 1646 2403 sed
1678 2351 1838 2404 etiam
1870 2368 1889 2401 ι
1916 2350 2217 2422 Epicureis,

618 2434 826 2506 inquit,
857 2437 1045 2494 eadem
1077 2434 1193 2509 ipsa
1225 2440 1492 2496 sententia
1519 2449 1622 2497 est.
1655 2459 1675 2494 ι
1712 2439 1901 2498 Utrum
1933 2454 2112 2501 autem
2147 2447 2217 2503 ibi

615 2528 681 2585 de
712 2530 993 2599 omnibus,
1027 2533 1108 2589 vel
1147 2531 1215 2590 de
1252 2534 1569 2606 quibusdam
1615 2534 1896 2593 dumtaxat
1942 2539 2217 2611 Epicureis

616 2620 997 2695 intelligendus
1027 2626 1132 2693 sit,
1162 2635 1216 2682 et
1248 2636 1423 2683 utrum
1473 2628 1764 2699 Epicurum
1809 2647 1837 2685 a
1884 2644 2217 2705 praeceptore

612 2730 713 2771 suo
744 2714 1050 2774 Democrito
1069 2764 1082 2787 ,
1113 2720 1162 2775 id
1190 2722 1464 2790 accepisse
1490 2720 1799 2785 crediderit,
1828 2739 1933 2778 non
1964 2725 2216 2784 uiiiiimus

615 2805 773 2861 datur
798 2806 1078 2865 dubitandi
1110 2811 1279 2866 locus.
1326 2812 1406 2866 Ad
1438 2812 1753 2884 Pythoclem
1786 2815 2069 2873 enimvero
2101 2820 2216 2877 haec

614 2894 876 2968 Epicurus
906 2903 1122 2971 scripsit
1152 2900 1171 2973 (
1201 2904 1352 2973 Apud
1380 2902 1553 2960 Laert.
1590 2904 1677 2959 lib.
1710 2921 1769 2972 x,
1808 2906 1835 2978 ς
1870 2907 1972 2983 88)
2006 2911 2058 2965 in
2088 2928 2213 2967 ver-

611 2986 708 3044 ha:
740 2993 923 3060 Κόσμος
952 2998 1053 3049 ἐστὶ
1085 3011 1287 3067 περιοχὴ
1319 3021 1391 3056 τις
1422 3000 1647 3068 οὖρανθῧ,
1680 3004 1835 3070 ἄστρα.
1862 3021 1911 3057 τε
1944 3005 2027 3055 καὶ
2055 3008 2216 3060 πάντα.

611 3085 872 3150 φαινόμενα
903 3094 1221 3156 περιέχουσθ,
1254 3093 1501 3156 ἀποτομὴν
1531 3097 1704 3157 ἔχουσα
1735 3095 1836 3145 ἀπὸ
1865 3099 1950 3149 τεῦ
1976 3101 2206 3164 ἀπείρου,

2328 1877 2539 1932 ert-teris
2585 1880 2834 1935 omnibus
2881 1882 3165 1941 elementis
3210 1889 3379 1958 magis
3417 1896 3673 1957 actuoso,
3718 1896 3932 1963 penitus

2324 1971 2736 2029 absumendnm.
2784 1974 2802 2048 (
2834 1974 3147 2047 Gussendus,
3187 1979 3402 2054 Sgntag.
3436 1981 3742 2057 Pliilowph.
3774 1986 3929 2059 Epic.

2328 2060 2354 2134 ᾗ
2387 2061 2422 2116 2
2446 2106 2462 2129 ,
2493 2080 2609 2133 cap.
2644 2067 2697 2133 7,
2731 2076 2853 2123 tom.
2900 2085 2955 2124 nt
2978 2110 2992 2133 ,
3034 2087 3154 2143 pag.
3186 2072 3255 2128 52
3284 2073 3327 2143 ).
3369 2076 3439 2129 At
3477 2077 3524 2130 si
3566 2078 3725 2133 citata
3770 2081 3931 2150 paulo

2324 2167 2450 2211 ante
2477 2173 2505 2210 a
2537 2159 2694 2215 nobis
2722 2161 2958 2216 auctoris
2988 2166 3155 2218 nostri
3202 2166 3365 2221 verba
3405 2177 3493 2222 aut
3532 2167 3782 2240 legisset,
3825 2182 3922 2229 aut

2323 2264 2382 2302 se
2408 2250 2701 2319 aliquando
2732 2254 2925 2323 legisse
2953 2257 3315 2325 meminisset,
3352 2270 3555 2328 poterat
3581 2265 3768 2332 procul
3814 2265 3918 2321 du-

2322 2338 2412 2395 bio
2444 2340 2529 2396 illa
2559 2344 2611 2396 in
2644 2345 2969 2413 conjectura:
3016 2363 3127 2403 sum.
3177 2349 3318 2406 haud
3365 2366 3586 2422 prorsus
3630 2353 3922 2413 invalidam

2321 2435 2564 2504 proferre
2591 2440 3077 2498 conﬁrmationem.

2391 2528 2552 2587 Venit
2578 2543 2850 2602 postremo
2871 2533 3129 2592 Minucius
3153 2538 3219 2593 ad
3243 2538 3524 2596 Platonem
3540 2584 3555 2610 ,
3580 2542 3669 2614 qui
3686 2585 3701 2609 ,
3726 2553 3783 2599 ut
3807 2544 3923 2615 ipse

2320 2621 2521 2681 refert:
2560 2644 2577 2676 ‹
2610 2625 2870 2696 Loquitur
2892 2629 3041 2684 Plato
3086 2640 3261 2702 partes
3295 2633 3442 2688 orbis
3478 2650 3618 2691 nunc
3656 2637 3923 2696 inundare

2317 2713 2447 2768 dicit
2481 2734 2499 2768 ι
2533 2717 2669 2786 (sed
2701 2719 2801 2774 hoc
2830 2720 3072 2776 ultimum
3114 2724 3337 2780 verbum
3377 2725 3624 2797 quidam,
3666 2739 3758 2785 aut
3796 2731 3923 2802 reji-

2316 2804 2590 2871 ciunt,aut
2617 2812 2871 2879 retinent,
2901 2815 2945 2867 si
2977 2824 3096 2884 post
3130 2814 3300 2880 Plato,
3330 2818 3603 2891 addatur),
3637 2839 3655 2872 r
3690 2830 3745 2877 et
3775 2839 3920 2881 nunc

2316 2899 2540 2956 alternis
2580 2902 2785 2959 vicibus
2827 2904 3144 2974 ardescere;
3189 2918 3244 2963 et
3281 2924 3400 2964 cum
3443 2909 3615 2981 ipsum
3657 2914 3917 2970 mundum

2318 3003 2630 3062 perpetuum
2650 3038 2663 3061 ,
2698 3008 2753 3051 et
2796 2997 3137 3054 insolubilem
3166 2999 3377 3057 diceret
3406 3017 3528 3058 esse
3559 3003 3873 3061 fabricatum
3895 3048 3914 3072 ,

2315 3083 2459 3138 addit
2503 3094 2681 3141 tamen
2726 3089 2823 3156 ipsi
2865 3089 3056 3145 artiﬁci
3100 3091 3209 3147 Deo
3249 3094 3386 3159 soli,
3428 3105 3480 3151 et
3512 3096 3828 3164 solubilem,
3861 3108 3922 3156 et

612 3176 693 3226 καὶ
726 3183 1064 3242 καταλήγουσα
1101 3184 1146 3233 ἓν
1190 3187 1395 3249 Ripa-rt,
1431 3188 1459 3241 ἦ
1490 3186 1678 3251 ἀραιῷ,
1728 3189 1756 3242 ἢ
1809 3194 1982 3253 πυκνῷ.
2030 3188 2113 3238 καὶ
2154 3189 2209 3240 οὗ

2316 3194 2434 3234 esse
2461 3183 2762 3239 mortalem.
2799 3184 2873 3238 lta
2907 3186 3040 3240 nihil
3071 3186 3263 3242 mirum
3295 3196 3411 3255 est,
3442 3191 3485 3245 si
3519 3192 3618 3246 ista
3651 3194 3821 3249 moles
3847 3193 3919 3251 ab

613 3265 834 3333 λυομένου
852 3309 865 3329 .
895 3273 1053 3323 πάντα.
1072 3285 1132 3325 τά
1160 3274 1203 3324 ἓν
1234 3277 1361 3340 ἀυτᾲ
1387 3279 1612 3341 σύγχυσιν
1639 3278 1905 3340 imbrem...
1940 3280 1984 3329 ἰν
2010 3278 2044 3329 ὧ
2072 3284 2209 3349 λῆγον

613 3363 694 3413 οὖκ
726 3368 825 3415 ἔστι
853 3368 1159 3417 καταλαϐεῖν.
1200 3382 1218 3416 ι
1242 3362 1471 3419 Mundus
1499 3376 1581 3420 est
1610 3366 1730 3420 coeli
1759 3369 2002 3437 quzedam
2031 3371 2206 3425 conti-

612 3452 828 3518 nentia,
863 3454 1083 3521 stellas,
1116 3462 1171 3510 et
1213 3464 1443 3525 terram,
1485 3468 1539 3513 et
1578 3477 1699 3530 quae
1740 3456 1987 3517 videntur
2028 3465 2207 3521 omnia

610 3545 922 3608 continens,
966 3547 1460 3622 abscissionemque
1497 3569 1565 3609 ex
1604 3555 1810 3611 inllnito
1841 3554 2078 3625 habens,
2122 3568 2204 3615 at-

618 3650 721 3706 que
752 3639 801 3691 in
836 3639 1067 3693 termino
1096 3638 1349 3698 desinens
1378 3645 1493 3699 sive
1522 3658 1646 3701 raro
1667 3690 1681 3714 ,
1714 3647 1829 3703 sive
1865 3648 2065 3704 denso:
2100 3668 2207 3722 quo

610 3730 816 3797 Soluto,
848 3748 967 3805 qum
997 3735 1048 3790 in
1081 3730 1170 3791 illo
1213 3746 1337 3793 sunt
1381 3741 1557 3793 omnia
1580 3783 1595 3808 ,
1642 3742 2013 3799 confusionem
2061 3748 2205 3802 acci-

610 3824 794 3892 pient:
826 3836 917 3879 aut
947 3820 1230 3894 desinens,
1261 3840 1351 3884 aut
1391 3830 1441 3886 in
1481 3848 1574 3901 eo,
1620 3834 1760 3904 quod
1803 3835 2202 3906 circumagitur,

609 3924 702 3971 aut
733 3919 783 3972 in
810 3935 908 3986 eo,
936 3912 1077 3990 quod
1106 3922 1451 3979 stabilitatem
1481 3924 1673 3980 habet.
1695 3966 1707 3979 .
1729 3967 1742 3980 .
1766 3966 1781 3980 .
1811 3928 1861 3981 in
1889 3944 1997 3997 quo
2026 3930 2208 3984 termi—

610 4025 735 4065 num
788 4012 1248 4077 comprehendere
1294 4020 1600 4088 nequimus.
1629 4038 1648 4073 ι
1674 4019 1997 4077 Plutarchus
2040 4039 2203 4090 vero,

607 4102 757 4171 cujus
786 4102 1052 4161 Eusebius
1081 4110 1242 4165 verba
1272 4110 1486 4178 retulit,
1523 4108 1637 4167 haec
1668 4124 1853 4169 narrat
1884 4115 1934 4171 in
1966 4118 2208 4173 secundo

606 4194 674 4251 de
712 4195 929 4254 Plaeitis
982 4196 1423 4274 philosophorum
1474 4204 1645 4261 libro:
1694 4215 1953 4279 Επίκουρος
1997 4219 2208 4282 φθαρτόν

608 4288 821 4362 (κός-μω)
852 4296 926 4347 ὅτι
949 4304 1130 4362 γενετὸν
1149 4336 1162 4358 ,
1191 4303 1250 4358 ὡς
1277 4307 1423 4363 gon,
1453 4304 1512 4358 ὡς
1541 4308 1700 4369 φυτὸν.
1737 4314 1755 4351 ι
1778 4297 2039 4368 Epicurus
2068 4302 2208 4372 peri-

607 4389 786 4435 turum
810 4425 822 4445 ,
849 4382 985 4437 dixit
1014 4384 1343 4455 (mundum)
1371 4388 1491 4455 quia
1520 4390 1731 4458 genitus
1759 4392 1829 4444 sit
1848 4432 1860 4452 ,
1891 4400 1946 4444 ut
1973 4393 2208 4448 animan-

608 4478 748 4538 tem,
795 4481 849 4527 et
892 4474 1125 4543 plantam
1170 4474 1491 4547 (Plutarch.
1536 4481 1623 4534 lib.
1672 4497 1708 4537 ιι
1741 4482 1804 4536 de
1835 4481 2023 4537 Placit.
2064 4484 2205 4541 PIn'l.

2314 3288 2411 3339 eo,
2442 3289 2548 3343 quo
2578 3284 2819 3331 extructa
2848 3286 2929 3331 est
2949 3320 2963 3344 ,
2995 3277 3322 3334 destruatur.
3353 3299 3371 3333 ι
3405 3280 3520 3337 Dno
3551 3283 3620 3338 ibi
3653 3284 3918 3341 Minucius

2312 3378 2339 3419 a
2369 3365 2594 3423 Platone
2623 3383 2829 3424 ossi-ria
2863 3379 3063 3426 narrat.
3094 3368 3276 3427 Primo
3304 3374 3564 3429 mundum
3590 3389 3621 3430 a
3647 3376 3757 3432 Deo
3787 3395 3806 3428 ‹
3833 3380 3921 3432 in.

2311 3460 2593 3515 solubilem
2623 3480 2640 3513 ι
2671 3472 2945 3532 creatum,
2979 3463 3071 3518 sed
3102 3464 3175 3519 ita
3201 3476 3376 3520 tamen
3406 3475 3464 3521 ut
3489 3469 3557 3523 ab
3584 3467 3675 3521 illo
3699 3468 3829 3522 solvi
3856 3479 3920 3525 et

2312 3553 2511 3609 destrui
2544 3555 2733 3625 possit.
2771 3555 3023 3613 Secundo
3065 3568 3246 3627 partes
3284 3559 3469 3615 mundi
3510 3561 3726 3616 alternis
3769 3561 3913 3617 vici-

2312 3646 2410 3699 bus
2435 3688 2449 3708 ,
2483 3658 2572 3701 aut
2603 3647 2893 3716 inundare,
2924 3650 2974 3703 id
3006 3658 3089 3704 est
3109 3694 3123 3718 ,
3154 3652 3307 3723 aquis
3333 3653 3526 3723 obrui,
3557 3661 3644 3709 aut
3676 3672 3695 3706 ι
3719 3654 3915 3711 ardes-

2311 3754 2468 3807 cere,
2500 3758 2519 3793 ι
2554 3742 2654 3796 hoc
2686 3752 2769 3798 est
2798 3746 2920 3813 igne
2947 3746 3306 3803 concremari.

2384 3834 2453 3887 At
2505 3833 2735 3904 primum
2780 3836 2994 3905 quidem
3030 3837 3182 3893 Plato
3211 3841 3551 3908 apertissime
3580 3838 3779 3898 edixit:
3813 3856 3915 3907 Δη-

2312 3932 2527 3995 λρὺμενες
2544 3926 2623 3983 ob?
2651 3937 2840 4001 ἄρκτον
2868 3940 3074 4001 γέννημα
3102 3942 3275 4000 «cisia,
3306 3946 3470 3992 τοῦτον
3501 3944 3651 3992 (nolet
3679 3946 3797 3993 Θεὸν
3823 3964 3920 4005 νιν·

2309 4033 2467 4085 νητόν,
2497 4030 2678 4080 obnoxia
2706 4031 3049 4098 φθαρησόμενον
3080 4029 3159 4084 ὑπ’
3186 4032 3316 4101 ἄλλῳ
3342 4033 3486 4103 αἰτίῳ
3519 4075 3533 4096 ,
3565 4041 3652 4100 ἔξω
3676 4044 3743 4104 τῷ
3769 4039 3917 4090 αὐτὸν

2311 4126 2665 4188 σηντεταγμὲνῳ
2695 4127 2831 4191 Θεᾷ,
2865 4129 3036 4178 εἴτεωια
3076 4128 3239 4186 mm
3280 4129 3423 4182 αὐτὸν
3459 4128 3693 4183 διαλῦειν.
3729 4146 3747 4179 ι
3776 4128 3916 4185 Cum

2312 4210 2472 4280 igitur
2524 4212 2662 4268 Deus
2709 4215 2871 4270 vellet
2922 4217 3341 4287 pulcherrimum
3388 4220 3608 4287 laetum,
3654 4221 3914 4277 mundum

2312 4303 2646 4375 producere,
2692 4306 2834 4363 hunc
2872 4309 3051 4365 eﬂ‘ecit
3096 4312 3260 4368 Deum
3301 4314 3576 4379 genitum,
3621 4331 3914 4386 numquam

2311 4401 2761 4470 corrmnpendum
2792 4403 2860 4458 ab
2890 4404 2991 4460 alia
3023 4420 3216 4475 causa,
3251 4419 3448 4479 printer
3485 4425 3649 4481 quam
3689 4427 3719 4464 a
3762 4411 3916 4481 Deo,

2311 4494 2401 4564 qui
2430 4495 2600 4565 ipsum
2631 4500 2971 4568 composuit,
3000 4500 3044 4557 si
3071 4504 3286 4573 quando
3317 4504 3482 4560 voluit
3512 4505 3690 4575 ipsum
3716 4505 3919 4562 dissol-

603 4578 720 4632 cap.
768 4564 826 4618 4.
873 4580 991 4637 pag.
1050 4568 1175 4624 886.
1225 4568 1414 4626 Euseb.
1451 4572 1539 4627 lib.
1575 4590 1644 4628 xv
1674 4573 1912 4647 Prwpar.
1976 4576 2202 4650 Evaug.,
2232 4588 2284 4648 D
2312 4587 2497 4660 vere(
2526 4587 2698 4645 Plato.
2744 4564 2796 4646 in
2826 4564 3049 4659 Tunica,
3089 4564 3218 4653 lom.
3246 4612 3336 4664 ιιι,
3370 4614 3488 4670 pag.
3523 4564 3593 4655 ἐι
3615 4598 3703 4672 ).›
3738 4599 3917 4668 Quam

605 4673 725 4727 pag.
780 4657 931 4729 819.).
985 4680 1004 4712 ι
1040 4662 1317 4720 Testatum
1361 4681 1495 4722 vero
1563 4668 1874 4725 Lactantius
1922 4670 2047 4729 facit
2092 4674 2207 4730 haec

605 4749 795 4805 hausta
846 4754 914 4807 ab
965 4754 1199 4822 Epicuro
1248 4775 1315 4815 ex
1373 4759 1665 4819 Democriti
1714 4764 1992 4823 lolitibus:
2032 4788 2051 4819 ‹
2082 4768 2208 4838 Epi-

605 4859 798 4908 curus,
845 4853 1066 4904 auctore
1113 4850 1415 4908 Democrito
1436 4895 1451 4922 ,
1482 4856 1558 4911 ait
1588 4858 1841 4915 mundum
1863 4903 1877 4928 ,
1908 4873 1961 4918 et
1992 4873 2207 4932 ortum,

605 4943 660 4991 et
680 4936 971 5007 aliquando
994 4957 1114 4998 csse
1144 4945 1463 5014 periturum.
1500 4970 1518 5003 ι
1549 4951 1738 5007 Postea
1766 4970 1893 5010 vero
1921 4956 2062 5012 illius
2088 4958 2208 5026 Opi-

606 5029 820 5086 nionem
847 5034 1178 5092 enucleatius
1202 5043 1455 5110 exponit:
1485 5062 1503 5096 ι
1534 5044 1793 5115 Epicurus
1813 5092 1828 5116 ,
1862 5048 2063 5120 inquit,
2096 5051 2209 5108 sive

607 5119 946 5181 Democritus
991 5143 1084 5184 sua
1126 5143 1318 5200 sponte
1349 5146 1528 5191 natum
1560 5153 1681 5195 esse
1710 5138 1879 5208 dixit,
1909 5142 2207 5199 seminibus

606 5210 749 5270 inter
789 5232 850 5273 se
890 5221 1245 5291 coeuntibus,
1278 5226 1471 5296 quibus
1512 5228 1705 5286 iterum
1736 5233 2008 5300 resolutis,
2040 5233 2202 5290 dissi-

602 5304 786 5374 dinm,
819 5321 982 5381 atque
1009 5315 1283 5372 interitum
1313 5332 1620 5378 secuturum
1654 5324 1952 5394 (Lactant.,
1982 5327 2069 5381 lib.
2104 5338 2197 5396 vn,

603 5399 775 5457 Dicin.
800 5403 996 5475 lnstit.,
1022 5425 1137 5480 cap.
1167 5430 1285 5483 pag.
1310 5412 1436 5476 647,
1463 5426 1506 5468 et
1533 5433 1649 5486 cap.
1676 5414 1731 5484 5,
1757 5437 1878 5492 pag.
1905 5420 2009 5476 657
2032 5420 2103 5490 ).ι
2136 5420 2202 5477 Et

600 5505 746 5552 recte
774 5498 1012 5568 quidem.
1053 5500 1187 5559 Nam
1230 5502 1389 5577 paulo
1430 5523 1587 5578 supra
1635 5509 1954 5580 Epicureum
1995 5515 2201 5570 audivi-

594 5602 744 5658 mus,
776 5593 866 5662 qni
894 5593 1036 5663 apud
1064 5594 1388 5657 Ciceronem
1421 5612 1693 5659 asseverat
1724 5621 1914 5673 omne,
1946 5608 2086 5677 quod
2114 5623 2201 5663 or-

589 5692 696 5735 tum
742 5695 848 5751 est,
876 5700 1208 5755 necessario
1237 5692 1553 5763 peritorum.

650 5772 713 5827 At
761 5777 998 5832 nondum
1045 5797 1213 5857 53,55
1261 5789 1599 5857 exploratum
1652 5792 1914 5855 habemus
1965 5808 2197 5865 quonam

2308 4692 2439 4736 sane
2477 4680 2547 4737 ob
2585 4698 2801 4740 causam
2841 4687 2909 4742 ab
2950 4687 3187 4745 Arnobio
3228 4689 3418 4746 litteris
3465 4690 3568 4746 hoc
3598 4693 3913 4749 mandatum

2307 4773 2569 4844 legimus:
2600 4795 2619 4828 ι
2640 4775 2791 4832 Plato
2820 4780 2906 4834 ille
2934 4780 3145 4836 divinus
3174 4783 3337 4839 multa
3365 4784 3433 4841 de
3461 4784 3569 4840 Deo
3592 4784 3782 4857 digna,
3811 4801 3918 4843 nec

2309 4871 2612 4925 communia
2661 4873 2901 4928 sentiens
2950 4875 3309 4944 multitudini,
3354 4878 3408 4932 in
3434 4893 3500 4933 eo
3546 4893 3801 4935 sermone
3847 4894 3919 4937 ac

2309 4962 2481 5030 libro,
2529 4965 2615 5019 cui
2661 4982 2857 5022 nomen
2885 4967 3108 5025 Timonis
3153 4972 3482 5038 inscribitur,
3523 4973 3656 5030 deos
3690 4973 3821 5030 dicit
3857 4986 3921 5032 et

2315 5056 2570 5112 mundum
2618 5063 2993 5131 corruptibiles
3039 5081 3160 5121 esse
3203 5076 3426 5136 natura,
3470 5085 3646 5141 neque
3688 5072 3917 5130 omnino

2307 5150 2678 5207 ἀξεςοΙιιιίιηιίε
2723 5165 3007 5226 expertes:
3054 5158 3149 5213 sed
3191 5159 3467 5215 voluntate
3510 5162 3601 5217 Dei
3652 5164 3794 5234 regis
3843 5179 3917 5221 ac

2308 5244 2598 5315 principis,
2646 5248 2917 5304 vinctione
2957 5250 3010 5305 in
3060 5262 3316 5323 perpetua
3355 5254 3619 5310 contineri
3647 5255 3915 5327 (Arnob.,

2304 5341 2393 5397 lib.
2423 5360 2498 5411 ιι,
2531 5361 2650 5416 pag.
2685 5344 2818 5420 68).
2856 5368 2875 5400 ι
3042 5348 3047 5353 θ

2377 5437 2653 5493 Testatttm
2701 5452 2878 5496 autem
2926 5438 3049 5496 fecit
3091 5441 3243 5497 Philo
3280 5442 3500 5500 Iudaeus
3536 5443 3678 5501 hanc
3717 5462 3917 5504 revera

2304 5530 2469 5587 fuisse
2514 5532 2751 5589 Platonis
2797 5533 2865 5590 de
2915 5534 3116 5591 mundo
3155 5544 3338 5592 creato
3394 5549 3448 5594 et
3513 5538 3913 5610 incorruptibili

2304 5626 2663 5692 sententiam,
2713 5627 2835 5698 quia
2881 5628 2950 5682 ab
2996 5628 3087 5685 illo
3134 5630 3273 5686 Deus
3315 5645 3598 5702 supremus
3638 5633 3915 5689 inducitur

2305 5720 2420 5777 hznc
2464 5722 2529 5777 ad
2577 5722 2709 5778 alios
2747 5724 2879 5779 deos
2918 5722 3108 5780 fecisse
3148 5725 3345 5781 verba:
3393 5724 3576 5799 (Phil.
3618 5726 3707 5782 lib.
3758 5728 3915 5794 Quod

2302 5816 2480 5873 mund.
2526 5818 2590 5871 sit
2629 5833 2833 5889 corrup.
2884 5835 3004 5889 pag.
3047 5816 3217 5890 950).
3258 5827 3370 5875 Θεοι
3406 5828 3551 5889 θεῶν,
3595 5821 3657 5874 ὧν
3693 5828 3785 5894 ἐγὼ
3826 5828 3917 5886 δη·-
