4248 6264
279 391 389 448 477

1732 384 2197 444 DISSERTATIO.

3492 390 3597 448 178

282 527 507 593 poma,
535 540 692 589 πάτερ
716 539 767 572 τε
800 520 946 586 Ιργων
976 554 989 580 ,
1022 517 1179 569 ἄλυτα
1206 517 1324 577 ἐμοῦ
1352 508 1423 581 prb
1453 518 1683 572 θέλοντος.
1717 520 1774 566 τὸ
1801 520 1881 580 μὲν

1990 524 2112 566 cum
2161 518 2402 582 tempore
2442 511 2762 568 dissolutum
2809 512 2893 567 iri.
2941 511 3175 568 Docebat
3216 511 3360 567 enim
3404 511 3595 580 Plato,

284 613 363 667 οὖν
393 617 449 665 δί
471 616 595 665 δεθὶν
627 617 719 664 πᾶν
751 610 907 663 λωτόν
939 609 991 661 τό
1017 628 1069 676 γε
1097 616 1196 674 μ-ὶν
1223 606 1375 665 κάλῶς
1404 609 1652 675 appease»,
1672 605 1753 657 καὶ
1786 610 1897 671 ἔχον

277 712 330 763 εὖ
348 748 364 776 ,
396 711 521 761 λύειν
543 711 717 760 ἔθελεν)
742 708 910 758 κθκοῧ.
940 704 1013 754 διὸ
1040 705 1118 756 και
1147 706 1334 771 ἐπείπερ
1363 707 1598 766 clavisque:
1617 740 1631 764 ,
1661 701 1892 755 ἀθάνατοι

277 811 365 870 μὲν
395 805 478 855 οὗ»
503 806 639 864 εστὶ,
668 801 772 853 abdi
797 801 968 851 ἀλυτοι
993 800 1277 862 τοπάμπαν
1313 799 1416 848 οὔτι
1446 815 1496 859 γε
1524 803 1616 861 μὶν
1643 799 1890 853 inﬂictae!

276 918 329 966 γε
350 936 364 959 ,
394 898 499 949 οὐδὲ
526 898 741 957 τεύξεσθε
767 896 969 944 Gavi-rw
997 874 1166 959 juc’pat;
1187 930 1201 953 ,
1233 903 1318 950 τίς
1344 894 1459 954 ἐμῆς
1490 895 1759 959 βουλήσεως
1782 897 1890 955 μεί-

278 993 407 1056 ζονος
433 995 505 1041 ἔτι
538 990 708 1053 δεσμοῦ
728 1027 742 1051 ,
773 988 855 1038 καὶ
884 990 1168 1053 κυριωτέρςυ
1195 984 1416 1051 laxae-rc;
1442 987 1622 1035 ἐκείνων
1642 1024 1655 1044 ,
1686 981 1753 1043 θ’ἷς
1772 1023 1785 1045 ,
1818 980 1890 1036 ὅτ’

278 1088 498 1147 hiqua-Os
520 1122 531 1140 ,
559 1082 816 1133 συνεδιῖσθε
858 1074 1074 1143 (Plato,
1127 1073 1261 1128 Tim.
1310 1083 1431 1127 tom.
1478 1088 1548 1140 ll,
1603 1090 1721 1144 pag.
1752 1074 1812 1127 41

284 1174 418 1243 Quae
449 1173 664 1243 quidem
699 1172 751 1225 in
787 1168 1023 1224 Platonis
1053 1167 1257 1222 Titnmo
1279 1210 1292 1232 ,
1328 1166 1567 1234 exceptis
1612 1165 1887 1220 nonnullis

279 1266 509 1322 diversis
533 1264 855 1320 lectionibus
879 1304 893 1327 ,
926 1260 1286 1315 inveniuntur.
1319 1258 1493 1312 Prima
1522 1266 1696 1311 autem
1724 1256 1885 1311 verba

280 1359 349 1413 ab
396 1358 738 1427 Athenagora
786 1356 948 1409 citata
1002 1362 1128 1407 sunt
1177 1350 1196 1423 (
1224 1352 1505 1421 Athenag..
1565 1348 1743 1421 Legat.
1794 1365 1885 1417 pro

280 1449 586 1517 Christian,
617 1464 737 1517 pag.
770 1442 875 1516 7);
909 1444 1086 1499 onmia
1117 1456 1244 1496 vero
1283 1443 1334 1495 in
1377 1441 1610 1509 quodam
1658 1455 1883 1510 operum

280 1540 558 1596 Ciceronis
589 1538 891 1608 fragmento
914 1578 927 1600 ,
961 1536 1038 1590 sic
1079 1535 1242 1589 latine
1280 1533 1489 1589 reddita
1528 1532 1882 1589 exhibentur:

288 1648 305 1683 ι
332 1630 457 1685 H;ec
501 1643 633 1692 vos,
678 1629 767 1697 qui
809 1627 1032 1681 deorum
1075 1633 1191 1680 satu
1232 1625 1335 1684 orti
1378 1625 1544 1689 estis,
1586 1624 1881 1680 attendite:

281 1723 521 1790 Quorum
568 1735 797 1790 cperam
842 1733 942 1788 ego
985 1732 1181 1788 parens
1219 1716 1549 1786 eil'ectorque
1577 1731 1730 1781 sum,
1764 1731 1884 1785 qua:

282 1831 382 1887 per
410 1830 497 1869 me
524 1815 660 1869 facta
690 1822 847 1876 sunt,
880 1826 985 1865 non
1034 1819 1159 1866 sunt
1203 1810 1495 1875 dissoluta,
1546 1825 1630 1864 me
1677 1808 1844 1864 invito
1865 1852 1879 1875 ,

1997 603 2448 674 quemadmodum
2475 604 2735 671 vidimus,
2769 604 3023 660 mundum
3052 605 3164 660 sola
3195 603 3289 660 Dei
3320 604 3599 661 voluntate

1996 695 2430 765 dissolvendum,
2460 707 2622 766 atque
2653 697 2851 753 idcirco
2876 713 2942 752 ex
2970 713 3060 763 se,
3094 712 3156 753 ac
3185 698 3285 752 nisi
3313 697 3453 752 Deus
3480 698 3599 754 Vel-

1997 789 2105 857 let,
2139 803 2398 861 perpetuo
2427 806 2756 846 mansurum.
2785 792 2919 848 Vide
2942 793 3101 847 etiam
3128 808 3195 849 an
3225 792 3316 848 ille
3337 793 3459 862 jure
3484 809 3600 849 me-

1995 886 2101 939 rito
2127 900 2155 939 a
2183 884 2473 949 Cicerone,
2507 888 2666 955 paulo
2690 896 2846 941 antea
2873 886 3058 953 citato,
3088 896 3369 956 propterea
3398 901 3595 956 argua-

1995 986 2112 1040 tur,
2143 979 2285 1047 quod
2320 979 2573 1033 mundum
2605 987 2657 1033 et
2689 988 2863 1033 ortum
2899 979 3091 1045 fuisse,
3135 978 3228 1033 sed
3270 994 3335 1034 eo
3377 988 3554 1035 tamen
3577 1021 3594 1049 ,

1993 1084 2099 1139 quo
2136 1068 2403 1134 diximus,
2446 1071 2607 1125 modo
2647 1079 2906 1125 a-Iernum
2948 1070 3064 1125 fore
3108 1072 3388 1140 putaverit.
3422 1070 3592 1138 Quid-

1991 1162 2115 1232 quid
2144 1176 2305 1231 porro
2334 1166 2676 1232 pronunties,
2712 1179 2909 1234 negare
2948 1178 3048 1218 tt0n
3076 1164 3277 1234 poteris
3303 1164 3592 1220 Mimtcinm

1990 1272 2055 1311 ex
2088 1257 2185 1312 hac
2214 1257 2452 1312 Platonis
2495 1260 2831 1327 aliorumque
2889 1259 2955 1313 de
2998 1258 3199 1312 nnmdo
3227 1259 3440 1312 tandem
3472 1258 3597 1314 des-

1991 1348 2222 1404 truendo
2260 1350 2526 1405 sententia
2550 1391 2562 1412 ,
2598 1350 2735 1403 haud
2768 1349 3001 1405 absurde
3039 1348 3305 1403 confici-re
3346 1350 3592 1405 ethnicos

1988 1454 2095 1496 non
2128 1445 2366 1512 potuisse
2398 1443 2621 1497 inllciari
2655 1459 2840 1497 verum
2861 1457 2981 1497 esse
3010 1441 3438 1499 Christianorum
3470 1441 3591 1512 plaa

1988 1537 2151 1591 cimm
2172 1576 2187 1604 ,
2219 1551 2325 1604 quo
2366 1537 2622 1591 mundum
2653 1537 2775 1605 igne
2802 1536 3091 1605 aliquando
3120 1535 3410 1605 periturum
3442 1549 3594 1590 asse-

1988 1628 2196 1683 rebant.
2234 1627 2308 1681 De
2336 1627 2425 1681 illo
2453 1639 2631 1683 autem
2660 1627 2858 1694 aliquid
2892 1628 3193 1681 uotavinms
3224 1628 3274 1681 in
3306 1627 3589 1695 superiore

1986 1721 2289 1789 Apparatus
2320 1721 2487 1774 nostri
2522 1732 2696 1781 torno,
2728 1729 2782 1774 et
2813 1722 2865 1774 in
2899 1718 3349 1787 subsequentibus
3379 1717 3586 1773 disser-

1989 1812 2278 1866 tationibus
2318 1812 2516 1868 nostris
2554 1812 2734 1867 adhuc
2772 1812 3014 1867 dicemus
3065 1809 3589 1882 (Tom.1Apparat.,

280 1924 607 1981 quamquam
640 1922 802 1963 omne
829 1906 1138 1976 colligatum
1168 1905 1302 1960 solvi
1345 1914 1556 1975 potest:
1603 1904 1697 1960 sed
1740 1904 1879 1961 haud
1910 1905 1957 1965 Β
1988 1918 2107 1974 pag.
2152 1902 2353 1973 1117).

281 2016 551 2075 quaquam
580 2002 707 2058 boni
737 2009 856 2067 est,
885 2001 1094 2056 ratione
1121 1999 1357 2054 vinctum
1388 2000 1525 2055 velle
1553 2000 1873 2055 dissolvere.

281 2096 389 2151 Sed
418 2092 668 2167 quoniam
694 2094 795 2149 orti
819 2094 979 2161 estis,
1012 2094 1338 2148 immortales
1365 2107 1461 2147 vos
1486 2093 1702 2164 quidem
1731 2107 1873 2160 esse,

282 2198 335 2243 et
364 2187 762 2243 indissolubiles
791 2202 894 2241 non
928 2186 1180 2255 potestis;
1218 2186 1524 2257 neutiquam
1560 2194 1735 2241 tamen
1768 2187 1879 2242 dis—

279 2282 593 2348 solvemini,
629 2296 729 2337 nec
759 2297 853 2336 vos
900 2281 1005 2336 ulla
1054 2282 1242 2335 mortis
1289 2281 1390 2335 fata
1438 2283 1731 2346 periment,
1780 2298 1880 2339 nec

282 2375 428 2429 fraus
456 2375 743 2439 Valentior,
776 2388 935 2444 quam
967 2372 1250 2427 consilium
1284 2389 1460 2427 meum
1482 2415 1498 2439 ,
1528 2373 1669 2445 quod
1703 2374 1880 2443 majus

279 2476 364 2523 est
411 2466 678 2523 vinculum
730 2466 797 2520 ad
847 2465 1293 2536 perpe‘uitatem,
1342 2481 1503 2537 quam
1550 2466 1639 2521 illa
1685 2467 1881 2538 quibus

280 2559 413 2612 estis
455 2565 567 2612 tum
593 2601 608 2622 ,
653 2572 776 2612 cum
823 2557 1215 2627 gignebamini,
1267 2557 1500 2628 colligati
1533 2558 1557 2629 (
1582 2556 1750 2614 Cicer.
1786 2559 1875 2615 lib.

281 2653 345 2706 de
372 2650 607 2706 Univers.
638 2650 897 2721 Append.,
932 2666 1049 2723 pag.
1077 2650 1168 2705 29.
1204 2652 1293 2705 lin.
1326 2650 1360 2706 6
1384 2660 1433 2706 et
1460 2667 1595 2722 seqq.
1620 2654 1657 2722 ).
1686 2671 1703 2704 ι

355 2746 423 2798 At
450 2743 503 2797 hi
535 2758 645 2798 non
685 2743 955 2813 explicant
996 2752 1174 2797 utrum
1216 2742 1368 2797 Plato
1408 2745 1680 2798 censuerit
1722 2760 1880 2798 mun-

277 2834 406 2889 dum
451 2835 675 2890 alternis
716 2835 923 2890 vicibus
965 2835 1084 2906 igne
1124 2845 1178 2890 et
1224 2848 1361 2906 aqua
1403 2839 1880 2907 corrumpendum.

276 2933 529 2988 Clemens
584 2947 711 2988 vero
763 2933 1156 2988 Alexandrinus
1209 2933 1339 2987 illud
1393 2934 1542 2991 hisce
1596 2935 1886 2992 edisseruit

277 3024 492 3079 verbis:
532 3018 574 3079 ό
613 3029 660 3078 δὲ
697 3031 892 3082 Πλάτων
927 3035 1017 3082 τὶν
1049 3041 1135 3095 γῆν
1173 3028 1354 3095 χρὸνοις
1384 3029 1481 3082 τισὶ
1511 3031 1591 3080 διὰ
1622 3038 1764 3099 πυρὸς
1792 3054 1885 3082 καί

275 3122 528 3187 θαίρεσοαι
566 3129 646 3172 καὶ
687 3122 891 3182 ὓδατος,
933 3120 1021 3171 ὧδὲ
1063 3140 1156 3180 πως
1188 3128 1323 3189 φησί’
1354 3122 1535 3171 Baliari
1568 3126 1695 3174 κατὰ
1732 3123 1887 3176 πολλὰ

278 3218 446 3281 φθοραὶ
476 3215 709 3281 γεγόνασιν
736 3217 988 3280 ἀνθρώπων
1008 3252 1021 3276 ,
1056 3221 1136 3264 καὶ
1168 3218 1356 3264 ἔσονται
1383 3215 1497 3282 πυρὶ
1528 3217 1609 3278 με»
1637 3217 1716 3266 καὶ
1748 3218 1887 3270 ὕδατι

2593 2037 2821 2094 CAPUT
2852 2035 2977 2093 VIII.

1980 2193 2050 2233 DE
2101 2191 2287 2232 TBIBUS
2358 2186 2719 2232 ειεεαιιλιευιε
2775 2186 3112 2239 αιιιιιικιιιυε,
3176 2186 3539 2229 INFAN‘I'ICIDIO
3569 2209 3586 2239 ν

2050 2285 2269 2326 εοιιιεειε
2320 2285 2549 2325 HUIANIS
2601 2284 2892 2334 ολιικιιδυε,
2944 2283 3012 2323 ΕΤ
3068 2281 3316 2333 ικοεετυ,
3367 2280 3587 2330 QUORUI

2058 2377 2357 2417 CHRISTIANI
2396 2379 2430 2417 Δ
2466 2374 2689 2418 διεσιωο
2742 2377 2810 2417 ΕΤ
2865 2368 3004 2416 Αιιιε
3055 2373 3304 2416 ETBNICIS
3349 2373 3583 2415 ACCUSA‘

2052 2467 2280 2508 BANTUR.

2519 2578 2811 2619 ABTICULUS
2849 2572 3060 2619 Ριιικυε.

1989 2702 2115 2770 Quae
2136 2701 2358 2773 qualisve
2378 2701 2529 2775 fuerit
2566 2719 2625 2756 ea
2654 2701 2933 2764 accusatio,
2960 2717 3074 2773 qua:
3098 2701 3239 2756 illius
3268 2700 3582 2766 occasiones,

2445 2805 2491 2850 et
2528 2796 2769 2867 quamdiu
2796 2795 3089 2848 duraverit?

2057 2932 2300 2990 Vidimus
2349 2932 2608 2988 hactenus
2653 2942 2810 3003 quam
2851 2946 2989 2987 vano
3039 2931 3320 3000 inutilique
3385 2936 3584 2985 conatu

1990 3023 2240 3080 Ca'cilius
2306 3027 2574 3095 praecipua
2638 3026 2881 3096 qna-dam
2937 3024 3363 3080 Christianorum
3420 3021 3588 3096 docu-

1991 3128 2166 3172 menta
2216 3117 2544 3172 labefactare
2576 3119 2791 3171 molitus
2829 3119 2893 3171 sit
2922 3161 2934 3181 ,
2989 3132 3051 3172 ac
3080 3116 3272 3186 quibus
3311 3094 3583 3169 rationtim

1992 3210 2282 3265 momentis
2308 3210 2376 3262 ab
2401 3208 2623 3263 Octavio
2643 3252 2656 3274 ,
2700 3224 2792 3264 seu
2824 3210 2999 3279 potius
3026 3207 3255 3262 Minucio
3277 3202 3453 3262 Felice
3480 3217 3591 3259 sta-

275 3312 523 3369 μξνισται,
556 3313 751 3373 μυρίαις
785 3307 831 3355 δὲ
858 3308 939 3356 καὶ
968 3305 1139 3363 ἄλλως
1158 3309 1317 3372 ἕτεραι
1336 3310 1652 3374 βραχύτεραι.
1675 3309 1755 3358 καὶ
1786 3306 1881 3373 μετ’

1995 3303 2263 3357 biliaulur.
2296 3303 2375 3357 Ad
2405 3316 2496 3358 eas
2523 3316 2663 3357 nunc
2693 3304 2969 3357 veniamus
3000 3303 3422 3367 criminationes,
3461 3301 3586 3371 qui-

278 3399 418 3466 ἇὶέγα.
455 3402 680 3465 ἔτιρέρει·
723 3402 792 3447 Τὸ
836 3398 880 3447 δὲ
920 3398 1129 3457 ἀληθὲς,
1165 3403 1264 3450 εστι
1296 3411 1385 3451 τῶν
1412 3399 1521 3466 περὶ
1548 3411 1634 3466 γὶ,ν
1671 3401 1752 3450 καὶ
1777 3398 1885 3454 κατ’

280 3491 469 3540 οὐρανὸν
510 3490 671 3541 ἰόντων
709 3492 1009 3557 παράλλαξις
1031 3527 1045 3550 ,
1081 3490 1164 3540 καὶ
1208 3491 1289 3539 διὰ
1318 3505 1511 3558 μακρῶν
1541 3497 1753 3559 “rapi-av;
1795 3502 1885 3547 τῶν

278 3583 467 3648 ἑπὲγῖς
508 3585 623 3649 πυρί
664 3587 821 3647 παλλῷ
1064 3587 1235 3632 ἔπειτα
1274 3586 1382 3649 π’ρὶ
1423 3592 1507 3636 τοῦ
1547 3591 1885 3651 naevulos/MO

278 3663 608 3742 ἔτιλιγανότθ
637 3676 696 3725 ἂν
726 3675 772 3724 δὲ
799 3670 862 3724 αὖ
890 3676 988 3725 θεοὶ
1014 3686 1098 3742 γῆς.
1133 3676 1271 3726 ὕδασι
1301 3680 1607 3743 καθαίρεντνς
1638 3683 1882 3729 κατακλύ-

277 3770 457 3830 ζουσιν.
490 3771 536 3817 οἱ
565 3770 647 3831 μὲν
673 3772 718 3818 ἓν
744 3769 838 3826 τοῖς
866 3771 994 3834 ὄρεσι
1024 3768 1338 3830 διασώζονται
1368 3768 1593 3836 βθυκόὶοι
1619 3770 1701 3820 καὶ
1731 3783 1885 3836 asper;

278 3865 324 3910 ai.
357 3861 405 3909 δὲ
437 3862 483 3909 ἓν
511 3872 617 3918 ταῖς
649 3856 761 3927 παρ’
793 3862 907 3925 ἡμῖν
933 3862 1126 3912 πόλεσιν
1145 3900 1157 3919 ,
1192 3862 1258 3918 τὶς
1288 3867 1374 3913 τίν
1402 3866 1643 3913 θάλασσαν
1673 3865 1764 3913 ὑπὸ
1793 3872 1884 3915 τῶν

275 3961 508 4016 ποταμῶν
552 3957 790 4020 φέρθνται.
847 3967 865 4001 ί
896 3947 1044 4003 Plato
1092 3959 1268 4002 autem
1317 3958 1514 4004 terram
1563 3951 1881 4020 quibusdam

284 4041 617 4112 temporibus
646 4040 773 4094 dicit
804 4054 898 4109 per
925 4040 1129 4109 ignem,
1161 4053 1209 4096 ct
1243 4057 1433 4112 aquam
1465 4043 1748 4112 expurgati
1781 4044 1883 4099 hoc

277 4132 469 4188 modo:
516 4133 662 4187 Multi
708 4148 851 4203 sarpe
891 4132 1105 4189 fuerunt
1145 4136 1423 4201 interitus,
1467 4145 1521 4190 et
1560 4147 1717 4191 erant
1759 4136 1882 4207 igue

281 4226 529 4297 quidem,
575 4235 631 4282 et
670 4241 803 4296 aqua
846 4228 1096 4292 maximi;
1139 4228 1264 4299 quin
1307 4230 1468 4284 etiam
1509 4229 1628 4285 aliis
1667 4242 1882 4301 quoque

277 4317 757 4374 innumerabilibus
784 4318 870 4373 alii
901 4319 1195 4375 breviores.
1230 4321 1297 4376 Et
1323 4322 1479 4390 paulo
1513 4333 1631 4392 post
1660 4320 1882 4394 subjuua

276 4415 352 4485 git
379 4432 393 4469 :
424 4414 629 4470 Revera
657 4422 836 4470 autem
866 4425 949 4470 est
974 4431 1160 4471 eorum
1186 4459 1200 4484 ,
1230 4432 1349 4487 quae
1378 4426 1575 4472 terram
1603 4429 1658 4473 et
1684 4421 1877 4475 ccelum

278 4506 517 4571 obeunt,
576 4507 912 4574 immutatio,
965 4517 1020 4564 et
1069 4509 1158 4580 qui
1216 4520 1333 4578 post
1388 4511 1543 4581 longa
1596 4512 1877 4570 intervalla

276 4612 498 4665 eorum,
528 4615 649 4670 quae
677 4601 882 4654 suntin
924 4610 1097 4667 terra,
1143 4602 1313 4656 multo
1353 4603 1473 4673 igne
1513 4604 1572 4658 iit
1600 4604 1872 4662 interitus.

1990 3398 2088 3452 bus
2116 3395 2365 3452 Ctecilius
2394 3397 2591 3466 aliique
2619 3394 2816 3451 ctlmlci
2846 3404 3030 3451 sacros
3064 3393 3379 3451 eortuntlcm
3426 3393 3585 3447 (thri-

1989 3492 2287 3545 stianorum
2323 3492 2457 3544 ritus
2482 3531 2497 3555 ,
2539 3506 2822 3559 moresque
2853 3489 3219 3543 sanctissimos
3250 3502 3382 3541 ausu
3427 3487 3583 3555 plane

1989 3587 2277 3639 temerario
2299 3582 2560 3638 infamare
2589 3584 2767 3638 conati
2797 3596 2944 3636 sunt.
2974 3581 3212 3637 Primum
3248 3589 3428 3634 autem
3462 3576 3584 3634 Cre-

1985 3677 2141 3731 cilius
2179 3676 2515 3731 Christianos
2561 3690 2748 3731 omnes
2794 3675 3185 3730 horrendormn
3219 3686 3441 3743 prorsus
3470 3673 3578 3727 cri-

1987 3768 2188 3822 minum
2238 3768 2288 3821 in
2331 3768 2657 3838 synaxibus,
2694 3776 2748 3821 et
2774 3768 3051 3822 nocturnis
3080 3764 3586 3836 congregationibus

1985 3860 2373 3924 admissurum,
2417 3869 2650 3914 accusat.
2686 3860 2772 3913 Ait
2800 3862 2942 3915 enim
2971 3874 3067 3913 eos
3089 3859 3312 3913 solemni
3341 3857 3572 3926 quodam

1984 3949 2070 4004 die
2108 3949 2173 4004 ad
2214 3948 2403 4016 epulas
2431 3990 2445 4012 ,
2490 3950 2541 4003 in
2594 3950 2657 4002 iis
2688 3950 2963 4004 nocturnis
2991 3949 3282 4019 syuaxibus
3324 3949 3581 4019 agendas,

1984 4041 2178 4097 alicubi
2209 4042 2547 4111 congregari.
2580 4038 2824 4096 Acccuso
2854 4051 3031 4096 autem
3066 4039 3136 4093 ibi
3168 4039 3372 4094 lumine
3402 4042 3578 4094 infan»

1987 4145 2091 4189 tem
2119 4135 2186 4189 ab
2226 4134 2356 4204 ipsis
2381 4133 2756 4188 crudelissime
2787 4132 2997 4197 necari,
3027 4146 3228 4201 eosque
3252 4132 3401 4185 rabie
3430 4133 3580 4200 plus-

1983 4243 2142 4299 quam
2175 4226 2341 4283 ferina
2373 4226 2516 4282 vesci
2541 4225 2688 4280 illius
2713 4225 2995 4289 carnibus,
3018 4231 3073 4279 et
3102 4223 3340 4277 lambere
3368 4222 3584 4293 sangui-

1984 4338 2106 4378 nem
2136 4340 2148 4375 :
2176 4321 2426 4377 extinmis
2440 4318 2655 4375 demum
2674 4319 2897 4381 facibus,
2918 4332 3107 4373 onmes
3128 4315 3367 4388 quolibet
3390 4314 3582 4385 stupri,

1981 4416 2249 4480 adulterii,
2276 4418 2615 4487 incestusque
2639 4415 2842 4471 scelere
2869 4412 3054 4484 pollui.

2052 4509 2166 4565 .lam
2215 4508 2427 4579 quidem
2465 4509 2518 4563 in
2568 4509 2847 4578 superiore
2895 4507 3194 4575 Apparatus
3234 4504 3402 4561 nostri
3436 4511 3583 4560 tomo

1980 4600 2384 4658 observavimus
2424 4618 2453 4657 a
2481 4603 2799 4673 quibusdam
2834 4597 3055 4655 secundi
3087 4597 3342 4653 Ecclesia:
3397 4595 3584 4652 smculi

273 4693 482 4750 Deinde
519 4695 796 4766 subjuogit
827 4697 896 4753 de
938 4697 1173 4754 diluvio:
1206 4699 1433 4766 Quando
1470 4711 1649 4756 autem
1693 4717 1879 4759 rursus
1902 4693 1957 4757 D
1983 4695 2360 4765 scriptoribus,
2393 4709 2456 4750 ac
2487 4694 2787 4765 praesertim
2819 4690 3029 4748 Iustino
3056 4700 3314 4762 martyre,
3344 4689 3582 4744 Athena~

271 4787 345 4843 dii
375 4797 571 4843 terram
598 4790 751 4861 aquis
774 4802 1172 4863 espnrgnantes
1197 4793 1580 4864 inundant,qui
1611 4804 1733 4849 sunt
1760 4796 1880 4866 qui-

273 4880 399 4936 dem
445 4882 495 4935 in
539 4883 810 4940 montibus
849 4885 1061 4940 bubulci
1095 4896 1147 4940 et
1178 4897 1420 4956 pastores
1448 4899 1872 4944 conservantur:

272 4974 363 5045 qui
391 4984 568 5030 autem
595 4985 721 5031 sunt
744 4976 798 5031 in
828 4978 922 5044 iis,
952 4994 1070 5049 quas
1096 4965 1217 5033 sunt
1243 4978 1381 5049 apud
1408 4992 1505 5033 vos
1529 4978 1752 5034 urbibus
1770 5021 1784 5045 ,
1816 4980 1871 5035 iu

272 5083 423 5124 mare
469 5068 713 5126 feruntur
758 5087 787 5126 a
838 5070 1015 5127 ﬂuviis
1061 5070 1340 5144 (Clemens
1392 5072 1642 5129 Alexand.
1686 5073 1775 5129 lib.
1815 5088 1869 5128 ν.

271 5160 465 5216 Strom.
496 5179 613 5234 pag.
643 5162 750 5219 549
777 5172 821 5217 et
847 5180 983 5235 seqq.
1009 5165 1051 5237 ).
1078 5182 1100 5218 ι

343 5252 624 5323 Perpende
651 5263 829 5308 autem
848 5296 864 5321 ,
895 5256 1155 5324 obsecro,
1186 5267 1367 5311 utrum
1397 5255 1661 5311 Minucius
1690 5267 1876 5313 noster

269 5343 337 5398 ad
374 5342 516 5399 hunc
546 5344 840 5400 Clementis
870 5345 1215 5402 Alexandrini
1256 5348 1433 5403 locum
1475 5342 1873 5413 colliueaverit,

268 5446 430 5509 atque
455 5454 522 5494 cx
554 5440 714 5496 dictis
742 5442 776 5495 ii
806 5444 1080 5498 conciliari
1114 5445 1253 5499 inter
1282 5459 1341 5500 se
1371 5445 1577 5514 possint
1597 5484 1610 5506 .
1645 5442 1735 5513 qui
1757 5484 1771 5508 ,
1804 5442 1877 5495 si-

266 5531 375 5584 cnti
401 5529 709 5587 Lactantius
737 5530 1007 5605 (Lactant.
1033 5536 1122 5590 lib.
1152 5551 1222 5590 vn
1265 5535 1524 5601 lnstitut.,
1547 5550 1664 5603 cap.
1695 5535 1715 5587 1
1748 5548 1869 5603 pag.

272 5622 409 5685 646;
444 5633 488 5675 et
517 5641 630 5694 cap.
659 5626 712 5681 '5.
744 5643 863 5698 pag.
891 5626 1028 5701 656)
1050 5671 1063 5694 ,
1105 5627 1293 5682 dicunt
1319 5627 1596 5681 Platonem
1625 5624 1875 5680 docuisse

270 5713 532 5769 mundum
563 5717 612 5769 in
643 5722 901 5773 aeternum
929 5734 1050 5776 esse
1076 5732 1386 5775 mansurum
1405 5758 1420 5783 ,
1449 5717 1528 5771 vel
1556 5725 1612 5771 ut.
1641 5715 1877 5786 Epipliao

268 5807 395 5862 nius
435 5804 736 5879 (Epiplmn.
768 5812 858 5867 lib.
887 5827 906 5868 1
932 5814 1049 5869 adv.
1091 5813 1285 5868 Haeres.
1332 5828 1454 5884 pag.
1487 5810 1576 5866 12.
1604 5820 1651 5866 et
1680 5809 1874 5880 Expos.

276 5899 425 5969 Fid.,
458 5918 580 5974 pag.
616 5904 753 5961 l088
779 5906 834 5977 ),
866 5905 1013 5964 illutn
1042 5922 1161 5964 esse
1190 5907 1519 5980 corruptioui
1549 5906 1839 5964 obnoxium
1859 5945 1874 5974 ,

1983 4804 2133 4858 gora,
2177 4795 2232 4843 et
2260 4786 2562 4857 TheOphilo
2601 4785 2934 4842 Auliocheno
2978 4784 3253 4838 memoria:
3289 4782 3582 4851 proditum,

1980 4879 2316 4937 Christianos
2343 4880 2602 4936 horumce
2626 4881 2908 4936 criminum
2952 4876 3019 4931 ab
3048 4876 3281 4932 ethnicis
3311 4874 3479 4931 fuisse
3506 4876 3587 4928 in-

1977 4973 2277 5028 simulatos.
2306 4972 2411 5028 Sed
2435 4974 2643 5028 etiamsi
2677 4972 2727 5026 hi
2751 4971 2950 5038 aliique
2973 4969 3142 5023 nostri
3176 4976 3425 5022 auctores
3445 4981 3581 5021 con—

1974 5067 2238 5121 cesserint
2264 5066 2525 5135 quosdam
2550 5063 2853 5125 lizcreticos,
2883 5077 2911 5113 a
2935 5060 3087 5115 nobis
3111 5058 3308 5113 ibidem
3336 5066 3571 5124 notatos,

1975 5165 2099 5228 puta
2148 5155 2548 5227 Cataphrygas,
2581 5156 2662 5209 vel
2709 5151 3019 5213 Basilidcm,
3062 5162 3153 5204 aut
3196 5147 3577 5219 Carpocratem

1977 5251 2201 5320 ejusque
2254 5259 2590 5312 sectatores,
2643 5256 2735 5299 aut
2802 5242 3090 5298 Gnoslicus
3133 5242 3287 5297 sicuti
3339 5241 3574 5296 lrenasus

1974 5344 2163 5415 (Ireu.,
2202 5343 2292 5397 lib.
2357 5358 2372 5396 Ι
2441 5342 2640 5394 advers.
2676 5336 2900 5400 Ηωνεε..
2950 5352 3064 5407 cap.
3121 5333 3238 5406 21),
3309 5332 3577 5388 Eusebius

1977 5437 2187 5507 (Euseb.
2227 5436 2312 5489 lib.
2347 5451 2398 5490 tv
2434 5433 2569 5488 Hist.
2602 5448 2717 5497 cap.
2750 5431 2803 5491 7,
2859 5447 2977 5500 pag.
3028 5428 3183 5500 120),
3245 5426 3577 5497 Epiphanius

1975 5528 2324 5584 testificantur
2343 5523 2560 5600 (Epiph.
2585 5525 2637 5578 iu
2660 5521 2857 5578 Haeres.
2879 5521 3021 5592 ΞΜ
3049 5521 3103 5583 5.
3124 5538 3177 5591 p.
3203 5520 3293 5584 87,
3321 5528 3368 5573 et
3393 5520 3574 5573 Intres.

1976 5622 2064 5685 27,
2099 5619 2126 5692 §
2160 5621 2213 5687 5,
2249 5636 2368 5691 pag.
2400 5619 2549 5689 ΗΜ),
2582 5616 2873 5687 praebuisse
2910 5614 3141 5684 aliquam
3184 5613 3341 5681 ltujus
3365 5611 3569 5666 Calum-

1979 5715 2082 5770 nite
2106 5714 2472 5779 occasionem;
2506 5711 2679 5783 palam
2713 5722 2889 5766 tamen
2921 5723 2987 5764 ac
3010 5707 3445 5763 constantissime
3488 5719 3575 5759 as—

1979 5818 2165 5866 serunt
2216 5806 2554 5862 falsissimam
2602 5820 2723 5861 esse
2767 5804 2904 5859 hanc
2946 5801 3399 5859 criminationem.
3433 5797 3574 5864 Quin

1980 5903 2144 5961 immo
2171 5901 2383 5975 publice
2406 5907 2780 5959 eotttestantur
2800 5898 3049 5957 ethnicos
3067 5908 3358 5968 numquam
3389 5894 3570 5950 inves-
