4230 6242
663 293 767 347 479

1963 292 2050 346 DE
2094 289 2346 347 MINUCII
2386 289 2560 346 (lC'l‘A
2573 291 2683 346 VIO

3865 298 3890 350 ι1
3903 296 3973 350 80

665 406 880 473 tigasse,
919 405 1000 459 vel
1027 419 1184 460 ausos
1218 405 1542 476 investigare
1571 416 1744 460 utrum
1792 423 1916 462 vera
1947 418 2127 462 essent
2173 408 2262 461 illa
2292 411 2338 467 Α
2373 410 2619 476 ptismate
2667 407 3040 474 iuitiabautur,
3089 413 3299 482 quoties
3351 413 3643 469 Christiani
3703 414 3975 470 solemnes

663 498 1096 554 Christianorum
1125 499 1372 563 crimina,
1402 516 1467 554 ne
1495 500 1624 555 falsa
1645 515 1764 555 esse
1793 501 2081 571 aliquando
2105 519 2268 573 agno-

663 602 897 649 scerent.
932 592 1143 647 Nullum
1174 610 1388 665 quoque
1411 595 1696 664 cujuslibet
1726 596 2048 650 conditionis
2083 597 2263 650 homi-

663 702 812 754 nem,
846 698 904 742 ut
933 699 1115 757 postea
1145 689 1376 754 dicetur,
1410 692 1651 745 invenire
1674 707 1923 762 umquam
1956 701 2264 761 potuerunt,

664 780 768 836 nisi
813 781 1170 852 paucissimos
1197 780 1624 838 Christianorum
1659 787 1947 838 mendaces
1987 800 2207 851 servos,
2241 803 2267 838 a

665 874 861 944 quibus
891 877 1297 931 crudelissimus
1327 879 1565 931 omnium
1600 891 1876 950 tyrannus,
1907 881 2272 950 exquisitissi-

668 968 770 1022 mis
796 971 1188 1039 quantmulibet
1240 971 1517 1042 suppliciis
1545 982 1864 1041 extorquere.
1903 977 2168 1042 poluerit,
2213 986 2269 1028 ut

667 1057 782 1115 haec
839 1063 1064 1117 crimina
1094 1080 1220 1118 vera
1262 1075 1316 1120 et
1346 1081 1374 1118 a
1403 1064 1721 1119 Christianis
1753 1075 1960 1134 patrata
2001 1065 2166 1120 fuisse
2194 1065 2269 1120 fa-

675 1163 896 1212 ιοινειιιν.

740 1247 998 1313 Quamvis
1029 1259 1208 1306 autem
1253 1251 1356 1306 hoc
1386 1262 1490 1305 tam
1520 1263 1724 1307 certum
1749 1295 1762 1320 ,
1793 1269 1952 1324 quam
1995 1254 2267 1324 publicum

669 1342 1032 1397 testimonium
1089 1343 1152 1398 ad
1194 1344 1406 1398 Minucii
1461 1347 1629 1400 nostri
1683 1347 1798 1401 h:rc
1828 1347 2127 1402 execranda
2167 1351 2273 1403 cri-

665 1434 810 1488 mina
857 1436 980 1503 jure
1023 1439 1214 1490 merito
1258 1437 1535 1506 pra-fracte
1568 1440 1849 1507 negantis,
1897 1441 2268 1508 explicandam

668 1530 1199 1600 contirmandamque
1227 1533 1550 1586 sententiam
1592 1534 1891 1596 sufficiant;
1926 1535 2049 1603 quia
2083 1545 2263 1589 tamen

670 1622 922 1678 Caecilius
948 1626 1106 1694 paulo
1146 1625 1336 1690 aliter,
1369 1641 1528 1694 quam
1561 1625 1707 1679 citati
1732 1641 1759 1678 a
1793 1627 1945 1680 nobis
1973 1629 2266 1696 scriptores

671 1715 808 1772 hanc
838 1717 1050 1771 instruit
1095 1718 1526 1782 accusationem,
1557 1719 1702 1787 juvat
1737 1735 1856 1773 eum
1897 1721 2104 1774 audire.
2147 1722 2264 1790 Quo

2375 504 2590 570 quidem
2619 518 2742 557 suos
2771 514 2942 559 «(etus
2963 547 2976 570 ,
3009 506 3101 559 sed
3131 519 3370 563 secretos
3411 508 3656 562 inibant?
3706 509 3850 563 Bene
3893 519 3974 564 ta-

2377 615 2498 654 men
2555 607 2678 665 cst,
2724 600 2864 666 quod
2921 599 3222 654 Gronovius
3272 603 3498 657 infantes
3557 603 3726 657 sacris
3794 602 3974 672 Bapti-

2377 692 2563 743 stuatis
2633 691 2988 762 undis,:ctate
3051 692 3262 749 Minucii
3320 694 3514 749 Felicis
3554 695 3764 750 ablutos
3811 698 3973 752 fuisse

2378 785 2518 838 ultro
2549 783 2798 838 fateatur.

2448 864 2598 942 Quod
2633 891 2760 928 vero
2791 885 2998 944 spectat
3025 878 3090 932 ad
3139 880 3393 947 crimina,
3426 897 3652 949 quorum
3681 880 3973 936 Christiani

2380 979 2484 1023 tam
2522 970 2686 1035 falso,
2734 987 2892 1040 quam
2939 983 3139 1030 temere
3167 974 3592 1046 postulabantur,
3627 975 3691 1028 de
3732 975 3814 1030 his
3843 975 3977 1030 Tcr—

2377 1063 2625 1115 tullianus
2656 1066 2910 1131 scriptum
2943 1067 3093 1120 nobis
3127 1068 3176 1121 id
3208 1067 3418 1132 reliquit
3463 1085 3475 1120 :
3525 1086 3543 1117 ι
3594 1067 3829 1121 Dicimur
3857 1081 3974 1122 sce-

2377 1153 2680 1208 feratissimi
2708 1155 2773 1208 de
2800 1169 3141 1211 sacramento
3169 1157 3505 1223 infanticidii,
3529 1168 3583 1211 et
3607 1159 3802 1227 pabulo
3826 1158 3969 1222 inde,

2375 1255 2429 1300 et
2471 1257 2587 1315 post
2615 1249 2916 1301 convivium
2955 1249 3190 1315 incesto;
3232 1249 3374 1318 quod
3406 1264 3686 1304 eversores
3714 1252 3970 1304 luminum

2374 1353 2565 1403 canes,
2602 1339 2822 1393 lenones
2861 1341 3068 1394 scilicet
3100 1343 3379 1404 tenebras,
3427 1349 3537 1394 ttnn
3593 1352 3647 1396 et
3689 1343 3970 1396 libidinum

2376 1435 2658 1502 impiarum
2695 1435 3126 1490 inverecundiam
3176 1446 3467 1504 procurent
3495 1434 3737 1506 (Tertull.
3770 1436 3970 1504 Apolo-

2373 1538 2472 1598 (ιρι.
2505 1545 2621 1596 cap.
2649 1531 2701 1592 7,
2724 1546 2846 1597 pug.
2867 1527 2945 1600 8).
2975 1529 3046 1596 lbi
3070 1539 3245 1581 autem
3273 1527 3361 1582 ille
3388 1530 3570 1597 paucis
3592 1529 3767 1582 verbis
3792 1528 3971 1582 omnia

2374 1624 2615 1690 congerit
2645 1623 2890 1686 crimina,
2926 1639 3044 1693 qua:
3071 1622 3340 1683 Caecilius.
3375 1626 3487 1676 sive
3518 1621 3782 1676 Minucius
3817 1622 3977 1690 pluri-

2377 1719 2473 1772 bus
2501 1719 2700 1783 edixit,
2728 1733 2918 1786 nempe
2945 1717 3363 1778 infanticidium,
3393 1717 3694 1770 convivium
3722 1731 3884 1772 carne
3909 1727 3964 1770 et

670 1810 870 1864 etenim
928 1809 1085 1863 modo
1115 1810 1312 1864 ethnici
1355 1820 1478 1864 tunc
1523 1810 1823 1865 detestabili
1867 1813 1956 1865 illo
1989 1814 2267 1868 mendacio
2298 1807 2344 1866 Β
2375 1812 2633 1882 sanguine
2704 1811 2920 1864 infantis
2991 1809 3433 1864 inlutmauissime
3505 1812 3667 1865 occisi
3737 1810 3960 1864 adorna-

673 1901 1015 1969 itnpudenter
1054 1902 1421 1967 abuterentur,
1472 1905 1612 1957 hunc
1663 1903 1750 1958 ille
1787 1905 2015 1972 explicat
2056 1908 2105 1959 iu
2157 1924 2270 1960 mo-

671 1993 796 2046 dum
839 2011 852 2046 :
911 2013 928 2044 ι
972 1994 1045 2048 De
1095 1994 1369 2048 initiandis
1402 1995 1680 2048 tirunculis
1726 1996 1896 2050 falmla
1947 2006 2052 2051 tam
2098 1999 2268 2054 detes-

671 2085 853 2152 tanda,
886 2103 1044 2156 quam
1076 2100 1198 2141 neta
1224 2098 1324 2142 est.
1359 2087 1536 2142 Infans
1570 2087 1710 2142 farre
1735 2099 2040 2155 contectus,
2077 2101 2133 2145 ut
2168 2093 2263 2146 de-

672 2182 873 2251 cipiant
905 2182 1147 2237 incautos
1172 2223 1186 2246 ,
1219 2183 1508 2252 apponitur
1532 2183 1580 2236 ei
1605 2185 1690 2250 qtti
1717 2185 1882 2238 sacris
1906 2186 2178 2240 irnlutitttr.
2217 2188 2264 2241 ls

672 2273 849 2328 infans
887 2289 918 2328 a
952 2274 1216 2329 tirunculo
1245 2275 1402 2329 farris
1429 2275 1734 2346 superficie,
1761 2278 1909 2346 quasi
1935 2279 1998 2332 ad
2022 2280 2269 2334 innoxios

673 2366 809 2421 ictus
835 2377 1153 2436 provocato,
1185 2369 1341 2422 czrcis
1376 2369 1705 2439 occultisque
1734 2371 2042 2425 vulneribus
2071 2373 2270 2427 occidi-

675 2469 779 2514 tur.
808 2461 994 2530 llujus,
1016 2461 1148 2532 proh
1175 2461 1356 2516 nefas!
1391 2462 1636 2518 sitienter
1662 2465 1972 2534 sanguinem
2005 2466 2267 2532 famlumt,

675 2551 834 2621 hujus
862 2554 1107 2608 certatim
1148 2553 1388 2608 membra
1418 2555 1742 2623 dispertiunt
1895 2556 1960 2610 Et
1991 2558 2058 2611 de
2089 2560 2272 2612 convi-

672 2645 761 2700 vio
791 2656 974 2699 notum
1007 2654 1212 2700 est.....
1247 2645 1327 2701 Ad
1359 2647 1544 2714 epulas
1565 2647 1788 2702 solemni
1820 2648 1906 2703 die
1938 2660 2268 2703 coeuntcum

673 2740 922 2793 omnibus
951 2739 1135 2794 liberis
1161 2782 1174 2805 ,
1221 2741 1495 2794 sororibus
1517 2781 1530 2803 ,
1566 2742 1825 2796 matribus
1850 2785 1863 2806 ,
1907 2759 2066 2797 sexus
2097 2745 2272 2797 omnis

675 2831 942 2897 homines,
963 2842 1014 2886 et
1033 2833 1209 2886 omnis
1230 2833 1421 2886 astatis.
1453 2832 1567 2887 Illic
1590 2845 1704 2901 post
1736 2834 1934 2888 multas
1955 2836 2160 2901 epulas,
2185 2836 2272 2889 ubi

676 2927 981 2981 convivium
1013 2927 1178 2982 caluit
1199 2970 1212 2988 ,
1237 2935 1293 2980 et
1324 2927 1542 2980 incestrr.
1569 2927 1809 2982 libidinis
1838 2927 1984 2981 fttror
2011 2929 2272 2984 ebrietate

673 3013 902 3078 exarsit,
941 3017 1085 3067 canis
1109 3013 1194 3079 qtti
1223 3011 1551 3067 candelabro
1577 3030 1742 3067 nexus
1767 3023 1852 3068 est
1874 3055 1886 3074 .
1916 3014 2061 3083 jactu
2093 3013 2271 3068 offula:

674 3109 812 3164 ultra
843 3111 1072 3180 spatium
1105 3111 1293 3176 linem,
1318 3128 1420 3181 qua
1446 3113 1654 3166 vinctus
1680 3123 1756 3166 est
1778 3153 1791 3174 ,
1822 3113 1887 3166 ad
1933 3115 2185 3178 impetum
2220 3125 2271 3168 et

675 3202 870 3257 saltum
900 3214 1240 3272 provocatur.
1277 3205 1366 3260 Sic
1393 3219 1584 3258 everso
1608 3214 1659 3259 et
1686 3205 1925 3259 emine-to
1951 3209 2168 3261 Conscia
2191 3208 2272 3260 lu-

676 3298 842 3360 mine,
875 3295 1276 3365 impudentibus
1317 3297 1573 3361 tenebris,
1608 3312 1776 3350 nexus
1809 3299 2040 3352 infanda-
2067 3301 2271 3369 cupidi-

675 3389 801 3443 tatis
826 3388 1130 3454 involvunt,
1165 3406 1258 3454 per
1290 3391 1551 3444 incertum
1582 3391 1764 3456 sortis,
1791 3401 1846 3446 et
1867 3394 1908 3445 si
1947 3408 2052 3446 non
2084 3410 2272 3448 omnes

676 3497 861 3553 opera,
893 3483 1225 3539 Conscientia
1252 3493 1428 3540 tamen
1461 3486 1668 3540 incesti.
1713 3506 1730 3536 1
1766 3488 1902 3553 Quid
1935 3487 2018 3541 his
2045 3489 2270 3542 sceleri-

675 3577 777 3634 bus
817 3577 984 3648 tnagis
1022 3578 1268 3642 crudele,
1315 3579 1575 3649 impium,
1623 3579 1966 3634 inhumanum
1991 3622 2005 3644 ,
2041 3591 2093 3635 et
2143 3581 2267 3634 hor-

677 3672 892 3727 ridum?

751 3768 818 3820 At
864 3767 1174 3836 priusquam
1222 3766 1446 3821 ulterius
1500 3767 1922 3838 progrediamur,
1977 3768 2270 3822 observan-

681 3858 806 3913 dum
839 3868 921 3914 est
963 3859 1012 3912 in
1055 3859 1418 3930 manuscripto
1451 3859 1634 3914 codice
1663 3861 1762 3927 legi
1796 3879 1808 3914 ι
1851 3879 1868 3912 1
1904 3860 2126 3914 Incestze
2155 3861 2273 3915 libi-

679 3951 817 4006 dinis
862 3951 1037 4006 fervor
1063 3951 1369 4015 ebrietatis;
1408 3971 1425 4004 1
1476 3951 1569 4006 sed
1613 3951 1813 4006 librarii
1845 3952 2122 4006 oscitantia
2149 3993 2163 4017 ,
2219 3963 2275 4007 ut

682 4044 925 4114 plerique
955 4045 1194 4099 arbitrati
1225 4056 1370 4100 sunt.
1411 4045 1671 4113 Quocirca
1717 4046 1766 4099 in
1811 4047 2052 4115 pluribus
2077 4047 2273 4100 editio-

681 4135 837 4190 nibus
862 4137 1118 4206 scriptum
1151 4139 1428 4192 voluerunt
1458 4140 1692 4193 ebrietate
1715 4180 1729 4199 .
1761 4144 1890 4193 satis
1920 4141 2100 4208 utique
2128 4139 2272 4193 claro

679 4238 731 4281 et
765 4238 950 4298 aperto
980 4245 1160 4283 sensu.
1196 4229 1390 4284 Verum
1433 4230 1546 4285 b.rc
1585 4231 1889 4284 emendatio
1930 4249 2033 4284 non
2079 4233 2275 4300 placuit

679 4320 978 4386 Gronovio,
1009 4324 1096 4392 qui
1131 4337 1288 4378 voces
1318 4325 1520 4377 incest
1549 4325 1774 4377 libidinis
1805 4324 2120 4390 depravatas
2151 4339 2270 4377 sus-

681 4413 888 4480 picatus
931 4424 1046 4476 est,
1087 4429 1148 4468 ac
1176 4415 1455 4484 legendum
1493 4434 1510 4464 1
1544 4416 1594 4468 in
1625 4429 1794 4468 caecas
1822 4414 2066 4468 libidines
2099 4415 2275 4468 fervor

681 4507 956 4560 ebrietatis
994 4508 1210 4563 exarsit.
1250 4529 1267 4560 1
1320 4507 1452 4560 Nam
1496 4507 1563 4562 de
1604 4509 1838 4572 incesm,
1875 4508 2072 4575 inquit,
2119 4509 2274 4571 paulo

2377 1916 2485 1959 tum
2509 1947 2523 1969 ,
2555 1918 2837 1958 eversores
2867 1902 3061 1957 dehinc
3103 1903 3358 1956 luminum
3391 1917 3552 1955 canes
3579 1943 3592 1965 ,
3634 1917 3695 1955 ac
3737 1903 3964 1971 promis-

2373 2013 2504 2052 cuos
2537 1996 2804 2064 quoslibet
2831 1996 3147 2050 concubitus
3174 2007 3338 2062 atque
3394 1995 3648 2049 incestus.
3685 1995 3758 2048 lbi
3793 2003 3972 2049 tamen

2373 2090 2732 2144 Tertullianus
2779 2106 2882 2142 non
2931 2089 3210 2158 perSpicue
3247 2089 3465 2142 omnino
3502 2089 3783 2155 edisserit,
3829 2103 3971 2158 quo-

2377 2184 2539 2238 modo
2571 2183 2747 2237 infans
2769 2182 3040 2237 diceretur
3064 2199 3092 2236 a
3121 2182 3442 2236 Christianis
3469 2181 3659 2236 occidi.

2453 2279 2648 2344 Aperte
2674 2287 2849 2328 autem
2883 2288 3062 2344 posvea
3097 2275 3335 2330 declarat
3365 2274 3599 2328 ethniCos
3628 2289 3816 2328 revera
3846 2289 3976 2328 cre-

2375 2371 2577 2426 didisse
2625 2389 2650 2422 a
2696 2369 3014 2424 Christianis
3043 2379 3326 2438 exceptum
3358 2368 3570 2423 infantis
3599 2369 3814 2434 rudem,
3859 2370 3978 2423 sive

2375 2465 2598 2520 Crudum
2628 2464 2948 2533 sanguinem,
2974 2478 3144 2531 eoque
3175 2477 3364 2531 panem
3396 2462 3696 2526 iutiuctum,
3727 2475 3830 2529 quo
3859 2471 3973 2513 tum

2375 2558 2622 2628 quidem,
2660 2541 3106 2625 quetnadt‘nodutn
3155 2566 3208 2608 ct
3248 2555 3490 2624 ejusdem
3532 2554 3749 2608 infantis
3792 2556 3978 2608 carni-

2377 2649 2494 2711 bus,
2527 2649 2875 2702 vescebantur
2908 2647 3068 2716 (Ibid.
3102 2664 3216 2716 cap.
3247 2648 3279 2701 8
3307 2689 3321 2710 ,
3365 2664 3488 2717 pag.
3537 2645 3615 2714 9).
3650 2646 3766 2700 Alio
3793 2656 3976 2700 autem

2379 2743 2428 2796 in
2465 2743 2598 2794 libro
2624 2741 2904 2794 obscurius
2932 2741 3190 2808 loquitur,
3228 2739 3470 2808 nihilque
3501 2739 3646 2793 aliud
3679 2748 3972 2801 memorat,

2378 2835 2478 2888 nisi
2528 2851 2545 2881 (
2590 2833 3020 2896 infanticidium,
3072 2831 3257 2884 horam
3300 2832 3673 2896 lncernarmn,
3722 2831 3974 2885 caninum

2379 2927 2753 2987 ministerium,
2790 2933 2843 2978 et
2868 2925 3074 2992 ingenia
3105 2923 3474 2987 tenebrarum,
3513 2942 3531 2973 1
3567 2923 3761 2991 quibus
3789 2921 3977 2976 faven-

2379 3021 2541 3077 tibus.
2572 3019 2861 3074 Christiaui
2890 3018 3127 3085 quolibet
3154 3027 3360 3082 stUpro,
3392 3017 3658 3070 adulterio
3684 3028 3738 3071 et
3766 3019 3974 3070 incestu

2376 3114 2724 3167 contmuiuari
2781 3112 3096 3166 dicebantur
3141 3111 3357 3180 (Idem,
3409 3111 3494 3163 lib.
3547 3127 3563 3164 1
3611 3111 3679 3163 ad
3732 3110 3967 3176 Notium,

2300 3204 2344 3266 C
2378 3224 2496 3275 cap.
2529 3207 2594 3260 15
2630 3217 2674 3259 et
2717 3206 2815 3267 l6,
2849 3223 2966 3275 pag.
2998 3205 3110 3272 ($0).
3149 3205 3254 3260 Sed
3287 3204 3399 3258 lucc
3430 3219 3528 3257 suo
3563 3205 3678 3258 loco
3719 3205 3976 3258 enuclea-

2377 3299 2482 3352 tius
2530 3298 2918 3367 explicabimus
2962 3296 3202 3366 (Dissert.

2377 3405 2480 3448 ttrt.
2516 3395 2586 3462 1).

2449 3486 2705 3555 Origenes
2757 3503 2880 3539 vero
2940 3486 3024 3539 ubi
3087 3485 3297 3539 Cclsum
3359 3485 3472 3539 bree
3522 3485 3690 3538 adhuc
3742 3485 3974 3539 crimina

2375 3577 2695 3630 Christianis
2725 3579 2878 3631 Solita
2917 3577 3239 3645 procacitate
3266 3577 3618 3645 objectantem
3650 3592 3743 3644 pro
3772 3577 3979 3630 merito

2376 3671 2619 3738 castigat,
2655 3670 2722 3723 ibi
2755 3669 3068 3724 testificatur
3097 3668 3254 3736 hujus
3281 3668 3580 3732 calumnim,
3609 3667 3674 3720 ab
3700 3667 3813 3736 ipso
3841 3680 3978 3719 nas-

2375 3763 2544 3816 ceutis
2597 3763 2849 3817 Ecclesia:
2904 3761 3052 3815 initio
3105 3759 3421 3814 Christianis
3468 3761 3668 3825 illane,
3727 3769 3981 3813 auctores

2376 3857 2538 3911 fuisse
2567 3873 2668 3910 tt0u
2692 3857 2905 3927 quidem
2935 3857 3197 3919 ethnicos,
3229 3865 3318 3908 aut
3345 3855 3645 3920 haereticos,
3682 3863 3738 3907 ut
3762 3853 3829 3907 ab
3853 3853 3983 3907 aliis

2383 3953 2542 4022 paulo
2587 3961 2708 4004 ante
2739 3951 2937 4004 dictum
2969 3950 3216 4014 vidimus,
3246 3949 3335 4003 sed
3365 3949 3596 4002 Jud:cos.
3633 3947 3793 4001 Addit
3832 3963 3979 4016 pra:-

2381 4055 2521 4099 terea
2577 4061 2673 4097 suo
2721 4045 2894 4098 adhuc
2937 4057 3172 4114 tempore
3202 4043 3458 4113 quosdam
3507 4042 3590 4095 his
3635 4041 3985 4111 quantumvis

2378 4137 2673 4191 falsissimis
2713 4137 3015 4190 rumoribus
3051 4137 3118 4190 ab
3156 4136 3523 4204 amplectenda
3553 4133 3853 4188 Christiana
3886 4151 3986 4188 rc-

2379 4229 2573 4294 ligione
2602 4229 2884 4283 deterritos
2910 4271 2923 4293 ,
2956 4233 3298 4298 onmiumque
3327 4228 3750 4282 Cbrisvianorum
3781 4228 3990 4296 fugisse

3284 3299 3335 3350 in
3384 3296 3640 3363 Tertull.,
3695 3314 3809 3366 cap.
3863 3298 3968 3358 '20,

2375 4325 2662 4393 colloquia.
2697 4329 2834 4378 Δοκεῖ
2871 4350 2952 4390 μοι
2989 4330 3322 4394 πυριπλήσιον
3363 4316 3594 4385 ἰουδαιίοις
3624 4333 3977 4387 «mundana,

2376 4432 2471 4478 τοῖς
2499 4425 2623 4472 κατὰ
2648 4428 2731 4473 τήν
2762 4424 2917 4487 ἀρχὴν
2959 4425 3341 4486 Χριστιανιτμῠῦ
3379 4421 3764 4472 κειτατκεδάσκσι
3797 4421 3992 4486 δυεῖν-ην

2379 4524 2494 4580 μίαν
2533 4523 2616 4565 ’τιῦ
2658 4515 2810 4581 λᾶιγθυ·
2841 4519 2898 4572 ὡς
2930 4519 3022 4581 ἄρα
3055 4520 3402 4571 καταῗὺσοινττς
3429 4513 3621 4563 παιδίω
3658 4517 3998 4574 μ’ταὶαμεέα

680 4604 803 4668 post
843 4597 1037 4651 dicitur
1082 4617 1092 4649 :
1128 4600 1436 4652 conscientia
1485 4609 1649 4651 tamen
1701 4601 1890 4666 pariter
1938 4603 2129 4653 incesti.
2166 4601 2268 4655 Sed

2376 4629 2529 4658 νουσιν
2559 4610 2705 4659 εὖτ-οῦ
2735 4621 2823 4659 τῶν
2853 4620 3053 4673 σαρκῶν·
3087 4611 3167 4656 καὶ
3199 4612 3364 4668 πάλιν,
3405 4612 3481 4657 ὃτι
3510 4606 3668 4656 οἷάπό
3706 4612 3789 4656 τεῦ
3817 4611 3992 4668 λόγου,

682 4699 885 4745 tantum
931 4691 1116 4755 abest,
1148 4701 1204 4744 ut
1249 4691 1331 4744 bis
1358 4692 1536 4746 verbis
1578 4691 1776 4744 ultimis
1807 4692 2157 4746 excludantur
2181 4709 2270 4747 Stt-

681 4783 889 4853 pcriora
919 4785 1121 4838 incesttc
1147 4783 1388 4848 libidinis,
1417 4785 1543 4852 qttin
1571 4798 1630 4838 ea
1662 4784 1836 4853 [)‘lllllS
1866 4783 2140 4838 \ideantnr
2162 4786 2269 4850 jam

679 4875 818 4931 dicta
848 4876 1105 4930 indicare.
1146 4875 1226 4930 Ad
1266 4892 1447 4929 vermn
1493 4875 1670 4946 itaque
1711 4877 1925 4945 pr0pius
1965 4877 2168 4931 accedit
2197 4878 2272 4931 al-

683 4977 795 5022 tera
826 4968 1016 5031 lectio;
1064 4966 1304 5022 melioris
1341 4976 1516 5022 tamen
1544 4968 1743 5022 codicis
1770 4971 2086 5024 auctoritate
2115 4971 2274 5024 debet

681 5061 1014 5114 confirmari.

760 5152 825 5206 At
853 5153 997 5208 omni
1030 5153 1403 5222 probabilitate
1439 5155 1568 5209 illud
1592 5167 1772 5219 caret,
1803 5155 1944 5226 quod
1976 5154 2279 5209 Gronovius

681 5246 879 5301 ibidem
934 5247 1164 5318 adjecit,
1213 5248 1298 5302 his
1342 5248 1541 5304 Czccilii
1593 5251 1658 5304 de
1707 5249 2131 5303 Christianarum
2185 5265 2276 5318 sy-

681 5358 909 5395 naxeum
943 5344 1122 5397 verbis
1143 5385 1155 5403 .
1186 5343 1450 5413 designari
1481 5345 1755 5400 infantium
1786 5343 2071 5411 BaptiSma.
2108 5341 2275 5396 Nunt-

677 5436 804 5506 quid
837 5436 977 5490 enim
1006 5437 1254 5492 Cmcilius
1280 5437 1568 5492 Gentilium
1599 5437 1834 5499 omnino,
1865 5437 1914 5490 in
1945 5435 2279 5489 Christianos

676 5528 1030 5597 disputando.
1063 5529 1130 5586 de
1159 5530 1330 5584 sacris-
1363 5531 1550 5584 borum
1581 5531 1810 5584 canibus
1854 5529 1996 5595 loqui
2029 5543 2133 5580 non
2179 5543 2274 5593 po-

675 5624 802 5687 tuit,
837 5623 934 5676 nisi
972 5631 1302 5683 mentionem
1350 5623 1600 5694 Βιιριίειιιὶ
1631 5624 1864 5679 taceret"
1905 5620 2166 5687 Numquid
2203 5619 2274 5673 illi

663 5725 715 5769 et
741 5715 969 5770 ethnicis
993 5727 1341 5804 compertum
1387 5728 1500 5775 erat
1529 5716 1786 5789 quidquid
1833 5718 1883 5770 in
1929 5716 2010 5770 bis
2048 5716 2274 5770 coetibus

649 5806 945 5873 agebatur?
976 5805 1272 5893 Numquid
1312 5815 1472 5871 etiam
1515 5807 1751 5874 infantes
1783 5810 1939 5868 tones
1977 5824 2130 5866 sacro
2170 5809 2275 5865 lla-

2370 4707 2436 4754 οτά
2466 4707 2546 4754 τοῦ
2577 4703 2740 4754 σκότου
2788 4706 3006 4768 πράττειν
3047 4703 3345 4769 βουλόμεναι,
3375 4705 3633 4751 ﬁssa-399m
3658 4706 3741 4763 μὲν
3763 4707 3817 4750 τὸ
3840 4708 3939 4766 φῶς
3973 4739 3992 4762 ,

2371 4800 2562 4854 ἕκαστος
2603 4796 2650 4844 δὲ
2673 4807 2733 4859 τῇ
2761 4798 3098 4862 παριτυχοὺτῃ
3127 4802 3362 4856 μίγνυται.
3392 4802 3418 4850 ἢ
3445 4815 3512 4849 τις
3541 4795 3778 4854 δυσφημῶ
3810 4797 4000 4856 παρὰ*

2378 4887 2508 4954 loyce
2532 4893 2678 4937 πάλιν
2713 4893 2797 4950 μὲν
2822 4894 3052 4940 πλείστων
3083 4891 3198 4936 ὅτων
3234 4891 3418 4952 inpii/ret
3440 4891 3662 4934 π’ίθουσκ
3694 4888 3799 4938 tot);
3826 4884 4004 4933 ἀὶλς-

2382 4989 2542 5046 τρίους
2583 4983 2667 5031 τοῦ
2713 4978 2866 5047 illum),
2913 4983 2987 5030 ὃτι
3027 4986 3240 5029 tuoin-oi
3263 4979 3356 5027 εἱσι
3381 4981 3686 5042 Χριστιαινοί.
3717 4973 3801 5022 καὶ
3830 4981 3911 5023 νῦν
3941 4976 4008 5025 δὲ

2382 5079 2473 5133 ἔτι,
2501 5075 2672 5137 ἀπατᾷ
2695 5093 2845 5128 τινκς,
2876 5074 3281 5138 vixet-pampino;
3321 5071 3400 5118 διὰ
3443 5075 3503 5120 τὰ
3546 5071 3766 5125 ruminat.
3802 5065 3894 5130 κᾷν
3921 5069 4010 5124 εἰς

2380 5170 2620 5213 κοινωνίαν
2657 5164 2979 5228 ἁπλουστέραν
3011 5176 3099 5214 τῶν
3130 5163 3270 5223 λόγων
3331 5167 3462 5217 ἣκειν
3501 5169 3611 5225 ’πρὸς
3653 5162 4014 5225 Χριστιανοὺς

2389 5269 2406 5300 1
2442 5251 2684 5316 Videtur,
2714 5253 2908 5311 aiebat.
2944 5252 3106 5315 1111111,
3141 5251 3329 5305 Celsus
3352 5292 3366 5315 ,
3399 5249 3591 5303 fecisse
3623 5249 3794 5304 idem.
3831 5251 4014 5316 Quod

2381 5343 2576 5408 Judaei,
2608 5345 2927 5400 Cbristiaum
2968 5344 3226 5399 doctrina:
3278 5342 3451 5406 initio,
3509 5356 3696 5408 sparso
3735 5355 4013 5410 rumore,

2382 5437 2522 5505 quod
2551 5437 2668 5504 ejus
2699 5447 2856 5490 secta?
2905 5437 3148 5489 homines
3181 5435 3395 5488 mactati
3447 5431 3596 5501 pueri
3630 5441 4022 5486 vescerentur

2379 5529 2660 5589 carnibus;
2720 5527 2942 5596 etquod
2990 5528 3199 5595 quoties
3251 5527 3330 5580 eis
3379 5525 3541 5579 libeat
3589 5538 3808 5593 operam
3853 5523 4023 5581 dare

2379 5620 2603 5675 oceultis
2628 5619 2954 5680 libidinibus.
2981 5619 3220 5673 extincto
3252 5617 3470 5678 Iumiz-e,
3488 5624 3800 5683 eonstupret
3820 5629 4024 5684 quam

2382 5714 2606 5783 quisque
2639 5716 2861 5784 primam
2907 5723 3094 5768 nactus
3139 5711 3318 5766 fuerit.
3361 5711 3491 5778 Qum
3533 5709 3659 5762 falsa
3702 5718 3758 5762 et
3798 5707 4030 5778 iniqua

2380 5808 2562 5877 Opinio
2593 5807 2790 5863 dudum
2819 5807 2972 5864 valde
2999 5809 3192 5864 multos
3221 5821 3249 5859 a
3284 5803 3541 5873 religione
3563 5811 3745 5857 nostra
3771 5802 4038 5868 alienos
