4248 6264
287 280 393 336 481

1754 284 2084 342 DISSERTA
2094 290 2223 347 TIO.

3501 296 3607 353 482

289 392 463 449 ιεηιιίῑ
485 433 501 459 ι
543 404 833 462 Persuasos
873 391 1015 461 quod
1050 393 1185 450 tales
1212 396 1323 450 sint
1351 395 1681 465 Christiani;
1725 410 1779 455 et
1824 400 1891 454 ad
1923 402 1973 458 Α
1999 404 2276 461 vobiscum
2323 408 2592 476 quondam
2624 409 2799 465 adhuc
2841 409 2969 464 caici
3002 419 3055 464 et
3086 408 3308 467 hebetes
3334 411 3606 468 sentieba-

287 484 393 540 boc
442 484 706 555 temporis
765 485 1055 540 nonnullos
1125 484 1297 553 fallit;
1347 489 1468 557 quia
1516 506 1578 545 ea
1623 491 1693 547 dc
1731 508 1896 547 causa

286 578 633 634 Christianos
687 580 760 634 ita
811 590 1172 645 aversantur,
1221 590 1277 635 ut
1325 597 1392 637 ne
1453 583 1686 654 simplex
1736 587 1906 642 collo-

285 673 478 744 quium
506 689 631 729 cum
664 673 881 728 homine
909 672 1221 728 Christiano
1245 674 1443 730 habere
1471 676 1900 749 velint.i(0rig.,

286 766 380 822 lib.
420 784 471 822 vt
499 777 664 821 contr.
695 765 852 835 Cels.,
887 784 1007 839 pag.
1040 767 1147 824 295
1170 780 1215 823 et
1239 773 1404 839 seqq.)

365 859 754 915 Verumtamen
801 861 846 913 si
902 859 1072 914 Judaei
1117 860 1276 929 hujus
1324 863 1607 917 calumnia:
1651 873 1901 919 auctores

291 952 531 1020 fuerunt,
555 969 675 1009 eam
703 955 888 1023 procul
916 954 1082 1008 dubio
1108 965 1379 1010 auxerunt
1411 957 1648 1027 quidam,
1680 960 1729 1012 in
1761 960 1900 1029 Lug-

293 1048 557 1104 dunensis
589 1048 1020 1118 Viennensisque
1045 1047 1308 1103 Ecclesize
1342 1049 1603 1119 Epistula,
1632 1053 1699 1106 ah
1729 1052 1900 1107 Euse—

293 1142 383 1198 bio
409 1141 700 1209 descripta,
725 1142 892 1195 notati
916 1142 1146 1210 gentiles
1169 1141 1593 1197 Christianorum
1613 1145 1776 1210 servi,
1807 1144 1900 1215 qui

294 1252 323 1290 a
353 1235 590 1307 praeside
608 1235 773 1304 capti,
797 1250 917 1291 cum
949 1245 1213 1290 tormenta
1243 1236 1678 1305 reformitarent,
1707 1249 1764 1293 et
1789 1239 1902 1292 (be-

296 1344 518 1384 mouum
549 1330 807 1383 instinctu
829 1368 843 1391 .
877 1336 931 1382 et
961 1327 1215 1382 militibus
1261 1330 1606 1384 incitantibos
1634 1374 1645 1394 ,
1691 1332 1898 1385 mentiti

298 1423 509 1480 fuerant
536 1420 968 1478 Christianorum
996 1431 1215 1477 θυέστεια
1235 1426 1401 1477 δεῖπνα
1422 1464 1437 1489 ,
1467 1427 1550 1478 καὶ
1584 1429 1899 1487 θὶδιποδέιους

296 1528 473 1585 μίξεις,
506 1535 523 1567 ι
564 1515 879 1587 Thymsteas
901 1529 1107 1579 Cinnas,
1138 1524 1192 1568 et
1215 1514 1448 1569 incestos
1473 1507 1666 1585 (Edipi
1694 1531 1897 1570 enncu-

297 1611 463 1674 bitus,
502 1628 521 1661 ι
548 1624 667 1680 quae
694 1608 856 1678 paulo
884 1616 1004 1677 post
1028 1624 1054 1659 a
1083 1606 1660 1677 nobisexplicabuatur
1685 1607 1897 1679 (Euseb.

298 1703 387 1758 lib.
421 1719 473 1767 v,
507 1719 629 1772 cap.
657 1701 714 1766 2,
747 1718 867 1771 pag.
902 1700 1052 1769 156).

2008 513 2150 559 mus.
2182 502 2335 568 quasi
2363 501 2653 557 (,hristiani
2682 517 2920 559 monstra
2946 503 3183 559 colerent
3209 546 3222 568 ,
3252 504 3484 560 infantes
3513 523 3607 562 vo-

2007 600 2208 655 rarent,
2233 595 2475 650 convivia
2520 596 2720 652 incesta
2753 600 3063 652 miscerent.
3108 596 3220 652 Nec
3262 598 3603 670 intelligeba-

2006 700 2125 738 mus
2152 685 2219 738 ab
2247 686 2328 741 his
2363 686 2569 743 fabulas
2603 691 2732 745 istas
2762 706 2979 761 semper
3005 691 3283 757 ventilari,
3334 709 3436 748 nec
3481 710 3599 749 unt-

2005 794 2164 847 quam
2193 780 2274 834 vel
2307 781 2633 852 investigari,
2670 783 2748 837 vel
2777 784 3025 851 probari;
3059 799 3160 840 nec
3188 794 3336 840 tanto
3362 797 3606 857 tempore

2006 873 2238 943 aliquem
2271 877 2528 945 existere,
2554 879 2648 948 qui
2702 879 2954 946 proderet
2986 895 3089 933 non
3124 890 3328 935 tantum
3355 882 3477 937 lacti
3512 899 3603 939 vc-

2007 967 2171 1027 niatn,
2218 983 2401 1022 verum
2434 972 2594 1024 etiam
2636 971 2815 1026 indicii
2854 972 3082 1042 gratiam
3111 984 3549 1030 consecuturum.
3579 997 3599 1030 ι

2006 1058 2262 1115 Eamdem
2294 1071 2471 1117 autem
2513 1062 2744 1117 vidimus
2795 1063 2958 1118 fuisse
3008 1064 3364 1134 aequissimam
3405 1066 3604 1123 Justini

2008 1155 2259 1224 martyris
2279 1197 2292 1218 ,
2343 1155 2677 1225 aliorumque
2714 1172 2744 1210 a
2776 1157 2930 1211 nobis
2958 1157 3117 1226 paulo
3146 1168 3270 1215 ante
3293 1159 3601 1227 citatorum,

2005 1246 2412 1313 querimoniam.
2438 1247 2543 1302 Sed
2569 1264 2685 1302 eam
2714 1247 2888 1303 adhuc
2908 1254 3085 1304 acrius
3109 1250 3386 1321 fusiusque
3416 1263 3603 1308 contra

2005 1338 2251 1393 ethnicos
2281 1350 2433 1410 urget
2458 1340 2820 1396 Tcrtullianus
2840 1354 2865 1405 ,'
2883 1352 2937 1398 et
2967 1352 3086 1413 post
3113 1359 3233 1398 eum
3274 1343 3601 1413 Lactantius,

2006 1442 2168 1501 atque
2200 1434 2315 1498 alii,
2344 1435 2484 1488 sicut
2513 1451 2541 1488 a
2572 1435 2727 1490 nobis
2756 1450 2854 1490 suo
2878 1438 2996 1492 loco
3017 1438 3496 1495 demonstrandum
3523 1452 3607 1497 est

2008 1526 2246 1594 (Tertull.
2300 1529 2541 1598 Apolog.,
2607 1546 2723 1600 cap.
2767 1531 2790 1584 1
2824 1544 2870 1584 et
2902 1530 2959 1597 9,
3001 1542 3048 1585 et
3086 1530 3223 1587 lib.1
3265 1533 3334 1586 ad
3383 1533 3602 1591 Nation.

2003 1638 2118 1689 cap.
2153 1622 2204 1674 7.
2232 1620 2471 1676 Lactant.
2502 1623 2592 1675 lib.
2619 1639 2671 1689 v,
2698 1639 2811 1693 cap.
2847 1625 2920 1695 1).
3506 1658 3513 1664 ε

2080 1737 2264 1805 Neque
2296 1738 2364 1792 ibi
2410 1749 2586 1793 tamen
2617 1741 2761 1795 stetit
2792 1757 3000 1796 summa
3038 1744 3313 1813 gentilium
3346 1745 3607 1803 adversus

370 1798 442 1850 At
473 1794 632 1903 Pr?“
677 1804 885 1903 Romen“
918 1804 1157 1903 ί¹³¹ξ¹Ρ⁰τθ
1185 1794 1403 1903 “grav”
1452 1794 1899 1903 '[ﬂ‘fiQh'mma'
1933 1803 1981 1862 Β
2013 1794 2354 1883 Clirisiianos
2382 1839 2567 1883 contra
2594 1830 2680 1900 jus
2714 1847 2873 1886 omne
2915 1794 3187 1903 iniqiiitas.
3240 1834 3503 1892 Minucius
3529 1837 3605 1891 si-

297 1888 433 1944 Nam
472 1897 607 1944 teste
633 1887 807 1943 adhuc
846 1889 1098 1953 Eusebio,
1151 1899 1428 1959 postquam
1470 1888 1897 1947 Chrisuanorum

303 1982 614 2037 innocentia
642 1981 891 2036 omnibus
923 1981 1245 2036 innotuisset
1268 2023 1283 2048 ,
1318 1982 1774 2051 itnpudentiSsitna
1810 1984 1900 2038 illa

300 2074 610 2129 criminatio
637 2074 846 2142 penitus
885 2073 1118 2128 extincta
1151 2083 1251 2127 est.
1305 2091 1323 2123 ι
1377 2073 1485 2129 Sed
1524 2075 1605 2128 ba:
1636 2074 1900 2130 daemonis

299 2177 469 2231 artes,
501 2187 521 2218 ι
566 2166 737 2236 inquit
764 2166 1005 2221 eruditus
1036 2166 1126 2221 ille
1155 2167 1255 2229 vir,
1285 2184 1304 2218 ι
1341 2182 1676 2238 nequaquam
1705 2170 1757 2223 in
1783 2170 1903 2224 diu-

298 2271 516 2317 turnum
556 2270 764 2330 tempus
814 2261 867 2317 ei
920 2275 1266 2332 processere;
1298 2262 1496 2331 quippe
1540 2278 1661 2317 cum
1704 2266 1901 2319 veritas

299 2356 418 2426 ipsa
447 2371 505 2412 se
535 2356 702 2425 ipsam
755 2364 1044 2423 astrueret,
1072 2364 1127 2409 et
1176 2355 1616 2420 commendaret,
1647 2372 1899 2427 progres-

303 2465 477 2520 suqne
529 2450 788 2519 temporis
819 2448 1010 2503 indies
1045 2449 1493 2504 elucesceret.....
1534 2448 1709 2505 Simul
1738 2451 1898 2505 etiam

297 2539 564 2595 exstincta
627 2550 711 2594 est
756 2539 1015 2609 temporis
1068 2539 1220 2606 lapsu
1271 2539 1537 2594 calumnia
1591 2539 1722 2604 illa,
1782 2556 1901 2609 quia

301 2644 500 2690 nostra:
545 2634 790 2706 religioni
834 2633 1008 2689 afficta
1049 2634 1221 2689 fuerat
1271 2632 1520 2706 (Euseb.,
1552 2634 1640 2689 lib.
1675 2652 1727 2689 tv
1782 2635 1902 2690 Ilis—

297 2735 422 2792 tor.,
450 2742 568 2795 cap.
597 2727 651 2790 7,
680 2744 800 2797 pag.
848 2727 996 2797 120).
1040 2747 1058 2778 ι
1091 2726 1344 2782 Jatnvero
1371 2727 1785 2783 exatttinandum
1818 2741 1902 2784 est

299 2819 569 2888 quomodo
615 2817 877 2875 Minucius
917 2818 1032 2875 haec
1082 2829 1188 2874 tam
1236 2819 1391 2887 falsa,
1424 2835 1585 2890 quam
1632 2821 1897 2878 horrenda

298 2912 526 2967 crimina
553 2911 744 2968 diluat.

894 3026 1183 3067 ARTICULUS
1223 3027 1279 3067 ll.

299 3097 679 3172 Expenduntur
720 3105 980 3176 generales
1027 3105 1271 3170 rationes,
1325 3104 1507 3175 quibus
1540 3103 1781 3159 Octavius
1811 3104 1899 3158 ob-

371 3195 505 3258 iecta
533 3194 835 3251 Christianis
886 3212 917 3249 a
968 3194 1172 3251 thcilio
1246 3205 1291 3250 et
1340 3195 1626 3250 Gentilibus
1689 3196 1904 3250 crimina
1930 3195 1975 3258 C

372 3286 543 3342 diluit.
948 3338 970 3349 ,

376 3382 577 3453 Duplici
650 3380 1003 3452 responsione
1068 3381 1323 3436 Octavius
1377 3381 1594 3451 planum
1651 3381 1904 3436 omnibus

302 3476 450 3539 facit,
494 3473 625 3528 nihil
669 3488 889 3543 prorsus
936 3473 1021 3528 his
1046 3474 1331 3528 calumniis
1371 3489 1494 3529 esse
1536 3473 1793 3544 putidius,
1836 3474 1902 3527 ab

299 3570 525 3641 ipsaque
568 3569 829 3633 veritate,
887 3578 943 3623 et
984 3568 1129 3622 omni
1187 3583 1407 3637 prorsus
1435 3566 1904 3622 verisimilitudine

299 3662 472 3732 magis
496 3662 753 3717 alienum.
786 3660 964 3716 Prima
993 3671 1172 3715 autem
1198 3663 1477 3730 responsio
1499 3661 1764 3727 generalis
1792 3668 1897 3725 est,

297 3762 461 3823 atque
506 3754 687 3808 omnia
736 3754 897 3807 simul
947 3753 1323 3820 complectitur
1371 3754 1458 3807 illa
1498 3754 1747 3820 crimina,
1778 3769 1900 3822 quae

300 3843 558 3899 Octavius
608 3842 894 3899 falsissima
960 3854 1119 3914 atque
1173 3845 1394 3898 omnino
1423 3845 1753 3899 incredibilia
1783 3860 1903 3901 esse

299 3938 660 3993 demonstrat.
711 3937 954 3991 Secunda
985 3952 1113 3992 vero
1140 3937 1555 4007 unumquodque
1581 3939 1787 3993 eritneu
1814 3939 1897 3993 di-

298 4032 421 4096 luit,
450 4046 512 4084 ac
544 4031 826 4100 perspicue
857 4030 1086 4086 ostendit
1115 4030 1321 4101 singula
1344 4040 1450 4083 tam
1481 4032 1613 4085 falso
1639 4029 1902 4084 Christia—

300 4126 384 4180 nis
414 4123 634 4189 inferri,
663 4141 820 4194 quam
853 4126 1210 4197 impudenter,
1237 4135 1293 4178 et.
1318 4126 1535 4195 impune
1559 4142 1587 4178 ει
1610 4125 1900 4194 gentilibus

300 4219 770 4291 perpetrabantur.
800 4220 955 4275 Prior
989 4220 1077 4275 illa
1110 4220 1390 4286 restionsio
1424 4219 1474 4273 in
1508 4218 1608 4273 hoc
1646 4218 1897 4286 articulo,

298 4316 569 4388 pOstcrior
589 4315 642 4369 in
668 4314 1125 4384 subsequentibus
1149 4311 1503 4367 examinanda
1532 4321 1635 4365 est.

372 4408 625 4464 Octavius
653 4408 832 4477 itaque
858 4449 873 4474 ,
904 4422 998 4460 seu
1026 4405 1313 4467 Minucius,
1346 4404 1578 4459 fidenter
1608 4403 1901 4474 respondet

296 4500 454 4556 malis
481 4500 786 4555 dxemouum
833 4497 1039 4552 artibus
1093 4497 1324 4560 factum,
1378 4507 1434 4549 ut
1485 4494 1683 4552 ethnici
1727 4515 1746 4548 ‹
1777 4506 1901 4551 ante

2007 1922 2222 1992 quidem
2270 1933 2323 1976 et
2355 1922 2627 1985 Octavius,
2670 1939 2794 1977 cum
2833 1924 3007 1980 adhuc
3035 1928 3310 2001 gentilium
3340 1931 3604 1998 supersti-

2009 2016 2245 2070 tionibus
2275 2016 2511 2083 addicti,
2547 2016 2759 2086 publico
2786 2019 3072 2085 causidici,
3105 2028 3162 2073 ut
3189 2020 3455 2085 diximus,
3488 2038 3608 2077 mu-

2007 2127 2155 2166 nere
2187 2110 2535 2181 fungerentur
2557 2155 2571 2175 ,
2606 2114 2872 2183 quoslibet
2912 2114 3236 2185 sacrilegos,
3290 2115 3603 2185 parricidas,

2006 2203 2342 2275 aliorumque
2368 2206 2630 2260 scelerum
2657 2206 3096 2274 gravissimorum
3130 2222 3252 2262 reos
3298 2223 3480 2262 coram
3510 2206 3607 2278 ju-

2006 2295 2219 2350 dicihus
2249 2295 2646 2362 defendebant,
2696 2297 3013 2367 illorumqtte
3038 2299 3401 2369 suscipiebant
3427 2309 3608 2367 patro-

2006 2389 2228 2443 cinium.
2255 2390 2451 2444 Contra
2480 2405 2609 2444 vero
2636 2391 2686 2444 in
2716 2389 3072 2457 Christianos,
3097 2392 3253 2463 impia
3281 2411 3502 2464 prorsus
3528 2407 3608 2452 at-

2006 2498 2110 2553 que
2160 2484 2416 2538 hactenus
2465 2485 2700 2539 inaudita
2744 2488 3245 2553 commiseratione,
3284 2491 3602 2559 saevientes,

2006 2577 2119 2631 dira
2149 2578 2444 2641 quaestione
2470 2578 2936 2647 acerbissimisque
2966 2581 3244 2650 suppliciis
3263 2596 3377 2649 eos,
3417 2582 3462 2636 si
3489 2583 3604 2639 fieri

2009 2678 2210 2738 posset,
2237 2670 2534 2740 cogebant,
2566 2684 2670 2723 non
2704 2681 2758 2723 ut
2783 2671 3004 2724 crimina
3034 2670 3125 2726 illa
3159 2672 3476 2741 faterentur,
3507 2677 3604 2732 sed

2005 2776 2065 2817 se
2092 2761 2414 2816 christianos
2441 2776 2562 2817 esse
2590 2772 2861 2832 negarent.
2897 2780 2917 2813 ι
2947 2762 3293 2830 Exercentes,
3320 2765 3413 2833 ait,
3445 2766 3496 2819 in
3523 2766 3606 2822 his

2006 2869 2315 2924 perverSnm
2350 2857 2725 2923 quaestionem,
2759 2870 2866 2909 non
2894 2869 3013 2925 qum
3041 2870 3225 2910 verum
3257 2858 3605 2927 erueret,sed

2006 2962 2127 3018 qua:
2156 2946 2490 3001 mendacium
2521 2957 2759 3014 cogeret.
2793 2966 2811 2999 ι

2079 3064 2437 3120 Tertullianns
2468 3080 2679 3135 quoque
2706 3064 2950 3119 eamdem
2992 3063 3286 3121 Gentilium
3334 3067 3605 3138 iniquissi-

2011 3176 2150 3214 mam
2175 3159 2543 3215 crudelitatem
2574 3159 2653 3214 sic
2682 3160 2909 3229 exagitat
2943 3179 2962 3211 ί
3000 3159 3182 3232 Itaque
3210 3177 3308 3216 nec
3340 3162 3391 3216 in
3420 3163 3511 3219 illo
3538 3180 3605 3219 ex

2012 3252 2182 3309 forma
2226 3252 2490 3306 malorum
2529 3250 2940 3331 judicandorum
2980 3253 3136 3324 agitis
3160 3270 3284 3325 erga
3314 3270 3432 3319 nos.
3462 3256 3607 3327 quod

2010 3347 2220 3403 caeteris
2251 3345 2566 3415 negantibus
2609 3344 2875 3400 adhibetis
2928 3353 3190 3401 tormenta
3233 3348 3298 3401 ad
3345 3350 3606 3404 confiten-

2008 3441 2155 3496 dum.
2190 3439 2318 3493 solis
2347 3437 2670 3493 Christianis
2712 3436 2777 3492 ad
2817 3438 3141 3508 negandum,
3183 3456 3302 3495 cum
3331 3442 3373 3495 si
3407 3441 3605 3496 malum

2008 3542 2174 3599 esset,
2204 3547 2302 3587 nos
2333 3531 2549 3603 quidem
2572 3546 2911 3601 negaremus,
2944 3548 3039 3588 vos
3066 3549 3194 3588 vero
3221 3535 3469 3591 confiteri
3493 3545 3605 3590 tor-

2008 3628 2202 3680 mentis
2244 3625 2760 3696 compt-lleretis.....
2791 3625 3130 3682 Vociferatur
3180 3627 3341 3684 homo
3374 3648 3387 3683 :
3420 3628 3605 3685 Chris-

2009 3723 2185 3777 tianus
2212 3737 2351 3775 sunt.
2386 3720 2539 3787 Quod
2569 3729 2671 3781 est,
2703 3719 2833 3775 dicit
2859 3739 2871 3774 :
2900 3729 2953 3774 tu
3003 3722 3087 3794 vis
3112 3721 3299 3778 audire
3326 3724 3467 3793 quod
3498 3739 3604 3779 non

2006 3827 2107 3872 est.
2142 3816 2391 3870 Veritatis
2430 3815 2812 3887 extorquendae
2856 3816 3113 3883 praesides
3160 3817 3228 3871 de
3280 3818 3437 3873 nobis
3477 3819 3608 3874 solis

2005 3911 2344 3967 mendacium
2377 3914 2660 3967 elaboratis
2691 3912 2897 3965 audire.
2930 3910 3043 3965 lloc
3069 3927 3210 3977 sum,
3241 3913 3432 3983 inquit,
3463 3911 3608 3983 quod

2005 4006 2201 4074 quieris
2221 4020 2287 4058 an
2320 4005 2440 4081 sip).
2462 4005 2606 4089 ‘Quid
2639 4019 2726 4059 me
2750 4014 2965 4073 torques
2996 4005 3047 4057 in
3082 4006 3441 4072 perversum?
3466 4007 3610 4060 Con-

2006 4098 2181 4164 fiteor,
2208 4109 2261 4153 et
2308 4097 2718 4168 torques;.quid
2769 4098 2993 4162 faceres,
3020 4097 3063 4149 si
3097 4111 3353 4166 negarem
3382 4099 3405 4152 ?
3440 4097 3609 4155 Planc

2004 4195 2127 4249 aliis
2152 4194 2588 4265 negantibusnon
2618 4191 2770 4245 facile
2794 4190 2951 4245 fidem
2970 4192 3390 4248 accommodatis
3418 4193 3607 4248 :uobis

2004 4292 2050 4346 si
2099 4292 2506 4361 negaverimus,
2541 4289 2723 4345 statim
2749 4286 2989 4342 creditis.
3032 4285 3293 4356 SuSpecta
3341 4288 3412 4341 sit
3456 4288 3607 4343 vobis

2005 4386 2105 4439 ista
2138 4384 2483 4455 perversitas,
2518 4402 2586 4441 ne
2610 4401 2711 4457 qua
2739 4384 2818 4438 vis
2850 4381 3008 4438 lateat
3032 4382 3083 4435 in
3108 4382 3339 4447 occulto,
3368 4397 3487 4453 qua:
3512 4396 3607 4436 vos

2003 4478 2262 4535 adversus
2296 4478 2543 4543 fortnam,
2587 4478 2850 4534 adversus
2883 4485 3125 4532 naturam
3148 4475 3442 4547 judicandi,
3476 4491 3608 4531 con-

297 4608 396 4648 nos
425 4591 681 4661 incipiant
733 4590 980 4647 homines
1009 4589 1225 4655 odisse,
1262 4558 1420 4657 quam
1464 4603 1662 4652 nosse;
1697 4603 1764 4642 ne
1806 4603 1900 4642 co-
1929 4589 1980 4649 ι)
2009 4582 2089 4626 tra
2138 4572 2281 4641 ipsas
2308 4586 2518 4642 quoque
2568 4571 2713 4643 leges
2754 4571 3020 4625 ministret
3057 4589 3075 4623 ι
3111 4567 3352 4640 (Tertull.
3384 4558 3605 4642 Apolog.

298 4686 476 4756 gnitos
504 4697 594 4739 ant
633 4685 832 4739 imitari
880 4687 1088 4753 possint
1123 4691 1214 4736 aut
1245 4682 1503 4735 damnare
1531 4696 1635 4733 non
1672 4680 1900 4749 possint.

297 4777 453 4847 Quod
482 4777 695 4848 quidem
737 4778 959 4832 totidem
986 4776 1164 4831 verbis
1214 4774 1407 4843 repetit
1440 4771 1901 4847 Cyprianus'(Cy-

298 4887 408 4943 pr.,
447 4870 535 4925 lib.
565 4870 627 4923 de
655 4868 792 4925 ldol.
830 4868 1028 4934 Vanit.,
1054 4887 1173 4940 pag.
1206 4867 1319 4935 Μ).
1341 4867 1699 4935 Quamobrem
1722 4867 1906 4937 justis-

297 4963 437 5018 sime
466 4978 585 5017 cum
613 4962 831 5018 Caecilio
869 4963 1095 5032 aliisque
1129 4960 1420 5032 gentilibus
1448 4960 1538 5015 ille
1565 4961 1902 5029 exposmlat,

298 5055 443 5126 quod
472 5053 812 5111 Christianos
863 5054 1168 5126 incognitos
1189 5096 1205 5121 ,
1250 5054 1637 5123 inexploratos,
1667 5061 1722 5107 et
1749 5070 1905 5108 nunt-

297 5165 457 5220 quam
509 5150 724 5204 auditos
766 5150 1210 5205 condemnarent.
1260 5148 1338 5205 Ne
1376 5158 1552 5203 autem
1599 5147 1649 5202 id
1703 5147 1906 5203 ethnici

295 5258 497 5314 negare
523 5241 807 5307 auderent,
840 5251 1215 5298 asseveranter
1250 5240 1488 5295 affirmat
1523 5254 1583 5295 se
1635 5239 1761 5294 illud
1794 5255 1901 5295 non

295 5337 365 5391 ab
388 5336 507 5391 aliis
530 5345 734 5391 tantum
760 5344 910 5391 certo
934 5334 1310 5399 didicisse,sed
1324 5340 1660 5404 compertum
1688 5332 1907 5387 omnino

294 5430 498 5485 habere
556 5428 919 5484 funestissima
983 5443 1078 5483 sua
1140 5426 1512 5497 experientia,
1576 5425 1729 5495 cujus
1779 5412 1931 5478 tunc‘

295 5526 472 5597 ipsum
500 5526 734 5580 maxime
764 5524 1078 5594 paenitebat.
1112 5523 1164 5579 Si
1200 5522 1356 5578 nobis
1385 5537 1489 5576 non
1515 5520 1705 5575 credas
1731 5560 1747 5583 ,
1778 5533 1904 5572 ecce

294 5624 528 5693 ipsamct
574 5622 718 5678 illius
746 5622 909 5678 verba
941 5664 953 5685 ,
1004 5640 1021 5673 ι
1049 5620 1220 5689 Quam
1252 5617 1491 5687 iniquum
1520 5617 1592 5672 sit
1629 5614 1695 5669 de
1725 5615 1906 5681 incog-

300 5717 430 5773 nitis
455 5726 509 5770 et
538 5717 890 5788 inexploratis
915 5716 1180 5787 judicare,
1201 5711 1343 5784 quod
1369 5711 1569 5775 facitis;
1596 5707 1749 5762 nobis
1776 5705 1905 5775 ipsis

299 5810 692 5891 penitentibus
720 5809 943 5870 credite.
977 5809 1045 5865 Et
1072 5823 1170 5865 nos
1198 5805 1340 5864 idem
1366 5802 1564 5861 fuimus
1587 5841 1606 5871 ,
1637 5808 1692 5859 et
1714 5798 1904 5857 eadem

2005 4682 2119 4738 cap.
2168 4665 2224 4731 2,
2260 4682 2378 4736 pag.
2413 4667 2467 4731 3,
2509 4676 2556 4721 et
2586 4666 2674 4720 lib.
2733 4682 2748 4720 ι
2786 4667 2854 4718 ad
2910 4663 3125 4720 Nation.
3158 4681 3272 4732 cap.
3296 4663 3354 4731 Ξ,
3386 4682 3508 4736 pag.
3538 4663 3609 4720 46

2005 4770 2053 4813 et
2102 4757 2290 4830 seqq.).
2345 4757 2453 4813 Nec
2520 4758 2567 4811 id
2624 4757 2791 4813 semel
2820 4756 3021 4813 dixisse
3048 4767 3331 4812 contentus
3363 4756 3478 4824 fuit,
3511 4755 3609 4812 sed

2006 4870 2192 4909 rursus
2233 4863 2415 4925 postea
2443 4852 2691 4907 ethnicos
2721 4859 2893 4921 urget,
2925 4853 3105 4919 aitque
3140 4866 3154 4903 :
3194 4867 3212 4900 ι
3249 4848 3432 4920 Longe
3461 4848 3607 4904 aliud

2009 4963 2201 5003 munus
2221 4945 2463 5003 carnifici
2507 4944 2560 4999 in
2593 4944 2931 5000 Christianos
2958 4942 3252 5012 imperatis,
3303 4957 3410 4996 non
3440 4950 3496 4996 ut
3523 4941 3610 4996 di-

2007 5052 2152 5106 cant,
2179 5059 2295 5112 que
2325 5039 2548 5102 faciunt.
2582 5040 2676 5094 sed
2706 5050 2763 5094 ut
2786 5047 3000 5108 negent,
3030 5035 3173 5107 quod
3206 5044 3351 5090 sunt.
3384 5053 3404 5085 ι

2081 5138 2381 5208 Cyprianus
2411 5150 2537 5189 vero
2566 5134 2620 5189 in
2650 5131 2869 5188 eosdem
2902 5130 3128 5201 gentiles
3155 5128 3314 5183 simili
3338 5126 3500 5182 modo
3521 5141 3607 5181 ar-

2009 5238 2373 5302 gumentatur,
2405 5242 2608 5298 eosque
2671 5228 2772 5280 hoc
2810 5223 3050 5279 confutat
3101 5220 3487 5291 confunditquc
3526 5219 3609 5274 di-

2010 5326 2305 5381 lemmate:
2343 5341 2363 5375 ι
2399 5320 2765 5377 Christianum
2813 5332 2937 5374 esse
2983 5324 3077 5370 aut
3116 5324 3197 5371 est
3251 5314 3477 5377 crimen,
3517 5318 3609 5367 aut

2006 5435 2119 5477 non
2143 5427 2250 5473 est.
2283 5415 2336 5472 Si
2369 5416 2573 5469 crimen
2599 5422 2703 5481 est,
2748 5410 2874 5482 quid
2907 5426 3012 5466 non
3064 5406 3319 5463 interﬁcis
3345 5406 3604 5462 confiten-

2009 5512 2161 5570 tem?
2189 5512 2242 5567 Si
2274 5510 2477 5565 crimen
2509 5525 2614 5562 non
2646 5516 2749 5571 est,
2801 5504 2930 5575 quid
2963 5502 3302 5575 persequeris
3344 5500 3604 5556 innocen-

2010 5608 2152 5662 tem?
2181 5605 2439 5676 Torqueri
2477 5602 2620 5659 enim
2669 5601 2864 5666 debui,
2913 5600 2957 5655 si
3001 5613 3281 5669 negarem,
3312 5597 3355 5651 si
3390 5609 3606 5666 pmnant

2009 5710 2156 5758 tuam
2185 5711 2462 5763 metuens,
2512 5698 2567 5753 id
2613 5694 2755 5773 quod
2790 5697 2939 5767 prius
2964 5692 3194 5760 fueram,
3226 5689 3447 5762 etquod
3476 5691 3607 5744 deos

2007 5804 2129 5855 tuus
2157 5809 2261 5852 non
2289 5791 2558 5849 colueram
2582 5835 2599 5859 ,
2631 5788 2916 5849 mendacio
2944 5788 3164 5847 fallente
3188 5785 3440 5852 celarent,
3482 5790 3608 5841 tunc
