4230 6242
637 216 746 272 485

1969 211 2057 267 DE
2096 201 2355 267 MINUCII
2393 194 2690 264 OCTAVIO

3846 189 3954 254 484

639 335 968 405 torquendus
1006 333 1247 397 fuissem,
1281 339 1410 386 tunc
1445 331 1509 385 ad
1554 329 1952 386 confessionem
1997 328 2239 383 criminis
2267 328 2316 385 A
2347 326 2567 395 Apolog.
2609 339 2726 393 cap.
2770 321 2837 386 Ξ,
2869 337 2987 393 pag.
3023 318 3139 392 4)?
3177 338 3195 370 ι
3237 319 3433 386 Quanti
3471 326 3653 372 autem
3704 315 3809 371 hoc
3865 331 3954 370 ar-

639 429 689 482 vi
735 428 936 482 doloris
971 425 1285 495 adigendus,
1333 425 1470 477 sicut
1509 423 1561 477 in
1599 424 1810 478 caateris
1849 422 2237 491 (ιιιιθδιίυηηιιιε

642 530 958 590 torquentur
985 521 1084 585 rei,
1111 519 1200 587 qui
1232 533 1292 572 se
1323 528 1518 587 negant
1548 518 1795 583 crimine,
1825 533 1932 587 quo
1973 531 2235 570 accusau—

643 624 751 679 tur,
785 613 986 673 teneri;
1017 622 1071 666 ut
1102 610 1358 665 facinoris
1389 610 1607 674 veritas,
1632 625 1750 678 qiur
1780 608 1955 662 indice
1980 623 2113 663 voce
2132 622 2236 660 non

641 707 921 775 premitur,
951 704 1136 757 dolore
1157 703 1400 772 corporis
1415 701 1764 770 exprimatur.
1781 699 1933 755 Nunc
1959 715 2088 754 vero
2110 715 2232 753 cum

638 808 831 867 sponte
878 796 1164 860 confitear,
1197 805 1250 848 et
1283 795 1535 860 clamem,
1569 805 1622 848 et
1658 793 1862 848 crebris
1893 808 1956 847 ac
1993 792 2239 862 repetitis

647 889 938 964 identidem
978 889 1202 943 vocibus
1243 886 1606 942 Christianum
1659 901 1744 940 me
1787 899 1908 940 eSse
1937 892 2236 950 contester,

641 983 772 1053 quid
816 991 1086 1036 tortnenta
1121 980 1344 1035 adhibes
1375 977 1655 1033 confitenti
1688 977 1868 1050 (Cypr.
1919 977 2010 1033 lib.
2038 977 2106 1030 ad
2139 976 2242 1031 De-

637 1088 753 1132 met.
783 1093 902 1146 pag.
929 1076 1034 1130 190
1079 1083 1128 1128 et
1169 1072 1372 1144 seqq.)?
1411 1093 1429 1124 ι

712 1171 873 1226 Aliud
899 1167 1221 1239 iniquissimi
1275 1165 1550 1236 gentilium
1599 1164 1650 1219 in
1681 1165 2018 1225 Christianos
2056 1163 2240 1234 iudicii

639 1274 799 1333 caput
828 1264 948 1326 fuit,
981 1262 1124 1333 quod
1153 1264 1196 1316 si
1217 1263 1337 1330 quis
1353 1261 1688 1315 cruciatuum
1717 1261 1766 1312 vi
1800 1259 2013 1313 tandem
2043 1260 2237 1322 victus,

642 1356 1012 1411 ChriStianum
1059 1369 1118 1408 se
1146 1368 1266 1408 esse
1317 1352 1666 1417 intieiaretur,
1713 1359 1840 1404 tunc
1885 1352 1932 1405 ei
1967 1350 2234 1416 favebant,

640 1449 887 1504 laudibus
933 1447 1079 1501 illum
1122 1445 1470 1510 extollebant,
1503 1446 1872 1513 augebantque
1919 1443 2236 1498 honoribus.

639 1541 804 1607 Quasi
835 1555 963 1594 vero
992 1539 1070 1593 fas
1116 1540 1194 1592 eis
1227 1539 1416 1591 luisset
1443 1536 1544 1590 hac
1574 1535 1702 1592 falsa
1741 1535 1938 1604 pietate
1971 1535 2238 1600 homines,

642 1645 718 1689 tot
750 1645 1125 1701 tantorumque
1149 1632 1434 1686 criminum
1460 1641 1762 1694 accusatos,
1791 1645 1890 1684 nec
1921 1645 1983 1684 ea
2015 1645 2074 1684 se
2095 1644 2241 1684 cont-

2346 430 2659 490 gumentuni
2692 419 2762 472 sit
2793 417 3045 486 ponderis
3072 426 3122 470 et
3153 415 3432 480 momenti,
3482 413 3606 467 inde
3653 411 3950 480 colligitur,

2346 515 2489 584 quod
2522 514 2636 568 fieri
2683 529 2788 566 non
2831 511 3021 581 possit,
3056 519 3111 564 ut
3162 509 3323 562 homo
3364 518 3440 562 tot
3487 507 3775 562 criminum
3814 519 3950 559 con-

2345 611 2511 670 scius,
2551 609 2632 662 vel
2687 607 2800 662 sola
2835 604 3045 659 vindice
3095 602 3460 676 conscientia,
3498 616 3602 655 non
3634 599 3951 664 erubuerit;

2348 701 2430 756 vel
2458 717 2582 756 eum
2609 716 2714 754 non
2741 696 3254 767 prenitueritsectm,
3289 695 3354 749 ad
3387 694 3503 748 lucc
3525 693 3728 748 scelera
3761 692 3955 762 impel-

2351 795 2544 860 lentis,
2594 808 2750 848 suum
2781 791 2996 846 dedisse
3027 804 3256 854 nomen;
3285 798 3373 841 aut
3418 787 3651 858 denique
3679 795 3756 842 tot
3784 803 3947 842 exse-

2347 889 2668 943 crandorum
2719 887 3042 957 flagitiorum
3070 893 3372 946 accusatus,
3407 898 3595 952 pinnas
3625 883 3808 938 subire
3840 898 3947 938 non

2344 980 2504 1035 fuerit
2547 981 2768 1035 veritus.
2821 979 2983 1048 Atqui
3042 977 3174 1031 nihil
3219 977 3322 1031 tale
3359 976 3681 1032 Christianis
3735 975 3954 1031 accidit.

2346 1074 2598 1143 Quinimo
2625 1083 2682 1128 et
2711 1073 2778 1128 de
2824 1074 3042 1126 nomine
3094 1086 3214 1136 suo,
3257 1080 3313 1125 et
3360 1071 3696 1140 professione
3737 1085 3954 1139 semper

2344 1168 2598 1239 gloriati,
2665 1182 2759 1235 pro
2805 1165 3082 1233 utriusque
3131 1162 3448 1218 defensione
3497 1163 3749 1232 qumlihet
3791 1164 3952 1216 etiam

2347 1259 2716 1314 crudelissima
2759 1257 2824 1312 ad
2865 1266 3096 1312 mortem
3128 1270 3296 1327 usque
3325 1264 3591 1310 tormenta
3619 1257 3952 1311 constantis-

2347 1354 2483 1407 sime
2516 1352 2872 1421 pertulerunt.

2420 1444 2590 1498 Porro
2617 1427 2792 1498 autem
2819 1443 3083 1498 Minucius
3112 1452 3296 1498 noster
3333 1443 3476 1498 ferre
3504 1458 3614 1500 non
3647 1453 3825 1513 potest
3850 1446 3955 1501 sibi

2347 1537 2416 1592 ab
2436 1537 2666 1591 ethnicis
2694 1536 2856 1605 olijici
2891 1534 3232 1591 Christianos
3264 1544 3340 1590 tot
3369 1544 3745 1607 tantorumth
3768 1539 3954 1594 crimi-

2349 1649 2474 1686 num
2501 1632 2636 1686 fama
2668 1632 2864 1701 ubique
2889 1633 3098 1698 vulgata
3131 1633 3369 1701 coargui.
3402 1633 3639 1688 Primum
3669 1636 3816 1690 enim
3860 1636 3958 1690 fal-

641 1729 853 1782 inisisse
885 1736 1161 1795 negantes,
1197 1740 1300 1777 non
1330 1723 1501 1776 solum
1535 1722 1836 1782 absolvere,
1868 1721 1961 1776 sed
1991 1720 2240 1774 omnibus
2272 1724 2317 1784 Β
2347 1740 2437 1779 sos
2485 1725 2582 1778 hos
2610 1739 2854 1778 rumores
2886 1726 3062 1792 pravis
3103 1725 3410 1779 daemonum
3441 1727 3646 1781 artibus
3695 1727 3949 1783 dissemi-

642 1819 814 1884 honis,
849 1819 916 1872 ob
958 1817 1128 1870 solani
1181 1815 1411 1869 nominis
1440 1814 1717 1868 christiani
1747 1814 2108 1884 negationem,
2145 1827 2241 1867 cu-

641 1911 893 1965 mulare?
927 1910 1016 1964 Sic
1045 1910 1221 1976 itaque
1260 1907 1564 1962 fatebantur
1589 1907 1640 1960 in
1672 1907 1808 1970 solo,
1846 1915 1902 1959 ut
1923 1907 1996 1959 ait
2025 1905 2240 1961 Tertul-

641 2005 834 2066 lianus,
867 2001 1302 2056 Christianorum
1358 2001 1575 2053 nomine
1629 2000 1798 2070 posita
1849 1998 2016 2053 fuisse
2061 1999 2240 2052 omnia

643 2111 829 2150 eorum
861 2095 1084 2148 crimina
1115 2090 1356 2164 (Tertull.
1391 2091 1611 2162 Apolog.
1655 2107 1771 2162 cap.
1805 2090 1841 2144 2
1871 2100 1916 2144 et
1942 2091 1992 2156 ’5,
2030 2107 2151 2161 pag.
2185 2090 2238 2154 4,

635 2199 678 2242 et
711 2186 800 2241 lib.
836 2185 945 2240 tad
982 2185 1196 2238 Nation.
1228 2200 1339 2252 cap.
1374 2185 1427 2246 5,
1462 2181 1541 2253 5).

713 2279 909 2332 Verum
931 2278 1030 2331 hac
1058 2277 1202 2346 impii
1235 2276 1480 2330 homines
1507 2274 1695 2331 fraude
1716 2285 1769 2329 et
1787 2278 1982 2330 astutia
2008 2276 2146 2330 alios
2172 2275 2240 2330 ad

640 2373 955 2443 cjuranilam
985 2371 1334 2424 christianain
1391 2369 1548 2422 fidem
1597 2370 1803 2424 facilius
1830 2369 2047 2424 allicere
2089 2370 2239 2425 vole-

644 2467 792 2520 bant.
823 2464 1007 2534 Neque
1041 2464 1092 2518 id
1121 2464 1285 2533 gratis
1318 2477 1346 2515 a
1381 2461 1535 2516 nobis
1559 2461 1736 2516 fictum
1770 2473 1944 2531 putes.
1980 2462 2241 2517 Minucius

641 2561 836 2615 ctenim
872 2557 1000 2612 illttd
1027 2573 1056 2610 a
1085 2573 1143 2612 se
1173 2555 1392 2616 factum,
1438 2571 1543 2608 non
1589 2556 1707 2610 sine
1749 2556 1983 2610 maximo
2025 2555 2241 2610 contriti

640 2653 818 2708 cordis
846 2651 1028 2704 dolore
1060 2650 1367 2708 c0nfitetur.
1406 2668 1424 2700 ι
1467 2649 1533 2703 Ει
1563 2650 1606 2703 si
1654 2651 1794 2719 quis,
1828 2651 1922 2714 ait,
1954 2649 2240 2718 infirmior,

643 2746 782 2800 malo
809 2759 1028 2816 pressus
1051 2753 1104 2798 et
1130 2743 1303 2796 victus
1325 2784 1338 2809 ,
1372 2741 1724 2796 christianum
1755 2757 1813 2796 se
1844 2752 2113 2812 negasset,
2160 2741 2239 2795 fa-

643 2839 897 2892 vebamus
927 2837 996 2902 ei,
1028 2838 1179 2904 quasi
1211 2835 1416 2904 ejerato
1460 2837 1678 2890 nomine
1699 2876 1714 2899 ,
1753 2836 1862 2906 jam
1895 2837 2074 2890 omnia
2106 2834 2238 2890 facta

647 2945 742 2983 sua
776 2929 860 2982 illa
889 2943 984 2982 sua
1014 2929 1296 2998 negatione
1327 2937 1600 2996 purgaret.
1646 2929 2022 2997 Agnoscitisne
2050 2928 2237 2982 eadem

642 3037 738 3074 nos
760 3020 993 3074 SBIlSiSae
1024 3031 1075 3074 et
1105 3020 1299 3089 egisse,
1329 3035 1450 3088 quae
1498 3019 1708 3073 sentitis
1747 3029 1798 3074 et
1830 3021 2014 3089 geritis
2042 3020 2064 3071 ?
2096 3019 2228 3074 Cum

641 3112 684 3166 si
716 3112 872 3170 ratio.
919 3127 1022 3163 non
1075 3110 1343 3180 instigatio
1376 3108 1639 3164 daunonis
1676 3109 1976 3178 iudicaret,
2013 3109 2239 3180 urgendi
2265 3117 2310 3180 ί]

646 3206 836 3276 magis,
867 3220 972 3258 non
999 3214 1055 3258 ut
1085 3204 1443 3258 diffiterentur
1479 3219 1536 3257 se
1557 3202 1918 3270 Christianos,
1952 3203 2044 3257 sed
2068 3204 2134 3257 de
2161 3204 2240 3257 in-

645 3300 828 3363 cestis,
848 3299 1069 3368 stupris,
1094 3298 1160 3352 de
1189 3298 1442 3366 impiatis,
1477 3295 1526 3349 id
1551 3309 1654 3360 est,
1686 3298 1923 3366 pollutis,
1955 3298 2142 3363 sacris,
2172 3298 2241 3354 de

645 3391 938 3445 infantibus
997 3391 1285 3444 immolatis
1333 3390 1644 3443 faterentur.
1710 3409 1728 3440 ι
1773 3389 1973 3470 Eadem
2026 3407 2240 3462 quoque

647 3486 954 3540 Lactantius
995 3499 1274 3539 memoria:
1331 3491 1514 3552 postea
1554 3483 1639 3538 his
1690 3483 2019 3554 totidemque
2063 3485 2241 3540 verbis

645 3579 908 3643 prodidit:
939 3597 956 3628 ι
991 3579 1045 3634 Si
1069 3580 1156 3648 qui
1183 3587 1363 3632 autem
1394 3577 1598 3632 doloris
1625 3577 1706 3631 vel
1742 3580 1931 3632 mortis
1958 3590 2124 3641 metu,
2154 3579 2239 3633 vel

641 3681 830 3742 suapte
856 3671 1078 3742 perfidia
1095 3671 1318 3727 cccleste
1351 3678 1744 3724 sacramentum
1763 3669 2125 3736 deseruerint,
2155 3671 2237 3725 vel

639 3763 704 3819 ad
741 3767 948 3818 funesta
999 3762 1261 3818 sacrificia
1305 3763 1703 3829 consenserint,
1752 3778 1846 3818 eos
1879 3763 2123 3831 laudant,
2184 3773 2238 3819 et

639 3858 932 3913 honoribus
976 3867 1232 3923 mactant,
1281 3865 1338 3910 ut
1367 3872 1556 3911 eorum
1602 3856 1852 3923 exemplo
1880 3867 2106 3913 caeteros
2133 3857 2237 3912 illi-

634 3952 774 4007 ciant
799 3950 1059 4025 (Lactant.
1085 3950 1174 4004 lib.
1215 3965 1253 4016 ι,
1288 3966 1406 4018 cap.
1429 3950 1483 4013 9,
1513 3965 1633 4020 pag.
1661 3945 1817 4020 48?).
1852 3966 1874 4005 )

707 4046 863 4101 Aliud
893 4046 1249 4102 certissimum
1283 4043 1601 4113 integritatis
1629 4053 1684 4098 et
1715 4043 2033 4098 innocentiae
2073 4041 2237 4097 Chri-

636 4145 935 4200 stianorum
970 4141 1224 4196 indicium
1249 4149 1382 4203 erat,
1417 4137 1558 4208 quod
1581 4139 1625 4194 si
1658 4149 1798 4192 tanta
1829 4139 2023 4210 flagitia
2067 4137 2239 4191 admi-

633 4240 871 4302 sissent,
901 4236 1110 4305 aliquos
1156 4235 1346 4288 saltem
1398 4247 1585 4286 eorum
1628 4232 1914 4300 aliquando
1956 4233 2238 4301 poenituis-

635 4340 718 4386 set
753 4372 767 4394 ,
814 4339 905 4382 aut
938 4327 1245 4380 timuissent
1292 4339 1484 4394 poenas
1513 4323 1831 4377 criminibus
1871 4326 1982 4378 suis
2026 4324 2234 4379 debitas

634 4425 801 4488 luere,
852 4432 942 4474 aut
971 4419 1184 4473 tandem
1213 4417 1557 4471 erubuiSseut
1585 4429 1780 4468 nomen
1823 4415 1870 4468 ei
1900 4415 2113 4470 dedisse
2146 4432 2236 4471 rc-

2346 1825 2502 1871 natos
2536 1817 2700 1871 fuisse
2719 1817 3016 1872 contendit.
3050 1817 3252 1872 Deinde
3277 1833 3442 1874 vero:
3474 1837 3492 1869 ι
3533 1818 3717 1886 Fama,
3758 1821 3950 1890 inquit,

2345 1925 2560 1980 semper
2581 1909 2780 1978 sparsis
2807 1908 3103 1964 mendaciis
3128 1909 3308 1974 alitur,
3340 1920 3551 1965 ostensa
3578 1912 3807 1967 veritate
3827 1928 3958 1968 con—

2346 2004 2593 2056 sumitur.
2637 2019 2655 2052 i
2690 2000 2793 2055 Sed
2827 2000 2927 2053 hoc
2955 1999 3321 2055 Tertullianus
3351 2000 3512 2070 longe
3559 2003 3728 2057 fusius
3770 2017 3959 2072 prose-

2345 2094 2548 2163 quitur,
2585 2108 2648 2147 ac
2675 2094 2838 2148 citato
2862 2093 3024 2148 etiam
3061 2093 3272 2163 Virgilii
3302 2096 3562 2159 carmine,
3599 2095 3957 2152 invictissime

2347 2186 2682 2241 demonstrat
2712 2186 2843 2239 nihil
2879 2187 2983 2239 hoc
3011 2197 3329 2255 argumento
3364 2201 3482 2241 esse
3509 2187 3796 2256 quidquam
3827 2201 3958 2241 ma-

2349 2281 2434 2350 gis
2483 2279 2621 2341 leve,
2665 2279 2960 2342 infirmum,
3017 2290 3070 2332 et
3118 2279 3410 2333 absurdum
3449 2279 3684 2348 (Tertull.
3713 2280 3948 2352 Apolog.

2345 2389 2460 2441 cap.
2489 2373 2542 2438 7,
2587 2383 2636 2425 et
2662 2371 2748 2425 lib.
2776 2371 2882 2424 tad
2911 2369 3129 2426 Nullon.
3157 2387 3274 2442 cap.
3310 2371 3389 2443 7).
3425 2371 3530 2427 Sed
3583 2373 3858 2443 quomodo
3891 2373 3932 2427 il

2348 2465 2462 2530 lud,
2485 2467 2693 2533 aliaque
2724 2480 2752 2518 a
2785 2466 2941 2518 nobis
2966 2466 3206 2529 exposita
3237 2475 3446 2534 urgeat,
3475 2480 3573 2520 suo
3604 2465 3724 2520 loco
3744 2466 3960 2520 exami-

2347 2561 2592 2616 nabimus
2619 2557 2859 2631 (Dlssert.
2895 2561 2946 2613 in
2977 2558 3194 2613 Tertull.
3227 2576 3344 2629 cap.
3367 2559 3460 2627 ‘20,
3492 2572 3594 2615 art.
3627 2559 3707 2630 I).

2977 2670 3202 2726 CAPUT
3231 2670 3325 2727 IX.

2346 2766 2781 2821 Dsnousrnnon
2825 2781 2971 2829 QUAM
3027 2779 3192 2819 FALSA
3222 2780 3336 2819 smr
3372 2780 3476 2820 ouo
3527 2780 3686 2820 ριιιιιΑ
3733 2780 3956 2821 ειιηιιιη

2420 2875 2747 2913 CHRISTIANIS
2763 2873 3020 2923 OBJECTA,
3057 2874 3320 2912 INFANTEM
3354 2874 3418 2912 AB
3445 2873 3571 2912 IPSIS
3599 2873 3766 2913 SACRA
3796 2875 3954 2914 INTER

2417 2969 2681 3007 HYSTERIA
2716 2968 2913 3017 OCCIDI,
2945 2967 3008 3007 AC
3042 2967 3241 3007 POSTEA
3273 2967 3540 3008 DEV‘ORARI
3571 2969 3693 3008 EJUS
3724 2969 3951 3021 CARNES,

2417 3061 2594 3108 ATQUE
2636 3060 2904 3101 ETHNICOS
2948 3061 2980 3098 E
3025 3059 3326 3100 CONTRABIO
3368 3061 3548 3101 HOBUI
3579 3062 3796 3103 REV’ERA
3830 3063 3953 3102 ESSE

2417 3154 2573 3195 REOS.

2891 3226 3182 3267 ARTICULUS
3220 3227 3428 3268 PRIMUS.

2346 3302 2696 3359 Excutiuntur
2744 3317 3061 3376 argumenta,
3116 3306 3294 3376 quibus
3346 3307 3608 3362 Minucius
3638 3306 3954 3362 Christianos

2635 3397 2729 3450 hoc
2757 3407 2969 3467 utroque
2991 3397 3201 3450 crimine
3227 3414 3438 3469 prorsus
3467 3399 3662 3453 liberat.

2417 3487 2649 3542 Tametsi
2700 3488 2961 3543 Minucius
3030 3491 3374 3560 generalibus
3438 3491 3711 3560 responsis
3766 3492 3954 3548 inusta

2345 3578 2666 3634 Christianis
2684 3596 2712 3633 a
2744 3580 2981 3645 Ca-cilio,
3005 3592 3058 3636 et
3079 3581 3200 3636 aliis
3229 3582 3522 3652 gentilibus
3548 3583 3640 3636 tria
3671 3581 3951 3638 horrenda

2344 3676 2667 3745 infandaque
2735 3677 2942 3730 scelera
3005 3675 3136 3730 satis
3209 3691 3479 3746 superque
3523 3676 3806 3742 diluisset,
3879 3677 3955 3730 ad

2343 3768 2767 3838 unumquodque
2799 3777 2978 3823 tamen
3021 3769 3186 3833 venit,
3220 3769 3360 3838 quod
3392 3769 3704 3838 singulatim
3747 3767 3956 3838 duplici

2344 3860 2553 3914 rati0ne
2576 3860 2820 3916 confutat
2839 3871 2895 3915 et
2935 3859 3187 3914 destruit.
3219 3860 3400 3914 Primo
3426 3861 3568 3914 enim
3598 3859 3724 3914 illud
3755 3859 3956 3915 falsum

2345 3952 2569 4005 omnino
2596 3966 2717 4006 esse
2745 3951 3100 4006 detnonSIrat.
3136 3950 3339 4006 Deinde
3369 3967 3498 4005 vero
3527 3951 3958 4006 luculentissima

2345 4045 2538 4114 probat
2569 4044 2831 4114 ipsosmet
2859 4043 3084 4113 gentiles
3108 4083 3123 4110 ,
3145 4043 3592 4098 .Cbristianorum
3622 4043 3839 4098 odiosas
3867 4058 3960 4098 ac-

2344 4147 2642 4203 cusatores,
2677 4137 2822 4192 illius
2851 4138 3026 4207 reipsa
3055 4151 3174 4191 esse
3196 4151 3321 4191 reos
3351 4152 3413 4191 ac
3441 4135 3712 4190 conscios.

2418 4230 2630 4285 Initium
2661 4240 2840 4285 autem
2867 4230 2936 4283 ab
2975 4231 3174 4284 infante
3197 4232 3400 4296 occiso,
3433 4229 3614 4284 adesis
3630 4229 3748 4296 ejus
3771 4229 3965 4283 carni-

2346 4324 2463 4392 bus,
2504 4333 2790 4394 potatoque
2823 4326 3100 4395 sanguine,
3142 4325 3224 4379 his
3257 4325 3345 4379 ille
3391 4324 3570 4379 verbis
3595 4323 3755 4379 duxit
3788 4343 3801 4378 :
3841 4325 3965 4378 ι11-

2355 4420 2464 4473 lum
2487 4420 2596 4488 jam
2631 4419 2784 4474 velim
2827 4420 3138 4487 convenire,
3165 4422 3252 4490 qui
3301 4420 3497 4473 initiari
3537 4434 3638 4474 nos
3681 4419 3833 4484 dicit,
3862 4426 3972 4474 aut;

633 4516 839 4586 liginni,
893 4529 1012 4582 qua:
1053 4511 1119 4564 ad
1152 4511 1237 4565 illa
1278 4507 1636 4579 perpetranda
1665 4507 2043 4576 compellebat.
2080 4529 2098 4560 ι
2137 4511 2227 4562 At-
2258 4513 2311 4573 D
2338 4512 2510 4566 credit
2553 4511 2618 4566 de
2667 4512 2816 4565 caede
2863 4511 3110 4577 infantis,
3161 4521 3252 4565 aut
3280 4513 3560 4582 sanguine.
3592 4512 3758 4566 Putas
3789 4526 3963 4580 posse

629 4611 720 4682 qui
747 4608 944 4662 malum
970 4606 1106 4658 adeo
1136 4620 1240 4657 non
1267 4611 1371 4665 est,
1397 4602 1472 4655 ait
1503 4600 1785 4666 Minucius,
1819 4611 1873 4653 ut
1901 4600 2234 4656 Christianus

635 4719 759 4758 reus
786 4717 890 4754 non
925 4697 1295 4758 erubesceret,
1333 4709 1432 4748 nec
1481 4693 1725 4758 timeret,
1756 4704 1809 4746 et
1837 4709 1998 4745 unum
2028 4693 2230 4747 solum-

630 4798 812 4859 modo,
863 4794 1002 4864 quod
1057 4806 1162 4844 non
1192 4798 1315 4843 ante
1364 4787 1544 4848 fuerit,
1581 4786 1884 4855 pamiteret.
1925 4805 1942 4836 ι
1979 4786 2083 4840 Sed
2116 4786 2232 4842 haec

632 4891 800 4945 fndus
834 4904 862 4942 a
895 4885 1228 4941 Tcrtnlliano
1250 4892 1406 4936 antea
1439 4881 1579 4934 dicta
1613 4881 1774 4935 fuisse
1806 4881 2048 4950 legimus.
2087 4880 2236 4951 Ipsa-

632 4994 739 5039 mct
791 4983 934 5037 enim
983 4979 1127 5032 illius
1179 4976 1361 5030 isthan
1415 4982 1537 5027 sunt
1590 4973 1749 5027 verba
1781 4988 1795 5027 :
1833 4991 1852 5025 ι
1891 4973 2233 5030 Christianus

633 5093 758 5132 vero
789 5073 915 5145 quid
949 5069 1170 5126 simile?
1214 5068 1492 5122 Neminem
1523 5067 1706 5136 pudet,
1753 5067 2020 5122 neminem
2052 5070 2231 5138 poeni-

634 5181 728 5230 tet,
759 5169 860 5223 nisi
904 5177 1047 5221 retro
1075 5179 1178 5217 non
1208 5161 1388 5216 fuisse.
1425 5160 1480 5216 Si
1509 5161 1818 5222 denotetur,
1851 5162 2110 5231 gloriatur
2140 5179 2152 5216 :
2190 5162 2237 5218 si

635 5271 939 5328 accusatur,
967 5277 1072 5316 non
1096 5256 1336 5312 defendit
1360 5272 1374 5309 :
1405 5255 1794 5326 interrogatus,
1832 5257 1915 5310 vel
1942 5257 2083 5310 ultro
2104 5272 2237 5310 con-

632 5361 811 5415 litetur
847 5374 860 5408 :
893 5356 1211 5416 damnatus,
1245 5349 1441 5419 gratias
1479 5349 1608 5418 agit.
1643 5348 1781 5414 Quid
1813 5349 1915 5405 hoc
1955 5349 2081 5404 mali
2128 5359 2232 5417 est,

631 5457 775 5527 quod
811 5447 1071 5503 naturalia
1105 5445 1235 5514 (ms.
1269 5451 1455 5496 natura
1483 5441 1635 5515 alia),
1666 5442 1788 5496 mali
1819 5458 1927 5496 non
1952 5441 2130 5507 habet,
2167 5443 2237 5496 ti-

627 5559 854 5606 morem,
875 5540 1156 5613 pudorem,
1180 5536 1699 5605 tergiversationem,
1728 5535 2119 5606 paenitentiam,
2137 5536 2238 5591 de-

629 5639 981 5711 plorationcm
1001 5634 1024 5685 ?
1047 5631 1196 5705 Quid
1249 5631 1352 5685 hoc
1383 5630 1506 5685 mali
1551 5639 1654 5697 est,
1688 5633 1842 5703 cujus
1872 5647 1995 5686 reus
2019 5631 2235 5700 gaudet,

615 5732 762 5801 cujus
791 5724 1065 5786 accusatio
1094 5734 1294 5792 votum
1320 5735 1401 5780 est
1420 5765 1433 5790 ,
1465 5731 1519 5778 et
1548 5736 1704 5792 poena
1732 5725 1958 5780 felicitas
1989 5723 2236 5796 (Tertull.

2342 4606 2480 4669 fieri,
2513 4617 2570 4658 ut
2593 4615 2699 4659 tam
2729 4605 2910 4670 molle,
2946 4614 3052 4660 tam
3088 4605 3367 4675 parvulum
3402 4620 3597 4674 corpus
3627 4604 3733 4659 fata
3756 4605 3966 4661 vulne-

2340 4713 2458 4751 rum
2490 4697 2687 4766 capiat,
2733 4707 2790 4752 ut
2841 4697 3129 4767 quisquam
3178 4698 3324 4751 illum
3369 4697 3558 4752 rudem
3606 4698 3966 4767 sanguinem,

2339 4791 2556 4863 (eodem
2586 4790 2948 4845 Tertullianus
2978 4789 3144 4844 verbo
3173 4787 3364 4860 utitur)
3390 4789 3609 4853 novelli,
3640 4800 3694 4843 et
3714 4790 3803 4844 vix
3827 4789 3973 4846 dum

2340 4887 2450 4940 nati
2475 4886 2712 4938 hominis
2739 4884 2932 4948 caedat,
2959 4883 3161 4944 fundat,
3187 4883 3504 4938 exhauriat?
3536 4882 3702 4936 Nemo
3727 4883 3835 4936 hoc
3858 4897 3973 4951 po-

2343 4988 2448 5034 test
2473 4977 2720 5039 credere,
2742 4978 2845 5031 nisi
2880 4979 2968 5047 qui
2994 4977 3163 5046 possit
3186 4976 3387 5030 audere
3436 4975 3684 5043 (Tertull.
3726 4976 3976 5048 Apolog.

2338 5089 2456 5140 cap.
2489 5071 2541 5134 8,
2571 5089 2684 5141 pag.
2722 5069 2804 5135 9).
2838 5089 2858 5122 ι
2892 5071 3026 5123 Dicit
3055 5071 3232 5140 itaque
3256 5069 3396 5124 hanc
3431 5069 3863 5126 crittiinationent
3891 5071 3990 5127 ab

2341 5167 2487 5220 omni
2515 5180 2738 5236 prorsus
2767 5166 2992 5220 veritate
3031 5166 3106 5218 sic
3134 5164 3430 5219 abhorrere
3457 5182 3471 5227 ;
3507 5175 3563 5217 ut
3589 5163 3660 5218 ab
3685 5164 3751 5217 iis
3775 5164 3986 5223 solum

2341 5259 2488 5312 credi
2519 5257 2686 5327 po~sit
2713 5298 2727 5320 ,
2779 5258 2867 5326 qui
2915 5258 3093 5311 scelus
3133 5257 3276 5309 idem
3317 5254 3718 5324 perpetrabant.
3752 5255 3995 5328 Mai-ty:-

2338 5366 2468 5405 vero
2515 5348 2765 5405 Justinus
2809 5347 3045 5402 rationes
3081 5347 3236 5401 nobis
3284 5347 3492 5411 reddit,
3523 5364 3621 5402 cur
3649 5348 3700 5403 id
3737 5365 3994 5410 inanem

2344 5442 2629 5496 humanam
2672 5442 2829 5495 fidem
2862 5447 3082 5509 superet
3123 5437 3357 5511 (Justiti.
3413 5438 3600 5507 Mart,
3632 5443 3786 5511 Apol.
3833 5461 3996 5517 pag.

2345 5534 2464 5605 50).
2500 5533 2710 5588 Nemini
2752 5533 3034 5588 enimvero
3073 5533 3357 5600 credibile,
3383 5534 3580 5604 inquit,
3607 5535 3721 5590 fieri
3753 5547 4002 5609 potest,

2345 5640 2399 5682 ut
2447 5627 2694 5682 homines
2742 5626 3176 5698 ﬂagitiosissimis
3218 5626 3579 5696 voluptatibus
3613 5628 3818 5690 dediti,
3857 5631 4004 5689 hu-

2347 5724 2624 5794 manisque
2651 5723 2776 5779 caesi
2805 5722 3024 5778 infantis
3053 5722 3328 5787 carnibus,
3360 5722 3549 5791 quales
3571 5720 3868 5780 Cbrisdani
3899 5730 4018 5794 ab
