4264 6258
295 254 406 312 485

1705 259 2037 319 DISSERTA
2049 263 2183 323 T10.

3514 275 3616 331 486

306 371 540 426 ethnicis
569 370 928 441 fingebantur,
965 378 1275 436 vescentes,
1328 379 1519 442 Sponte
1558 387 1617 427 se
1658 378 1908 431 omnibus
1936 384 1982 440 Α
2019 380 2177 433 modo
2203 381 2508 450 quisquam,
2532 382 2605 435 ait
2629 381 3617 450 ille,velhomicidii,velhumanarum

297 465 479 528 bonis,
528 465 729 518 divitiis
767 475 821 518 et
853 463 1196 518 facultatibus
1225 466 1523 535 privarent,
1559 469 1906 537 sinerentque

294 576 358 617 se
388 563 461 614 ob
489 563 657 615 solam
705 561 984 630 religionis
1029 560 1165 616 adeo
1207 561 1442 616 crudelis
1486 563 1903 631 confessionem,

295 654 735 723 exquisitissimis
770 654 1054 708 tormentis
1076 652 1271 717 oecidi,
1305 668 1367 708 ac
1389 655 1528 708 ultro
1550 657 1709 710 etiam
1741 671 1908 726 quan-

296 748 476 818 doque
496 748 652 802 morti
684 762 745 801 se
766 745 1044 802 oll‘erreut.

368 841 508 908 Quid
538 849 742 903 autem,
775 841 916 910 quod
951 840 1169 912 Trypho
1198 841 1418 896 Judmus
1445 842 1512 896 ab
1553 842 1746 898 eodem
1775 843 1903 898 Jus-

298 935 409 989 tino
437 943 676 1004 martyre
722 933 1100 1002 intermgatus,
1145 950 1212 987 an
1259 951 1442 990 verum
1491 950 1614 991 esse
1658 946 1908 992 censeret

298 1026 424 1079 illud
468 1037 523 1080 et
562 1025 814 1091 alterum,
859 1026 1002 1094 quod
1039 1025 1359 1081 Christianis
1391 1026 1629 1097 infligere
1660 1029 1907 1084 solebant

296 1119 559 1188 ﬂagitium
606 1137 618 1172 :
669 1137 687 1169 ι
724 1117 982 1172 Homines
1027 1135 1238 1184 vorare,
1284 1131 1337 1174 et
1381 1132 1500 1190 post
1537 1123 1776 1191 epulum,
1825 1124 1905 1176 lu-

296 1213 476 1266 cernis
521 1211 812 1278 extinctis,
868 1211 1077 1266 nefario
1127 1214 1430 1281 promiscue
1488 1215 1773 1270 concubitu
1819 1216 1902 1270 in-

296 1304 474 1371 volvi;
516 1323 534 1355 )
573 1304 677 1358 ulla
708 1304 912 1374 absque
963 1305 1300 1360 haesitatione
1329 1307 1609 1374 respondit
1654 1326 1666 1359 :
1711 1313 1826 1378 Περὶ
1856 1313 1906 1362 δὲ

296 1398 357 1449 ὧν
385 1399 546 1451 πολλοὶ
577 1398 806 1466 λέγουσιν,
831 1402 886 1452 εὖ
914 1404 1167 1452 πιστεῦσαι
1192 1405 1347 1462 ἄξιον·
1372 1402 1526 1470 πόῥρω
1555 1405 1650 1470 γὰρ
1670 1411 1904 1470 κεχώρηκε

293 1506 381 1552 τῆς
408 1496 700 1560 ἀνθρωπίνης
725 1496 922 1560 φύσεως.
957 1510 976 1543 ι
1010 1495 1140 1558 Quae
1169 1509 1197 1545 a
1226 1495 1410 1547 multis
1437 1495 1730 1564 jactatttur,
1767 1498 1908 1550 indi-

296 1599 397 1652 gna
443 1594 569 1637 sunt
619 1583 762 1650 ﬁde;
815 1587 971 1654 longe
1018 1587 1161 1640 enim
1214 1601 1242 1639 a
1297 1598 1485 1641 natura
1534 1589 1766 1643 humana
1807 1591 1904 1642 ab-

294 1686 419 1730 sunt
460 1674 729 1747 (Justin.,
759 1675 969 1746 Dialog.
1020 1689 1201 1731 contra
1247 1677 1443 1749 Tryph.
1497 1699 1618 1750 pag.
1667 1681 1773 1734 227
1881 1702 1900 1734 ι

2011 475 2252 527 carnium
2299 475 2624 542 epulationis
2669 477 3003 532 insimularet
3047 478 3186 538 illos,
3222 495 3358 547 quos
3385 497 3449 533 ne
3475 481 3618 548 justo

2009 565 2229 634 quidem
2278 567 2556 623 occidendi
2599 568 2831 623 hominis
2877 571 3197 640 supplicium
3257 571 3450 627 intui-ri
3485 574 3620 630 velle

2009 669 2099 712 aut
2133 674 2290 727 posse
2351 662 2681 731 cognoverit.
2722 682 2739 712 ι
2787 668 2881 724 Οὓς
2929 673 3022 734 γὰρ
3071 672 3227 720 ἴσασιν
3252 666 3348 721 οὔδ’
3370 670 3504 732 ἰδεῖν,
3533 671 3620 738 κᾷν

2011 757 2202 814 amatio);
2231 758 2526 822 φανευὸμενον
2550 763 2862 823 ὑπομένοντας
2881 800 2892 818 ,
2923 763 3098 812 τούτων
3121 770 3191 819 τίς
3221 762 3280 812 ἂν
3314 771 3556 825 κατείποι,
3587 769 3616 823 ἣ

2010 851 2402 917 ἀνθρωπορονίιιν,
2448 857 2476 908 ἦ
2508 855 2915 920 ἀνθρωποεορίαη
2949 870 2966 902 ι
3002 851 3181 921 Pergit
3211 854 3297 908 ille
3353 869 3365 904 :
3417 874 3435 905 ι
3485 855 3618 922 Quis

2009 955 2115 993 non
2147 943 2452 1009 spectacula
2487 943 2596 1006 illa,
2648 945 2701 996 in
2747 945 2940 1013 quibus
2967 945 3293 1015 gladiatores
3323 957 3379 1004 et
3407 951 3614 1006 belluas

2011 1034 2209 1101 populo
2241 1037 2540 1102 praesertim
2571 1052 2666 1089 vos
2689 1035 3046 1107 Imperatores
3075 1040 3360 1098 exhibetis.
3392 1043 3611 1097 maximi

2009 1124 2169 1180 faett?
2204 1126 2313 1181 Nos
2354 1143 2484 1182 vero
2525 1145 2630 1182 non
2678 1130 2749 1182 ita
2809 1131 3054 1191 multum.
3089 1132 3202 1186 sive
3233 1142 3506 1200 spectator
3545 1134 3615 1188 sit

2008 1216 2221 1286 aliquis,
2248 1219 2362 1274 sive
2383 1231 2572 1274 auctor
2595 1221 2779 1283 caulis,
2799 1222 3408 1294 interessejudicantes,
3432 1227 3613 1284 alieno

2008 1312 2076 1366 ab
2108 1314 2190 1366 his
2214 1313 2536 1381 spet'tacolis
2565 1315 2746 1369 animo
2776 1331 2981 1371 sumus.
3013 1316 3298 1384 Quomodo
3341 1320 3500 1390 igitur
3521 1322 3616 1390 qui

2010 1420 2076 1458 ne
2122 1405 2189 1460 ab
2216 1406 2334 1460 aliis
2379 1407 2594 1475 quidem
2640 1408 2775 1473 fieri,
2827 1424 2894 1463 ne
2939 1410 3066 1477 quid
3113 1410 3236 1464 inde
3285 1412 3527 1478 sceleris,
3559 1417 3614 1467 et

2011 1499 2201 1568 piaculi
2232 1501 2282 1553 in
2313 1516 2409 1554 nos
2440 1500 2724 1568 redondet,
2773 1502 2962 1558 videre
3005 1507 3356 1570 sustinemus,
3392 1505 3615 1560 homici—

2010 1593 2156 1646 dium
2181 1596 2580 1650 committcmus
2622 1595 2722 1664 ipsi
2750 1595 3026 1667 (At/tertag.
3050 1638 3064 1662 ,
3105 1594 3288 1667 Legut.
3322 1615 3416 1667 pro
3443 1597 3617 1656 Chris-

2009 1687 2162 1751 tiun.,
2192 1704 2311 1757 pag.
2345 1688 2416 1744 58
2438 1687 2499 1758 )?
2539 1709 2557 1740 ι

295 1767 536 1822 Audisne
581 1767 824 1823 Judaeum
857 1785 964 1823 non
996 1785 1088 1824 sua
1124 1779 1330 1825 tantum
1377 1782 1571 1840 Sponte
1601 1777 1750 1828 fateri
1786 1777 1902 1830 lucc
1932 1791 1980 1850 Β
2084 1779 2349 1833 Eumdem
2380 1781 2542 1850 plane
2571 1780 2622 1834 in
2650 1780 2869 1835 modum
2899 1792 3086 1837 contra
3114 1782 3358 1839 Gentiles
3380 1783 3620 1854 disputat

295 1874 417 1915 esse
447 1862 814 1927 incredibilia;
864 1864 958 1919 sed
1011 1865 1273 1920 rationem
1323 1868 1484 1922 etiam
1531 1871 1759 1926 reddere
1807 1887 1902 1927 cur

301 1957 394 2011 illa
440 1959 572 2013 falsa
623 1975 744 2016 esse
792 1962 1034 2029 omnino,
1089 1979 1189 2018 nec
1218 1964 1367 2019 credi
1399 1980 1556 2034 posse
1585 1982 1900 2036 persuasum

299 2050 554 2107 habuerit
567 2053 592 2104 ?

371 2141 737 2198 Tertullianus
788 2156 965 2201 autem
1017 2145 1158 2201 haud
1206 2148 1474 2204 immerito
1514 2150 1705 2205 asserit
1746 2162 1902 2206 extra

297 2250 509 2290 onmem
553 2237 761 2305 penitus
806 2252 928 2292 esse
976 2240 1414 2308 credibilitatem,
1467 2253 1629 2312 atque
1672 2245 1901 2298 hominis

298 2345 404 2383 non
434 2339 612 2384 mente
644 2334 855 2400 penitus
901 2335 1042 2402 capti
1090 2335 1419 2403 opinionem,
1466 2353 1532 2391 eo
1567 2337 1904 2392 Chri:tianos

299 2424 515 2478 venisse
544 2425 838 2480 dementia:
860 2466 874 2491 ,
921 2439 977 2479 ut
1013 2428 1176 2480 vitam
1210 2429 1622 2499 mercedenupte
1647 2440 1902 2483 :eternam

302 2515 366 2568 iis
398 2517 792 2584 promitterent,
841 2519 932 2586 qui
976 2520 1138 2571 tantis
1169 2532 1385 2589 tamque
1417 2522 1701 2575 horrendis
1732 2521 1902 2574 scele-

301 2607 451 2664 ribus
484 2624 589 2662 non
621 2609 789 2664 semel
815 2621 908 2663 aut
947 2627 1088 2675 raro,
1133 2613 1228 2666 sed
1272 2619 1384 2665 toto
1427 2613 1598 2668 ferme
1641 2614 1762 2667 vitae
1791 2628 1902 2668 suae

301 2711 545 2772 tempore
571 2706 1086 2760 contaminarentur.
1121 2707 1348 2760 Praestat
1369 2723 1499 2761 vero
1528 2723 1651 2762 eum
1682 2708 1904 2778 loquen-

301 2803 409 2850 tem
450 2796 635 2851 audtre
669 2814 680 2849 :
719 2815 736 2847 ι
776 2797 843 2852 Ut
890 2799 1045 2853 fidem
1090 2810 1293 2854 naturtc
1327 2801 1492 2869 ipsius
1517 2800 1778 2869 appellent
1806 2802 1903 2855 ad-

301 2904 492 2944 versus
513 2905 630 2956 eos,
661 2893 750 2960 qui
775 2892 900 2945 talia
928 2893 1194 2946 credenda
1224 2908 1345 2947 esse
1377 2904 1748 2963 ριευδυιιιιιηι;
1776 2910 1904 2950 ecce

299 2984 653 3051 pmponimus
705 2983 897 3039 horum
966 2985 1260 3040 facinorum
1321 2987 1651 3042 mercedem.
1730 2989 1901 3044 Vitam

300 3088 559 3152 aeternam
589 3080 985 3147 repromittunt.
1025 3080 1239 3136 Credite
1262 3083 1500 3137 interim.
1542 3085 1612 3138 De
1638 3087 1737 3139 hoc
1759 3086 1902 3139 enim

2008 1872 2343 1940 Theophilus
2386 1872 2782 1928 Antiochenus.
2812 1874 2893 1928 Ad
2951 1875 3275 1945 Autolycum
3327 1873 3346 1947 (
3381 1875 3614 1944 T/icOp/t.

2008 1965 2096 2019 lib.
2157 1981 2212 2019 ιιι
2259 1966 2328 2018 ad
2394 1968 2655 2037 Autolyc.,
2708 1984 2826 2038 pag.
2886 1965 3045 2039 126)
3125 1970 3322 2038 quippe
3392 1969 3508 2024 haec
3566 1971 3615 2030 in

2007 2061 2168 2114 verba
2209 2061 2426 2130 scripsit
2477 2080 2490 2115 :
2540 2081 2558 2114 ι
2597 2061 2748 2116 Nunc
2774 2062 2896 2116 vide
2925 2077 2993 2116 an
3036 2061 3088 2116 hi
3133 2063 3220 2132 qui
3255 2063 3379 2117 talia
3406 2082 3423 2114 ι
3451 2105 3466 2130 ,
3517 2062 3620 2117 hoc

2007 2164 2108 2218 est,
2145 2167 2469 2210 memoratas
2500 2172 2529 2209 a
2561 2171 2620 2210 se
2648 2155 3020 2210 sanctissimas
3048 2155 3249 2210 Christi
3283 2156 3450 2226 leges,
3492 2155 3618 2211 ido-

2007 2257 2215 2309 centur,
2250 2247 2482 2316 taliaque
2505 2247 2741 2313 discunt,
2789 2247 3000 2316 possint
3023 2263 3174 2302 more
3201 2248 3484 2303 brutornm
3503 2248 3619 2302 aui-

2008 2341 2226 2394 tnalium
2254 2343 2453 2405 vivere,
2481 2351 2534 2396 et
2565 2341 2724 2410 pollui
2749 2341 2973 2396 nefariis
3000 2341 3499 2407 coiumixtiouibus,
3523 2349 3617 2394 aut

2008 2436 2236 2505 possint,
2292 2435 2432 2504 quod
2480 2435 2716 2488 omnium
2763 2434 3211 2489 immanissimum
3259 2444 3363 2498 est,
3421 2448 3614 2489 carnes

2009 2527 2306 2591 humanas,
2357 2527 2577 2581 infantis
2619 2527 2828 2581 sciliCet
2857 2543 2886 2579 a
2927 2542 2986 2580 se
3009 2527 3204 2590 occisi,
3239 2527 3504 2593 attingere
3533 2525 3554 2576 ?
3588 2543 3603 2574 ι

2005 2611 2144 2673 ὅπου
2169 2645 2216 2686 γε
2249 2631 2331 2674 καὶ
2357 2626 2442 2682 τὰς
2473 2629 2579 2681 θέσις
2609 2638 2698 2674 τῶν
2715 2642 3004 2687 μσνσμαχωγ
3036 2624 3150 2687 ἡμῖν
3176 2622 3444 2688 impiae“
3469 2625 3583 2688 ἑρᾷν
3602 2659 3618 2685 ,

2011 2719 2087 2766 ἵνα.
2113 2726 2182 2782 μὴ
2205 2722 2437 2778 κοινωνοὶ,
2467 2716 2548 2767 καὶ
2586 2725 2852 2783 συνίστορες
2887 2725 2978 2766 τῶν
3029 2714 3170 2782 φόνων
3199 2718 3455 2778 γενώμεθα.
3507 2711 3617 2765 ἀλλ’

2009 2810 2116 2861 οὐδὲ
2148 2812 2233 2866 τὸς
2260 2811 2431 2865 λοιπὰς
2458 2813 2652 2876 θεωρίας
2678 2811 2792 2875 ὁρᾷ-ι
2819 2815 2935 2875 χρὴ
2969 2809 3045 2858 ἵνα
3065 2815 3137 2872 μῆ
3164 2809 3456 2870 uolumina
3489 2811 3622 2870 ἡμῶν

2011 2907 2054 2951 οἱ
2083 2901 2332 2969 ὀφθαλμιὶ,
2365 2909 2448 2951 καὶ
2478 2904 2541 2953 τὰ.
2560 2903 2680 2959 ὦτα,
2703 2900 2924 2965 γενὸμενοι
2951 2905 3234 2965 συμμέτοχοι
3259 2914 3351 2952 τῶν
3379 2903 3475 2951 iui
3518 2919 3618 2964 φω-

2009 3007 2092 3045 νῶν
2121 2993 2357 3059 ᾀδομένων
2376 3032 2388 3053 ,
2417 2995 2459 3042 εἰ
2481 2995 2576 3060 γὰρ
2600 2997 2727 3045 εἴποι
2767 3014 2845 3051 «τις
2873 2991 2982 3058 περὶ
3012 2992 3393 3059 ἀνθρωποϐορίας
3430 2992 3528 3042 ἐκεῖ
3555 2992 3620 3042 τὸ.

2007 3091 2235 3148 Θυέστου,
2269 3095 2352 3136 καὶ
2376 3090 2553 3154 Τιρὲως
2598 3091 2739 3138 τέκνα
2774 3085 3038 3150 ἑσθιὸμινιι.
3077 3099 3095 3132 ι
3133 3081 3441 3137 Praesertim
3492 3096 3613 3135 cum

301 3187 506 3241 quaero,
537 3187 603 3224 an
637 3185 689 3226 et
713 3175 803 3242 qui
827 3173 1144 3239 credideris,
1178 3179 1308 3229 tanti
1344 3176 1541 3230 habeas
1571 3177 1634 3230 ad
1661 3194 1780 3231 eam
1811 3179 1900 3231 tali
1929 3186 1973 3248 ρ
2008 3177 2170 3231 etiam
2201 3175 2607 3231 monomat-hias
2651 3186 2895 3244 specta-re
2946 3172 3100 3228 nobis
3144 3173 3487 3227 interdictum
3519 3173 3613 3238 sit,

300 3267 631 3322 conscientia
665 3269 964 3336 pervenire.
998 3268 1156 3334 Veni,
1203 3268 1455 3340 demerge
1505 3270 1701 3324 ferrum
1737 3273 1786 3323 in
1823 3272 1902 3324 itt-

300 3360 526 3428 fantem,
580 3363 776 3416 nullius
831 3363 1130 3426 inimicum,
1181 3365 1380 3418 nullius
1433 3380 1605 3432 reum,
1658 3366 1898 3419 omnium

301 3454 467 3507 lilium
500 3470 515 3506 :
551 3455 633 3509 vel
674 3455 717 3507 si
766 3455 985 3509 alterius
1015 3454 1250 3509 officium
1283 3464 1398 3521 cst,
1433 3467 1485 3509 tu
1521 3457 1680 3510 modo
1711 3459 1902 3511 assiste

302 3548 552 3601 morienti
581 3547 803 3613 homini,
827 3561 1114 3617 antequam
1142 3548 1295 3601 vixit.
1328 3549 1644 3618 Fugientem
1668 3551 1900 3604 animam

301 3655 492 3692 novam
523 3650 798 3708 exspecta.
835 3641 1036 3710 Excipe
1076 3643 1262 3695 rudem
1294 3643 1646 3711 sanguinem;
1701 3659 1765 3698 eo
1813 3659 1903 3713 pa-

301 3750 425 3788 nem
457 3744 604 3787 tuum
652 3737 782 3788 satia
810 3752 824 3801 ;
881 3751 1099 3791 vescere
1133 3737 1380 3792 libenter.
1434 3735 1640 3792 Interea
1669 3739 1903 3792 discum-

296 3823 468 3888 bens,
527 3825 803 3879 dinumera
859 3826 1007 3890 loca;
1053 3828 1138 3880 ubi
1181 3836 1372 3891 mater,
1412 3829 1499 3880 ubi
1542 3843 1717 3894 soror,
1777 3838 1903 3882 nota

298 3919 609 3988 diligenter,
659 3928 712 3972 ut
753 3935 870 3973 cum
913 3920 1148 3975 tenebrae
1193 3920 1490 3976 ceciderint
1535 3923 1761 3988 caninae,
1795 3938 1902 3976 non

299 4029 474 4067 erres.
510 4011 784 4066 Piaculum
825 4014 967 4067 enim
997 4015 1301 4079 admiserh,
1333 4014 1435 4067 nisi
1469 4015 1730 4067 incestum
1761 4014 1904 4068 fece-

299 4107 397 4161 ris.
427 4105 574 4160 Talia
609 4106 870 4171 initiatus,
913 4116 966 4160 et
1006 4107 1375 4176 consignatus,
1425 4107 1564 4160 vivis
1606 4108 1658 4159 in
1705 4122 1901 4160 Il‘Vlltll.

298 4199 468 4268 Cupio
491 4202 841 4268 respondeas,
867 4201 911 4255 si
940 4201 1068 4254 tanti
1101 4201 1414 4254 aeternitas?
1438 4203 1542 4253 Ant
1567 4202 1609 4253 si
1631 4215 1758 4263 non,
1787 4200 1906 4255 ideo

300 4308 401 4348 nec
448 4294 734 4346 credenda.
783 4295 1002 4349 Etiamsi
1048 4293 1364 4355 CI'CtIIdl'I‘IS,
1418 4309 1554 4363 nego
1608 4304 1656 4346 te
1712 4293 1904 4347 velle:

298 4387 508 4440 etiamsi
535 4388 794 4450 volneris,
821 4401 956 4454 nego
981 4398 1032 4439 te
1063 4401 1241 4454 posse.
1269 4384 1378 4439 Cur
1408 4401 1537 4453 ergo
1558 4387 1643 4440 alii
1675 4387 1902 4455 possint,

298 4481 344 4535 si
376 4495 471 4535 vos
515 4497 620 4534 non
671 4481 934 4549 potestis?
972 4478 1080 4533 Cur
1111 4497 1214 4533 non
1265 4479 1501 4550 possitis,
1551 4481 1593 4534 si
1641 4481 1728 4533 alii
1780 4497 1903 4549 pos-

2006 3285 2074 3325 ne
2106 3269 2356 3324 videlicet
2390 3268 2678 3338 participes
2706 3267 3012 3336 hujusmodi
3044 3266 3272 3324 cautium
3302 3265 3618 3322 reddamur.

2004 3363 2115 3420 Nec
2157 3374 2356 3419 caetera
2401 3361 2704 3432 spectacula
2747 3368 2992 3430 spectare
3029 3358 3312 3424 audemus,
3367 3373 3435 3412 ne
3479 3357 3622 3412 oculi

2005 3457 2175 3510 nastri
2205 3456 2571 3524 inquinentur,
2605 3463 2659 3508 et
2685 3467 2846 3508 aures
2875 3461 3077 3508 nostra:
3104 3451 3323 3506 audiant
3363 3450 3616 3521 profana,

2006 3563 2122 3617 qua:
2151 3548 2220 3602 ibi
2250 3547 2627 3609 decantanlur,
2655 3546 2932 3610 carmina;
2965 3561 3156 3615 nempe
3186 3543 3313 3600 dum
3356 3542 3610 3614 Thyestis

2009 3641 2204 3710 tragica
2230 3639 2464 3694 facinora
2479 3647 2928 3705 commemorant,
2956 3646 3010 3694 et
3031 3637 3186 3694 Terei
3214 3637 3418 3692 liberos
3446 3635 3614 3692 devo-

2007 3741 2151 3788 ratos
2179 3733 2427 3788 recitant.
2469 3751 2488 3785 ι

2078 3825 2250 3878 Nemo
2275 3836 2357 3880 est
2385 3835 2563 3880 autem
2593 3823 2682 3893 qui
2718 3823 2923 3878 nesciat
2951 3836 3070 3892 quae
3101 3821 3208 3876 sint
3236 3820 3324 3875 illa
3355 3819 3615 3890 Thyestis

2009 3919 2273 3988 Tereique
2329 3918 2526 3986 tragica
2601 3917 3098 3984 immanissimaque
3154 3915 3427 3974 facinora,
3494 3928 3614 3983 qua:

2008 4013 2206 4068 ethnici
2242 4011 2468 4080 publicis
2494 4011 2544 4064 in
2575 4011 2899 4079 Spectaculis
2922 4007 3406 4076 reprazsentabant.
3437 4006 3626 4076 Thyco

2010 4118 2090 4163 tes
2122 4109 2263 4163 enim
2311 4107 2479 4161 fertur
2516 4106 2668 4160 Atrei
2717 4107 2894 4160 fratris
2944 4105 3025 4158 sui
3074 4120 3298 4158 uxorem
3349 4103 3618 4158 adulterio

2010 4202 2249 4256 vitiasse.
2301 4200 2467 4269 Cujus
2521 4197 2704 4268 ﬂagitii
2758 4198 2812 4252 in
2862 4195 3152 4251 vindictam
3203 4197 3402 4250 Atreus
3450 4196 3618 4250 lilium

2011 4295 2331 4366 epulandum
2371 4295 2418 4348 ei
2469 4293 2748 4362 apposuit,
2778 4308 2896 4362 qua:
2947 4291 3164 4362 quidem
3193 4291 3394 4346 scelera
3439 4308 3506 4344 uc
3537 4291 3620 4346 sol

2009 4388 2239 4451 videret,
2275 4403 2430 4442 suum
2465 4387 2666 4441 idcirco
2711 4399 2930 4440 cursum
2961 4395 3106 4439 retro
3161 4385 3494 4440 convertisse
3543 4383 3624 4438 fa-

2011 4485 2279 4538 bulantur.
2308 4481 2513 4538 Tereus
2541 4495 2690 4546 vero,
2734 4479 3002 4534 Thracmn
3047 4479 3164 4534 Rex
3187 4521 3201 4542 ,
3259 4478 3622 4535 Philomelam

297 4583 424 4628 sunt
454 4572 722 4645 (Tertull.,
748 4573 1099 4644 Apolog.cap.
1135 4574 1185 4637 8,
1222 4591 1339 4643 pag.
1372 4574 1426 4628 9.
1462 4573 1605 4627 Idem
1660 4572 1902 4640 Tertull.,
1931 4581 1984 4640 1)
2010 4578 2249 4650 Prognes
2309 4579 2498 4631 tutoris
2552 4591 2664 4630 suae
2720 4590 2961 4630 sororem
2991 4615 3008 4638 .
3083 4582 3366 4643 postquam
3408 4583 3626 4629 constu-

297 4672 386 4725 lib.
417 4687 434 4725 ι
461 4670 528 4722 ad
557 4668 770 4723 Nation.
814 4687 932 4737 cap.
994 4671 1024 4723 7
1063 4687 1181 4740 pug.
1215 4669 1307 4724 52.
1337 4667 1556 4723 Dissert.
1601 4671 1652 4722 in
1683 4668 1902 4723 Tertull.

297 4780 414 4832 cup.
445 4762 514 4817 20
543 4772 643 4815 art.
686 4762 713 4816 1
750 4774 794 4816 et
821 4760 1035 4831 seqq.)?
1073 4781 1091 4812 ι
1144 4766 1212 4815 At
1265 4761 1355 4815 ille
1414 4761 1584 4815 fusius
1628 4761 1803 4814 adhuc
1834 4761 1905 4816 ibi

298 4867 354 4913 et
383 4857 507 4911 alibi
542 4857 655 4910 haec
686 4867 921 4923 enarrat,
975 4872 1094 4926 qua:
1140 4872 1169 4910 a
1224 4857 1378 4910 nobis
1419 4871 1516 4910 suo
1561 4857 1679 4910 loco
1722 4856 1904 4927 expla-

299 4951 478 5007 nanda
511 4958 654 5004 sunt.

373 5045 507 5098 Iluic
533 5053 711 5098 autem
746 5043 1084 5113 responsioni
1133 5042 1424 5099 secundum
1458 5042 1719 5098 Minucius
1762 5043 1900 5113 adji-

300 5142 393 5204 cit,
429 5140 826 5203 infanticidiutn
863 5140 994 5194 illud
1024 5151 1128 5195 tam
1160 5142 1228 5194 ab
1262 5141 1376 5210 ipsa
1409 5142 1652 5206 veritate,
1685 5155 1842 5209 quam
1871 5155 1903 5194 a

299 5233 727 5290 Christianorum
775 5235 1016 5288 moribus
1060 5244 1116 5290 et
1167 5236 1426 5288 institutis
1474 5250 1592 5289 esse
1647 5233 1901 5286 alienum.

299 5327 580 5396 Quomodo
623 5327 766 5381 enim
801 5326 910 5380 illis
949 5327 1206 5382 Ecclesia:
1246 5342 1356 5381 suae
1392 5335 1482 5380 aut
1517 5324 1904 5380 consuetudine

297 5431 390 5475 aut
428 5429 722 5490 prmcepto,
769 5420 1028 5476 infantem
1078 5424 1294 5491 impune
1341 5421 1648 5476 interficere
1695 5419 1905 5484 liceret,

298 5515 491 5584 quibus
517 5535 534 5565 ‹
558 5515 962 5580 homicidium,»
989 5515 1065 5570 uti
1093 5515 1186 5572 ille
1217 5515 1412 5586 arguit,
1443 5529 1574 5569 «nec
1603 5513 1783 5567 videre
1807 5511 1905 5577 fas,

299 5621 402 5662 nec
429 5605 652 5661 audire?
691 5627 707 5659 ι

404 5697 460 5750 In
517 5699 733 5755 eosdem
795 5701 1040 5769 publicos
1098 5700 1442 5768 nefariosque
1493 5696 1910 5751 calumniatores

301 5791 445 5848 idem
475 5806 689 5864 quoilue
722 5793 888 5850 telum
919 5802 1239 5864 contorquet
1262 5791 1634 5861 Athenagoras
1664 5806 1676 5844 :
1713 5808 1730 5842 ι
1761 5790 1907 5858 Quo-

2012 4685 2218 4743 prasset
2240 4716 2253 4738 ,
2281 4671 2513 4742 linguam
2545 4671 2591 4723 ei
2619 4669 2864 4739 prazcidit
2885 4708 2902 4732 ,
2932 4669 3346 4736 arctissimaque
3379 4667 3624 4723 custodia

2010 4767 2246 4821 inclusit.
2277 4766 2384 4820 Sed
2425 4765 2551 4819 inde
2581 4781 2609 4818 a
2640 4765 2853 4834 Progne
2901 4761 3095 4818 educta
3125 4771 3244 4828 est,
3290 4777 3352 4817 ac
3398 4769 3626 4831 utraque

2005 4861 2161 4932 Itytn,
2197 4860 2502 4915 adulterino
2524 4860 2812 4914 concubitu
2847 4867 3188 4927 prognatum,
3212 4854 3385 4910 Tereo
3409 4857 3544 4923 patri
3569 4856 3622 4912 in

2006 4955 2257 5008 convivio
2281 4951 2678 5007 comedendum
2701 4949 2866 5004 dedit.
2896 4948 2999 5002 Tot
3025 4946 3252 5001 crimina
3283 4955 3478 5014 praeter
3499 4945 3626 5000 Ovi-

2007 5046 2151 5101 dium
2177 5055 2231 5100 et
2255 5046 2414 5110 alios,
2436 5043 2695 5098 Martialis
2721 5041 2935 5096 duobus
2955 5038 3285 5094 carminibus
3307 5037 3379 5092 ita
3405 5036 3621 5091 cecinit.

2201 5159 2295 5210 Ille
2321 5161 2480 5220 magis
2503 5158 2649 5216 ludit,
2677 5159 2760 5219 qui
2778 5157 2953 5205 scribit
2978 5154 3179 5220 prandia
3202 5155 3319 5202 saevi

2257 5218 2467 5279 Tereos,
2492 5230 2578 5269 aut
2600 5218 2787 5270 credam
2808 5220 2961 5268 crude
2981 5218 3200 5280 Thyeste
3217 5225 3374 5266 tuam.

2007 5305 2193 5372 (0vid.,
2220 5307 2256 5357 l.
2301 5321 2347 5357 γι
2369 5313 2415 5356 et
2438 5319 2516 5355 XIV
2540 5301 2893 5367 Memnoni/1.;
2930 5297 3168 5362 Martial.,
3213 5299 3260 5349 l-
3278 5296 3448 5364 Epigr.
3481 5299 3580 5363 19).

2018 5411 2180 5467 Vides
2220 5411 2378 5482 igitur
2405 5425 2565 5479 quam
2595 5407 2788 5464 merito
2809 5407 2932 5476 iure
2960 5403 3226 5460 Minucius
3280 5413 3464 5459 noster
3506 5403 3625 5458 alii-

2014 5522 2118 5575 que
2142 5503 2502 5575 antiquissimi
2533 5501 2790 5556 Ecclesia:
2832 5500 3022 5556 Patres
3052 5505 3435 5554 asseverarent
3462 5496 3621 5553 Chri-

2014 5603 2217 5656 stianos
2246 5603 2314 5656 ab
2345 5598 2578 5656 ethnicis
2617 5596 2894 5652 homicidii
2938 5596 3073 5650 falso
3119 5595 3306 5650 falsius
3337 5593 3616 5658 accuSari;

2015 5696 2209 5765 quippe
2231 5695 2321 5766 qtti
2353 5691 2481 5747 illud
2523 5690 2658 5745 adeo
2693 5691 3088 5754 abhorrebant,
3139 5697 3196 5741 ιιι
3227 5688 3355 5742 illud
3393 5704 3458 5742 ne
3502 5688 3622 5757 qui-

2015 5786 2134 5843 dem
2186 5790 2235 5844 in
2295 5786 2524 5860 publicis
2578 5785 2900 5858 spectaculis
2959 5789 3402 5855 reprmseutatum
3434 5779 3620 5840 videre
