4230 6242
609 267 710 325 437

614 476 690 531 cis
722 475 842 528 illos
871 483 1100 525 comesa:
1140 467 1387 518 humanm
1428 453 1607 510 carnis
1663 460 1769 501 tam
1829 443 1998 505 falso,
2051 449 2210 504 quam

614 587 744 628 vere
782 564 1042 639 quosdam
1095 559 1343 614 ethnicos
1395 541 1711 603 insimulari.
1765 537 1821 592 Si
1867 535 1984 604 quis
2034 543 2214 584 autem

617 665 755 720 alios
777 659 1025 714 similiter
1050 654 1488 724 argumentantes
1514 637 1613 691 sibi
1636 634 1813 688 adhuc
1867 626 2092 697 proferri
2123 636 2215 675 vc-

619 761 700 824 lit,
732 719 1137 811 Tertullianum‘
1167 741 1452 801 citabimus
1497 733 1588 788 lib.
1624 730 1686 782 de
1716 719 2064 794 Spectaculis,
2098 731 2218 784 cap.

624 807 700 908 ig
737 807 928 911 ethﬂi),
981 841 1332 916 Cyprianum,
1359 827 1591 900 Epistola
1638 821 1705 876 ad
1737 819 1928 873 Donat.
1969 828 2089 881 eap.
2132 807 2220 863 15.

624 904 958 1002 Lactantiuin
989 904 1081 990 lib:
1118 949 1196 1000 vr,
1227 944 1348 998 cap.
1385 923 1479 988 20,
1505 934 1625 989 pag.
1657 913 1784 978 6l‘9,
1809 919 1864 965 et
1900 910 1953 963 in
1987 904 2227 975 Epitome

626 1055 745 1109 cap.
775 1037 832 1102 6,
867 1047 988 1104 pag.
1013 1031 1142 1085 745.

702 1131 886 1200 Neque
936 1137 1097 1196 porro
1141 1121 1242 1174 hoc
1270 1121 1514 1171 tantum,
1569 1103 1662 1160 sed
1709 1099 1815 1155 alio
1865 1094 2025 1150 etiam
2075 1104 2233 1158 argu-

631 1236 814 1286 mento
866 1218 1129 1276 Minucius
1183 1212 1328 1265 illam
1382 1202 1703 1260 calumniam
1766 1189 2005 1246 refellit:
2040 1203 2059 1234 t
2095 1182 2237 1236 Tan-

633 1335 744 1379 tum
764 1362 777 1382 .
803 1315 1007 1386 inquit,
1043 1310 1109 1363 ab
1157 1307 1393 1360 humano
1443 1291 1703 1362 sanguine
1734 1296 2022 1341 cavemus;
2052 1286 2108 1331 ιιι
2139 1289 2240 1328 nec

634 1415 869 1474 edulium
920 1417 1174 1478 pecorum
1225 1399 1277 1451 in
1328 1392 1462 1449 cibis
1493 1383 1807 1454 sanguinem
1849 1378 2177 1430 noverimus.
2217 1386 2235 1418 ι

921 1459 1009 1478 τη

641 1509 835 1566 Acrius
875 1515 1005 1556 vero
1037 1505 1091 1550 et
1136 1484 1512 1547 vehementius
1539 1474 1903 1532 Tertullianus
1941 1467 1993 1520 in
2026 1459 2244 1518 eosdem

641 1601 890 1660 ethnicos
923 1593 1061 1648 hanc
1101 1576 1624 1656 argumentationem
1659 1575 1831 1636 urget.
1869 1562 2030 1629 Digna
2064 1565 2246 1609 autem

643 1692 888 1767 profecto
931 1691 1086 1744 sunt,
1123 1692 1242 1748 qua:
1293 1673 1379 1726 hic
1428 1664 1806 1721 describantur
1848 1653 1993 1709 illius
2039 1648 2246 1700 verba:

650 1741 880 1767 r-v-v-~-
1076 1741 1084 1744 -
1143 1741 1154 1748 .

650 1807 668 1840 ι
707 1785 1006 1842 Erubescat
1033 1788 1186 1830 error
1209 1777 1388 1822 vester
1421 1754 1771 1818 Christianis,
1805 1748 1895 1818 qui
1927 1761 1994 1810 ne
2044 1741 2251 1795 anima-
2279 1741 2328 1799 B

647 1882 775 1938 lium
819 1872 1034 1946 quidem
1081 1861 1393 1932 sanguinem
1451 1854 1502 1906 in
1545 1846 1720 1917 epulis
1771 1835 2062 1895 esculentis
2091 1829 2255 1882 liabe-

649 1922 775 1938 IlI-l-l
822 1922 972 1946 -1---..-
1181 1922 1210 1932 ν

649 1987 800 2031 mus;
827 1966 915 2037 qui
946 1968 1232 2032 propterea
1279 1961 1491 2019 quoque
1537 1936 1810 1994 suffocatis
1861 1939 1914 1982 et
1958 1922 2257 1981 morticinis

1780 2035 1786 2037 -
1890 2023 1900 2031 ⁸
1959 2036 1966 2037 κ
2174 2011 2254 2037 -...I

655 2011 800 2031 "'“‘"
829 2011 915 2037 ‘1‘"
948 2011 995 2032 ιη
1017 2011 1070 2030 -τ
1300 2011 1311 2019 .
1408 2011 1420 2016 -

655 2065 1024 2120 abstinemUs,
1078 2063 1145 2103 ne
1202 2057 1308 2113 quo
1362 2036 1620 2104 sanguine
1669 2023 2118 2082 ςοιιιίιι·ιιίιιθιιίιιι·,
2174 2011 2258 2066 Vt‘l

657 2160 798 2214 intra
830 2151 1036 2202 viscera
1063 2129 1544 2209 sepulto.l)eniqne
1576 2125 1714 2177 inter
1738 2120 2066 2172 tentamenta
2097 2104 2259 2161 Chri.

655 2253 955 2308 stianorurn
980 2238 1195 2296 botttlos
1217 2233 1379 2288 etiam
1408 2239 1598 2281 cruore
1621 2220 1885 2273 distentos
1924 2203 2222 2262 admovetis
2245 2241 2258 2264 ,

659 2339 944 2401 certissimi
971 2334 1173 2389 scilicet
1203 2325 1447 2382 illicitum
1474 2331 1593 2373 esse
1627 2325 1792 2383 penes
1820 2306 1962 2369 illos,
1996 2317 2089 2368 per
2117 2295 2260 2367 quod

663 2433 973 2494 exorbitare
1002 2440 1098 2480 vos
1129 2420 1307 2474 \ultis.
1339 2416 1506 2470 Porro
1533 2406 1691 2478 quale
1719 2410 1802 2457 est
1823 2442 1836 2462 .
1881 2407 1937 2450 ut
1965 2409 2100 2464 quos
2141 2404 2262 2443 san-

665 2531 882 2602 guinem
917 2519 1125 2593 pecoris
1168 2515 1391 2568 horrere
1437 2501 1741 2562 confiditis,
1774 2495 2012 2548 humano
2057 2485 2266 2540 inhiare

1645 2593 1673 2602 ι.
1891 2582 1972 2602 .m

666 2582 938 2680 credatis‘i
985 2609 1204 2684 (Tertul.
1238 2602 1456 2675 Apolog.
1491 2613 1607 2666 cap.
1643 2593 1699 2658 9,
1735 2605 1855 2660 pag.
1887 2582 2000 2654 10).

746 2717 864 2772 Non
893 2710 993 2766 soli
1018 2715 1197 2761 autem
1231 2698 1367 2760 viri,
1398 2691 1492 2748 sed
1541 2699 1595 2744 et
1642 2685 1898 2739 mulieres
1945 2677 2044 2729 hac
2095 2666 2274 2724 valida

668 2810 882 2869 ratione
907 2798 1248 2859 Christianos
1288 2788 1475 2844 flctitio
1520 2781 1679 2852 plane
1709 2773 1935 2831 crimine
1958 2763 2273 2837 purgabant.

892 2853 1158 2967 siquidem
1183 2882 1448 2942 Eusebius
1477 2873 1798 2932 Bibliadem,
1831 2863 2179 2920 christianum
2199 2853 2272 2908 fe-

892 2946 1052 2967 --τη
1084 2946 1092 2947 ,

677 2997 901 3056 minam,
932 2981 1220 3042 dirissimis
1256 2971 1532 3044 suppliciis
1577 2970 1882 3034 superatam
1905 2998 1922 3019 ,
1956 2953 2128 3024 primo
2159 2946 2279 3017 qui-

680 3093 802 3147 dem
827 3087 1068 3156 cjurasse
1096 3074 1252 3130 fidem
1278 3064 1503 3130 Christi,
1550 3059 1822 3124 multaque
1860 3051 1929 3105 de
1958 3040 2280 3099 Christianis

1879 3144 1909 3156 ¹’
1957 3143 1964 3150 ⁸
2013 3153 2056 3156 κ-
2098 3153 2107 3156 -
2144 3127 2192 3156 ηι
2237 3135 2279 3156 Q1

681 3127 802 3147 υι...
828 3127 1067 3156 ..,.....---
1179 3127 1191 3128 ,
1492 3127 1498 3130 _

681 3193 787 3239 tam
835 3175 995 3244 itnpia
1023 3184 1182 3240 quam
1209 3164 1338 3218 falsa
1378 3171 1559 3214 coram
1593 3162 1820 3222 tyranno
1860 3143 2064 3197 dixisse
2097 3153 2110 3189 :
2144 3127 2192 3186 tt'
2234 3135 2281 3184 δὲ

681 3285 728 3333 ἐν
753 3289 813 3345 τῇ
841 3277 1114 3343 στρεϐλώσει
1141 3267 1358 3325 ἀνένηφε,
1385 3255 1466 3308 καὶ
1495 3258 1552 3311 ὡς
1580 3251 1636 3300 ἂν
1663 3248 1830 3304 εἰπεῖν,
1865 3245 1913 3292 ἐκ
1938 3241 2111 3308 βαθέος
2145 3235 2288 3282 ὕπνου

684 3376 1066 3441 ἀνεγρηγὸρησεν·
1103 3359 1453 3423 ὓπομνησθεῖσα
1481 3349 1564 3396 διὰ
1591 3355 1674 3401 τῆς
1726 3341 2013 3406 προσκαίρου
2054 3332 2290 3393 ’τιμωρίας

1626 3437 1633 3441 “
1679 3439 1688 3441 “
1752 3435 1765 3441 ·
1884 3436 1892 3441 ·
1991 3424 2003 3440 ³
2091 3423 2110 3434 ⁸
2159 3440 2167 3441 κ
2232 3422 2290 3441 __'_

1297 3447 1513 3504 κόλασιν,
1555 3437 1637 3489 καὶ
1670 3439 1717 3496 ἓξ
1745 3435 1948 3485 ἐναντίας
1978 3423 2170 3475 ἀντεῖπε
2197 3422 2294 3472 τοῖς

694 3506 770 3524 ινν
800 3506 804 3508 ⁷
835 3506 980 3514 ’ν”νν-
1021 3506 1050 3509 -γ
1097 3506 1108 3518 υ
1223 3506 1232 3518 .

691 3567 995 3632 βλασφϊμοις
1022 3558 1231 3620 pacator
1257 3548 1359 3597 Πῶς
1388 3538 1446 3588 ἂν
1473 3533 1648 3586 παιδία.
1671 3532 1860 3597 φάγοιεν
1882 3531 1926 3571 οἱ
1963 3520 2199 3573 τοιοῦτοι,
2229 3506 2296 3566 οῖς

1508 3630 1517 3632 ‘
1592 3629 1601 3632 “
1643 3624 1652 3632 ¹
1799 3613 1992 3632 ιῚΑη--μη
2026 3607 2110 3632 ζΙΙη
2162 3601 2296 3632 νοοῖ,

735 3601 813 3611 ...η
864 3601 993 3623 ηψπ,
1026 3601 1037 3620 Ι
1073 3601 1082 3608 ,

692 3601 1022 3724 Ζηδὲγάλὸγων
1052 3649 1178 3704 gae»
1220 3633 1346 3701 αἷμα
1386 3630 1548 3698 φανεῖν
1583 3624 1700 3687 ἐξόν.
1738 3635 1756 3666 (
1799 3613 1995 3667 Verum
2026 3607 2112 3660 illa
2162 3601 2296 3656 resi-

1509 3717 1520 3724 ·
1784 3707 1943 3724 κλμ-κ
2030 3712 2090 3724 ιη.
2132 3689 2294 3724 ..ηιιιιὶ

695 3689 814 3724 μιμοῦ
845 3689 1014 3711 Ἀμνικ-
1055 3689 1148 3704 πήκκν
1276 3689 1283 3701 ³
1389 3689 1397 3698 ⁸
1460 3689 1469 3692 ⁷

695 3743 832 3816 puit,
867 3733 1080 3792 Eusebii
1131 3726 1293 3783 verba
1321 3728 1475 3782 sunt,
1509 3717 1650 3770 inter
1676 3707 1980 3766 cruciatus,
2029 3712 2090 3752 ae
2132 3689 2294 3748 veluti

1797 3815 1804 3816 ί
1857 3807 1902 3816 ·-
1937 3788 2195 3816 -η-η..ΙΖηῖ,ι
2237 3783 2294 3816 (ha

699 3783 832 3816 γυη,
868 3783 1062 3792 ..μηη

699 3852 767 3891 ex
817 3835 926 3886 alto
983 3837 1175 3880 somno
1203 3817 1432 3873 excitata
1487 3817 1598 3872 est,
1644 3807 1907 3874 prtesente
1935 3788 2196 3862 supplicio
2236 3783 2303 3837 de

1815 3891 2190 3946 submonente,
2253 3884 2308 3930 et

686 3478 771 3524 τὶν
799 3467 988 3514 ηἶώνιον
1017 3462 1061 3509 ἐν
1090 3458 1247 3518 γεέν-νᾳ

701 3939 916 3986 aeternae
955 3918 1218 3989 gehennm
1240 3904 1564 3966 cruciatibus
1595 3903 1766 3968 ipsam

701 4015 1084 4079 contradicens
1113 4003 1290 4075 impiis
1324 4019 1336 4054 :
1364 3998 1465 4066 Qui
1499 3993 1610 4050 fieri
1646 3995 1856 4060 posset,
1891 3978 2204 4050 inquiebat,
2251 3978 2309 4024 ut.

703 4115 938 4173 infantes
964 4102 1342 4162 comederent,
1393 4090 1586 4162 quibus
1611 4099 1677 4139 ne
1721 4077 2039 4149 sanguinem
2087 4064 2307 4138 quidem

705 4156 1064 4266 animantium
1099 4156 1423 4264 “degustare-
1472 4185 1599 4238 licet
1661 4173 1887 4250 (Euseb.
1948 4167 2035 4221 lib.
2089 4179 2120 4216 v
2165 4156 2310 4214 Eccl.

713 4303 878 4363 Hist.,
907 4312 1026 4364 cap.
1055 4308 1092 4357 I,
1131 4305 1247 4359 pag.
1285 4279 1436 4351 159)?
1478 4296 1494 4328 ι

787 4345 878 4363 ν’“ν
908 4345 1024 4364 '"r'
1060 4345 1092 4357 ’I
1131 4345 1141 4359 Ι
1199 4345 1223 4359 ν
1392 4345 1401 4351 ι

782 4390 922 4462 Quid
987 4387 1091 4440 hoc
1146 4379 1361 4435 femina:
1411 4364 1726 4426 testimonio
1787 4358 1854 4412 ad
1935 4345 2316 4408 revincendam

1496 4461 1521 4462 "
1551 4458 1581 4462 “
1795 4451 1843 4462 "'
1949 4446 1960 4456 '
1989 4460 1998 4462 μ
2049 4443 2072 4462 0
2121 4436 2287 4462 n‘.l.l:n

785 4436 922 4462 κη...
1070 4436 1085 4438 _

714 4487 1052 4545 ethnicorum
1081 4469 1402 4531 calumniam
1425 4458 1652 4516 validius
1679 4463 1733 4507 et
1759 4443 2072 4506 efficacius?
2120 4436 2321 4493 Biblia—

718 4582 815 4636 des
835 4564 1352 4632 Chrisdanafemina
1380 4599 1394 4621 ,
1421 4545 1822 4608 immanissimis
1853 4534 2130 4607 suppliciis
2160 4545 2322 4582 vexa-

723 4684 808 4734 ta,
852 4669 1146 4736 impactum
1191 4647 1512 4711 Christianis
1552 4642 1754 4696 crimen
1784 4634 1976 4689 falsum
2007 4641 2128 4682 esse
2176 4620 2319 4675 affir.

1657 4732 1666 4736 _
1888 4733 1896 4736 _
2260 4713 2290 4736 η

725 4713 808 4734 ...,
853 4713 1089 4736 -...r_--_

723 4772 871 4829 mat,
919 4757 1014 4814 sed
1060 4749 1288 4808 summis
1317 4737 1592 4798 doloribus
1621 4732 1798 4795 victa,
1849 4733 2013 4791 atque
2055 4727 2112 4772 ut
2155 4716 2219 4769 iis
2260 4713 2324 4767 li-

726 4861 1032 4917 beraretur.
1056 4859 1240 4902 vermn
1269 4853 1391 4896 esse
1414 4845 1522 4888 tam
1541 4829 1697 4889 falso,
1733 4836 1889 4893 quam
1923 4814 2088 4871 invito
2110 4811 2327 4864 fatetur.

729 4951 812 5011 Ad
843 4947 1110 5004 saniorem
1156 4932 1350 4992 deinde
1394 4932 1629 4983 mentem
1685 4916 1856 4977 redit,
1909 4909 2189 4980 palamque
2233 4900 2329 4954 de-

731 5045 901 5102 clarat
933 5052 993 5092 se
1035 5035 1088 5088 vi
1119 5032 1511 5085 tormentorum
1539 5023 1813 5074 coactam,
1862 5005 2051 5058 falsum
2097 4996 2332 5057 dixisse;

733 5154 799 5194 ac
825 5132 1040 5191 tandem
1067 5121 1354 5181 dirioribus
1381 5108 1664 5169 tormentis
1701 5099 2106 5160 excarniltcztta.
2148 5090 2202 5144 in
2237 5089 2336 5140 hac

737 5229 925 5288 ultima
956 5222 1046 5278 illa
1065 5213 1410 5274 confessione
1441 5206 1776 5277 perseverat,
1823 5202 1877 5248 et
1908 5188 2154 5245 moritur.
2205 5178 2338 5248 Quis

737 5339 869 5394 ergo
900 5332 1045 5373 sanm
1069 5310 1267 5368 mentis
1300 5306 1463 5360 homo
1485 5297 1611 5352 huic
1637 5288 1948 5350 testimonio
1996 5282 2152 5336 fidem
2185 5277 2341 5330 abro-

1669 5387 1720 5394 -.
1940 5380 1951 5392 .
2042 5372 2341 5394 ..Ἥκω

740 5372 921 5492 ςθῐὶιῗ
972 5413 1046 5466 De
1099 5401 1388 5461 interdicto
1432 5405 1612 5451 autem
1662 5380 1985 5442 Christianis
2031 5372 2344 5430 animalium

1510 5491 1516 5492 ,
1703 5481 1760 5492 ,,,,
2261 5464 2323 5492 ,η-

741 5464 1193 5582 :ang-uine'alibi
1257 5491 1648 5565 disputavimus
1695 5481 1928 5556 (Tom.i
1999 5473 2196 5543 Appar.
2257 5464 2346 5520 tib.

741 5561 1066 5675 twigjiissert.
1101 5596 1151 5663 -Ι,
1175 5609 1294 5664 cap.
1329 5561 1382 5654 Ξῖ,
1404 5593 1504 5640 art.
1538 5581 1592 5647 5,
1615 5593 1735 5648 pag.
1780 5570 1886 5628 680
1917 5577 1964 5623 et
1995 5580 2131 5636 seqq.
2163 5561 2203 5632 ).

2308 3109 2352 3171 C
2386 3122 2471 3165 rw};
2497 3108 2824 3168 ἐξαμϐλώσεως
2849 3107 2916 3163 τῷ
2947 3099 3070 3160 Θεῷ,
3091 3092 3263 3158 φαμὲν.
3295 3102 3312 3133 ι
3338 3081 3436 3148 Qui
3466 3075 3718 3131 mulieres

2345 4502 2400 4563 D
2425 4493 2741 4563 sanguinem
2780 4483 3075 4545 hiantibus,
3115 4488 3170 4533 et
3211 4474 3341 4544 ipsis
3387 4469 3547 4524 etiam
3599 4461 3753 4516 vobis

1877 233 1964 288 DE
2004 218 2261 285 i‘lllNUCll
2296 213 2594 275 OCTAVIO
3815 171 3918 231 488

611 389 705 437 aut.
726 375 913 434 audire
948 383 1198 442 umquam
1225 363 1442 420 vellent.
1471 358 1582 414 Nec
1625 352 1803 408 minus
1826 349 1969 404 clare
2000 342 2207 410 conspi-
2235 341 2288 401 Α

2932 344 3230 392 Αιιτιουιῠε
3264 343 3326 384 ΙΙ.

2324 527 2620 586 Ostenditur
2668 537 2820 594 quant
2862 525 2996 571 certo
3055 508 3317 568 Minucius
3382 500 3609 558 ethnicos
3663 491 3929 549 homicidii

2397 620 2699 680 convincat,
2744 621 2915 682 utpote
2961 607 3048 679 qui
3093 604 3230 674 ﬁlios
3273 612 3449 653 recens
3503 601 3649 646 natos
3696 601 3928 654 expone-

2399 723 2530 775 rent,
2561 719 2648 763 aut
2677 706 2855 759 abortu
2878 701 3297 762 necarent,atque
3321 689 3474 743 etiam
3501 679 3930 750 Cartltaginenses

2401 805 2628 860 Saturno
2658 800 2882 867 ﬁliorum
2918 805 3127 847 suorum
3160 783 3402 846 uoratori,
3437 794 3556 834 suos
3587 771 3935 833 immolareut,

2401 892 2831 964 tumqueiflorunt
2859 884 3099 956 gemitum
3148 874 3410 931 blanditiis
3461 881 3508 924 et
3557 866 3745 923 osculis
3790 879 3932 916 cout-

2407 990 2624 1060 primere
2651 989 2956 1037 conarentur
2977 1017 2993 1043 ,
3023 990 3081 1027 ac
3108 986 3264 1042 quant
3283 969 3344 1023 ob
3369 979 3595 1022 causam.

2411 1151 2570 1206 Nulla
2597 1145 2766 1216 major
2793 1158 2822 1197 a
2849 1127 3312 1208 depravatissimis
3340 1119 3648 1180 hominibus
3678 1113 3947 1172 calumnia

2341 1241 2636 1314 excogitari
2663 1245 2857 1309 potest,
2886 1247 3044 1302 quam
3066 1241 3189 1282 cum
3216 1217 3652 1292 gravissimorum
3681 1212 3947 1265 scelerum

2343 1351 2575 1409 quorum
2610 1332 2828 1402 ipsintet
2860 1325 2940 1380 rei
2970 1327 3129 1383 sunt,
3160 1316 3294 1370 alios
3333 1309 3554 1365 omnino
3596 1305 3839 1358 insootes
3869 1299 3950 1353 in-

2350 1391 2818 1486 gilllulillll.-T:tles
2845 1425 3023 1472 autem
3069 1406 3332 1466 Minucius
3365 1402 3556 1472 probat
3584 1396 3753 1452 fuisse
3788 1391 3956 1447 ethni-

2353 1540 2468 1579 cos.
2501 1520 2680 1575 l’alam
2705 1513 2982 1569 enimvero
3017 1502 3267 1560 omnibus
3290 1498 3380 1552 ille
3421 1493 3548 1548 facit
3579 1487 3954 1551 homicidium,

2355 1621 2508 1686 cujus
2537 1612 2854 1672 falsissime,
2898 1604 2973 1658 uti
3013 1594 3280 1669 superiori
3308 1589 3540 1646 articulo
3588 1584 3791 1639 dictum
3840 1589 3956 1643 est,

2357 1708 2694 1766 Christianos
2720 1699 3049 1771 arguebant,
3085 1693 3153 1747 ab
3176 1686 3307 1757 ipsis
3359 1696 3580 1746 revera,
3625 1691 3728 1731 nec
3767 1671 3960 1733 semel,

2361 1820 2458 1859 nec
2510 1814 2617 1855 uno
2665 1803 2870 1850 tantum
2921 1787 3115 1849 modo,
3163 1781 3257 1837 sed
3282 1793 3426 1848 saepe
3464 1773 3663 1842 sacpius
3694 1768 3968 1835 variisque

2362 1896 2534 1952 iitodis
2564 1889 2846 1948 connuitti.
2872 1883 3004 1938 Nam
3037 1889 3234 1950 printer
3279 1873 3395 1936 illa,
3437 1881 3558 1937 qua:
3599 1866 3651 1917 in
3695 1855 3968 1930 superiori

2362 1989 2590 2046 articulo
2627 2000 2694 2038 ex
2722 1976 3022 2048 Theopliilo
3074 1967 3411 2027 Antiocheno
3440 1959 3721 2016 retulimus
3742 1996 3756 2018 ,
3801 1952 3973 2005 Minu-

2364 2084 2479 2136 cius
2509 2087 2693 2134 noster
2735 2071 2936 2141 duplex
2982 2067 3060 2120 eis
3105 2059 3393 2130 exprobrat
3435 2048 3707 2106 homicidii
3751 2057 3924 2114 genus
3950 2083 3966 2106 ,

2371 2175 2604 2230 filiorum
2657 2181 2846 2222 recens
2874 2169 3122 2216 natorum
3157 2149 3568 2222 expositionem,
3600 2151 3652 2196 et
3674 2148 3966 2206 antequam

2373 2271 2725 2322 nascerentur
2753 2258 3000 2310 abortum
3030 2272 3042 2306 :
3088 2269 3106 2301 ι
3159 2246 3350 2309 Video,
3375 2240 3563 2314 inquit,
3588 2250 3683 2288 vos
3714 2243 3978 2302 procrea-

2375 2371 2456 2415 tos
2482 2357 2620 2411 filios
2647 2367 2786 2407 nunc
2814 2349 2943 2404 feris
2986 2354 3043 2400 et
3088 2341 3280 2396 avibus
3333 2347 3638 2404 exponere.
3683 2339 3821 2380 nunc
3881 2321 3983 2376 ad-

2375 2449 2736 2520 strangulatos
2793 2441 2993 2496 misero
3053 2434 3242 2491 mortis
3303 2442 3500 2501 genere
3555 2421 3782 2478 elidere.
3836 2415 3982 2471 Sunt

2375 2561 2495 2615 qua:
2527 2543 2578 2594 in
2612 2537 2743 2608 ipsis
2781 2530 3108 2594 visceribus,
3143 2516 3598 2580 medicaminibus.
3617 2511 3791 2584 epotis
3812 2552 3827 2576 ,
3873 2507 3982 2562 ori-

2379 2637 2556 2708 ginem
2613 2628 2773 2684 futuri
2852 2622 3084 2678 hominis
3137 2616 3452 2684 extinguant
3519 2619 3572 2664 et
3639 2599 3983 2675 parricidium

2380 2729 2598 2788 faciant,
2627 2729 2914 2790 antequam
2942 2714 3167 2784 pariant.
3210 2728 3229 2760 ι

2457 2817 2659 2874 Eodem
2717 2784 2931 2884 quoque
2978 2805 3139 2861 modo
3197 2808 3355 2854 antea
3403 2794 3797 2861 Athenagoras.
3872 2784 3985 2850 Qua

2386 2915 2629 2976 ratione,
2677 2907 2882 2977 inquit,
2919 2886 3588 2965 hominesjugulabimus?
3637 2892 3718 2947 Οἱ,
3765 2888 3854 2940 τὰς
3893 2881 3992 2936 τοῖς

2935 3006 3037 3048 έναι
3078 2991 3369 3048 mamma
3417 3007 3466 3037 τε
3497 2984 3577 3038 καὶ
3635 2985 3767 3048 λόγον
3817 2979 3996 3043 ὑφέξειν

3765 3069 4000 3124 medica-

2393 3199 2588 3251 mentis
2629 3189 2888 3246 abortivis
2924 3193 3135 3238 utentes
3165 3173 3435 3232 homicidii
3468 3185 3588 3224 reas
3607 3207 3623 3231 ,
3652 3173 3707 3219 et
3736 3163 3999 3217 rationem

2399 3292 2508 3344 Deo
2567 3283 2868 3339 reddituras
2916 3274 3165 3330 dicimus.
3225 3288 3241 3319 ν
3299 3264 3626 3337 (Athenug.,
3673 3255 3852 3325 Legat.
3911 3264 4005 3319 pro

2395 3379 2701 3442 Cltristian.,
2745 3391 2800 3444 p.
2830 3369 2947 3438 ⁸58.)
2981 3366 3170 3421 Nonne
3215 3360 3358 3416 enim
3387 3352 3651 3425 ejusdem,
3688 3347 3862 3418 pergit
3892 3343 4005 3404 ille.

2398 3471 2619 3528 sceleris
2667 3465 2914 3522 conscius
2968 3470 3082 3524 est,
3129 3455 3220 3525 qui
3277 3451 3466 3506 fastum
3513 3446 3565 3500 in
3612 3441 3798 3497 matris
3845 3446 4004 3490 utero

2408 3562 2714 3632 extinguit,
2763 3566 2856 3610 aut
2903 3566 3092 3608 recens
3164 3556 3346 3600 natum
3393 3539 3554 3594 morti
3599 3531 3813 3603 exponit
3859 3526 4015 3582 haud

2404 3660 2659 3716 incertat,
2717 3661 2878 3719 atque
2916 3647 3004 3700 ille
3052 3642 3141 3712 qui
3188 3637 3458 3693 hominem
3497 3639 3650 3686 actate
3693 3630 4017 3695 provectum

2407 3747 2704 3805 interficit?
2734 3716 2895 3812 Atqui
2922 3738 2988 3792 ab
3026 3736 3108 3790 his
3133 3730 3470 3791 criminibus,
3514 3723 3588 3777 ait
3626 3719 3699 3774 ibi
3741 3716 3832 3770 ille
3855 3755 3870 3778 ,
3904 3722 4017 3766 tam

2409 3839 2772 3899 abhorrebant
2801 3828 3127 3890 Christiani,
3163 3840 3323 3896 quam
3377 3833 3521 3888 saepe
3569 3829 3632 3868 ac
3683 3813 3901 3879 impune
3950 3805 4023 3858 ab

2413 3935 2654 3992 Ethmcis
2687 3925 3152 4001 perpetrabantur.
3184 3915 3290 3972 Sed
3317 3912 3601 3968 audiamus
3626 3902 4022 3960 Tertulhanum

2413 4030 2506 4102 qui
2537 4028 2712 4098 palam
2755 4020 3118 4086 audacterque
3170 4011 3288 4065 haec
3338 4008 3442 4062 illis
3489 4001 3821 4070 exprobrat,
3867 4004 3923 4049 et
3969 3992 4024 4044 in

2417 4139 2512 4181 eos
2535 4121 2612 4176 sic
2639 4083 3045 4187 argumentatur
3075 4125 3088 4160 :
3125 4125 3143 4156 ι
3180 4103 3286 4159 Sed
3317 4097 3566 4171 quoniam
3601 4093 3668 4147 de
3695 4083 4028 4144 infanticidio

2420 4215 2550 4272 nihil
2583 4213 2839 4272 interest,
2881 4217 3070 4265 sacro,
3101 4213 3167 4252 an
3221 4193 3445 4250 arbitrio
3495 4190 3864 4258 perpetretur,
3899 4177 4030 4230 licet

2422 4311 2489 4365 de
2519 4302 2810 4378 parricidio
2839 4295 3090 4356 intersit,
3119 4295 3408 4344 convertar
3453 4281 3519 4335 ad
3546 4277 3799 4347 p0pulum
3831 4287 3845 4322 :
3888 4269 4035 4336 Quot

2424 4403 2581 4459 vultis
2612 4415 2677 4454 ex
2711 4397 2793 4449 his
2833 4382 3339 4448 circumstantibus,
3392 4384 3447 4432 et
3498 4374 3550 4428 in
3595 4365 4033 4424 Christianorum

3792 4452 4037 4528 justissi-

2429 4589 2551 4650 mis,
2573 4597 2626 4639 et
2655 4573 3082 4636 severissimisin
3112 4581 3211 4623 nos
3245 4560 3562 4634 prmsiddms
3591 4553 3727 4624 apud
3759 4546 4039 4604 conscien-

2431 4681 2533 4735 tias
2577 4675 2814 4747 pulsem,
2844 4668 2935 4739 qui
2972 4673 3128 4720 natos
3156 4659 3254 4714 sibi
3302 4656 3498 4710 liberos
3545 4643 3818 4705 enecant?
3861 4637 4040 4708 Siqui-

2431 4775 2555 4831 dem
2583 4781 2638 4824 et
2667 4768 2734 4823 de
2777 4776 2977 4835 genere
3029 4756 3178 4813 necis
3210 4750 3391 4807 differt
3414 4788 3428 4812 ,
3459 4745 3644 4814 utique
3682 4735 3958 4793 crudelius
3988 4731 4042 4784 in

2434 4880 2570 4936 aqua
2599 4861 2846 4932 spiritum
2877 4849 3248 4920 extorquetis;
3298 4853 3389 4896 aut
3421 4835 3639 4908 frigori,
3672 4840 3728 4887 et
3766 4826 3892 4882 fami
3920 4867 3935 4889 ,
3987 4830 4043 4877 et

2437 4959 2663 5017 canibus
2689 4945 3200 5023 exponitis‘IFerro
3253 4938 3394 4993 enim
3455 4929 3590 4986 mori
3641 4934 3772 4981 tetas
3828 4930 4046 4991 quoque

2441 5054 2613 5124 major
2643 5045 2928 5118 optaverit.
2977 5037 3145 5095 Nobis
3171 5049 3298 5089 vero
3332 5024 3620 5084 homicidio
3669 5017 3834 5074 semel
3881 5015 4045 5067 inter—

2441 5149 2609 5208 dicto.
2640 5143 2800 5197 etiam
2841 5142 3162 5204 conceptum
3211 5138 3385 5188 utero,
3430 5120 3556 5175 dum
3604 5113 3780 5169 adhuc
3830 5105 4055 5177 sanguis

2445 5243 2496 5296 in
2528 5239 2801 5293 hominem
2842 5228 3206 5287 deliberatur,
3251 5215 3552 5273 dissolvere
3602 5224 3706 5262 non
3758 5204 3902 5257 licet.
3941 5198 4058 5253 lio-

2450 5332 2652 5392 micidii
2704 5325 2976 5384 festinatio
3018 5329 3135 5383 est,
3185 5312 3475 5387 prohibere
3518 5303 3704 5365 nasci;
3763 5312 3860 5351 nec
3891 5295 4064 5349 refert

2453 5439 2634 5485 natam
2680 5422 2801 5494 quis
2827 5417 3021 5486 eripiat
3048 5413 3302 5472 animam,
3331 5421 3396 5459 an
3426 5404 3734 5456 nascentem
3765 5388 4059 5444 disturbet.

2457 5523 2629 5577 Homo
2655 5524 2758 5582 est,
2797 5522 2850 5567 et
2876 5509 2966 5580 qui
3001 5506 3250 5564 futurus;
3281 5499 3441 5554 etiam
3487 5494 3689 5546 fruetus
3736 5483 3913 5538 innuis
3949 5481 4068 5549 jam

2458 5572 2757 5670 insemine
2807 5572 3159 5671 est-(Tertull.
3193 5591 3412 5662 Apotog.
3457 5601 3574 5653 cap.
3607 5579 3660 5640 9,
3709 5591 3828 5645 pag.
3893 5572 3998 5640 10).
4038 5587 4068 5622 ι

2460 5709 2528 5767 At
2555 5706 2622 5764 de
2645 5703 2730 5761 his
2753 5715 2852 5759 nos
2884 5666 3094 5772 plenius
3138 5691 3194 5746 in
3233 5694 3415 5743 nostra
3443 5679 3513 5737 de
3541 5678 3642 5732 hoc
3680 5669 3822 5726 libro
3860 5666 4075 5724 disser-

2389 3009 2753 3078 ἀμϐλωθριδίοις
2795 3006 3037 3070 χρωμένας
3078 2991 3369 3061 ἀνδροφονιῖν
3417 3007 3466 3037 τε
3497 2984 3577 3038 καὶ
