4264 6258
323 295 428 351 489

1729 293 2196 351 DlSSERTATlO.

3513 307 3630 360 400

323 412 524 465 talione
558 408 876 482 (Disseruit.
930 405 983 459 in
1030 405 1365 473 Tertullian.,
1416 425 1530 479 cap.
1563 409 1654 475 20,
1704 422 1805 466 art.
1839 415 1914 482 5),
1949 417 1999 474 Α
2027 413 2517 468 obumbratricibtts
2550 417 2838 483 seelerum,
2865 416 3060 472 votivis
3084 419 3334 474 crucibus
3359 425 3630 488 exposuit,

394 505 506 560 Nec
564 506 742 557 minus
793 503 1020 564 aeritcr,
1086 517 1184 556 nec
1234 504 1351 557 sine
1397 503 1564 557 ironia
1619 504 1930 559 Lactantius

319 597 526 653 hancce
560 595 930 668 impudentem
961 596 1286 650 calumniam
1320 598 1619 668 pr0pulsat,
1653 616 1812 668 quam
1845 601 1928 670 ip-

321 691 487 746 simet
516 691 594 746 rei
640 690 900 745 adversus
947 691 1264 745 innocentes
1312 693 1568 747 adhibere
1620 708 1724 746 non
1775 710 1928 749 vere-

321 785 563 840 bantur:
603 803 621 836 ι
660 781 860 852 hnpios
885 825 899 848 ,
933 783 1137 853 inquit,
1171 795 1363 839 vocant.
1408 787 1508 855 ipsi
1561 787 1766 841 scilicet
1823 787 1925 854 pii,

321 887 376 932 et
401 877 468 931 ab
492 876 730 930 humano
757 877 1018 947 sanguine
1043 876 1420 940 abhorrentes,
1455 893 1575 931 eum
1606 878 1651 932 si
1697 889 1748 933 et
1777 890 1928 934 aetus

323 985 450 1026 suos
479 971 858 1035 considerent,
903 981 950 1021 et
985 970 1227 1032 illorum,
1259 986 1394 1040 quos
1417 980 1687 1041 tamquam
1736 974 1927 1042 impios

323 1063 616 1129 damnant,
667 1063 780 1132 jam
806 1063 1105 1133 intelligant
1135 1080 1292 1134 quam
1351 1066 1636 1121 mendaces
1680 1068 1819 1134 sint,
1874 1079 1928 1123 et

328 1156 393 1211 iis
438 1156 687 1210 oinnibus
732 1171 852 1224 quae
906 1155 1166 1210 adversus
1216 1157 1386 1210 bonos
1425 1168 1516 1211 aut
1566 1159 1787 1226 dicunt,
1835 1169 1929 1215 aut

327 1250 554 1310 faciunt.
589 1250 882 1320 digniores.
917 1249 1032 1304 Non
1060 1250 1201 1303 enim
1236 1249 1302 1304 de
1334 1260 1554 1318 nostro,
1589 1251 1681 1306 sed
1706 1269 1767 1306 ex
1805 1253 1927 1307 illo-

328 1359 446 1398 rum
490 1357 714 1396 nmuero
745 1357 958 1411 semper
1003 1343 1304 1403 exsistunt,
1363 1343 1452 1412 qui
1513 1345 1626 1396 vias
1678 1343 1931 1399 obsident

329 1436 637 1489 armati.....
672 1449 875 1488 venena
906 1433 1044 1487 clam
1077 1444 1412 1502 temperent,
1463 1435 1783 1503 qui‘uxores
1836 1453 1930 1491 ne-

330 1536 484 1591 cent,
536 1535 590 1579 ut
639 1524 796 1580 dotes
838 1541 1021 1580 earum
1054 1525 1363 1591 lucrentur,
1413 1538 1505 1581 aut
1558 1529 1815 1594 maritos,
1875 1539 1932 1582 ut

330 1616 588 1672 adulteris
619 1617 842 1681 nubant,
873 1617 963 1686 qui
994 1626 1148 1670 natos
1197 1633 1261 1671 cx
1316 1634 1375 1672 se
1404 1634 1600 1688 pueros
1624 1630 1716 1673 aut
1755 1630 1930 1674 strau-

330 1710 536 1782 gulent,
569 1720 658 1762 aut
691 1709 734 1762 si
779 1709 1002 1763 nimium
1049 1709 1121 1779 pii
1154 1711 1370 1776 fuerint,
1409 1721 1683 1778 caponant
1719 1731 1738 1763 ι
1776 1712 1932 1784 (Lac-

2038 515 2171 559 teSIe
2207 507 2394 560 militia
2447 510 2629 577 patriae
2659 521 2877 574 nostrze,
2904 526 3021 580 qua:
3049 511 3273 582 idipsum
3303 528 3500 566 munus
3558 513 3635 567 illi

2037 601 2341 667 proconsuli
2377 602 2556 655 functa
2583 611 2683 656 est.
2716 603 2821 657 Sed
2861 615 2915 656 et
2949 619 3088 658 nunc
3137 605 3188 658 in
3240 607 3450 659 occulto
3512 622 3631 674 per-

2034 701 2316 746 severatur
2343 692 2445 748 hoc
2485 709 2696 748 sacrmn
2729 694 3056 749 facinus.....
3087 694 3218 749 Cum
3251 697 3482 767 propriis
3511 697 3636 751 filiis

2031 782 2294 837 Saturnus
2325 801 2428 838 non
2480 787 2739 856 pepercit,
2797 788 3068 841 extraneis
3117 788 3299 855 utique
3349 805 3454 841 non
3510 804 3636 857 par-

2032 879 2204 932 cendo
2277 882 2690 950 perseverabat,
2746 898 2879 951 quos
2947 881 3162 950 quidem
3224 882 3324 952 ipsi
3386 894 3639 952 parentes

2032 968 2346 1035 offerebant,
2394 981 2447 1026 et
2473 973 2700 1027 libentes
2747 975 3184 1044 respondebant.
3237 986 3290 1029 et
3348 976 3640 1031 infantibus

2034 1060 2480 1128 blandiebantur,
2543 1080 2612 1118 ue
2662 1064 3022 1136 lacrymantes
3075 1067 3483 1121 immolarentur
3573 1069 3641 1121 Et

2037 1165 2212 1209 tamen
2247 1156 2473 1210 multum
2509 1156 2799 1210 homicidio
2839 1158 3180 1227 parricidium
3224 1157 3423 1213 dill'ert.
3474 1160 3644 1228 Major

2034 1258 2164 1302 tetas
2191 1250 2329 1318 apud
2386 1250 2568 1304 Gallos
2621 1250 2886 1304 Mercurio
2942 1251 3344 1320 prosCCaliatur.
3402 1251 3641 1306 Remitto

2036 1340 2293 1394 Tauricas
2343 1341 2550 1395 fabulas
2601 1341 2824 1395 theatris
2865 1357 2994 1396 SlllS.
3043 1343 3183 1396 Ecce
3234 1344 3283 1394 in
3315 1343 3402 1396 illa
3433 1344 3646 1412 religio-

2034 1432 2400 1488 sissimaurbe
2432 1432 2796 1487 fEueadarum
2835 1434 3086 1502 piorum,
3149 1435 3398 1487 nitnirmn
3453 1435 3640 1498 Roma,

2036 1535 2114 1577 est
2146 1523 2355 1591 Jupiter
2390 1524 2640 1591 quidam,
2692 1538 2851 1592 quem
2900 1524 3038 1578 ludis
3078 1525 3210 1590 suis,
3269 1525 3456 1579 Latiali
3503 1526 3644 1580 haud

2037 1616 2195 1670 dubie
2223 1615 2343 1670 .lovi
2375 1615 2586 1681 dicatas,
2617 1617 2849 1671 humano
2875 1620 3125 1685 proluunt
3151 1619 3528 1686 sanguine.....
3570 1620 3646 1673 De

2037 1709 2313 1777 sanguinis
2346 1708 2560 1777 pabulo,
2595 1719 2646 1763 et
2679 1707 2939 1778 ejusmodi
2967 1711 3180 1778 tragicis
3215 1709 3431 1764 ferculis
3485 1712 3645 1782 legite

327 1811 460 1855 tant.
491 1801 581 1855 lib.
615 1818 644 1854 v
679 1799 905 1855 Institut.
946 1818 1062 1871 cap.
1119 1801 1171 1867 9,
1227 1820 1345 1873 pag.
1399 1803 1525 1858 485.
1586 1805 1837 1860 Dissertat
1885 1809 1937 1862 in
1968 1813 2014 1872 Β
2042 1802 2230 1857 necubi
2281 1803 2507 1856 relatqu
2550 1803 2620 1856 sit
2671 1801 2803 1872 (est
2849 1802 2988 1871 apud
3031 1803 3358 1857 Herodotum
3404 1805 3594 1873 opinor
3629 1804 3647 1874 )

333 1893 573 1947 Lactant.
630 1910 746 1962 cap.
776 1895 869 1958 27,
898 1904 1000 1948 art.
1029 1894 1064 1948 2
1095 1895 1138 1964 ).
1172 1894 1278 1950 Sed
1323 1896 1426 1949 alia
1471 1897 1714 1966 qnicdam
1745 1898 1812 1952 de
1857 1900 1941 1954 bis

333 1989 426 2043 ille
454 1988 604 2052 alibi,
637 1998 693 2041 ut
719 2004 816 2044 suo
850 1989 968 2043 loco
1014 1976 1335 2044 videbimus.
1375 1991 1531 2045 Plura
1553 1993 1642 2061 qui
1688 1993 1933 2062 voluerit,

336 2084 382 2138 is
454 2082 610 2137 adeat
655 2082 960 2155 Dionysium
1013 2085 1516 2150 Halicarnasscum,
1580 2088 1856 2142 Platonem
1909 2106 1937 2143 a

333 2176 680 2232 Theodoreto
706 2178 950 2244 citatum,
981 2178 1264 2235 Philonem
1295 2179 1563 2246 .ludaunu,
1599 2181 1936 2237 Clementem

338 2271 785 2337 Alexandrinum,
836 2283 888 2326 et
943 2289 1060 2341 qua:
1104 2272 1227 2326 alibi
1269 2290 1294 2324 a
1350 2275 1504 2328 nobis
1532 2275 1600 2329 de
1654 2291 1939 2343 puerorum

342 2364 686 2434 expositione
740 2365 1021 2418 observata
1065 2376 1187 2418 sunt
1240 2365 1482 2437 (Dionys.
1518 2365 1790 2421 Halicarn.
1851 2369 1940 2422 lib.

338 2471 372 2509 ιι
396 2456 566 2525 Antiq.
603 2454 823 2510 Ilonmn.
869 2474 988 2526 pug.
1022 2457 1124 2517 88;
1160 2456 1463 2514 Theodoret.
1522 2469 1644 2511 tom.
1684 2459 1740 2515 4.
1786 2476 1940 2514 scrin.

339 2552 391 2611 ει,
418 2565 518 2618 pag
576 2547 703 2611 678;
741 2546 950 2601 Philan.
983 2547 1072 2603 lib.
1125 2549 1186 2602 de
1220 2549 1445 2616 Special.
1479 2546 1628 2619 l'egib.
1662 2568 1780 2620 pag.
1815 2553 1940 2618 795,

337 2651 384 2694 et
413 2657 542 2708 seq.;
570 2639 897 2695 ClemAlex.
929 2642 1018 2696 lib.
1049 2658 1105 2697 ιιι
1148 2642 1294 2697 Prrd.
1337 2662 1456 2715 pag.
1506 2644 1649 2710 226,
1701 2656 1746 2700 et
1789 2646 1855 2700 lib
1909 2661 1945 2700 ιι

338 2733 586 2786 Stromnt.
614 2751 734 2804 pag.
760 2734 885 2794 400,
913 2745 1037 2790 toni.
1071 2753 1082 2789 ι
1109 2737 1360 2804 Apparat.
1396 2755 1512 2806 pag.
1537 2738 1688 2810 805).

412 2825 546 2880 Aliis
579 2836 834 2895 praeterea
859 2829 1119 2895 exemplis
1140 2828 1403 2884 Minucius
1437 2831 1788 2885 invictissime
1813 2846 1943 2894 pro-

340 2918 431 2972 hat
478 2918 909 2973 crudelissimum
962 2922 1343 2989 parricidium,
1390 2922 1600 2992 aliaqtte
1655 2923 1946 2978 homicidia

341 3025 450 3064 non
499 3011 670 3067 solum
722 3013 939 3080 impune
987 3014 1052 3067 ab
1094 3014 1356 3077 ethnicis,
1413 3015 1506 3069 sed
1558 3015 1762 3084 publica
1822 3033 1943 3071 cum

342 3102 499 3158 laude
527 3113 580 3158 et
607 3104 793 3173 plau-u
836 3106 962 3160 olim
993 3115 1047 3160 et
1104 3122 1204 3159 suo
1230 3106 1406 3160 adhuc
1439 3116 1683 3177 tempore
1711 3123 1944 3164 consue-

2043 1897 2289 1951 drfusum
2320 1895 2555 1950 brachiis
2587 1896 2900 1965 sanguinem
2932 1911 2995 1950 ex
3021 1895 3279 1949 alterutro
3310 1896 3650 1966 degustatum

2044 1993 2286 2045 nationes
2309 1991 2564 2058 quasdam
2608 1989 2798 2045 fmderi
2823 2003 3187 2059 comparasse.
3219 1989 3413 2044 Nescio
3440 1991 3563 2059 quid
3594 2002 3651 2046 et

2043 2086 2144 2140 sub
2197 2084 2422 2139 Catilina
2477 2085 2580 2138 tale
2645 2084 2984 2154 degustatum
3039 2091 3139 2137 est.
3192 2083 3355 2135 Aiunt
3403 2093 3450 2136 et
3511 2083 3655 2153 apud

2045 2180 2302 2250 quosdam
2339 2178 2581 2234 Gentiles
2610 2177 2932 2248 Scytharum
2967 2176 3276 2230 defunctum
3327 2191 3595 2246 quemque
3622 2193 3654 2230 a

2045 2274 2157 2327 suis
2234 2272 2470 2328 comedi.
2545 2272 2724 2340 Longe
2778 2286 3030 2324 excurro.
3090 2269 3258 2324 llodie
3311 2270 3466 2325 isthic
3533 2271 3654 2325 Bel-

2049 2366 2185 2421 loutl:
2221 2374 2462 2420 sacratos
2495 2365 2612 2434 (ms.
2634 2362 2896 2432 sacratus)
2928 2365 3144 2433 sanguis
3167 2363 3234 2416 de
3262 2363 3465 2419 femore
3494 2379 3652 2433 pros-

2047 2459 2188 2512 cisso
2212 2460 2265 2511 in
2297 2458 2582 2528 palmulam
2627 2467 2884 2525 execptus
2905 2497 2918 2520 ,
2952 2458 3064 2509 esui
3097 2455 3254 2509 datus
3282 2456 3474 2524 signat.
3524 2456 3655 2510 ltcm

2048 2550 2122 2604 illi
2179 2551 2267 2619 qui
2329 2565 2552 2603 munere
2618 2548 2668 2602 in
2723 2563 2882 2601 arena
2950 2563 3231 2601 noxwrum
3290 2547 3653 2617 jttgulatorum

2047 2645 2362 2712 sanguinem
2399 2651 2669 2698 recentem
2695 2641 2849 2695 avida
2880 2642 2965 2695 siti
2988 2682 3000 2700 .
3028 2642 3280 2694 comitiali
3315 2643 3503 2696 morbo
3536 2661 3654 2699 me-

2048 2736 2235 2790 dentes
2281 2734 2562 2798 auferunt,
2598 2733 2688 2787 tibi
2716 2733 2879 2787 sunt?
2932 2731 3063 2785 Item
3113 2732 3190 2785 illi
3235 2732 3323 2801 qui
3369 2733 3436 2788 de
3483 2749 3651 2788 arena

2049 2828 2232 2882 ferinis
2261 2827 2499 2882 obsitniis
2546 2836 2782 2892 caenam,
2822 2825 2911 2894 qui
2944 2823 3010 2878 (ie
3039 2839 3192 2894 apro,
3240 2825 3326 2894 qui
3375 2825 3442 2879 de
3490 2841 3652 2880 cerro

2049 2922 2272 2993 petunt!
2330 2924 2474 2988 Aper
2524 2919 2613 2974 ille
2645 2960 2658 2982 ,
2715 2933 2870 2987 quem
2922 2917 3260 2981 cruentavit,
3317 2917 3657 2975 colluctando

2049 3015 2293 3071 detersit.
2343 3012 2546 3067 Cervus
2576 3011 2664 3066 ille
2716 3012 2766 3064 in
2794 3009 3104 3081 gladiatoris
3157 3010 3417 3080 sanguine
3466 3012 3655 3080 jacuit.

2049 3111 2291 3180 Ipsorum
2370 3122 2615 3163 ursormn
2691 3105 2825 3158 ali‘ei
2895 3114 3256 3172 appetuntur,
3325 3104 3657 3160 cruditantes

341 3197 485 3252 visse
536 3197 819 3251 committi.
852 3198 1172 3254 Persuasum
1205 3201 1484 3255 enimvero
1525 3202 1725 3256 ethnici
1775 3203 1931 3259 habe
1968 3204 2011 3265 C
2045 3203 2222 3258 adhuc
2255 3203 2320 3256 de
2359 3199 2658 3254 viseeribus
2691 3196 2961 3250 humanis.
3013 3195 3275 3248 Ructatur
3320 3197 3545 3264 proinde
3589 3199 3658 3252 ab

342 3289 492 3354 baut,
524 3290 595 3342 ait
625 3290 732 3354 ille,
758 3307 792 3343 ἢ
816 3291 1051 3347 Saturno
1079 3291 1215 3347 filios
1243 3309 1368 3348 suos
1403 3294 1709 3350 devoratus.
1737 3299 1937 3363 Quam-

343 3383 528 3436 obrem
560 3382 762 3437 creduli
805 3383 1050 3439 homines
1107 3385 1157 3438 in
1203 3386 1519 3454 quibusdam
1570 3388 1764 3441 Africa:
1819 3403 1942 3458 par-

345 3475 487 3529 tibus
514 3477 695 3545 pietati
723 3477 990 3532 ducebant
1033 3478 1082 3532 ei
1122 3494 1250 3533 suos
1297 3496 1508 3550 quoque
1557 3483 1697 3536 filios
1747 3483 1940 3537 immo-

346 3569 482 3624 lare.
515 3569 769 3624 Humana:
809 3586 1022 3640 quoque
1049 3571 1278 3626 victima:
1325 3589 1352 3626 a
1391 3572 1582 3628 Tauris
1628 3574 1860 3630 Ponticis
1890 3585 1944 3631 et

349 3664 416 3717 ab
437 3662 694 3734 Egyptio
737 3665 1001 3728 Busiride,
1034 3681 1062 3718 a
1089 3665 1254 3722 Gallis
1284 3666 1548 3721 Mercurio
1568 3711 1583 3734 ,
1616 3683 1645 3722 a
1690 3668 1944 3724 Romanis

350 3755 571 3810 Grtccus
620 3764 674 3810 et
726 3757 946 3823 Graeca,
1005 3759 1188 3814 Gallus
1245 3768 1302 3814 et
1365 3759 1512 3815 Galla
1578 3762 1938 3816 caedebantur.

353 3850 624 3904 Praeterea
669 3851 735 3904 ab
765 3850 952 3905 iisdem
984 3852 1236 3907 Romanis
1262 3853 1484 3908 Latialis
1512 3853 1721 3924 Jupiter
1768 3855 1945 3910 homi-

353 3940 440 3996 nis
507 3941 796 3996 crndeliter
853 3944 1024 3998 necati
1092 3946 1350 4016 sanguine
1406 3947 1600 4016 placari
1656 3947 1944 4003 ferebatur.

353 4032 485 4088 Tam
534 4032 820 4088 horrenda:
883 4044 1058 4090 autem
1138 4037 1362 4091 feritatis
1433 4039 1679 4106 exctnplo
1747 4037 1944 4093 factum

354 4135 542 4180 auctor
595 4136 777 4182 noster
825 4139 1026 4193 censet,
1084 4140 1141 4183 ut
1195 4130 1421 4184 Catilina
1475 4146 1666 4186 cruore
1716 4132 1948 4186 lnnnano

355 4219 750 4289 conjuraverit,
802 4220 890 4273 alii
947 4221 1177 4275 Bellona:
1242 4223 1660 4278 saerificaveriut
1730 4224 1948 4279 humani

356 4314 546 4367 haustu
577 4315 869 4384 sanguinis,
898 4331 962 4370 ac
1004 4316 1180 4384 plures
1207 4318 1527 4371 comitialem
1562 4319 1806 4372 morbum
1854 4336 1948 4374 eo-

357 4407 477 4463 dem
507 4408 741 4462 humano
771 4411 1051 4479 sanguine,
1079 4411 1127 4463 id
1142 4421 1242 4471 est,
1275 4421 1330 4464 ut
1373 4421 1518 4466 recte
1545 4411 1804 4467 Minucius
1831 4415 1946 4468 ani.

359 4502 665 4564 madvertit,
694 4502 868 4556 morbo
894 4505 1124 4573 graviore
1167 4508 1496 4561 sanaveriut.
1546 4509 1783 4578 Denique
1831 4510 1952 4566 huic

2046 3298 2265 3352 homine
2293 3310 2420 3351 caro
2468 3303 2618 3365 pasta
2660 3293 2727 3345 de
2757 3289 2975 3344 homine
3011 3309 3028 3340 ι
3064 3287 3375 3360 (Tertullian
3433 3291 3652 3362 .‘lpolog.

2044 3404 2159 3459 cap.
2195 3388 2248 3453 9,
2301 3386 2477 3457 pag/.9
2507 3384 2545 3455 ).
2596 3384 2863 3454 [ntegrum
2921 3381 3062 3435 hunc
3115 3380 3432 3435 Tertulliani
3474 3383 3653 3438 locum

2047 3481 2408 3538 exhibendum
2457 3493 2576 3533 esse
2627 3477 2915 3542 duximus,
2977 3475 3100 3542 quia
3155 3473 3227 3526 ibi
3276 3473 3363 3527 ille
3409 3477 3655 3544 quzedam

2048 3575 2294 3643 exempla
2333 3573 2399 3627 ab
2428 3582 2648 3626 auctore
2675 3581 2859 3624 nostro
2886 3562 3082 3621 intacta
3136 3566 3349 3635 protulit
3378 3581 3392 3630 ;
3447 3578 3500 3620 et
3552 3569 3656 3622 alia

2049 3668 2247 3723 clarius
2288 3667 2612 3734 uberiusque
2643 3663 2896 3732 exponit,
2953 3676 3181 3730 quorum
3231 3661 3344 3728 ipse
3394 3660 3658 3716 Minucius

2050 3771 2234 3819 noslel'
2268 3763 2480 3815 videtur
2525 3760 2717 3814 fecisse
2765 3755 3165 3824 compendium.
3220 3754 3425 3824 Negare
3476 3769 3654 3811 tamen

2052 3872 2157 3910 non
2183 3868 2470 3924 posuunus
2502 3850 2678 3920 priora
2721 3847 2962 3916 ejusdem
2997 3845 3313 3899 Tertulliani
3347 3846 3508 3900 verba
3536 3848 3654 3915 qui.

2052 3947 2276 4004 busdam
2308 3961 2412 3999 non
2443 3957 2626 3997 carere
2662 3938 3086 3994 difficultatibus.
3140 3935 3245 3990 Sed
3277 3953 3336 3990 ea
3387 3954 3484 3992 suo
3533 3940 3653 3994 loco

2054 4059 2151 4114 pro
2197 4040 2336 4094 virili
2401 4047 2552 4107 parte
2619 4042 2801 4088 nostra
2873 4029 3165 4098 explanare
3230 4039 3283 4082 ct
3356 4029 3653 4085 dissolvere

2054 4135 2372 4192 conabimur
2403 4129 2694 4201 (Dissertat.
2729 4127 2782 4177 in
2808 4122 3025 4177 Tertull.
3053 4120 3273 4190 Apolog.
3307 4119 3343 4190 ).

2126 4231 2341 4285 Interim
2370 4239 2498 4280 vero
2529 4218 2727 4290 aliquid
2771 4218 2840 4272 de
2895 4214 3172 4268 horrendis
3223 4213 3327 4266 illis
3374 4212 3650 4267 hominum

2055 4325 2124 4378 ab
2154 4323 2272 4377 aliis
2317 4315 2618 4373 hominibus
2648 4320 3000 4366 mactatorum
3038 4305 3314 4359 sacrificiis
3338 4304 3650 4362 dicendum.

2058 4419 2198 4475 Nihil
2246 4429 2374 4469 vero
2401 4423 2621 4466 necesse
2651 4417 2709 4462 ut
2744 4406 2896 4476 plura
2925 4415 3280 4471 congeramus
3304 4399 3371 4455 de
3415 4401 3652 4467 celebri,

2061 4510 2349 4583 paucisque
2388 4501 2652 4572 incognita
2695 4497 3030 4554 ethnicorum
3079 4493 3361 4562 Opinione,
3414 4509 3514 4562 qua
3563 4492 3658 4548 Sa-

358 4612 615 4668 perquam
675 4596 1075 4651 immanissimar
1120 4599 1422 4655 crudelitati
1455 4616 1572 4655 eam
1616 4602 1756 4657 haud
1797 4602 2032 4667 dissi-D
2058 4616 2247 4661 turnus
2273 4602 2408 4654 lilios
2449 4611 2575 4651 suos
2604 4607 2823 4648 vorasse
2870 4586 3200 4658 perhibetur.
3255 4585 3432 4640 Missis
3478 4585 3660 4655 itaque

359 4687 542 4741 milem
571 4703 690 4743 esse
738 4687 892 4755 dixit,
928 4705 1029 4758 qua
1062 4690 1277 4744 athleta:
1308 4691 1468 4761 aliqui
1502 4693 1551 4746 in
1584 4709 1743 4748 arena
1788 4693 1950 4758 feras,

363 4779 640 4834 hominum
667 4797 857 4837 cruore
910 4793 962 4839 et
993 4785 1248 4840 membris
1279 4787 1567 4854 saginatas,
1600 4786 1858 4857 liguriunt
1895 4801 1957 4840 ac

363 4874 644 4930 devorant.
678 4876 792 4942 Qua
815 4894 943 4948 ergo
991 4877 1168 4934 fronte
1219 4879 1481 4944 Gentiles,
1535 4880 1811 4935 concludit
1856 4879 1956 4933 Mi-

367 4969 578 5031 nucius,
609 4977 685 5022 tot
711 4970 990 5023 criminum
1021 4969 1130 5036 rei,
1182 4970 1475 5040 impudenti
1521 4971 1790 5026 calumnia
1819 4971 1958 5040 obji-

365 5075 490 5116 cere
520 5070 766 5130 poterant
799 5061 1051 5116 infantem
1098 5078 1126 5117 a
1159 5062 1477 5118 Christianis
1524 5063 1730 5128 occidi,
1788 5063 1962 5116 vorari

366 5153 485 5224 ejus
507 5170 697 5209 carnes
741 5164 796 5210 et
826 5156 934 5210 bibi
982 5158 1296 5228 sanguinem
1318 5158 1342 5199 ?
1364 5158 1468 5214 Sed
1507 5160 1653 5228 prius
1683 5157 1969 5212 Tertullia-

367 5264 468 5304 nus
497 5247 840 5304 falsissimam
881 5249 1026 5304 illam
1057 5252 1488 5308 criminationem
1515 5252 1694 5307 acrius
1722 5251 1971 5321 hancque

365 5339 738 5396 confutaverat
784 5343 835 5396 in
876 5343 1132 5398 modum:
1173 5363 1190 5396 ι
1227 5345 1351 5399 11ωο
1399 5361 1504 5414 quo
1553 5344 1722 5415 magis
1776 5343 1974 5397 refuta-

364 5434 559 5498 verim,
591 5450 622 5489 a
649 5435 802 5490 vobis
847 5435 960 5492 ﬁeri
990 5438 1270 5493 ostendam
1307 5439 1499 5509 partim
1547 5439 1598 5492 in
1648 5444 1868 5506 aperto,
1923 5442 1979 5489 et

368 5527 567 5597 partim
607 5529 658 5582 in
692 5530 938 5596 occulto,
994 5546 1092 5600 per
1140 5531 1283 5601 quod
1336 5530 1558 5584 forsitan
1619 5539 1672 5583 et
1718 5527 1783 5582 de
1824 5526 1980 5580 nobis

369 5619 700 5676 credidistis.
753 5622 994 5680 Infantes
1027 5641 1191 5696 penes
1219 5624 1456 5679 Africam
1507 5622 1738 5677 Saturno
1785 5621 1982 5674 immo-

372 5709 626 5766 labantur
660 5713 832 5780 palam
868 5732 1035 5788 usque
1081 5717 1146 5770 ad
1206 5716 1542 5772 consulatum
1594 5713 1832 5777 Tiberii,
1894 5713 1984 5782 qtti

375 5802 525 5876 ipsos
601 5807 914 5864 sacerdotes
962 5811 1014 5865 in
1079 5810 1282 5864 eisdem
1335 5809 1614 5866 arboribus
1675 5807 1856 5881 templi
1906 5804 1990 5862 sui

819 5899 1100 5965 PATROL.
1151 5900 1262 5965 lll.

2061 4696 2342 4760 pmmnia,
2375 4690 2659 4748 Strabone.
2695 4683 2927 4739 Diodoro
2976 4680 3176 4739 Siculo,
3233 4675 3492 4743 [.nciano,
3548 4681 3658 4746 Ap—

2061 4790 2371 4862 pollodoro,
2398 4778 2698 4850 Theophila
2733 4775 3068 4829 Antiocheno
3094 4811 3108 4835 ,
3141 4779 3195 4862 et
3226 4771 3347 4862 aliis
3378 4770 3660 4862 quamplu-

2063 4858 2216 4940 rimis
2243 4879 2502 4953 (Pansan.
2539 4871 2623 4925 lib.
2655 4885 2747 4928 vn,
2774 4885 2824 4938 p.
2856 4863 2986 4926 2/52;
3023 4859 3196 4953 Strab.
3234 4858 3418 4953 Geogr.
3452 4877 3504 4953 ρΓ
3533 4859 3662 4953 ἇϐἓνς

2063 4974 2221 5030 Diod.
2253 4950 2420 5026 Sicul.
2444 4967 2481 5020 ι.
2506 4981 2534 5017 v
2562 4962 2830 5023 Bibliotlt.,
2860 4975 2911 5024 p.
2947 4955 3092 5010 235;
3126 4950 3345 5004 Lucian.
3375 4951 3437 5003 de
3467 4952 3665 5012 Sacrif.

2068 5086 2122 5138 p.
2145 5066 2237 5124 7'5;
2272 5057 2511 5127 Apollod.
2544 5054 2632 5107 lib.
2668 5069 2682 5105 ι
2722 5050 2835 5102 Bib.
2867 5046 3007 5109 init.;
3035 5043 3232 5138 Theop.
3264 5042 3503 5138 Antioch.
3535 5041 3622 5094 lib.
3652 5056 3672 5094 ῐ

2070 5132 2137 5214 ad
2166 5153 2335 5210 Autol.
2373 5169 2424 5220 p.
2459 5147 2549 5207 '75,
2583 5155 2628 5198 et
2655 5145 2740 5196 lib.
2769 5156 2848 5202 ιιι,
2881 5153 2999 5206 pag.
3039 5136 3138 5188 118
3168 5133 3209 5203 ),
3244 5132 3476 5186 sufficiat
3502 5149 3673 5186 anno-

2075 5261 2216 5306 tasse
2244 5261 2360 5300 eam
2389 5241 2457 5294 ab
2489 5236 2720 5292 llesiodo
2749 5233 2832 5286 liis
2853 5227 3126 5283 decantari
3157 5225 3406 5281 versibus
3427 5224 3670 5297 (llcsiocl.

2079 5331 2543 5414 valiscum):
2651 5409 2658 5414 _
2830 5404 2898 5414 ,,
2998 5401 3060 5413 ,,
3163 5403 3168 5409 .

2326 5415 2484 5456 “ebeno
2599 5409 2705 5458 ταὶης
2729 5421 2767 5444 τι
2786 5406 2844 5443 ul.
2867 5406 3018 5453 οὖρανοῦ
3040 5406 3275 5451 ἀστιρὸιντος

2329 5477 2468 5518 Οὖνιιιά
2491 5460 2526 5511 oi.
2545 5460 2710 5519 alapa-ro
2731 5470 2776 5519 ἰῷ
2797 5468 2866 5504 διὸ
2889 5460 2994 5502 παιδὶ
3017 5460 3193 5512 δαμῆναι,

2333 5542 2410 5581 Καὶ
2433 5543 2591 5589 κρατερῷ
2615 5547 2680 5583 κιρ
2705 5533 2813 5576 lavet,
2831 5530 2908 5573 Διὸς
2934 5528 3091 5576 μεγάλω
3110 5522 3172 5589 Sid
3201 5524 3345 5589 ﬂooldg.

2333 5599 2399 5639 Ta.
2431 5584 2490 5651 ὄξι
2598 5597 2846 5641 (aucupatum
2871 5590 2988 5640 ἱσιιν,
3011 5590 3107 5627 illd
3130 5584 3286 5625 δωιιζων

2336 5661 2478 5709 Παῖδας
2505 5663 2581 5707 tot);
2607 5661 2788 5698 κατιπινι.

2184 5739 2424 5793 Audierat
2449 5737 2577 5796 enim
2600 5745 2663 5780 ex
2690 5737 2823 5778 terra
2851 5735 2900 5775 et
2925 5724 3118 5796 oculost
3152 5720 3228 5796 llis
3252 5719 3462 5796 micante

2188 5785 2336 5867 ὂῦὂίι
2349 5785 2440 5852 sibi
2460 5795 2608 5848 fatale
2628 5800 2765 5844 esset
2789 5791 2985 5856 prOprio
3003 5802 3030 5834 a
3053 5786 3157 5834 tilio
3181 5785 3385 5842 domari,

2928 5869 3004 5938 16
