4264 6258
585 296 687 353 491

1870 293 1959 351 DE
2000 294 2045 350 Μ
2057 291 2257 352 INUCll
2292 291 2589 353 OCTAVIO

3794 298 3907 358 J92

683 412 1011 472 Quantumvis
1032 410 1235 461 robusto
1279 410 1535 473 existenti,
1564 408 1701 459 Jovis
1721 412 1888 473 magni
1919 424 2011 485 per
2032 413 2191 460 coasi-
2217 412 2269 472 Λ
2297 426 2446 465 mare
2471 410 2737 482 demergit
2764 427 2782 461 ι
2812 410 2830 481 (
2856 410 3070 465 Diodor.
3105 408 3347 467 Biblioth.
3383 410 3471 466 lib.
3513 426 3607 478 xx,
3641 429 3764 485 pag.
3792 415 3898 472 759

684 538 907 602 Ideoque
934 549 1032 586 non
1069 549 1249 586 caacam
1288 534 1680 599 speculationem
1716 534 1907 602 habuit.
1944 473 2193 585 ἐρξῒὶηεί-

1742 598 1868 656 (dias
1903 606 2101 647 struens

691 664 844 715 Filios
866 675 978 713 suos
1000 661 1293 711 devorabat.

669 788 1028 859 Quamobrem
1085 785 1305 841 Nonnus
1378 782 1626 839 eumdem
1697 781 1986 839 Saturnum
2041 789 2199 836 vocat

602 901 622 934 ι
658 897 879 937 suorum
936 879 1310 935 devoratorem
1359 891 1685 947 puerorum,
1736 894 1754 928 ι
1820 882 1901 929 ἰῶν
1948 881 2198 944 θοινγςτορα

601 980 778 1031 παίδων
800 972 1032 1046 (Νοηη.,
1056 971 1147 1027 lib.
1178 986 1305 1037 ut;
1335 969 1582 1041 Dionys.,
1608 986 1715 1023 car.
1739 968 1892 1039 9J9).

671 1070 850 1126 Unum
901 1066 986 1121 bis
1036 1065 1189 1121 nobis
1244 1064 1478 1135 adjicere
1526 1064 1684 1118 liceat
1733 1062 2054 1125 Tatianum,
2109 1060 2200 1131 qui

597 1166 846 1238 ejusdem
891 1178 1000 1218 non
1052 1161 1225 1215 solum
1274 1159 1531 1225 Saturni,
1582 1156 1678 1212 sed
1733 1157 1957 1212 aliorum
1986 1169 2201 1225 quoque

598 1257 882 1329 exemplis,
908 1253 1154 1310 ethnicos
1174 1250 1671 1322 anthropophagiar,
1699 1249 1853 1319 cujus
1867 1247 2201 1302 Christianos

600 1354 737 1408 falso
768 1348 1178 1411 insimulabant,
1210 1347 1355 1405 hisce
1382 1347 1559 1399 verbis
1590 1345 1763 1413 arguit
1799 1363 1811 1399 :
1846 1363 1864 1396 ε
1895 1342 2047 1411 Apud
2081 1357 2199 1406 nos,

600 1445 793 1515 inquit,
818 1458 922 1495 non
941 1442 1210 1494 invenitur
1225 1438 1723 1508 anthropophagia:
1749 1436 1862 1489 falsi
1885 1445 2068 1497 testes,
2101 1435 2204 1490 hoc

600 1538 826 1595 crimine
852 1548 1038 1592 contra
1077 1548 1177 1588 nos
1217 1531 1479 1593 conﬁcto,
1518 1529 1838 1599 deprehensi
1868 1528 2019 1583 estis.
2045 1526 2203 1599 Apud

601 1648 696 1689 vos
723 1641 899 1687 autem
925 1628 1121 1698 Pelops
1147 1628 1371 1681 deorum
1401 1623 1572 1693 epulis
1594 1620 1900 1692 apponitur,
1923 1627 1979 1675 et
1998 1628 2205 1674 amatus

599 1728 847 1798 Neptuno
897 1739 1050 1795 puer,
1101 1730 1154 1777 et
1182 1720 1445 1775 Saturnus
1488 1716 1662 1781 ﬁlios,
1694 1725 1748 1770 et
1789 1714 1996 1785 Jupiter
2024 1714 2203 1768 Metim

2296 513 2344 556 et
2393 518 2531 573 seqq.
2563 502 2708 556 Idem
2741 504 2829 556 lib.
2866 520 2982 569 Xln,
3013 521 3133 575 pag.
3178 504 3283 558 577
3314 506 3355 574 ).
3405 504 3546 571 Quid
3571 520 3721 570 vero,
3754 507 3898 577 quod

2300 595 2615 649 Plutarchus
2657 604 2841 650 narrat
2868 595 3127 655 Gelonem
3172 612 3294 652 cum
3326 598 3482 653 victis
3533 614 3563 653 a
3614 614 3674 654 se
3703 615 3898 671 magno

2299 691 2485 761 proelio
2516 690 3028 763 Cartltagiuensilms
3052 733 3068 759 ,
3111 707 3405 763 pacemque
3446 694 3756 763 petentibus
3780 736 3796 758 ,
3833 710 3896 750 ea

2300 793 2507 839 tantum
2538 784 2846 839 conditione
2872 784 3019 840 illam
3048 785 3347 841 confecisse
3367 828 3381 852 ,
3417 795 3475 845 ut
3500 786 3734 842 Saturno
3761 787 3899 842 ﬁlios

2301 893 2427 933 suos
2469 877 2698 947 amplius
2739 892 2844 933 non
2889 879 3250 933 immolarent.
3292 878 3409 941 Huc
3452 879 3660 935 accedit
3698 880 3841 949 quod
3866 896 3899 936 a

2303 972 2559 1043 Dionysio
2602 970 3007 1027 llaliearuasseo
3042 973 3299 1042 scriptum
3339 972 3607 1043 legimus:
3644 991 3663 1026 ι
3705 972 3899 1028 Fertur

2302 1072 2516 1120 veteres
2551 1063 2841 1119 Saturnum
2881 1063 3091 1134 placare
3124 1064 3312 1119 solitos
3346 1063 3595 1120 humanis
3638 1063 3898 1131 victimis,

2303 1157 2442 1213 sicut
2479 1156 2961 1229 Carthaginienses,
3016 1156 3144 1212 dum
3196 1158 3345 1215 stetit
3395 1171 3583 1213 eorum
3635 1157 3797 1220 urbs.
3848 1165 3905 1213 et

2305 1247 2448 1306 idem
2483 1266 2624 1305 nunc
2651 1266 2864 1321 quoque
2893 1250 2950 1305 fit
2979 1250 3120 1319 apud
3146 1249 3331 1305 Gallos
3350 1288 3364 1311 ,
3418 1249 3660 1320 aliasque
3711 1258 3903 1319 gentes

2306 1342 2585 1399 Occidenti
2641 1342 2920 1412 proximas
2970 1360 2988 1392 ι
3027 1341 3046 1412 (
3078 1340 3295 1412 Dionys.
3336 1340 3570 1395 Halicar.
3600 1340 3689 1395 lib.
3724 1357 3765 1406 ι,
3792 1341 3905 1395 Aa-

2309 1438 2475 1507 tiquit.
2522 1433 2745 1488 Roman.
2795 1451 2915 1505 pag.
2949 1433 3020 1489 50
3047 1432 3086 1504 ).
3145 1433 3241 1489 Cui
3276 1447 3435 1503 porro
3465 1433 3583 1489 haec
3614 1450 3721 1489 non
3751 1433 3907 1489 sufﬁ—

2308 1531 2485 1591 cient,
2521 1529 2565 1582 is
2598 1527 2739 1599 legat
2768 1527 2943 1595 adhuc
2968 1527 3233 1582 Iustinum
3260 1536 3573 1598 martyrem,
3595 1528 3903 1599 Origenem,

2309 1621 2698 1692 Augustinum,
2770 1618 2861 1690 qui
2934 1628 3123 1675 testem
3165 1635 3322 1674 suum
3384 1620 3673 1674 Varronem
3725 1621 3912 1677 citavit

2311 1716 2328 1787 (
2355 1713 2553 1768 Iastia.
2602 1712 2819 1783 Apoloq.
2872 1728 2928 1779 n,
2981 1730 3101 1784 pag.
3150 1712 3255 1778 50;
3291 1711 3500 1784 Urigen.
3559 1712 3648 1768 lib.
3678 1729 3709 1768 ν
3744 1723 3912 1770 contr.

597 1822 842 1876 devorat.
878 1836 896 1869 ι
929 1815 1049 1888 Παιβ
1081 1823 1192 1882 ἡμῖν
1219 1818 1300 1867 οὐκ
1332 1820 1457 1865 ἔστιν
1494 1812 1898 1879 ἀνθρωποφαγίοι,
1935 1810 2207 1876 ψευδομάρ-

2314 1806 2446 1863 Cels.
2500 1824 2620 1879 pag.
2648 1806 2776 1873 249;
2810 1806 3078 1878 Augustin.
3121 1806 3208 1860 lib.
3240 1823 3329 1861 vn.
3369 1812 3432 1860 de
3471 1804 3621 1861 Civil.
3676 1823 3792 1878 cap.
3847 1807 3914 1864 19

600 1937 729 1984 rupe;
766 1921 808 1965 οῑ
854 1912 1244 1974 ἐπιτηδευόμενα
1296 1906 1529 1973 γεγόνατε.
1587 1901 1702 1971 παρ’
1745 1904 1854 1968 ὑμῖν
1898 1903 1945 1951 δὲ
1992 1900 2012 1947 ὃ
2050 1905 2207 1964 Πέλοψ

599 2011 785 2060 δεῖπνον
810 2019 899 2060 τῶν
917 2010 1027 2056 θεῶν
1051 2010 1250 2064 γίνεται,
1271 1999 1352 2050 καὶ
1370 1997 1653 2054 Ποσειδῶνος
1674 1997 1916 2061 (pob/cev“,
1936 1993 2017 2043 καὶ
2036 1991 2206 2058 Κρόνος

597 2106 707 2159 τοὺς
730 2104 849 2155 uiui);
872 2096 1138 2152 nivalium,
1156 2094 1237 2143 καὶ
1258 2090 1403 2150 Elei);
1420 2095 1497 2141 τόν
1520 2092 1683 2148 Μῆτιν
1700 2094 1955 2140 καταπίνει
1970 2081 2204 2155 (Tatiau.

610 2186 757 2242 Orat.
788 2197 967 2241 contra
996 2184 1161 2236 (ἔπινε.
1188 2197 1310 2252 pag.
1340 2177 1490 2250 162).

672 2278 1127 2346 Carthaginenses
1178 2284 1355 2325 autem
1402 2271 1632 2325 Saturno
1691 2269 1921 2323 ﬁliorum
1983 2283 2203 2323 suorum

605 2372 842 2427 voratori
888 2367 1172 2443 gratiIiCari
1197 2365 1512 2434 cupientes,
1556 2363 1604 2417 ei
1648 2377 1805 2424 suos,
1861 2361 1931 2416 uti
1957 2371 2103 2416 recte
2130 2360 2208 2413 ait

603 2466 869 2522 Minucius
902 2473 1108 2528 noster,
1143 2461 1282 2515 ﬁlios
1321 2459 1719 2515 sacriﬁcabant.
1759 2458 1909 2513 Plato
1937 2456 2203 2526 siquidem

604 2560 706 2615 etsi
748 2557 924 2628 palam
971 2554 1246 2626 negaverit
1288 2553 1528 2605 homines
1570 2551 1673 2605 hoc
1710 2550 1941 2604 barbaro
1985 2565 2135 2603 more
2176 2564 2205 2602 a

606 2652 953 2723 pepulartbus
1014 2649 1130 2703 suis
1187 2647 1352 2701 fuisse
1407 2660 1592 2701 revera
1653 2654 1946 2708 mactatos,
2006 2642 2205 2696 ibidem

603 2746 955 2802 nihilominus
1008 2742 1205 2812 adjecit
1238 2761 1249 2795 :
1290 2760 1308 2792 ι
1343 2739 1542 2795 Contra
1592 2754 1721 2794 vero
1759 2738 2208 2807 Carthaginienses

600 2839 655 2895 id
686 2839 905 2903 Solent;
961 2837 1160 2906 quippe
1206 2833 1349 2906 quod
1408 2835 1539 2901 ipsis
1570 2842 1810 2887 sanctum
1835 2874 1850 2900 ,
1883 2840 2043 2901 atque
2071 2831 2206 2902 legi-

602 2937 816 3000 timum,
849 2936 1177 3003 Καρχηδόνιοι
1228 2933 1276 2982 δὲ
1326 2934 1534 2992 θύουσιν,
1581 2934 1641 2987 ὡς
1686 2934 1834 2991 ὅσιον,
1882 2931 1967 2979 καὶ
2014 2929 2212 2994 νόμιμον

605 3033 793 3091 αὐταῖς.
828 3025 962 3080 Illud
1008 3032 1186 3078 autem
1221 3021 1361 3092 apud
1404 3022 1548 3091 ipsos
1595 3020 1839 3075 solemne
1885 3029 1966 3073 cst
2008 3029 2064 3072 ut
2124 3019 2207 3087 ip-

605 3137 790 3176 sorum
825 3118 1068 3173 nonnulli
1100 3116 1239 3171 ﬁlios
1265 3130 1392 3170 suos
1423 3116 1658 3169 Saturno
1680 3113 2076 3169 sacriﬁcent....
2100 3112 2208 3166 Sed

2311 1898 2525 1972 6126).

2382 1992 2488 2048 Sed
2524 1991 2740 2048 attende
2763 2033 2776 2057 ,
2811 2005 3029 2063 quaeso,
3082 1992 3208 2061 quid
3252 2006 3356 2048 non
3390 1991 3599 2062 possint
3627 1990 3908 2058 homines,

2308 2085 2418 2139 sola
2473 2085 2621 2139 falsa:
2674 2085 2888 2155 pietatis
2921 2084 3110 2139 umbra
3155 2084 3413 2154 decepti?
3464 2103 3482 2137 ‹
3522 2086 3568 2140 Α
3599 2086 3912 2155 parentibus

2310 2178 2560 2243 infantes,
2578 2197 2597 2231 ι
2622 2178 2787 2248 inquit
2813 2177 3097 2245 Minucius,
3124 2198 3142 2230 ι
3170 2178 3606 2240 immolabantur,
3639 2177 3912 2235 blanditiis

2308 2281 2361 2325 et
2397 2274 2583 2327 osculo
2612 2272 3036 2339 comprimentcs
3067 2272 3339 2340 vagitum,
3380 2286 3446 2326 ne
3491 2269 3684 2325 ﬁebilis
3731 2269 3905 2324 hostia

2311 2367 2640 2422 inuuoletur.
2679 2383 2697 2417 ι
2737 2365 3071 2420 Prmeuntem
3102 2380 3232 2419 vero
3262 2364 3332 2421 ibi
3358 2364 3600 2433 sequitur
3622 2363 3909 2419 Tertullia-

2310 2476 2433 2514 unm
2460 2501 2474 2525 ,
2503 2460 2592 2530 qui
2625 2460 2698 2514 uti
2722 2457 2832 2528 jam
2863 2459 3269 2522 annotavimus,
3298 2455 3509 2512 dixerat
3540 2474 3554 2510 :
3593 2474 3612 2509 t
3650 2456 3912 2511 Parentes

2309 2553 2609 2607 eliciebant
2640 2553 2776 2607 ﬁlios
2805 2566 2952 2616 suos,
2973 2564 3027 2608 et
3059 2552 3287 2608 libentes
3314 2550 3912 2620 respondebant,ctin-

2310 2644 2545 2698 fantibus
2570 2644 2983 2699 blandiebantur
3008 2659 3075 2698 ne
3097 2643 3455 2713 lacrymantes
3476 2642 3906 2697 immolarentur»

2313 2736 2544 2809 rTertul.
2577 2737 2728 2805 Apol.
2760 2753 2876 2805 cap.
2894 2736 2972 2806 9).
3007 2738 3076 2790 At
3098 2736 3141 2789 si
3174 2749 3299 2790 tunc
3325 2736 3555 2790 ﬁliorqu
3583 2749 3803 2809 suorum
3831 2748 3919 2788 va-

2309 2831 2476 2900 gitum
2500 2837 2556 2885 et
2577 2830 2859 2901 lacrymas,
2887 2829 3155 2898 quomodo
3177 2829 3277 2898 ipsi
3300 2844 3396 2884 sua
3414 2829 3667 2898 suspiria,
3684 2827 3913 2898 gemitus

2310 2930 2361 2975 et
2406 2935 2621 2975 onmem
2663 2920 2873 2989 paterni
2900 2920 3084 2975 cordis
3114 2934 3365 2987 sensum,
3406 2919 3527 2975 illos
3582 2918 3912 2986 occidendo,

2312 3014 2592 3069 continere
2638 3013 2926 3085 poterant?
2970 3013 3045 3068 Ea
3088 3024 3261 3067 tamen
3320 3022 3646 3083 praepostera
3696 3012 3917 3074 omnino

2313 3105 2626 3162 fortitudine
2658 3106 2948 3161 liberorum
2977 3105 3209 3175 gemitus
3234 3115 3287 3160 et
3311 3105 3576 3177 laerymas
3596 3103 3921 3175 comprime-

606 3214 767 3269 etiam
802 3213 835 3265 ii
866 3209 1070 3276 ϐπερὶ,
1106 3208 1195 3281 qui
1242 3210 1292 3262 io
1326 3206 1487 3279 Lycia
1534 3205 1805 3267 habitant.
1849 3213 1902 3259 et
1940 3220 2006 3258 ex
2041 3204 2207 3259 Atha-
2234 3206 2279 3269 C
2312 3199 2478 3264 bant,
2513 3214 2580 3255 ne
2608 3198 2802 3265 flebilis
2830 3208 2882 3254 et
2932 3199 3234 3269 lacrymans
3278 3196 3481 3262 hostia,
3524 3208 3687 3267 atque
3717 3195 3920 3252 idcirco

604 3316 788 3359 mante
844 3301 1085 3365 oriundi,
1115 3301 1346 3373 aequales
1380 3300 1583 3353 hostias
1605 3297 1908 3353 sacriﬁcant
1943 3314 1963 3347 ι
2008 3294 2210 3367 (Ριαιο,

607 3406 730 3453 tam.
763 3412 798 3451 tt
828 3395 917 3448 lib.
942 3392 1102 3449 Petit.
1134 3408 1252 3461 pag.
1286 3388 1438 3459 515).

679 3488 833 3558 Apud
882 3486 1170 3541 Eusebium
1223 3498 1437 3554 quoque
1501 3482 1616 3536 haec
1675 3482 1927 3553 leguntur
1982 3481 2201 3536 Diodori

609 3580 772 3637 Siculi
804 3579 870 3634 de
899 3575 1447 3646 Carthaginensibus,
1516 3574 1585 3628 ab
1650 3574 1950 3644 Agathocle
2016 3573 2214 3631 Sicilia!

607 3682 838 3746 tyranno
888 3667 1159 3732 obsessis,
1207 3666 1410 3720 verba:
1448 3683 1466 3717 t
1524 3664 1722 3719 Iratum
1770 3664 1872 3719 sibi
1920 3664 2211 3719 Saturnum

608 3781 731 3822 esse
767 3764 865 3819 hac
908 3763 976 3818 de
1014 3776 1175 3815 causa
1204 3759 1518 3815 dubitabant
1540 3800 1553 3824 ,
1587 3758 1729 3829 quod
1771 3773 1893 3813 cum
1928 3759 2026 3826 ipsi
2057 3768 2212 3827 antea

609 3860 902 3917 liberorum
968 3869 1189 3913 suorum
1254 3853 1442 3908 florem
1519 3852 1895 3919 immolarent,
1957 3853 2215 3924 deinceps

607 3950 826 4007 nonnisi
879 3962 1074 4018 pueros
1126 3944 1422 4017 quosdam,
1471 3943 1649 4000 furtim
1706 3952 2020 4015 coemptos,
2055 3956 2215 4017 atque

610 4046 707 4101 abs
737 4059 796 4100 se
820 4042 1078 4099 educatos
1098 4084 1112 4108 ,
1142 4039 1208 4096 ad
1243 4039 1561 4094 sacriﬁcium
1592 4038 1990 4096 submitterent.
2031 4039 2214 4110 itaque

617 4140 719 4195 hac
744 4138 811 4193 de
844 4153 904 4192 re
932 4136 1234 4217 qumstione
1267 4132 1447 4189 habita
1470 4172 1487 4198 ,
1542 4133 1831 4188 nonnullos
1887 4149 1953 4195 ex
1980 4133 2092 4197 eis,
2125 4134 2214 4200 qui

610 4247 767 4288 sacro
796 4245 861 4286 ac
890 4228 1120 4285 solemni
1152 4226 1255 4281 ritu
1277 4226 1403 4280 ca'si
1426 4233 1615 4291 erant,
1650 4225 2017 4294 supposititios
2049 4223 2215 4279 fuisse

609 4330 949 4394 repererunt.
979 4319 1110 4395 Quae
1136 4331 1259 4373 cum
1314 4331 1495 4371 secum
1543 4315 1641 4385 ipsi
1692 4324 2036 4384 reputarent,
2084 4315 2213 4369 hos-

612 4414 856 4481 tiumque
894 4418 1072 4463 castra
1115 4404 1383 4459 moenibus
1427 4405 1539 4458 suis
1580 4405 1861 4471 imtuincre
1892 4415 2211 4479 cernerent,

615 4518 808 4569 magna
840 4500 944 4553 illis
976 4499 1169 4566 injecta
1200 4495 1389 4565 religio
1420 4504 1502 4549 est
1523 4536 1539 4562 ,
1572 4495 1722 4565 quasi
1766 4498 1969 4567 patrios
1989 4496 2213 4549 deorum

2316 3289 2419 3345 diis
2449 3290 2673 3346 minime
2723 3300 2908 3361 grata,
2960 3300 3311 3347 mactaretur.
3369 3290 3569 3347 Malum
3635 3291 3923 3346 enimvero

2316 3401 2475 3441 omen
2500 3396 2616 3441 erat
2635 3426 2649 3448 .
2678 3386 2722 3440 si
2751 3385 2924 3445 hostia
2947 3401 3254 3456 repugnans
3274 3427 3289 3449 ,
3325 3393 3485 3456 atque
3514 3385 3678 3440 invita
3707 3382 3919 3439 sacriﬁ-

2317 3480 2557 3534 cabatur.
2592 3478 2809 3534 Testem
2841 3480 2887 3534 si
2913 3478 3143 3549 aliquem
3176 3478 3342 3545 velis,
3387 3477 3510 3534 audi
3541 3477 3871 3535 Macrobium
3902 3493 3921 3531 :

2323 3593 2343 3627 ι
2382 3572 2738 3629 Observatum
2794 3582 2877 3628 est
2934 3572 2964 3626 ἡ
3027 3572 3488 3637 sacriﬁcantibus,
3536 3582 3594 3627 ut
3646 3571 3693 3628 si
3746 3570 3922 3626 hostia

2317 3682 2435 3737 quae
2462 3666 2529 3720 ad
2552 3681 2672 3721 aras
2717 3665 3028 3729 duceretur,
3077 3666 3269 3720 fuisset
3321 3664 3696 3723 vehementius
3739 3664 3919 3721 reluc-

2320 3769 2425 3815 tata
2450 3802 2466 3826 ,
2510 3760 2938 3830 ostendissetque
2969 3775 3028 3816 se
3056 3760 3282 3815 invitam
3312 3760 3571 3823 altaribus
3601 3758 3916 3823 admoveri,

2318 3864 2659 3921 amoveretur
2679 3896 2694 3920 ,
2731 3856 2853 3924 quia
2882 3855 3047 3921 invito
3081 3855 3190 3909 Deo
3215 3854 3393 3910 oll'erri
3424 3868 3543 3911 eam
3587 3852 3867 3923 putabant.
3891 3869 3912 3903 ι

2318 3946 2444 4004 Sive
2470 3959 2528 4005 ut
2558 3948 2632 4003 ait
2658 3948 2892 4015 Plinius;
2944 3967 2962 4000 ι
3000 3964 3099 4007 nec
3128 3950 3303 4003 aliena
3335 3948 3508 4004 hostia
3530 3946 3663 4004 deos
3693 3946 3917 4017 placari,

2318 4058 2418 4098 ncc
2473 4042 2780 4099 retralleute
2810 4058 2868 4097 se
2909 4041 3016 4096 aris
3053 4061 3072 4093 ι
3134 4041 3153 4111 (
3180 4040 3412 4097 Macrob.
3444 4041 3531 4096 lib.
3562 4057 3622 4097 ut
3651 4040 3921 4097 Saturnal.

2316 4150 2436 4205 cap.
2470 4135 2525 4195 5;
2554 4133 2699 4191 Plin.
2733 4134 2822 4193 lib.
2854 4149 2947 4190 Vill
2997 4132 3184 4188 Natur.
3216 4132 3359 4188 Hist.
3392 4150 3509 4205 cap.
3534 4133 3627 4201 «55,
3659 4153 3714 4204 p.
3761 4132 3917 4203 221).

2319 4234 2656 4302 Quapropter
2696 4229 3016 4293 infaustum,
3069 4237 3203 4283 teste
3248 4227 3425 4285 adhuc
3461 4226 3750 4283 Ammiano
3781 4228 3926 4289 Mar-

2318 4329 2513 4384 cellino
2540 4369 2552 4390 ,
2609 4325 3097 4391 existimaverunt,
3148 4321 3291 4393 quod
3318 4322 3372 4379 in
3402 4321 3605 4378 Juliani
3643 4323 3920 4391 Apostataa

2320 4422 2583 4478 sacriﬁcio
2624 4422 2867 4476 decimus
2917 4429 3134 4485 taurus,
3181 4418 3355 4489 ruptis
3397 4418 3625 4472 vinculis
3664 4417 3918 4488 elapsus,

2317 4532 2460 4587 aegre
2508 4515 2763 4571 reductus
2809 4523 2911 4570 est.
2967 4514 3263 4585 (Ammian.
3332 4511 3552 4567 Marcet.
3624 4512 3716 4566 lib.
3765 4528 3919 4577 ntv,

614 4595 855 4648 honores
884 4587 1250 4642 sustulissent.
1284 4588 1459 4656 Atque
1486 4584 1625 4638 hunc
1654 4600 1890 4639 errorem
1922 4596 1977 4639 ut
2005 4597 2212 4640 mature
2239 4602 2291 4661 ι)
2317 4584 2434 4681 ω’ρο
2471 4611 2520 4674 δ’
2556 4628 2675 4680 pag.
2706 4608 2860 4680 409.)
2894 4584 3187 4665 Fuhesmm
3233 4606 3395 4662 etiam
3425 4605 3684 4675 pompam
3715 4613 3930 4674 parte"-

613 4688 999 4756 procurarent,
1052 4678 1284 4749 primum
1324 4676 1539 4745 quidem
1600 4677 1865 4741 eximios,
1911 4679 2212 4732 communi-

612 4779 822 4845 busque
874 4774 1039 4827 lectos
1096 4766 1385 4839 sofl'ragiis,
1426 4767 1800 4822 atloleSrentcs
1844 4769 2064 4822 otnuino
2110 4771 2212 4825 du~

616 4878 803 4926 centes
822 4865 1031 4936 publice
1049 4861 1417 4917 immolarunt.
1438 4860 1641 4916 Deinde
1660 4876 1786 4914 vero
1810 4860 1900 4914 alii
1930 4873 2210 4931 praeterea,

618 4965 705 5037 qui
730 4962 939 5018 violata:
957 4958 1230 5028 religionis
1248 4955 1405 5025 vulgo
1426 4955 1661 5024 suspecti
1688 4964 1870 5009 essent
1887 4996 1901 5019 ,
1934 4958 2072 5010 ultro
2094 4974 2214 5015 sese

614 5073 681 5116 ac
725 5064 916 5128 sponte
968 5051 1313 5111 obtulerunt,
1368 5049 1618 5103 trecentis
1670 5048 1807 5104 haud
1860 5052 2143 5121 pauciores
2192 5073 2211 5105 ι

614 5148 844 5224 (Euseb.
885 5145 973 5199 lib.
1007 5160 1057 5201 tv
1110 5141 1348 5211 Prwpar.
1401 5137 1601 5211 Evung.
1645 5158 1761 5212 cap.
1797 5139 1883 5203 16.
1914 5159 2033 5213 pag.
2070 5142 2220 5217 161).

616 5241 747 5297 Haec
788 5246 965 5294 autem
998 5238 1279 5304 desumpta
1307 5243 1431 5288 sunt
1465 5248 1528 5287 ex
1574 5232 1828 5288 vicesimo
1875 5224 2221 5293 Bibliotheca:

618 5333 860 5402 ejusdem
893 5326 1107 5382 Diodori
1155 5326 1329 5391 libro,
1363 5326 1649 5396 illiusque,
1693 5338 1746 5382 et
1790 5325 2009 5382 Eusebii
2045 5345 2222 5401 graeca

617 5426 783 5481 verba
811 5424 950 5477 inter
976 5437 1032 5473 se
1065 5420 1313 5475 conferre
1341 5420 1560 5485 poteris.
1592 5420 1713 5476 Alio
1743 5431 1919 5477 autem
1955 5424 2219 5481 Diodorus

618 5519 675 5573 in
725 5515 866 5570 libro
905 5513 972 5568 de
993 5511 1241 5566 Imilcare
1284 5512 1494 5567 dixerat
1531 5529 1549 5566 :
1593 5531 1611 5563 ‹
1652 5514 1759 5569 Diis
1797 5516 2220 5584 supplicationes

615 5609 725 5666 ritu
756 5606 939 5678 patriae
985 5602 1298 5670 instituenS,
1340 5614 1509 5675 raptu
1547 5603 1710 5674 Κρόνῳ
1752 5610 1906 5661 παῖδα
1933 5616 2219 5678 σφαγιάσας,

620 5715 686 5772 τῷ
728 5706 776 5755 δὲ
824 5701 1073 5753 Ποσειδῶνι
1122 5698 1297 5757 πλῦβος
1354 5705 1508 5768 ἱερέων
1570 5710 1955 5767 auratos-riam,
1997 5716 2224 5770 puerum

618 5794 853 5849 Saturno
896 5796 1130 5852 mactat,
1178 5795 1233 5841 et
1269 5786 1518 5859 Neptuno
1550 5787 1760 5844 turbam
1787 5790 2138 5847 Saccrdotum
2168 5793 2223 5849 in

2316 4705 2444 4759 dere
2488 4702 2690 4772 aliquid
2717 4703 2828 4757 visa
2854 4709 2937 4757 est
2966 4719 2984 4751 ι
3021 4700 3105 4755 Ab
3134 4700 3285 4769 ipsis,
3313 4717 3333 4752 ι
3368 4698 3505 4753 sicut
3552 4699 3628 4752 ait
3682 4696 3929 4753 Valerius

2319 4797 2612 4858 Maximus,
2642 4814 2661 4847 ‹
2702 4795 2960 4853 altaribus
2994 4794 3288 4849 hostiarum
3320 4792 3441 4863 fuga
3476 4810 3496 4845 ι
3531 4789 3739 4863 (Valer.
3778 4790 3923 4845 Max.

2317 4890 2406 4944 lib.
2460 4906 2498 4956 ι,
2555 4906 2673 4960 cap.
2720 4888 2772 4955 6,
2821 4887 3041 4960 ςηκ
3081 4886 3169 4942 vel
3226 4883 3684 4956 quemadmodum
3737 4883 3935 4939 cecinit

2317 4982 2565 5038 Lucanus
2596 4999 2610 5037 :

2444 5099 2683 5147 Admotus
2706 5098 2918 5154 superis,
2943 5096 3163 5145 discussa
3180 5094 3310 5156 fugit
3331 5094 3394 5143 ab
3411 5105 3494 5143 ara

2446 5161 2652 5217 Taurus,
2682 5168 2734 5222 et
2754 5158 3007 5211 Emathios
3034 5171 3254 5222 princeps
3277 5158 3469 5222 sejecit
3493 5159 3541 5204 in
3566 5165 3731 5222 agros,

2446 5223 2690 5284 Nullaque
2712 5220 2924 5271 funestis
2948 5217 3153 5270 inventa
3179 5217 3259 5269 est
3283 5217 3482 5268 victima
3505 5217 3680 5267 sacris.

3107 5303 3332 5366 (Lucam,
3357 5303 3375 5351 l
3419 5319 3504 5365 vn,
3530 5314 3577 5352 υ.
3605 5300 3742 5364 156.)

2326 5414 2395 5485 At
2425 5426 2532 5467 non
2578 5410 2658 5465 his
2699 5418 2903 5465 tantum
2937 5408 3196 5483 exemplis
3221 5407 3460 5464 Gentiles
3491 5403 3766 5473 homicidii
3799 5417 3926 5477 par-

2326 5505 2608 5576 ricidiique
2647 5503 3124 5570 convincehantur,
3157 5500 3253 5557 sed
3294 5500 3414 5555 aliis
3444 5498 3620 5557 adhuc
3652 5494 3930 5571 plurimis,

2327 5614 2446 5671 qua:
2467 5614 2496 5654 a
2528 5597 2681 5655 nobis
2710 5594 3029 5654 excutienda
3058 5603 3201 5650 sunt.
