4264 6258
491 286 520 341 4
528 284 596 342 95

1083 407 1371 452 ARTICULUS
1408 407 1484 449 ιιι.

495 559 609 625 Quo
639 556 807 609 adhuc
849 552 1001 607 modo
1031 552 1289 605 Minucius
1316 550 1548 605 ostendat
1577 565 1607 603 a
1629 547 1814 603 Tauris
1845 547 2100 612 Ponticis,

562 659 610 704 et
636 645 876 701 Busiride
890 644 963 699 1E
968 645 1144 716 gyptio
1161 643 1478 711 sacriﬁcator
1502 643 1746 713 hospites,
1770 659 1799 693 a
1822 639 1988 694 Gallis
2010 641 2103 694 Ito-

563 744 722 797 miues
759 741 1016 795 Mercurio
1055 779 1067 793 .
1102 757 1132 793 α
1166 739 1417 793 Romanis
1463 734 1698 791 ercum
1746 746 1791 791 et
1828 735 2059 790 ercam
2085 778 2099 800 ,

568 834 775 890 Gallum
801 843 845 890 et
872 832 1100 898 Gallam,
1133 832 1363 907 aliosque
1391 828 1515 885 Jovi
1545 828 1757 883 Latiali.

561 993 1024 1066 Quemadmodum
1055 992 1372 1064 quibusdam
1406 991 1599 1046 Africa:
1627 989 1839 1061 pOpulis
1866 988 2098 1044 infantes

489 1090 722 1147 Saturno
788 1086 1072 1142 immolare
1134 1083 1616 1139 inhumanissimus
1671 1098 1785 1136 mos
1835 1081 1972 1147 fuit,
2025 1081 2097 1135 ita

496 1203 515 1236 ι
544 1183 736 1239 Tauris
764 1181 1058 1245 Ponticis,r
1092 1179 1165 1233 ait
1202 1178 1497 1243 Minucius,
1529 1196 1545 1228 ι
1571 1186 1626 1232 et
1654 1176 1908 1247 A‘ngptio
1942 1176 2095 1229 Busi-

490 1275 630 1342 ridi,
683 1288 809 1329 suos
870 1272 973 1327 diis
1018 1270 1217 1325 lictitiis
1269 1256 1576 1324 sacrificare
1631 1267 1888 1336 hospites.
1943 1286 1961 1317 ι
2021 1266 2096 1321 De

489 1368 680 1423 Tauris
727 1375 905 1420 autem
962 1365 1077 1418 haec
1136 1362 1390 1417 Clemens
1439 1360 1831 1415 Alexandrinus
1895 1358 2087 1428 grzecis

486 1461 679 1516 litteris
708 1457 987 1513 mandavit
1011 1475 1023 1510 ς
1045 1462 1232 1525 Τθῧροι
1255 1464 1310 1508 τὸ
1334 1458 1457 1515 ἔθνος
1480 1493 1494 1519 ,
1523 1461 1569 1506 οἱ
1592 1456 1703 1522 περὶ
1737 1461 1825 1506 σι’-ἲν
1851 1457 2099 1519 Ταυρικήν

487 1559 781 1626 Χεῤῥὸνησον
839 1556 1202 1612 κατοικοῦντες,
1256 1552 1330 1610 οὓς
1361 1550 1417 1599 ἂν
1462 1563 1551 1602 τῶν
1594 1552 1730 1610 ξένων
1778 1542 1892 1613 παρ’
1935 1545 2096 1603 aiat-oi;

485 1653 642 1705 ἕλωσι.
669 1652 844 1703 τούτων
894 1647 952 1705 δὴ
979 1660 1068 1700 τῶν
1106 1647 1232 1698 κατὰ.
1275 1643 1518 1694 θάλασσαν
1563 1642 1871 1702 ἐπταικότων,
1920 1640 2096 1691 ain-{xei

484 1741 620 1809 μάλα
639 1744 700 1811 τῇ
734 1745 954 1809 Ταυρικῇ
981 1740 1298 1792 καταθῦιυσιν
1338 1724 1589 1811 Ᾰρι-ἐμιδι.
1630 1748 1649 1781 1
1683 1729 1843 1784 Tauri
1875 1728 2052 1798 populi
2076 1768 2091 1793 ,

491 1833 582 1904 qui
630 1832 871 1886 habitant
928 1829 1071 1883 circa
1113 1808 1396 1882 Tauricam
1439 1825 1874 1888 Chersonesum,
1929 1835 2093 1892 quos-

486 1939 717 1995 cumque
769 1922 1004 1992 lmspites
1058 1921 1199 1990 apud
1238 1936 1297 1975 se
1351 1917 1629 1988 ceperint,
1677 1934 1742 1971 ex
1776 1917 1841 1971 iis
1884 1916 1975 1985 qui
2037 1917 2088 1970 in

493 2018 629 2072 mari
660 2016 1007 2081 aberrarunt,
1042 2014 1222 2068 Dianae
1243 2013 1483 2068 Tauricae
1509 2011 1688 2065 statim
1716 2010 2020 2064 sacrificant
2068 2026 2088 2060 ι

488 2109 689 2184 (Clem.
732 2108 877 2164 Alex.
914 2108 1176 2163 Admoni‘t.
1213 2108 1281 2159 ad
1325 2104 1475 2160 Geni.
1508 2122 1629 2176 pag.
1654 2094 1776 2174 27).
1812 2103 1883 2157 Ea
1911 2113 2091 2156 autent

487 2202 778 2259 Clementis
827 2200 1178 2273 Alexandrini
1232 2198 1393 2253 verba
1439 2198 1509 2251 ab
1547 2194 1782 2250 Eusebio
1824 2194 2092 2263 descripta

489 2296 754 2350 invenies.
787 2293 1157 2362 Athenagoras
1179 2306 1304 2345 vero
1334 2289 1569 2354 brevius,
1599 2287 1847 2358 Origines
1870 2287 2090 2353 clarius,

484 2397 539 2445 et
564 2398 794 2458 utroque
824 2388 1044 2441 uberius
1072 2385 1400 2439 Athanasius
1421 2424 1436 2448 ,
1478 2382 1667 2437 eadem
1695 2364 1854 2452 plane
1882 2395 2093 2436 memo-

481 2491 601 2539 rant
658 2479 677 2554 (
704 2480 890 2535 Euseb.
917 2480 1003 2534 lib.
1037 2496 1087 2534 tv
1118 2478 1354 2548 Prcepar.
1383 2476 1581 2559 Evang.
1615 2492 1731 2546 cap.
1762 2475 1846 2541 16,
1877 2492 1929 2545 p.
1968 2475 2092 2540 157;

481 2577 795 2649 Atlicuagor.
841 2574 999 2645 legat.
1039 2588 1131 2644 pro
1160 2572 1349 2626 Christ.
1381 2589 1501 2643 pag.
1546 2568 1652 2634 29;
1689 2569 1904 2640 Origeu.
1936 2567 2028 2621 lib.
2061 2581 2097 2621 v

478 2683 644 2727 contr.
671 2669 803 2724 Cels.
831 2667 1097 2741 pag.249:
1120 2667 1371 2720 Athenas.
1401 2664 1549 2718 Orat.
1573 2673 1738 2718 contr.
1760 2661 1929 2716 (ἔναξε.
1955 2660 2093 2733 ξ’Ξό,

482 2781 603 2837 pag.
629 2763 665 2816 2
724 2761 770 2835 ).
806 2761 962 2817 Prius
987 2770 1167 2815 autem
1213 2760 1296 2814 his
1325 2757 1579 2813 omnibus
1627 2756 1767 2812 Naso
1816 2753 2095 2810 immanis-

483 2857 677 2911 simam
725 2853 874 2909 illam
904 2854 1072 2925 magis
1094 2853 1328 2908 ferarum
1352 2893 1365 2918 ,
1394 2866 1555 2925 quam
1581 2848 1879 2916 hominum,
1904 2844 2098 2902 crude-

486 2948 691 3005 litatem
724 2948 804 3002 sic
833 2945 1029 3001 cecinit
1059 2963 1071 3000 :

642 3080 742 3152 Illi,
759 3093 884 3143 quos
907 3079 1046 3152 audis
1068 3078 1319 3152 hominum
1339 3076 1575 3151 gaudere.
1586 3088 1786 3152 cruore,

699 3139 840 3193 Pene
860 3142 952 3191 sub
977 3139 1201 3203 ejusdem
1228 3139 1422 3203 trigdris
1447 3139 1748 3203 axe'jacent.

638 3205 745 3256 Nec
767 3204 935 3267 procul
955 3216 983 3252 a
1005 3199 1149 3252 uobis
1167 3199 1413 3267 locus-est,
1435 3204 1523 3251 ubi
1546 3199 1754 3267 Taurica
1770 3199 1880 3249 dira

704 3264 847 3320 Caide
876 3268 1174 3331 pharetrata:
1197 3264 1444 3328 spargitur
1468 3278 1549 3313 ara
1580 3264 1719 3312 Uere.

736 3334 923 3416 (oua,
948 3350 985 3402 1.
1009 3365 1055 3400 ιν
1086 3347 1257 3411 πνέει,
1289 3347 1423 3414 Eleg.
1444 3363 1508 3408 ιν,
1536 3360 1580 3396 υ.
1606 3348 1717 3409 523,
1743 3350 1789 3397 et
1810 3345 1968 3411 seqq.)

557 3481 753 3539 Ovidio
783 3479 1023 3535 concinit
1049 3477 1135 3532 his
1162 3475 1415 3532 versibus
1441 3472 1721 3530 Iuvenalis
1751 3491 1765 3527 :

695 3617 817 3669 Tale
839 3615 954 3680 quid
979 3620 1182 3680 excusat
1194 3612 1425 3680 Maeotide
1443 3613 1718 3680 steyiorara

692 3674 951 3750 ngypt'qs;
973 3680 1157 3750 quippe
1173 3676 1254 3750 ilia
1279 3674 1471 3750 nefandi
1495 3674 1699 3723 Taurica
1711 3674 1850 3750 sacri

680 3735 951 3801 lnv'éutrix,
978 3735 1205 3789 homines
1229 3739 1417 3801 (etiam
1442 3751 1553 3801 qua;
1576 3738 1785 3786 carmina
1809 3735 2007 3801 tradunt.

681 3794 841 3867 Digna
857 3794 949 3853 lide
976 3802 1173 3862 credas)
1195 3794 1360 3849 tamen
1386 3794 1637 3848 iminbla’t.‘
1779 3833 1790 3846 .
1832 3834 1844 3846 .
1918 3800 1923 3805 ’

1019 3886 1223 3951 (Juv-en.
1244 3886 1436 3950 Satyr.,
1463 3899 1545 3944 xv,
1563 3895 1611 3933 υ.
1632 3885 1721 3933 115
1744 3889 1790 3933 et
1813 3882 1972 3946 seqq.)

567 4018 890 4084 Prudentius
916 4024 1091 4083 autem
1117 4016 1331 4086 utrique
1356 4012 1608 4084 scriptori
1633 4012 1794 4069 etiam
1834 4010 1937 4083 hoc
1981 4024 2096 4065 ser-

493 4129 656 4172 mone
688 4111 1006 4182 subscripsit
1038 4129 1050 4163 :

616 4229 864 4279 Incassum
889 4236 1104 4288 arguere
1126 4224 1223 4288 iam
1246 4222 1457 4288 Taurica
1475 4232 1613 4271 sacra
1636 4218 1885 4288 solemus;

619 4291 861 4340 Funditur
882 4282 1124 4337 humanus
1148 4285 1321 4335 Latiali
1349 4286 1397 4335 in
1422 4297 1633 4334 munere
1652 4282 1870 4343 sanguis.

494 4374 686 4438 (Aurel.
712 4374 975 4434 Prudeut.,
998 4370 1033 4420 ι.
1058 4385 1095 4432 ι,
1114 4375 1270 4420 contr.
1295 4365 1577 4434 Syrmnach.
1604 4364 1653 4416 in
1677 4361 1981 4431 spectaculis,
2005 4369 2098 4412 etc.

562 4503 811 4558 Lucanus
836 4513 1051 4571 quoque
1076 4508 1133 4554 et
1160 4497 1254 4553 alii
1285 4511 1410 4551 mox
1439 4493 1637 4550 citandi
1658 4536 1673 4559 ,
1720 4492 1804 4545 his
1829 4505 1936 4547 non
1961 4489 2102 4545 absi-

492 4596 642 4652 milia
676 4602 918 4649 narrant.
953 4597 1021 4646 At
1070 4590 1335 4646 Diodorus
1384 4589 1597 4644 Siculus
1639 4586 1799 4657 hujus
1842 4583 2099 4639 dirissimi
2126 4580 2177 4641 D

494 4687 664 4743 muris
693 4687 932 4742 rationes
979 4681 1221 4753 profert,
1251 4696 1386 4752 quas
1421 4679 1560 4750 apud
1586 4695 1708 4735 eum
1731 4720 1745 4743 ,
1798 4677 1843 4730 si
1887 4676 2100 4730 animus

497 4780 593 4835 tibi
620 4788 706 4834 est
727 4821 742 4845 ,
776 4780 959 4849 legere
987 4778 1190 4847 poteris
1212 4818 1226 4843 ,
1260 4791 1322 4830 ac
1355 4784 1614 4845 praeterea
1644 4774 1902 4827 Senecam
1927 4770 2098 4835 adire,

496 4880 553 4928 et
595 4871 914 4942 Gregorium
958 4869 1356 4924 Nazianzenum
1412 4866 1672 4938 (Diodor.
1711 4864 1879 4919 Sicut.
1925 4862 2012 4917 tib.
2050 4878 2103 4916 ιγ

496 4964 744 5020 Biblioth.
800 4981 923 5036 pag.
979 4954 1139 5028 175;,
1177 4962 1359 5017 Senec.
1416 4962 1468 5014 in
1506 4959 1599 5028 fin.
1653 4955 2103 5026 0ctav.;Gregor.

500 5056 756 5112 Nazianz.
792 5055 942 5110 Orat.
966 5055 1057 5119 59,
1087 5055 1138 5107 in
1168 5052 1290 5109 Sac.
1322 5052 1529 5119 (unum,
1556 5068 1675 5121 pag.
1703 5048 1855 5122 829).

569 5148 678 5206 Sed
708 5158 969 5220 quantum
1003 5147 1072 5201 ibi
1102 5145 1335 5202 Minucio
1380 5144 1521 5200 favet
1550 5142 1813 5199 Diodorus
1833 5183 1847 5207 ,
1899 5147 2105 5194 tantum

495 5243 567 5299 ab
604 5257 673 5297 eo
714 5240 982 5295 dissidere
1030 5238 1246 5294 videtur
1289 5238 1357 5294 de
1414 5236 1674 5292 Busiride.
1734 5235 1930 5290 Meram
1961 5230 2107 5287 enim

500 5341 844 5390 contestatur
901 5346 1021 5387 esse
1083 5330 1355 5395 fabulam,
1410 5329 1645 5385 advenas
1694 5327 1955 5383 Busiridis
2001 5338 2106 5380 sa:-

500 5429 633 5483 vitia
664 5427 833 5482 fuisse
882 5435 1164 5481 mactatos.
1222 5425 1400 5489 Audi,
1455 5438 1671 5494 qumso,
1731 5422 1848 5492 ejus
1900 5419 2104 5473 verba:

499 5529 607 5576 Τῶν
626 5528 879 5592 ἀνθρώπων
906 5524 954 5573 δὲ
974 5528 1077 5580 τοὺς
1098 5525 1471 5588 ὁμοχρωμάτους
1489 5528 1555 5586 τῷ
1571 5523 1780 5584 Τυφῶνι,
1797 5522 1854 5567 τὸ
1884 5515 2107 5575 «altior,

506 5622 597 5670 ὑπὸ
619 5633 712 5671 τῶν
741 5621 981 5687 βασιλέων
1010 5618 1121 5686 φασὶ
1150 5616 1343 5666 οὑεσθαι
1373 5622 1487 5683 πρὸς
1524 5624 1589 5678 τῷ
1623 5618 1755 5679 τάφῳ
1783 5620 1848 5677 τῷ
1878 5602 2112 5678 ὁσίριδθςθ

1892 273 2361 335 DlSSERTATIO.

2127 397 2177 456 Α
2207 404 2307 457 νίας
2340 399 2473 465 ποιρᾶ
2510 398 2607 457 τοῖς
2632 381 2844 463 ﬁnirent
2864 399 3105 464 ἓνισχύσαι
3134 393 3216 451 τᾶν
3241 403 3406 466 μῦθον,
3442 400 3497 453 οὖ
3546 408 3628 456 τοῦ
3657 414 3816 472 βασι-

3704 285 3816 346 494

2208 494 2317 549 λξως
2361 493 2708 557 ὀνομαζομένιυ
2761 494 3052 559 βουσίσιδος,
3096 496 3222 545 ἀλλὰ,
3266 502 3351 545 τοῦ
3398 483 3615 562 diripit?“
3662 503 3816 565 τάφου

2204 587 2384 641 ’ταύτην
2423 591 2607 650 ἕχαντυς
2646 594 2731 637 rit-1
2759 595 3072 654 προσηγορίαν
3095 625 3111 649 ,
3143 592 3272 639 κα,τά
3313 598 3399 646 τὴν
3448 598 3535 641 τῶν
3581 595 3815 659 ἐγχωρίων

2207 675 2469 729 διάλεκτον.
2508 692 2526 723 ι
2566 674 2825 730 Homines
2869 676 3020 731 aiunt
3047 676 3325 745 ejusdem,
3371 694 3530 748 quem
3582 680 3814 752 Typhon

2207 764 2418 831 habuit,
2470 769 2665 820 coloris
2694 766 2714 839 (
2739 769 2943 823 scilicet
2989 767 3128 839 ruti)
3177 770 3471 839 antiquitus
3497 771 3562 826 ad
3586 773 3814 829 Osiridis

2207 869 2611 914 monumentum
2642 874 2670 912 a
2703 861 2918 929 regibus
2940 872 3202 935 mactatos
3228 878 3369 917 esse.
3402 864 3466 918 Et
3502 869 3651 933 pauci
3681 881 3817 922 sane

2204 948 2582 1022 Egyptiorum
2604 952 2701 1005 ruﬁ
2719 951 3084 1017 inveniuntur,
3112 954 3202 1010 sed
3227 957 3632 1026 peregrinorum
3657 974 3811 1013 com-

2202 1041 2641 1111 plures.Proinde
2657 1042 2830 1097 fabula
2846 1044 2910 1098 dc
2927 1043 3210 1112 Busiridis,
3231 1047 3465 1102 advenas
3484 1047 3815 1105 obtruncan-

2205 1135 2292 1199 tis,
2320 1136 2523 1189 smvilia
2543 1137 2682 1205 apud
2703 1135 2921 1192 Grmcos
2942 1138 3184 1205 invaluit,
3215 1154 3319 1193 non
3340 1142 3476 1209 «paid
3503 1158 3593 1195 rex
3617 1143 3813 1212 aliquis

2202 1226 2406 1282 Busiris
2429 1238 2648 1284 vocatus
2671 1230 2739 1283 sit
2762 1247 2776 1295 ;
2808 1232 2900 1286 sed
2927 1232 3160 1285 tumulus
3174 1232 3399 1286 Osiridis
3420 1233 3597 1304 lingua
3622 1250 3812 1290 verna-

2200 1320 2319 1375 cula
2343 1320 2394 1375 id
2423 1322 2653 1377 nominis
2682 1323 2865 1377 habuit
2892 1342 2912 1375 ι
2930 1323 3172 1396 (Diodor.
3199 1323 3313 1378 Lib.
3340 1342 3375 1392 ι,
3394 1346 3446 1395 p.
3473 1326 3541 1381 55
3558 1338 3605 1381 et
3627 1326 3813 1400 seqq).

2203 1417 2270 1469 At
2302 1415 2405 1469 hoc
2438 1425 2613 1470 tamen
2652 1417 2704 1493 in
2748 1415 2881 1471 libro
2908 1434 3012 1472 non
3041 1434 3259 1486 prorsus
3283 1420 3569 1486 inliciatur,
3601 1421 3812 1491 aliquos

2201 1507 2367 1563 fuisse
2396 1507 2681 1579 Egyptios
2727 1524 2921 1580 reges,
2978 1510 3237 1563 Busiridis
3292 1511 3507 1564 nomine
3569 1512 3812 1581 appella-

2202 1611 2305 1658 tos.
2342 1602 2580 1657 Duorum
2636 1602 2833 1657 etenim
2868 1602 2943 1655 sic
2996 1604 3499 1673 cognominaturum
3566 1605 3816 1662 meminit

2200 1696 2402 1768 (Idem,
2434 1698 2523 1751 lib.
2557 1714 2594 1763 ι,
2641 1696 2910 1768 pag.29).
2943 1696 3172 1751 Tantum
3220 1696 3399 1767 itaque
3440 1713 3691 1754 asserere
3737 1699 3817 1753 vi-

2125 1795 2170 1857 B
2199 1789 2355 1845 detur
2394 1806 2501 1844 non
2539 1791 2810 1855 homines,
2846 1789 2940 1844 sed
2972 1790 3136 1844 boves
3159 1790 3223 1842 ad
3256 1790 3483 1845 Osiridis
3513 1791 3809 1860 tumulum,

2200 1897 2305 1936 non
2354 1891 2530 1935 tamen
2562 1896 2591 1934 a
2650 1880 2921 1942 Busiride.
2958 1882 3310 1935 sacriﬁcatos.
3371 1882 3604 1937 Diodoro
3631 1895 3817 1939 autem

2198 1973 2479 2043 suilragari
2554 1971 2751 2028 Strabo
2804 1972 3019 2027 videtur
3069 1972 3154 2027 his
3204 1973 3537 2044 totidemque
3583 1977 3764 2031 verbis
3796 1992 3815 2031 :

2200 2055 2233 2115 ll
2270 2073 2509 2135 Βουσειρις
2543 2068 2678 2127 πόλις
2717 2072 2761 2118 ἐν
2799 2077 2858 2138 τῇ
2888 2073 3167 2136 Βουσειρίτῃ
3201 2070 3343 2136 νόμῳ,
3375 2072 3458 2120 καὶ
3484 2078 3615 2129 κυνὸς
3645 2071 3778 2131 πόλις
3800 2084 3819 2097 ⁸

2197 2161 2312 2226 φησὶ
2357 2158 2396 2210 δ’
2448 2147 2781 2228 Ἐρατοσθένης
2826 2165 2978 2211 κοινὸν
3005 2166 3091 2224 μὲν
3116 2157 3239 2210 εἶναι
3268 2164 3391 2211 πᾶσι
3422 2164 3519 2220 τοῖς
3559 2167 3824 2231 βαρϐεἱρςις

2198 2256 2299 2313 ἔθος
2327 2262 2416 2307 rr-‘n-J
2437 2260 2718 2317 ξενηλασίαν
2737 2266 2748 2279 ⁸
2772 2258 2878 2312 τοὺς
2911 2251 2952 2303 δ’
2976 2257 3259 2320 Αἰγυπτίους
3296 2256 3568 2320 ἔλεγχεσθαι
3609 2258 3690 2306 διὰ
3728 2266 3824 2311 τῶν

2201 2346 2309 2413 περὶ
2364 2352 2443 2399 τὸν
2481 2350 2723 2414 Βοὺσειριν
2766 2350 3124 2412 μεμυθευμένων
3168 2350 3212 2397 ἐν
3250 2356 3314 2413 τφ
3344 2352 3622 2417 Βουσειρντῃ
3653 2349 3777 2416 νόμῳ
3802 2387 3819 2413 ,

2202 2435 2480 2487 διαϐάλλειν
2515 2444 2602 2489 τὶν
2639 2439 2830 2499 ἀξενίαν
2867 2443 3167 2504 βουλομένων
3208 2446 3294 2488 τοῦ
3335 2438 3481 2491 τόπου
3509 2444 3676 2492 τούτου
3728 2451 3819 2494 τῶν

2203 2530 2391 2596 ὕστερον
2411 2544 2424 2557 ·
2453 2530 2554 2580 οὐδὲ
2579 2534 2812 2597 βασιλέως
2838 2534 2911 2593 μὰ
2933 2537 3044 2591 Δία,
3067 2531 3169 2581 οὐδὲ
3202 2536 3427 2594 τυράννου
3457 2541 3701 2596 γενομένω
3744 2558 3822 2589 τι·

2200 2627 2275 2678 νὸς
2306 2623 2388 2671 τοῦ
2414 2621 2730 2686 Βςυσείριδος.
2768 2634 2786 2666 ‹
2819 2615 2875 2670 In
2918 2615 3198 2671 Busiritica
3248 2617 3562 2685 pra-l'cetura
3591 2628 3671 2673 est
3701 2618 3812 2672 Bu-

2202 2708 2327 2763 siris
2357 2708 2567 2770 civitas,
2600 2718 2653 2762 et
2685 2707 3024 2780 (JynoSpulis.
3055 2707 3258 2762 Auctor
3298 2717 3379 2761 est
3423 2707 3818 2765 Eratosthenes

2203 2817 2546 2857 communem
2581 2802 2825 2855 barbaris
2856 2801 3107 2854 omnibus
3156 2800 3601 2855 consuetudinem
3652 2816 3813 2871 esse,

2204 2905 2264 2950 ut
2311 2896 2553 2964 hospites
2586 2894 2807 2963 Pellant.
2846 2893 3132 2963 {Egyptios
3159 2908 3289 2947 vero
3325 2895 3564 2946 accusari
3600 2903 3818 2963 propter

2206 3004 2267 3045 ea
2294 3030 2309 3055 ,
2342 3004 2460 3058 quae
2491 2988 2543 3041 in
2565 2984 2764 3041 fabulis
2793 2984 2859 3041 de
2882 2984 3124 3039 Busiride
3175 2994 3228 3039 et
3270 2985 3552 3039 Busiritica
3582 2986 3815 3056 pra-Icc-

2204 3092 2326 3137 tura
2391 3080 2533 3134 dicta
2603 3087 2758 3145 sunt,
2827 3076 3133 3132 volentibus
3203 3078 3435 3146 posteris
3506 3077 3606 3130 loci
3658 3077 3816 3145 hujus

2123 3185 2169 3247 ρ
2204 3170 2689 3242 inhospitalitatem
2768 3169 3118 3231 calumniari;
3183 3184 3303 3223 cum
3359 3169 3566 3225 medius
3620 3169 3815 3238 lidius,

2199 3269 2380 3325 nullus
2456 3284 2553 3321 rex
2602 3282 2777 3336 neque
2832 3265 2989 3319 luerit
3042 3265 3284 3329 Busiris,
3343 3280 3441 3319 nec
3490 3273 3750 3336 tyrannus
3788 3282 3808 3317 ι

2198 3363 2218 3433 (
2248 3360 2422 3419 Strab.
2457 3359 2543 3415 lib.
2576 3376 2685 3415 xvn
2717 3356 3008 3429 Geoyraph.
3042 3375 3160 3429 pag.
3195 3357 3302 3419 802
3322 3354 3368 3430 ).

2272 3457 2343 3508 At
2396 3452 2638 3524 quamvis
2692 3452 2808 3505 hzec
2859 3450 2934 3504 illi
2977 3453 3324 3519 negaverint;
3382 3446 3565 3519 plures
3622 3458 3806 3507 tamen

2199 3543 2461 3599 Minucius
2512 3542 2671 3597 habet
2693 3540 3113 3610 adstipulatores
3135 3580 3149 3605 ,
3183 3549 3343 3610 atque
3375 3539 3638 3610 imprimis
3668 3541 3801 3596 Ovi-

2201 3637 2347 3693 dium
2370 3680 2385 3704 ,
2419 3636 2567 3693 hisce
2592 3636 2837 3691 versibus
2862 3643 3146 3690 canentem
3175 3653 3187 3687 :

2358 3772 2552 3821 Dicitur
2576 3769 2815 3834 Egyptus
2835 3772 3051 3820 caruisse
3072 3770 3358 3834 iuvantibus
3380 3782 3495 3819 arva

2423 3831 2876 3894 Imbribu‘s';‘atque
2906 3834 3048 3881 annis
3070 3833 3197 3880 sicca
3221 3831 3375 3881 fuisse
3399 3844 3592 3882 novem.

2359 3896 2475 3958 Cum
2502 3896 2736 3958 'l‘hrasius
2760 3895 2953 3943 Busirin
2980 3894 3097 3953 adit,
3122 3903 3459 3958 monstratque
3494 3896 3636 3958 piari,

2422 3955 2641 4018 Hospitis
2663 3956 2818 4007 eiiuso
2841 3960 3103 4017 sanguine,
3130 3967 3273 4017 posse
3298 3954 3492 4006 Jovem.

2274 4062 2411 4119 Alibi
2439 4077 2567 4117 vero
2601 4080 2612 4114 :

2356 4179 2490 4241 Ergo
2516 4190 2614 4239 ego
2647 4177 2911 4229 faxiautem
2936 4177 3205 4241 peregrino
3229 4177 3409 4240 templa
3435 4190 3612 4230 cruore

2387 4240 2599 4291 Busirim
2616 4241 2797 4289 domui.

2207 4327 2391 4393 (Ovid.,
2412 4326 2445 4378 l.
2470 4342 2507 4388 1,
2533 4327 2593 4377 de
2613 4327 2721 4377 Art.
2753 4338 2913 4376 amari.
2937 4337 2983 4375 υ.
3008 4324 3102 4375 650
3121 4330 3172 4374 et
3196 4324 3231 4373 1.
3257 4339 3328 4387 ix,
3356 4327 3579 4388 Metam,
3600 4338 3642 4378 υ.
3669 4328 3806 4393 295.)

2279 4454 2387 4511 Nec
2413 4440 2590 4509 minus
2617 4452 2901 4525 perspicue
2931 4449 3186 4522 Virgilius
3216 4449 3352 4506 dixit
3378 4470 3390 4505 :

2701 4567 2823 4627 Quis
2845 4573 2929 4615 aut.
2947 4564 3186 4628 Eurystca
3203 4578 3396 4628 purum,

2433 4634 2535 4681 Aut
2564 4629 2777 4680 illaudati
2802 4630 2959 4678 nescit
2984 4627 3220 4677 Busiridis
3244 4642 3369 4677 aras.

2712 4712 2932 4778 (Virgil.,
2956 4710 2988 4762 l.
3025 4727 3076 4761 ιιι
3099 4710 3339 4774 Georgia,
3370 4725 3414 4762 υ.
3435 4713 3615 4777 ηεαδ.)

2276 4820 2445 4891 Quem
2494 4818 2546 4873 in
2576 4820 2755 4874 locum
2800 4817 3019 4872 Servius
3067 4815 3181 4868 lucc
3210 4814 3459 4885 observat
3494 4835 3506 4868 :
3549 4835 3567 4867 ι
3604 4816 3812 4874 Busiris

2207 4930 2300 4969 rex
2337 4913 2433 4967 fuit
2475 4910 2694 4982 Egypti
2717 4952 2730 4974 ,
2759 4908 2847 4979 qui
2877 4923 2998 4961 enim
3032 4916 3311 4974 susceptos
3340 4906 3579 4976 hospites
3611 4909 3807 4962 immo-

2207 5007 2345 5061 laret
2366 5047 2381 5072 ,
2428 5005 2496 5059 ab
2541 4994 2770 5057 llercule
2801 5006 3158 5068 interemptus
3191 5007 3273 5051 cst
3294 5040 3308 5064 ,
3340 5013 3459 5052 cum
3491 5000 3652 5052 etiam
3681 5016 3808 5054 eum

2206 5101 2467 5156 voluisset
2495 5086 2762 5151 occidere.
2799 5094 2967 5162 llujus
3003 5092 3189 5146 laudes
3219 5092 3435 5161 scripsit
3461 5090 3750 5148 Isocrates.
3784 5112 3803 5146 ι

2209 5192 2568 5261 Quamobrem
2597 5188 2798 5243 Statius
2828 5184 3022 5237 alicubi
3053 5181 3375 5253 appellavit:

2398 5304 2617 5354 Immites
2733 5297 2973 5348 Busiridis
2996 5306 3121 5346 aras.

2283 5411 2548 5467 Eusebius
2571 5424 2698 5464 vero
2740 5408 2856 5461 hzrc
2898 5404 2967 5460 de
2994 5401 3236 5459 Busiride
3265 5403 3483 5459 tradidit
3512 5422 3524 5459 :
3560 5423 3577 5457 ι
3612 5405 3825 5461 Busiris

2215 5507 2442 5577 Neptuni
2465 5513 2519 5561 et
2548 5504 2765 5575 Libyae,
2800 5497 3004 5569 Epaphi
3046 5497 3189 5564 ﬁlim,
3240 5497 3411 5564 ulius,
3463 5499 3599 5568 apud
3649 5501 3826 5556 vicina

2219 5602 2321 5657 Nili
2369 5600 2484 5655 loca
2536 5594 2874 5668 tyrannidem
2904 5598 3149 5655 exercet,
3206 5599 3551 5645 transeuntes
3585 5591 3829 5660 hospites

509 5724 598 5763 τῶν
616 5717 726 5777 priva
744 5707 796 5762 ὗν
814 5713 1083 5775 Αἰγυπτίων
1103 5712 1286 5777 ὀλίγους
1308 5711 1438 5763 τινὰς
1469 5708 1765 5774 εὖρίσθκεσθαι
1788 5707 2005 5771 πυρῥοὺς,
2035 5710 2097 5756 τῶ

2219 5693 2422 5753 crudeli
2479 5690 2684 5746 scelere
2743 5685 3079 5743 interﬁciens
3134 5705 3151 5735 ι
3214 5682 3450 5757 (Euseb.
3505 5682 3696 5738 Chron.
3760 5683 3832 5737 ad

517 5807 564 5856 δὲ
596 5809 732 5867 ξξνων
762 5810 871 5859 rei»
900 5807 1110 5861 πλείους.
1142 5803 1216 5853 διὸ
1254 5801 1332 5853 καὶ
1374 5807 1483 5867 περί
1511 5811 1595 5859 τῆς
1626 5798 1893 5866 Βουσίριδος
1915 5804 2129 5859 ξενοκτο-

2229 5806 2317 5845 au.
2347 5786 2453 5844 546
2481 5783 2522 5857 ).
2557 5784 2651 5841 Cui
2698 5792 2892 5854 printer
2937 5778 3072 5835 alios
3115 5775 3434 5847 suffragatus
3460 5776 3789 5847 Augustinus
3811 5817 3830 5849 ,
