  <div class='ocr_page' id='page_1' title='image "/cluster/home/n/w/nwhite01/storage/ocr_20150623/3/hvd.32044054086798/297.png"; bbox 0 0 4264 6258; ppageno 0'>
   <div class='ocr_carea' id='block_1_1' title="bbox 482 319 587 375">
    <p class='ocr_par' dir='ltr' id='par_1_1' title="bbox 482 319 587 375">
     <span class='ocr_line' id='line_1_1' title="bbox 482 319 587 375; baseline -0.029 0"><span class='ocrx_word' id='word_1_1' title='bbox 482 319 587 375; x_wconf 69' lang='grc' dir='ltr'><strong>ἆΟὸ</strong></span> 
     </span>
    </p>
   </div>
   <div class='ocr_carea' id='block_1_2' title="bbox 1777 293 2495 357">
    <p class='ocr_par' dir='ltr' id='par_1_2' title="bbox 1777 293 2495 357">
     <span class='ocr_line' id='line_1_2' title="bbox 1777 293 2495 357; baseline -0.014 -1"><span class='ocrx_word' id='word_1_2' title='bbox 1777 302 1862 357; x_wconf 74' lang='grc' dir='ltr'><strong>Ι)ὶῦ</strong></span> <span class='ocrx_word' id='word_1_3' title='bbox 1902 297 2157 355; x_wconf 71' lang='grc' dir='ltr'><strong>ΜΙΝυΟΙΙ</strong></span> <span class='ocrx_word' id='word_1_4' title='bbox 2195 293 2495 352; x_wconf 74' lang='lat' dir='ltr'><strong>OCTAVIO</strong></span> 
     </span>
    </p>
   </div>
   <div class='ocr_carea' id='block_1_3' title="bbox 3681 281 3791 338">
    <p class='ocr_par' dir='ltr' id='par_1_3' title="bbox 3681 281 3791 338">
     <span class='ocr_line' id='line_1_3' title="bbox 3681 281 3791 338; baseline -0.018 0"><span class='ocrx_word' id='word_1_5' title='bbox 3681 281 3791 338; x_wconf 67' lang='grc'><strong>(196</strong></span> 
     </span>
    </p>
   </div>
   <div class='ocr_carea' id='block_1_4' title="bbox 489 395 3788 496">
    <p class='ocr_par' dir='ltr' id='par_1_4' title="bbox 489 395 3788 496">
     <span class='ocr_line' id='line_1_4' title="bbox 489 395 3788 496; baseline -0.011 -12"><span class='ocrx_word' id='word_1_6' title='bbox 489 453 508 484; x_wconf 85' lang='grc'><em>‹</em></span> <span class='ocrx_word' id='word_1_7' title='bbox 545 431 663 496; x_wconf 88' lang='lat' dir='ltr'><strong>lllo,</strong></span> <span class='ocrx_word' id='word_1_8' title='bbox 695 427 886 496; x_wconf 78' lang='lat' dir='ltr'><strong>inquit,</strong></span> <span class='ocrx_word' id='word_1_9' title='bbox 940 432 1210 493; x_wconf 90' lang='lat' dir='ltr'><strong>tempore,</strong></span> <span class='ocrx_word' id='word_1_10' title='bbox 1239 420 1448 476; x_wconf 86' lang='lat' dir='ltr'><strong>scilicet</strong></span> <span class='ocrx_word' id='word_1_11' title='bbox 1495 415 1740 472; x_wconf 83' lang='lat' dir='ltr'><strong>Herculis</strong></span> <span class='ocrx_word' id='word_1_12' title='bbox 1762 458 1774 481; x_wconf 93' lang='lat'><strong>,</strong></span> <span class='ocrx_word' id='word_1_13' title='bbox 1827 416 1910 470; x_wconf 88' lang='lat' dir='ltr'><strong>vel</strong></span> <span class='ocrx_word' id='word_1_14' title='bbox 1940 430 2032 469; x_wconf 73' lang='lat' dir='ltr'><strong>rex</strong></span> <span class='ocrx_word' id='word_1_15' title='bbox 2057 455 2072 476; x_wconf 97' lang='lat'><strong>,</strong></span> <span class='ocrx_word' id='word_1_16' title='bbox 2101 413 2153 473; x_wconf 86' lang='grc' dir='ltr'><strong>Α</strong></span> <span class='ocrx_word' id='word_1_17' title='bbox 2180 425 2330 464; x_wconf 92' lang='lat' dir='ltr'><strong>suam</strong></span> <span class='ocrx_word' id='word_1_18' title='bbox 2362 422 2528 473; x_wconf 53' lang='lat' dir='ltr'><strong>usque</strong></span> <span class='ocrx_word' id='word_1_19' title='bbox 2570 412 2780 459; x_wconf 75' lang='lat' dir='ltr'><strong>mtatem</strong></span> <span class='ocrx_word' id='word_1_20' title='bbox 2810 412 3185 472; x_wconf 86' lang='lat' dir='ltr'><strong>perseverasse</strong></span> <span class='ocrx_word' id='word_1_21' title='bbox 3219 395 3542 469; x_wconf 63' lang='lat' dir='ltr'><strong>(Plutarclu,</strong></span> <span class='ocrx_word' id='word_1_22' title='bbox 3579 403 3714 449; x_wconf 92' lang='lat' dir='ltr'><strong>tom.</strong></span> <span class='ocrx_word' id='word_1_23' title='bbox 3748 411 3788 458; x_wconf 89' lang='grc' dir='ltr'><strong>ι,</strong></span> 
     </span>
    </p>
   </div>
   <div class='ocr_carea' id='block_1_5' title="bbox 483 509 2066 596">
    <p class='ocr_par' dir='ltr' id='par_1_5' title="bbox 483 509 2066 596">
     <span class='ocr_line' id='line_1_5' title="bbox 483 509 2066 596; baseline -0.01 -18"><span class='ocrx_word' id='word_1_24' title='bbox 483 527 568 581; x_wconf 77' lang='lat' dir='ltr'><strong>vel</strong></span> <span class='ocrx_word' id='word_1_25' title='bbox 594 534 851 596; x_wconf 73' lang='lat' dir='ltr'><strong>tyrannus</strong></span> <span class='ocrx_word' id='word_1_26' title='bbox 879 519 1116 583; x_wconf 82' lang='lat' dir='ltr'><strong>Busiris,</strong></span> <span class='ocrx_word' id='word_1_27' title='bbox 1164 515 1271 569; x_wconf 85' lang='lat' dir='ltr'><strong>suis</strong></span> <span class='ocrx_word' id='word_1_28' title='bbox 1317 514 1418 568; x_wconf 80' lang='lat' dir='ltr'><strong>diis</strong></span> <span class='ocrx_word' id='word_1_29' title='bbox 1459 524 1584 566; x_wconf 90' lang='lat' dir='ltr'><strong>suos</strong></span> <span class='ocrx_word' id='word_1_30' title='bbox 1616 510 1856 579; x_wconf 75' lang='lat' dir='ltr'><strong>hospites</strong></span> <span class='ocrx_word' id='word_1_31' title='bbox 1886 509 2066 562; x_wconf 90' lang='lat' dir='ltr'><strong>immo-</strong></span> 
     </span>
    </p>
   </div>
   <div class='ocr_carea' id='block_1_6' title="bbox 481 601 2079 686">
    <p class='ocr_par' dir='ltr' id='par_1_6' title="bbox 481 601 2079 686">
     <span class='ocr_line' id='line_1_6' title="bbox 481 601 2079 686; baseline -0.011 -14"><span class='ocrx_word' id='word_1_32' title='bbox 481 617 659 682; x_wconf 93' lang='lat' dir='ltr'><strong>labat,</strong></span> <span class='ocrx_word' id='word_1_33' title='bbox 691 629 850 686; x_wconf 90' lang='lat' dir='ltr'><strong>quem</strong></span> <span class='ocrx_word' id='word_1_34' title='bbox 884 611 1045 664; x_wconf 91' lang='lat' dir='ltr'><strong>tilium</strong></span> <span class='ocrx_word' id='word_1_35' title='bbox 1081 606 1360 677; x_wconf 90' lang='lat' dir='ltr'><strong>perhibent</strong></span> <span class='ocrx_word' id='word_1_36' title='bbox 1387 605 1548 659; x_wconf 81' lang='lat' dir='ltr'><strong>fuisse</strong></span> <span class='ocrx_word' id='word_1_37' title='bbox 1573 601 1804 672; x_wconf 90' lang='lat' dir='ltr'><strong>Neptuni</strong></span> <span class='ocrx_word' id='word_1_38' title='bbox 1827 618 1888 656; x_wconf 86' lang='lat' dir='ltr'><strong>ex</strong></span> <span class='ocrx_word' id='word_1_39' title='bbox 1912 610 2079 655; x_wconf 90' lang='lat' dir='ltr'><strong>matre</strong></span> 
     </span>
    </p>
   </div>
   <div class='ocr_carea' id='block_1_7' title="bbox 483 693 2078 784">
    <p class='ocr_par' dir='ltr' id='par_1_7' title="bbox 483 693 2078 784">
     <span class='ocr_line' id='line_1_7' title="bbox 483 693 2078 784; baseline -0.014 -16"><span class='ocrx_word' id='word_1_40' title='bbox 483 713 686 784; x_wconf 90' lang='lat' dir='ltr'><strong>Lybia,</strong></span> <span class='ocrx_word' id='word_1_41' title='bbox 744 709 850 763; x_wconf 88' lang='lat' dir='ltr'><strong>tilia</strong></span> <span class='ocrx_word' id='word_1_42' title='bbox 895 703 1104 775; x_wconf 78' lang='lat' dir='ltr'><strong>Epaphi</strong></span> <span class='ocrx_word' id='word_1_43' title='bbox 1143 721 1161 755; x_wconf 77' lang='grc' dir='ltr'><strong>ι</strong></span> <span class='ocrx_word' id='word_1_44' title='bbox 1197 703 1461 771; x_wconf 86' lang='lat' dir='ltr'><strong>(August.</strong></span> <span class='ocrx_word' id='word_1_45' title='bbox 1519 697 1609 756; x_wconf 89' lang='lat' dir='ltr'><strong>lib.</strong></span> <span class='ocrx_word' id='word_1_46' title='bbox 1642 712 1769 752; x_wconf 84' lang='lat' dir='ltr'><strong>xvut</strong></span> <span class='ocrx_word' id='word_1_47' title='bbox 1821 697 1883 748; x_wconf 83' lang='lat' dir='ltr'><strong>de</strong></span> <span class='ocrx_word' id='word_1_48' title='bbox 1929 693 2078 748; x_wconf 77' lang='lat' dir='ltr'><strong>Civil.</strong></span> 
     </span>
    </p>
   </div>
   <div class='ocr_carea' id='block_1_8' title="bbox 480 784 2077 874">
    <p class='ocr_par' dir='ltr' id='par_1_8' title="bbox 480 784 2077 874">
     <span class='ocr_line' id='line_1_8' title="bbox 480 784 2077 874; baseline -0.014 -15"><span class='ocrx_word' id='word_1_49' title='bbox 480 823 599 874; x_wconf 86' lang='lat' dir='ltr'><strong>cap.</strong></span> <span class='ocrx_word' id='word_1_50' title='bbox 635 802 702 857; x_wconf 88' lang='lat' dir='ltr'><strong>l2</strong></span> <span class='ocrx_word' id='word_1_51' title='bbox 723 801 765 872; x_wconf 93' lang='lat'><strong>).</strong></span> <span class='ocrx_word' id='word_1_52' title='bbox 821 798 986 854; x_wconf 79' lang='lat' dir='ltr'><strong>Vides</strong></span> <span class='ocrx_word' id='word_1_53' title='bbox 1027 811 1156 851; x_wconf 91' lang='lat' dir='ltr'><strong>sane</strong></span> <span class='ocrx_word' id='word_1_54' title='bbox 1178 795 1360 864; x_wconf 88' lang='lat' dir='ltr'><strong>plures</strong></span> <span class='ocrx_word' id='word_1_55' title='bbox 1387 792 1614 847; x_wconf 87' lang='lat' dir='ltr'><strong>Minucio</strong></span> <span class='ocrx_word' id='word_1_56' title='bbox 1644 789 1710 844; x_wconf 87' lang='lat' dir='ltr'><strong>de</strong></span> <span class='ocrx_word' id='word_1_57' title='bbox 1738 788 1825 842; x_wconf 90' lang='lat' dir='ltr'><strong>illa</strong></span> <span class='ocrx_word' id='word_1_58' title='bbox 1859 784 2077 841; x_wconf 89' lang='lat' dir='ltr'><strong>immani</strong></span> 
     </span>
    </p>
   </div>
   <div class='ocr_carea' id='block_1_9' title="bbox 481 885 1563 956">
    <p class='ocr_par' dir='ltr' id='par_1_9' title="bbox 481 885 1563 956">
     <span class='ocr_line' id='line_1_9' title="bbox 481 885 1563 956; baseline -0.014 -5"><span class='ocrx_word' id='word_1_59' title='bbox 481 895 743 951; x_wconf 88' lang='lat' dir='ltr'><strong>Busiridis</strong></span> <span class='ocrx_word' id='word_1_60' title='bbox 773 893 982 948; x_wconf 82' lang='lat' dir='ltr'><strong>feritate</strong></span> <span class='ocrx_word' id='word_1_61' title='bbox 1015 889 1201 944; x_wconf 87' lang='lat' dir='ltr'><strong>tulisse</strong></span> <span class='ocrx_word' id='word_1_62' title='bbox 1230 885 1563 956; x_wconf 83' lang='lat' dir='ltr'><strong>sutl&#39;ragium.</strong></span> 
     </span>
    </p>
   </div>
   <div class='ocr_carea' id='block_1_10' title="bbox 553 972 2072 1058">
    <p class='ocr_par' dir='ltr' id='par_1_10' title="bbox 553 972 2072 1058">
     <span class='ocr_line' id='line_1_10' title="bbox 553 972 2072 1058; baseline -0.016 -12"><span class='ocrx_word' id='word_1_63' title='bbox 553 989 778 1046; x_wconf 87' lang='lat' dir='ltr'><strong>Plurimi</strong></span> <span class='ocrx_word' id='word_1_64' title='bbox 799 1001 1011 1058; x_wconf 90' lang='lat' dir='ltr'><strong>quoque</strong></span> <span class='ocrx_word' id='word_1_65' title='bbox 1039 983 1192 1039; x_wconf 87' lang='lat' dir='ltr'><strong>nobis</strong></span> <span class='ocrx_word' id='word_1_66' title='bbox 1214 987 1504 1050; x_wconf 90' lang='lat' dir='ltr'><strong>suppetunt</strong></span> <span class='ocrx_word' id='word_1_67' title='bbox 1521 975 1659 1030; x_wconf 90' lang='lat' dir='ltr'><strong>haud</strong></span> <span class='ocrx_word' id='word_1_68' title='bbox 1679 972 1868 1029; x_wconf 78' lang='lat' dir='ltr'><strong>incerti</strong></span> <span class='ocrx_word' id='word_1_69' title='bbox 1891 980 2072 1049; x_wconf 84' lang='lat' dir='ltr'><strong>testes,</strong></span> 
     </span>
    </p>
   </div>
   <div class='ocr_carea' id='block_1_11' title="bbox 480 1068 2078 1157">
    <p class='ocr_par' dir='ltr' id='par_1_11' title="bbox 480 1068 2078 1157">
     <span class='ocr_line' id='line_1_11' title="bbox 480 1068 2078 1157; baseline -0.013 -19"><span class='ocrx_word' id='word_1_70' title='bbox 480 1084 675 1157; x_wconf 88' lang='lat' dir='ltr'><strong>quibus</strong></span> <span class='ocrx_word' id='word_1_71' title='bbox 724 1079 853 1136; x_wconf 92' lang='lat' dir='ltr'><strong>illud</strong></span> <span class='ocrx_word' id='word_1_72' title='bbox 903 1079 1063 1133; x_wconf 89' lang='lat' dir='ltr'><strong>etiam</strong></span> <span class='ocrx_word' id='word_1_73' title='bbox 1108 1073 1478 1134; x_wconf 90' lang='lat' dir='ltr'><strong>conﬁrmetur,</strong></span> <span class='ocrx_word' id='word_1_74' title='bbox 1527 1068 1668 1140; x_wconf 90' lang='lat' dir='ltr'><strong>quod</strong></span> <span class='ocrx_word' id='word_1_75' title='bbox 1719 1069 1832 1136; x_wconf 86' lang='lat' dir='ltr'><strong>ipse</strong></span> <span class='ocrx_word' id='word_1_76' title='bbox 1891 1073 2078 1134; x_wconf 90' lang='lat' dir='ltr'><strong>postea</strong></span> 
     </span>
    </p>
   </div>
   <div class='ocr_carea' id='block_1_12' title="bbox 477 1159 2078 1247">
    <p class='ocr_par' dir='ltr' id='par_1_12' title="bbox 477 1159 2078 1247">
     <span class='ocr_line' id='line_1_12' title="bbox 477 1159 2078 1247; baseline -0.012 -14"><span class='ocrx_word' id='word_1_77' title='bbox 477 1177 671 1247; x_wconf 82' lang='lat' dir='ltr'><strong>adjecit</strong></span> <span class='ocrx_word' id='word_1_78' title='bbox 705 1192 716 1228; x_wconf 92' lang='lat'>:</span> <span class='ocrx_word' id='word_1_79' title='bbox 753 1191 771 1225; x_wconf 76' lang='grc' dir='ltr'><strong>ι</strong></span> <span class='ocrx_word' id='word_1_80' title='bbox 819 1172 1086 1227; x_wconf 83' lang='lat' dir='ltr'><strong>Mercurio</strong></span> <span class='ocrx_word' id='word_1_81' title='bbox 1115 1167 1296 1224; x_wconf 90' lang='lat' dir='ltr'><strong>Gallos</strong></span> <span class='ocrx_word' id='word_1_82' title='bbox 1343 1166 1602 1218; x_wconf 88' lang='lat' dir='ltr'><strong>humanas</strong></span> <span class='ocrx_word' id='word_1_83' title='bbox 1630 1162 1711 1216; x_wconf 80' lang='lat' dir='ltr'><strong>vel</strong></span> <span class='ocrx_word' id='word_1_84' title='bbox 1758 1159 2078 1213; x_wconf 90' lang='lat' dir='ltr'><strong>inhumanas</strong></span> 
     </span>
    </p>
   </div>
   <div class='ocr_carea' id='block_1_13' title="bbox 478 1253 2078 1326">
    <p class='ocr_par' dir='ltr' id='par_1_13' title="bbox 478 1253 2078 1326">
     <span class='ocr_line' id='line_1_13' title="bbox 478 1253 2078 1326; baseline -0.011 -2"><span class='ocrx_word' id='word_1_85' title='bbox 478 1271 722 1326; x_wconf 76' lang='lat' dir='ltr'><strong>victimas</strong></span> <span class='ocrx_word' id='word_1_86' title='bbox 741 1267 968 1322; x_wconf 84' lang='lat' dir='ltr'><strong>caedere.</strong></span> <span class='ocrx_word' id='word_1_87' title='bbox 1001 1283 1019 1315; x_wconf 77' lang='grc' dir='ltr'><strong>ι</strong></span> <span class='ocrx_word' id='word_1_88' title='bbox 1047 1263 1231 1317; x_wconf 72' lang='lat' dir='ltr'><strong>Tanta:</strong></span> <span class='ocrx_word' id='word_1_89' title='bbox 1255 1260 1396 1314; x_wconf 85' lang='lat' dir='ltr'><strong>enim</strong></span> <span class='ocrx_word' id='word_1_90' title='bbox 1423 1253 1826 1311; x_wconf 87' lang='lat' dir='ltr'><strong>inhumanitatis</strong></span> <span class='ocrx_word' id='word_1_91' title='bbox 1848 1268 2078 1322; x_wconf 81' lang='lat' dir='ltr'><strong>sponsor</strong></span> 
     </span>
    </p>
   </div>
   <div class='ocr_carea' id='block_1_14' title="bbox 474 1345 2074 1431">
    <p class='ocr_par' dir='ltr' id='par_1_14' title="bbox 474 1345 2074 1431">
     <span class='ocr_line' id='line_1_14' title="bbox 474 1345 2074 1431; baseline -0.013 -11"><span class='ocrx_word' id='word_1_92' title='bbox 474 1367 735 1431; x_wconf 86' lang='lat' dir='ltr'><strong>testisque</strong></span> <span class='ocrx_word' id='word_1_93' title='bbox 784 1369 868 1416; x_wconf 88' lang='lat' dir='ltr'><strong>est</strong></span> <span class='ocrx_word' id='word_1_94' title='bbox 911 1357 1195 1414; x_wconf 84' lang='lat' dir='ltr'><strong>Cornelius</strong></span> <span class='ocrx_word' id='word_1_95' title='bbox 1241 1353 1492 1416; x_wconf 91' lang='lat' dir='ltr'><strong>Tacitus,</strong></span> <span class='ocrx_word' id='word_1_96' title='bbox 1552 1351 1638 1405; x_wconf 93' lang='lat' dir='ltr'><strong>ubi</strong></span> <span class='ocrx_word' id='word_1_97' title='bbox 1687 1348 1755 1402; x_wconf 91' lang='lat' dir='ltr'><strong>de</strong></span> <span class='ocrx_word' id='word_1_98' title='bbox 1799 1345 2074 1402; x_wconf 85' lang='lat' dir='ltr'><strong>Gallorum</strong></span> 
     </span>
    </p>
   </div>
   <div class='ocr_carea' id='block_1_15' title="bbox 476 1441 2076 1521">
    <p class='ocr_par' dir='ltr' id='par_1_15' title="bbox 476 1441 2076 1521">
     <span class='ocr_line' id='line_1_15' title="bbox 476 1441 2076 1521; baseline -0.011 -10"><span class='ocrx_word' id='word_1_99' title='bbox 476 1456 718 1512; x_wconf 89' lang='lat' dir='ltr'><strong>moribus</strong></span> <span class='ocrx_word' id='word_1_100' title='bbox 745 1453 860 1508; x_wconf 73' lang='lat' dir='ltr'><strong>hazc</strong></span> <span class='ocrx_word' id='word_1_101' title='bbox 890 1459 1088 1521; x_wconf 84' lang='lat' dir='ltr'><strong>praeter</strong></span> <span class='ocrx_word' id='word_1_102' title='bbox 1113 1449 1212 1502; x_wconf 89' lang='lat' dir='ltr'><strong>alia</strong></span> <span class='ocrx_word' id='word_1_103' title='bbox 1245 1447 1392 1516; x_wconf 92' lang='lat' dir='ltr'><strong>plura</strong></span> <span class='ocrx_word' id='word_1_104' title='bbox 1419 1452 1805 1499; x_wconf 90' lang='lat' dir='ltr'><strong>commemorat</strong></span> <span class='ocrx_word' id='word_1_105' title='bbox 1836 1459 1846 1493; x_wconf 91' lang='lat'>:</span> <span class='ocrx_word' id='word_1_106' title='bbox 1882 1455 1899 1490; x_wconf 86' lang='lat' dir='ltr'><strong>t</strong></span> <span class='ocrx_word' id='word_1_107' title='bbox 1945 1441 2076 1494; x_wconf 88' lang='lat' dir='ltr'><strong>Deo-</strong></span> 
     </span>
    </p>
   </div>
   <div class='ocr_carea' id='block_1_16' title="bbox 478 1533 2071 1606">
    <p class='ocr_par' dir='ltr' id='par_1_16' title="bbox 478 1533 2071 1606">
     <span class='ocr_line' id='line_1_16' title="bbox 478 1533 2071 1606; baseline -0.013 0"><span class='ocrx_word' id='word_1_108' title='bbox 478 1567 597 1606; x_wconf 90' lang='lat' dir='ltr'><strong>rum</strong></span> <span class='ocrx_word' id='word_1_109' title='bbox 627 1548 865 1603; x_wconf 83' lang='lat' dir='ltr'><strong>maxime</strong></span> <span class='ocrx_word' id='word_1_110' title='bbox 896 1544 1222 1599; x_wconf 78' lang='lat' dir='ltr'><strong>Mercurium</strong></span> <span class='ocrx_word' id='word_1_111' title='bbox 1267 1540 1482 1602; x_wconf 92' lang='lat' dir='ltr'><strong>colunt,</strong></span> <span class='ocrx_word' id='word_1_112' title='bbox 1515 1537 1599 1591; x_wconf 92' lang='lat' dir='ltr'><strong>cui</strong></span> <span class='ocrx_word' id='word_1_113' title='bbox 1641 1534 1803 1589; x_wconf 86' lang='lat' dir='ltr'><strong>certis</strong></span> <span class='ocrx_word' id='word_1_114' title='bbox 1843 1533 2032 1587; x_wconf 90' lang='lat' dir='ltr'><strong>diebus</strong></span> <span class='ocrx_word' id='word_1_115' title='bbox 2057 1574 2071 1598; x_wconf 92' lang='lat'><strong>,</strong></span> 
     </span>
    </p>
   </div>
   <div class='ocr_carea' id='block_1_17' title="bbox 476 1625 2074 1711">
    <p class='ocr_par' dir='ltr' id='par_1_17' title="bbox 476 1625 2074 1711">
     <span class='ocr_line' id='line_1_17' title="bbox 476 1625 2074 1711; baseline -0.014 -12"><span class='ocrx_word' id='word_1_116' title='bbox 476 1643 726 1699; x_wconf 89' lang='lat' dir='ltr'><strong>humanis</strong></span> <span class='ocrx_word' id='word_1_117' title='bbox 779 1653 994 1711; x_wconf 89' lang='lat' dir='ltr'><strong>quoque</strong></span> <span class='ocrx_word' id='word_1_118' title='bbox 1041 1637 1229 1689; x_wconf 82' lang='lat' dir='ltr'><strong>hostiis</strong></span> <span class='ocrx_word' id='word_1_119' title='bbox 1282 1633 1436 1686; x_wconf 88' lang='lat' dir='ltr'><strong>litare</strong></span> <span class='ocrx_word' id='word_1_120' title='bbox 1490 1629 1567 1682; x_wconf 81' lang='lat' dir='ltr'><strong>l‘as</strong></span> <span class='ocrx_word' id='word_1_121' title='bbox 1625 1628 1844 1681; x_wconf 91' lang='lat' dir='ltr'><strong>habent.</strong></span> <span class='ocrx_word' id='word_1_122' title='bbox 1895 1625 2074 1680; x_wconf 70' lang='lat' dir='ltr'><strong>Cinsar</strong></span> 
     </span>
    </p>
   </div>
   <div class='ocr_carea' id='block_1_18' title="bbox 475 1723 2072 1803">
    <p class='ocr_par' dir='ltr' id='par_1_18' title="bbox 475 1723 2072 1803">
     <span class='ocr_line' id='line_1_18' title="bbox 475 1723 2072 1803; baseline -0.013 -10"><span class='ocrx_word' id='word_1_123' title='bbox 475 1753 641 1803; x_wconf 78' lang='lat' dir='ltr'><strong>vero,</strong></span> <span class='ocrx_word' id='word_1_124' title='bbox 667 1736 752 1790; x_wconf 91' lang='lat' dir='ltr'><strong>cui</strong></span> <span class='ocrx_word' id='word_1_125' title='bbox 787 1733 1126 1803; x_wconf 88' lang='lat' dir='ltr'><strong>potissimum</strong></span> <span class='ocrx_word' id='word_1_126' title='bbox 1177 1727 1455 1783; x_wconf 90' lang='lat' dir='ltr'><strong>notissima</strong></span> <span class='ocrx_word' id='word_1_127' title='bbox 1488 1733 1604 1779; x_wconf 88' lang='lat' dir='ltr'><strong>erat</strong></span> <span class='ocrx_word' id='word_1_128' title='bbox 1646 1723 1919 1778; x_wconf 90' lang='lat' dir='ltr'><strong>Gallorum</strong></span> <span class='ocrx_word' id='word_1_129' title='bbox 1975 1735 2072 1773; x_wconf 79' lang='lat' dir='ltr'><strong>na-</strong></span> 
     </span>
    </p>
   </div>
   <div class='ocr_carea' id='block_1_19' title="bbox 471 1803 2148 1898">
    <p class='ocr_par' dir='ltr' id='par_1_19' title="bbox 471 1803 2148 1898">
     <span class='ocr_line' id='line_1_19' title="bbox 471 1803 2148 1898; baseline -0.015 -12"><span class='ocrx_word' id='word_1_130' title='bbox 471 1833 550 1886; x_wconf 85' lang='lat' dir='ltr'><strong>tio</strong></span> <span class='ocrx_word' id='word_1_131' title='bbox 571 1873 586 1898; x_wconf 93' lang='lat'><strong>,</strong></span> <span class='ocrx_word' id='word_1_132' title='bbox 619 1828 807 1884; x_wconf 87' lang='lat' dir='ltr'><strong>scribit</strong></span> <span class='ocrx_word' id='word_1_133' title='bbox 840 1826 960 1880; x_wconf 89' lang='lat' dir='ltr'><strong>illos</strong></span> <span class='ocrx_word' id='word_1_134' title='bbox 987 1821 1322 1894; x_wconf 83' lang='lat' dir='ltr'><strong>gravioribus</strong></span> <span class='ocrx_word' id='word_1_135' title='bbox 1354 1826 1572 1873; x_wconf 76' lang='lat' dir='ltr'><strong>vexatos</strong></span> <span class='ocrx_word' id='word_1_136' title='bbox 1625 1814 1827 1869; x_wconf 67' lang='lat' dir='ltr'><strong>movbis</strong></span> <span class='ocrx_word' id='word_1_137' title='bbox 1853 1853 1866 1877; x_wconf 96' lang='lat'><strong>,</strong></span> <span class='ocrx_word' id='word_1_138' title='bbox 1901 1811 2069 1865; x_wconf 90' lang='lat' dir='ltr'><strong>autin</strong></span> <span class='ocrx_word' id='word_1_139' title='bbox 2103 1803 2148 1863; x_wconf 69' lang='lat' dir='ltr'><strong>It</strong></span> 
     </span>
    </p>
   </div>
   <div class='ocr_carea' id='block_1_20' title="bbox 472 1906 2069 1996">
    <p class='ocr_par' dir='ltr' id='par_1_20' title="bbox 472 1906 2069 1996">
     <span class='ocr_line' id='line_1_20' title="bbox 472 1906 2069 1996; baseline -0.013 -18"><span class='ocrx_word' id='word_1_140' title='bbox 472 1923 674 1996; x_wconf 71' lang='lat' dir='ltr'><strong>prmliis</strong></span> <span class='ocrx_word' id='word_1_141' title='bbox 714 1927 1023 1983; x_wconf 77' lang='lat' dir='ltr'><strong>versantes,</strong></span> <span class='ocrx_word' id='word_1_142' title='bbox 1061 1932 1156 1986; x_wconf 92' lang='lat' dir='ltr'><strong>pro</strong></span> <span class='ocrx_word' id='word_1_143' title='bbox 1187 1913 1415 1968; x_wconf 74' lang='lat' dir='ltr'><strong>victimis</strong></span> <span class='ocrx_word' id='word_1_144' title='bbox 1463 1909 1773 1964; x_wconf 77' lang='lat' dir='ltr'><strong>immolasse</strong></span> <span class='ocrx_word' id='word_1_145' title='bbox 1801 1906 2069 1969; x_wconf 86' lang='lat' dir='ltr'><strong>homines,</strong></span> 
     </span>
    </p>
   </div>
   <div class='ocr_carea' id='block_1_21' title="bbox 471 1997 2071 2072">
    <p class='ocr_par' dir='ltr' id='par_1_21' title="bbox 471 1997 2071 2072">
     <span class='ocr_line' id='line_1_21' title="bbox 471 1997 2071 2072; baseline -0.014 -1"><span class='ocrx_word' id='word_1_146' title='bbox 471 2018 556 2071; x_wconf 72' lang='lat' dir='ltr'><strong>vel</strong></span> <span class='ocrx_word' id='word_1_147' title='bbox 609 2029 667 2068; x_wconf 91' lang='lat' dir='ltr'><strong>se</strong></span> <span class='ocrx_word' id='word_1_148' title='bbox 718 2011 1089 2066; x_wconf 75' lang='lat' dir='ltr'><strong>immolaturos</strong></span> <span class='ocrx_word' id='word_1_149' title='bbox 1124 2008 1335 2061; x_wconf 78' lang='lat' dir='ltr'><strong>vovisse</strong></span> <span class='ocrx_word' id='word_1_150' title='bbox 1361 2047 1376 2071; x_wconf 94' lang='lat'><strong>,</strong></span> <span class='ocrx_word' id='word_1_151' title='bbox 1406 2014 1570 2072; x_wconf 86' lang='lat' dir='ltr'><strong>atque</strong></span> <span class='ocrx_word' id='word_1_152' title='bbox 1605 2001 1670 2054; x_wconf 91' lang='lat' dir='ltr'><strong>ad</strong></span> <span class='ocrx_word' id='word_1_153' title='bbox 1698 2015 1760 2054; x_wconf 89' lang='lat' dir='ltr'><strong>ea</strong></span> <span class='ocrx_word' id='word_1_154' title='bbox 1808 1997 2071 2052; x_wconf 89' lang='lat' dir='ltr'><strong>sacriﬁcia</strong></span> 
     </span>
    </p>
   </div>
   <div class='ocr_carea' id='block_1_22' title="bbox 476 2085 2070 2164">
    <p class='ocr_par' dir='ltr' id='par_1_22' title="bbox 476 2085 2070 2164">
     <span class='ocr_line' id='line_1_22' title="bbox 476 2085 2070 2164; baseline -0.014 -4"><span class='ocrx_word' id='word_1_155' title='bbox 476 2104 738 2161; x_wconf 88' lang='lat' dir='ltr'><strong>ministris</strong></span> <span class='ocrx_word' id='word_1_156' title='bbox 767 2115 893 2156; x_wconf 89' lang='lat' dir='ltr'><strong>usos</strong></span> <span class='ocrx_word' id='word_1_157' title='bbox 918 2114 1040 2154; x_wconf 90' lang='lat' dir='ltr'><strong>esse</strong></span> <span class='ocrx_word' id='word_1_158' title='bbox 1071 2096 1353 2152; x_wconf 88' lang='lat' dir='ltr'><strong>Druidibus</strong></span> <span class='ocrx_word' id='word_1_159' title='bbox 1386 2092 1606 2164; x_wconf 72' lang='lat' dir='ltr'><strong>)(Tacit.</strong></span> <span class='ocrx_word' id='word_1_160' title='bbox 1638 2091 1700 2143; x_wconf 85' lang='lat' dir='ltr'><strong>de</strong></span> <span class='ocrx_word' id='word_1_161' title='bbox 1731 2088 1917 2143; x_wconf 82' lang='lat' dir='ltr'><strong>Morib.</strong></span> <span class='ocrx_word' id='word_1_162' title='bbox 1943 2085 2070 2140; x_wconf 83' lang='lat' dir='ltr'><strong>Ger-</strong></span> 
     </span>
    </p>
   </div>
   <div class='ocr_carea' id='block_1_23' title="bbox 470 2181 2074 2266">
    <p class='ocr_par' dir='ltr' id='par_1_23' title="bbox 470 2181 2074 2266">
     <span class='ocr_line' id='line_1_23' title="bbox 470 2181 2074 2266; baseline -0.013 -14"><span class='ocrx_word' id='word_1_163' title='bbox 470 2216 612 2252; x_wconf 78' lang='lat' dir='ltr'><strong>ntan.</strong></span> <span class='ocrx_word' id='word_1_164' title='bbox 669 2195 822 2266; x_wconf 80' lang='lat' dir='ltr'><strong>paulo</strong></span> <span class='ocrx_word' id='word_1_165' title='bbox 871 2202 984 2264; x_wconf 83' lang='lat' dir='ltr'><strong>post</strong></span> <span class='ocrx_word' id='word_1_166' title='bbox 1023 2193 1163 2257; x_wconf 84' lang='lat' dir='ltr'><strong>inil.;</strong></span> <span class='ocrx_word' id='word_1_167' title='bbox 1194 2189 1324 2245; x_wconf 69' lang='lat' dir='ltr'><strong>Ca’s.</strong></span> <span class='ocrx_word' id='word_1_168' title='bbox 1371 2187 1460 2242; x_wconf 96' lang='lat' dir='ltr'><strong>lib.</strong></span> <span class='ocrx_word' id='word_1_169' title='bbox 1495 2203 1510 2240; x_wconf 93' lang='grc' dir='ltr'><strong>ι</strong></span> <span class='ocrx_word' id='word_1_170' title='bbox 1541 2186 1604 2239; x_wconf 85' lang='lat' dir='ltr'><strong>de</strong></span> <span class='ocrx_word' id='word_1_171' title='bbox 1632 2182 1766 2237; x_wconf 85' lang='lat' dir='ltr'><strong>Bell.</strong></span> <span class='ocrx_word' id='word_1_172' title='bbox 1798 2181 1937 2235; x_wconf 84' lang='lat' dir='ltr'><strong>Gall.</strong></span> <span class='ocrx_word' id='word_1_173' title='bbox 1961 2187 2074 2250; x_wconf 80' lang='lat' dir='ltr'><strong>post</strong></span> 
     </span>
    </p>
   </div>
   <div class='ocr_carea' id='block_1_24' title="bbox 474 2276 2067 2362">
    <p class='ocr_par' dir='ltr' id='par_1_24' title="bbox 474 2276 2067 2362">
     <span class='ocr_line' id='line_1_24' title="bbox 474 2276 2067 2362; baseline -0.015 -15"><span class='ocrx_word' id='word_1_174' title='bbox 474 2291 659 2362; x_wconf 84' lang='lat' dir='ltr'><strong>init.).</strong></span> <span class='ocrx_word' id='word_1_175' title='bbox 704 2289 822 2344; x_wconf 86' lang='lat' dir='ltr'><strong>Non</strong></span> <span class='ocrx_word' id='word_1_176' title='bbox 880 2288 952 2342; x_wconf 90' lang='lat' dir='ltr'><strong>ibi</strong></span> <span class='ocrx_word' id='word_1_177' title='bbox 1009 2297 1185 2341; x_wconf 89' lang='lat' dir='ltr'><strong>tamen</strong></span> <span class='ocrx_word' id='word_1_178' title='bbox 1245 2282 1478 2352; x_wconf 75' lang='lat' dir='ltr'><strong>explicat</strong></span> <span class='ocrx_word' id='word_1_179' title='bbox 1523 2279 1608 2333; x_wconf 91' lang='lat' dir='ltr'><strong>cui</strong></span> <span class='ocrx_word' id='word_1_180' title='bbox 1653 2277 1754 2331; x_wconf 88' lang='lat' dir='ltr'><strong>deo</strong></span> <span class='ocrx_word' id='word_1_181' title='bbox 1802 2276 1898 2328; x_wconf 90' lang='lat' dir='ltr'><strong>has</strong></span> <span class='ocrx_word' id='word_1_182' title='bbox 1932 2289 2067 2356; x_wconf 69' lang='lat' dir='ltr'><strong>pt-te-</strong></span> 
     </span>
    </p>
   </div>
   <div class='ocr_carea' id='block_1_25' title="bbox 469 2366 2071 2450">
    <p class='ocr_par' dir='ltr' id='par_1_25' title="bbox 469 2366 2071 2450">
     <span class='ocr_line' id='line_1_25' title="bbox 469 2366 2071 2450; baseline -0.014 -9"><span class='ocrx_word' id='word_1_183' title='bbox 469 2387 665 2441; x_wconf 83' lang='lat' dir='ltr'><strong>berent</strong></span> <span class='ocrx_word' id='word_1_184' title='bbox 695 2383 898 2439; x_wconf 83' lang='lat' dir='ltr'><strong>hostias</strong></span> <span class='ocrx_word' id='word_1_185' title='bbox 928 2399 940 2435; x_wconf 92' lang='lat'><strong>:</strong></span> <span class='ocrx_word' id='word_1_186' title='bbox 975 2381 1067 2435; x_wconf 91' lang='lat' dir='ltr'><strong>sed</strong></span> <span class='ocrx_word' id='word_1_187' title='bbox 1097 2380 1217 2450; x_wconf 86' lang='lat' dir='ltr'><strong>quia</strong></span> <span class='ocrx_word' id='word_1_188' title='bbox 1246 2377 1336 2432; x_wconf 91' lang='lat' dir='ltr'><strong>ille</strong></span> <span class='ocrx_word' id='word_1_189' title='bbox 1362 2374 1589 2437; x_wconf 89' lang='lat' dir='ltr'><strong>ibidem,</strong></span> <span class='ocrx_word' id='word_1_190' title='bbox 1620 2366 2071 2441; x_wconf 87' lang='lat' dir='ltr'><strong>quemadmodum</strong></span> 
     </span>
    </p>
   </div>
   <div class='ocr_carea' id='block_1_26' title="bbox 474 2459 2070 2543">
    <p class='ocr_par' dir='ltr' id='par_1_26' title="bbox 474 2459 2070 2543">
     <span class='ocr_line' id='line_1_26' title="bbox 474 2459 2070 2543; baseline -0.014 -10"><span class='ocrx_word' id='word_1_191' title='bbox 474 2478 694 2543; x_wconf 87' lang='lat' dir='ltr'><strong>Strabo,</strong></span> <span class='ocrx_word' id='word_1_192' title='bbox 738 2473 936 2529; x_wconf 86' lang='lat' dir='ltr'><strong>asserit</strong></span> <span class='ocrx_word' id='word_1_193' title='bbox 983 2472 1167 2528; x_wconf 84' lang='lat' dir='ltr'><strong>Gallos</strong></span> <span class='ocrx_word' id='word_1_194' title='bbox 1219 2470 1378 2523; x_wconf 87' lang='lat' dir='ltr'><strong>deum</strong></span> <span class='ocrx_word' id='word_1_195' title='bbox 1434 2466 1699 2537; x_wconf 65' lang='lat' dir='ltr'><strong>prmeipue</strong></span> <span class='ocrx_word' id='word_1_196' title='bbox 1751 2459 2070 2515; x_wconf 81' lang='lat' dir='ltr'><strong>Mercurium</strong></span> 
     </span>
    </p>
   </div>
   <div class='ocr_carea' id='block_1_27' title="bbox 471 2552 2070 2626">
    <p class='ocr_par' dir='ltr' id='par_1_27' title="bbox 471 2552 2070 2626">
     <span class='ocr_line' id='line_1_27' title="bbox 471 2552 2070 2626; baseline -0.009 -8"><span class='ocrx_word' id='word_1_197' title='bbox 471 2569 740 2626; x_wconf 86' lang='lat' dir='ltr'><strong>coluisse,</strong></span> <span class='ocrx_word' id='word_1_198' title='bbox 803 2574 978 2616; x_wconf 90' lang='lat' dir='ltr'><strong>nonne</strong></span> <span class='ocrx_word' id='word_1_199' title='bbox 1026 2575 1147 2613; x_wconf 90' lang='lat' dir='ltr'><strong>cum</strong></span> <span class='ocrx_word' id='word_1_200' title='bbox 1197 2559 1431 2612; x_wconf 87' lang='lat' dir='ltr'><strong>Minucio</strong></span> <span class='ocrx_word' id='word_1_201' title='bbox 1488 2565 1674 2610; x_wconf 91' lang='lat' dir='ltr'><strong>nostro</strong></span> <span class='ocrx_word' id='word_1_202' title='bbox 1737 2552 1840 2607; x_wconf 91' lang='lat' dir='ltr'><strong>dici</strong></span> <span class='ocrx_word' id='word_1_203' title='bbox 1897 2557 2070 2620; x_wconf 77' lang='lat' dir='ltr'><strong>potest</strong></span> 
     </span>
    </p>
   </div>
   <div class='ocr_carea' id='block_1_28' title="bbox 471 2642 2072 2726">
    <p class='ocr_par' dir='ltr' id='par_1_28' title="bbox 471 2642 2072 2726">
     <span class='ocr_line' id='line_1_28' title="bbox 471 2642 2072 2726; baseline -0.01 -14"><span class='ocrx_word' id='word_1_204' title='bbox 471 2657 600 2712; x_wconf 85' lang='lat' dir='ltr'><strong>huic</strong></span> <span class='ocrx_word' id='word_1_205' title='bbox 633 2659 683 2710; x_wconf 94' lang='lat' dir='ltr'><strong>in</strong></span> <span class='ocrx_word' id='word_1_206' title='bbox 712 2656 898 2726; x_wconf 88' lang='lat' dir='ltr'><strong>primis</strong></span> <span class='ocrx_word' id='word_1_207' title='bbox 929 2654 1032 2709; x_wconf 88' lang='lat' dir='ltr'><strong>deo</strong></span> <span class='ocrx_word' id='word_1_208' title='bbox 1053 2695 1067 2717; x_wconf 98' lang='lat'><strong>,</strong></span> <span class='ocrx_word' id='word_1_209' title='bbox 1121 2662 1281 2722; x_wconf 89' lang='lat' dir='ltr'><strong>atque</strong></span> <span class='ocrx_word' id='word_1_210' title='bbox 1322 2651 1463 2705; x_wconf 81' lang='lat' dir='ltr'><strong>lleso</strong></span> <span class='ocrx_word' id='word_1_211' title='bbox 1509 2650 1668 2703; x_wconf 89' lang='lat' dir='ltr'><strong>etiam</strong></span> <span class='ocrx_word' id='word_1_212' title='bbox 1691 2690 1705 2714; x_wconf 97' lang='lat'><strong>,</strong></span> <span class='ocrx_word' id='word_1_213' title='bbox 1757 2656 1814 2700; x_wconf 90' lang='lat' dir='ltr'><strong>ttt</strong></span> <span class='ocrx_word' id='word_1_214' title='bbox 1842 2659 1965 2698; x_wconf 88' lang='lat' dir='ltr'><strong>mox</strong></span> <span class='ocrx_word' id='word_1_215' title='bbox 1990 2642 2072 2697; x_wconf 90' lang='lat' dir='ltr'><strong>di-</strong></span> 
     </span>
    </p>
   </div>
   <div class='ocr_carea' id='block_1_29' title="bbox 470 2737 2070 2817">
    <p class='ocr_par' dir='ltr' id='par_1_29' title="bbox 470 2737 2070 2817">
     <span class='ocr_line' id='line_1_29' title="bbox 470 2737 2070 2817; baseline -0.011 -11"><span class='ocrx_word' id='word_1_216' title='bbox 470 2763 644 2817; x_wconf 79' lang='lat' dir='ltr'><strong>cetur,</strong></span> <span class='ocrx_word' id='word_1_217' title='bbox 677 2750 869 2805; x_wconf 82' lang='lat' dir='ltr'><strong>factum</strong></span> <span class='ocrx_word' id='word_1_218' title='bbox 904 2747 1067 2802; x_wconf 82' lang='lat' dir='ltr'><strong>fuisse</strong></span> <span class='ocrx_word' id='word_1_219' title='bbox 1093 2745 1306 2800; x_wconf 85' lang='lat' dir='ltr'><strong>crudele</strong></span> <span class='ocrx_word' id='word_1_220' title='bbox 1334 2743 1460 2797; x_wconf 89' lang='lat' dir='ltr'><strong>illttd</strong></span> <span class='ocrx_word' id='word_1_221' title='bbox 1484 2741 1800 2796; x_wconf 85' lang='lat' dir='ltr'><strong>sacriﬁcium</strong></span> <span class='ocrx_word' id='word_1_222' title='bbox 1830 2738 1847 2808; x_wconf 97' lang='lat'><strong>(</strong></span> <span class='ocrx_word' id='word_1_223' title='bbox 1871 2737 2070 2802; x_wconf 89' lang='lat' dir='ltr'><strong>Strab.,</strong></span> 
     </span>
    </p>
   </div>
   <div class='ocr_carea' id='block_1_30' title="bbox 471 2829 2070 2914">
    <p class='ocr_par' dir='ltr' id='par_1_30' title="bbox 471 2829 2070 2914">
     <span class='ocr_line' id='line_1_30' title="bbox 471 2829 2070 2914; baseline -0.009 -16"><span class='ocrx_word' id='word_1_224' title='bbox 471 2845 562 2898; x_wconf 85' lang='lat' dir='ltr'><strong>lib.</strong></span> <span class='ocrx_word' id='word_1_225' title='bbox 595 2859 668 2909; x_wconf 84' lang='lat' dir='ltr'><strong>tv,</strong></span> <span class='ocrx_word' id='word_1_226' title='bbox 719 2841 906 2914; x_wconf 81' lang='lat' dir='ltr'><strong>Geogr.</strong></span> <span class='ocrx_word' id='word_1_227' title='bbox 959 2859 1080 2910; x_wconf 87' lang='lat' dir='ltr'><strong>pag.</strong></span> <span class='ocrx_word' id='word_1_228' title='bbox 1116 2837 1277 2911; x_wconf 81' lang='grc'><strong>198).</strong></span> <span class='ocrx_word' id='word_1_229' title='bbox 1312 2837 1456 2892; x_wconf 81' lang='lat' dir='ltr'><strong>Idem</strong></span> <span class='ocrx_word' id='word_1_230' title='bbox 1493 2835 1677 2906; x_wconf 86' lang='lat' dir='ltr'><strong>procul</strong></span> <span class='ocrx_word' id='word_1_231' title='bbox 1717 2832 1879 2888; x_wconf 89' lang='lat' dir='ltr'><strong>dubio</strong></span> <span class='ocrx_word' id='word_1_232' title='bbox 1926 2829 2070 2901; x_wconf 85' lang='lat' dir='ltr'><strong>judi-</strong></span> 
     </span>
    </p>
   </div>
   <div class='ocr_carea' id='block_1_31' title="bbox 471 2924 2071 2991">
    <p class='ocr_par' dir='ltr' id='par_1_31' title="bbox 471 2924 2071 2991">
     <span class='ocr_line' id='line_1_31' title="bbox 471 2924 2071 2991; baseline -0.009 -1"><span class='ocrx_word' id='word_1_233' title='bbox 471 2939 612 2991; x_wconf 88' lang='lat' dir='ltr'><strong>cium</strong></span> <span class='ocrx_word' id='word_1_234' title='bbox 645 2937 920 2990; x_wconf 80' lang='lat' dir='ltr'><strong>ferendum</strong></span> <span class='ocrx_word' id='word_1_235' title='bbox 945 2943 1030 2989; x_wconf 87' lang='lat' dir='ltr'><strong>est</strong></span> <span class='ocrx_word' id='word_1_236' title='bbox 1071 2933 1137 2987; x_wconf 90' lang='lat' dir='ltr'><strong>de</strong></span> <span class='ocrx_word' id='word_1_237' title='bbox 1172 2932 1402 2986; x_wconf 89' lang='lat' dir='ltr'><strong>Diodoro</strong></span> <span class='ocrx_word' id='word_1_238' title='bbox 1449 2930 1663 2991; x_wconf 89' lang='lat' dir='ltr'><strong>Siculo,</strong></span> <span class='ocrx_word' id='word_1_239' title='bbox 1711 2927 1874 2991; x_wconf 85' lang='lat' dir='ltr'><strong>Mela,</strong></span> <span class='ocrx_word' id='word_1_240' title='bbox 1921 2924 2071 2979; x_wconf 90' lang='lat' dir='ltr'><strong>Stra-</strong></span> 
     </span>
    </p>
   </div>
   <div class='ocr_carea' id='block_1_32' title="bbox 473 3021 2074 3094">
    <p class='ocr_par' dir='ltr' id='par_1_32' title="bbox 473 3021 2074 3094">
     <span class='ocr_line' id='line_1_32' title="bbox 473 3021 2074 3094; baseline -0.007 -10"><span class='ocrx_word' id='word_1_241' title='bbox 473 3027 649 3094; x_wconf 85' lang='lat' dir='ltr'><strong>bone,</strong></span> <span class='ocrx_word' id='word_1_242' title='bbox 681 3027 980 3093; x_wconf 86' lang='lat' dir='ltr'><strong>Cicerone,</strong></span> <span class='ocrx_word' id='word_1_243' title='bbox 1027 3034 1081 3080; x_wconf 88' lang='lat' dir='ltr'><strong>et</strong></span> <span class='ocrx_word' id='word_1_244' title='bbox 1135 3025 1351 3088; x_wconf 80' lang='lat' dir='ltr'><strong>Solino,</strong></span> <span class='ocrx_word' id='word_1_245' title='bbox 1389 3025 1476 3092; x_wconf 86' lang='lat' dir='ltr'><strong>qui</strong></span> <span class='ocrx_word' id='word_1_246' title='bbox 1506 3021 1802 3092; x_wconf 80' lang='lat' dir='ltr'><strong>generatim</strong></span> <span class='ocrx_word' id='word_1_247' title='bbox 1861 3033 2074 3088; x_wconf 88' lang='lat' dir='ltr'><strong>quoque</strong></span> 
     </span>
    </p>
   </div>
   <div class='ocr_carea' id='block_1_33' title="bbox 473 3113 2066 3177">
    <p class='ocr_par' dir='ltr' id='par_1_33' title="bbox 473 3113 2066 3177">
     <span class='ocr_line' id='line_1_33' title="bbox 473 3113 2066 3177; baseline -0.009 -1"><span class='ocrx_word' id='word_1_248' title='bbox 473 3138 502 3176; x_wconf 89' lang='lat' dir='ltr'><strong>a</strong></span> <span class='ocrx_word' id='word_1_249' title='bbox 536 3122 705 3177; x_wconf 90' lang='lat' dir='ltr'><strong>Gallis</strong></span> <span class='ocrx_word' id='word_1_250' title='bbox 736 3120 982 3175; x_wconf 84' lang='lat' dir='ltr'><strong>homines</strong></span> <span class='ocrx_word' id='word_1_251' title='bbox 1002 3120 1104 3174; x_wconf 93' lang='lat' dir='ltr'><strong>diis</strong></span> <span class='ocrx_word' id='word_1_252' title='bbox 1136 3119 1440 3174; x_wconf 81' lang='lat' dir='ltr'><strong>itnmolatOs</strong></span> <span class='ocrx_word' id='word_1_253' title='bbox 1466 3116 1629 3171; x_wconf 78' lang='lat' dir='ltr'><strong>t&#39;uiSse</strong></span> <span class='ocrx_word' id='word_1_254' title='bbox 1662 3113 2013 3169; x_wconf 82' lang='lat' dir='ltr'><strong>testiﬁcantur</strong></span> <span class='ocrx_word' id='word_1_255' title='bbox 2049 3131 2066 3162; x_wconf 79' lang='grc' dir='ltr'><strong>ι</strong></span> 
     </span>
    </p>
   </div>
   <div class='ocr_carea' id='block_1_34' title="bbox 2185 489 3786 566">
    <p class='ocr_par' dir='ltr' id='par_1_34' title="bbox 2185 489 3786 566">
     <span class='ocr_line' id='line_1_34' title="bbox 2185 489 3786 566; baseline -0.011 -9"><span class='ocrx_word' id='word_1_256' title='bbox 2185 504 2237 557; x_wconf 88' lang='lat' dir='ltr'><strong>itt</strong></span> <span class='ocrx_word' id='word_1_257' title='bbox 2277 501 2391 555; x_wconf 86' lang='lat' dir='ltr'><strong>Vita</strong></span> <span class='ocrx_word' id='word_1_258' title='bbox 2429 499 2709 562; x_wconf 84' lang='lat' dir='ltr'><strong>Marcelli.,</strong></span> <span class='ocrx_word' id='word_1_259' title='bbox 2740 512 2858 566; x_wconf 89' lang='lat' dir='ltr'><strong>pag.</strong></span> <span class='ocrx_word' id='word_1_260' title='bbox 2899 495 3026 555; x_wconf 87' lang='lat'><strong>299.</strong></span> <span class='ocrx_word' id='word_1_261' title='bbox 3054 503 3108 547; x_wconf 88' lang='lat' dir='ltr'><strong>et</strong></span> <span class='ocrx_word' id='word_1_262' title='bbox 3137 503 3269 548; x_wconf 87' lang='lat' dir='ltr'><strong>tom.</strong></span> <span class='ocrx_word' id='word_1_263' title='bbox 3300 508 3358 555; x_wconf 93' lang='grc' dir='ltr'>ιι,</span> <span class='ocrx_word' id='word_1_264' title='bbox 3382 491 3578 558; x_wconf 75' lang='lat' dir='ltr'><strong>Quazst.</strong></span> <span class='ocrx_word' id='word_1_265' title='bbox 3610 489 3786 554; x_wconf 68' lang='lat' dir='ltr'><strong>Rom,</strong></span> 
     </span>
    </p>
   </div>
   <div class='ocr_carea' id='block_1_35' title="bbox 2184 583 3789 665">
    <p class='ocr_par' dir='ltr' id='par_1_35' title="bbox 2184 583 3789 665">
     <span class='ocr_line' id='line_1_35' title="bbox 2184 583 3789 665; baseline -0.006 -17"><span class='ocrx_word' id='word_1_266' title='bbox 2184 610 2302 665; x_wconf 72' lang='lat' dir='ltr'><strong>pag.</strong></span> <span class='ocrx_word' id='word_1_267' title='bbox 2331 594 2459 660; x_wconf 80' lang='lat'><strong>283;</strong></span> <span class='ocrx_word' id='word_1_268' title='bbox 2487 593 2652 658; x_wconf 86' lang='lat' dir='ltr'><strong>Ptin.,</strong></span> <span class='ocrx_word' id='word_1_269' title='bbox 2683 590 2777 646; x_wconf 90' lang='lat' dir='ltr'><strong>lib.</strong></span> <span class='ocrx_word' id='word_1_270' title='bbox 2819 604 2982 644; x_wconf 82' lang='lat' dir='ltr'><strong>xxvnt</strong></span> <span class='ocrx_word' id='word_1_271' title='bbox 3025 585 3224 641; x_wconf 79' lang='lat' dir='ltr'><strong>Hister.</strong></span> <span class='ocrx_word' id='word_1_272' title='bbox 3251 583 3406 650; x_wconf 88' lang='lat' dir='ltr'><strong>Nat.,</strong></span> <span class='ocrx_word' id='word_1_273' title='bbox 3431 598 3548 654; x_wconf 85' lang='lat' dir='ltr'><strong>cap.</strong></span> <span class='ocrx_word' id='word_1_274' title='bbox 3585 584 3637 648; x_wconf 90' lang='grc'><strong>1,</strong></span> <span class='ocrx_word' id='word_1_275' title='bbox 3667 597 3789 653; x_wconf 86' lang='lat' dir='ltr'><strong>pag.</strong></span> 
     </span>
    </p>
   </div>
   <div class='ocr_carea' id='block_1_36' title="bbox 2183 688 2355 758">
    <p class='ocr_par' dir='ltr' id='par_1_36' title="bbox 2183 688 2355 758">
     <span class='ocr_line' id='line_1_36' title="bbox 2183 688 2355 758; baseline -0.006 -16"><span class='ocrx_word' id='word_1_276' title='bbox 2183 688 2286 743; x_wconf 76' lang='lat'><strong>557</strong></span> <span class='ocrx_word' id='word_1_277' title='bbox 2316 688 2355 758; x_wconf 83' lang='lat'><strong>).</strong></span> 
     </span>
    </p>
   </div>
   <div class='ocr_carea' id='block_1_37' title="bbox 2254 773 3790 849">
    <p class='ocr_par' dir='ltr' id='par_1_37' title="bbox 2254 773 3790 849">
     <span class='ocr_line' id='line_1_37' title="bbox 2254 773 3790 849; baseline -0.008 -14"><span class='ocrx_word' id='word_1_278' title='bbox 2254 781 2390 849; x_wconf 86' lang='lat' dir='ltr'><strong>Quin</strong></span> <span class='ocrx_word' id='word_1_279' title='bbox 2421 779 2562 834; x_wconf 87' lang='lat' dir='ltr'><strong>eniut</strong></span> <span class='ocrx_word' id='word_1_280' title='bbox 2587 778 2790 849; x_wconf 78' lang='lat' dir='ltr'><strong>Jupiter</strong></span> <span class='ocrx_word' id='word_1_281' title='bbox 2813 776 3056 840; x_wconf 76' lang='lat' dir='ltr'><strong>Latiaris,</strong></span> <span class='ocrx_word' id='word_1_282' title='bbox 3087 773 3163 828; x_wconf 88' lang='lat' dir='ltr'><strong>uti</strong></span> <span class='ocrx_word' id='word_1_283' title='bbox 3213 779 3400 827; x_wconf 86' lang='lat' dir='ltr'><strong>auctor</strong></span> <span class='ocrx_word' id='word_1_284' title='bbox 3438 781 3623 826; x_wconf 83' lang='lat' dir='ltr'><strong>n05ter</strong></span> <span class='ocrx_word' id='word_1_285' title='bbox 3667 783 3790 839; x_wconf 83' lang='lat' dir='ltr'><strong>pro-</strong></span> 
     </span>
    </p>
   </div>
   <div class='ocr_carea' id='block_1_38' title="bbox 2181 862 3786 944">
    <p class='ocr_par' dir='ltr' id='par_1_38' title="bbox 2181 862 3786 944">
     <span class='ocr_line' id='line_1_38' title="bbox 2181 862 3786 944; baseline -0.009 -16"><span class='ocrx_word' id='word_1_286' title='bbox 2181 875 2440 944; x_wconf 87' lang='lat' dir='ltr'><strong>sequitur,</strong></span> <span class='ocrx_word' id='word_1_287' title='bbox 2474 873 2541 927; x_wconf 86' lang='lat' dir='ltr'><strong>ab</strong></span> <span class='ocrx_word' id='word_1_288' title='bbox 2586 872 2774 926; x_wconf 90' lang='lat' dir='ltr'><strong>iisdem</strong></span> <span class='ocrx_word' id='word_1_289' title='bbox 2807 867 3067 924; x_wconf 81' lang='lat' dir='ltr'><strong>Romanis</strong></span> <span class='ocrx_word' id='word_1_290' title='bbox 3119 865 3392 918; x_wconf 79' lang='lat' dir='ltr'><strong>homicidio</strong></span> <span class='ocrx_word' id='word_1_291' title='bbox 3443 862 3786 927; x_wconf 90' lang='lat' dir='ltr'><strong>celebratur;</strong></span> 
     </span>
    </p>
   </div>
   <div class='ocr_carea' id='block_1_39' title="bbox 2183 955 3789 1033">
    <p class='ocr_par' dir='ltr' id='par_1_39' title="bbox 2183 955 3789 1033">
     <span class='ocr_line' id='line_1_39' title="bbox 2183 955 3789 1033; baseline -0.007 -14"><span class='ocrx_word' id='word_1_292' title='bbox 2183 967 2262 1019; x_wconf 89' lang='lat' dir='ltr'><strong>vel</strong></span> <span class='ocrx_word' id='word_1_293' title='bbox 2293 974 2351 1019; x_wconf 91' lang='lat' dir='ltr'><strong>ut.</strong></span> <span class='ocrx_word' id='word_1_294' title='bbox 2391 974 2547 1018; x_wconf 85' lang='lat' dir='ltr'><strong>antea</strong></span> <span class='ocrx_word' id='word_1_295' title='bbox 2586 963 2802 1033; x_wconf 89' lang='lat' dir='ltr'><strong>scripsit</strong></span> <span class='ocrx_word' id='word_1_296' title='bbox 2836 979 2849 1015; x_wconf 88' lang='lat'><strong>:</strong></span> <span class='ocrx_word' id='word_1_297' title='bbox 2883 960 3111 1028; x_wconf 85' lang='lat' dir='ltr'><strong>Jupiter,</strong></span> <span class='ocrx_word' id='word_1_298' title='bbox 3143 972 3266 1011; x_wconf 91' lang='lat' dir='ltr'><strong>cum</strong></span> <span class='ocrx_word' id='word_1_299' title='bbox 3307 955 3556 1018; x_wconf 87' lang='lat' dir='ltr'><strong>Latiaris,</strong></span> <span class='ocrx_word' id='word_1_300' title='bbox 3599 967 3789 1007; x_wconf 89' lang='lat' dir='ltr'><strong>cruore</strong></span> 
     </span>
    </p>
   </div>
   <div class='ocr_carea' id='block_1_40' title="bbox 2183 1045 3777 1126">
    <p class='ocr_par' dir='ltr' id='par_1_40' title="bbox 2183 1045 3777 1126">
     <span class='ocr_line' id='line_1_40' title="bbox 2183 1045 3777 1126; baseline -0.009 -16"><span class='ocrx_word' id='word_1_301' title='bbox 2183 1055 2536 1126; x_wconf 82' lang='lat' dir='ltr'><strong>perfunditur.</strong></span> <span class='ocrx_word' id='word_1_302' title='bbox 2578 1075 2596 1107; x_wconf 77' lang='grc' dir='ltr'><strong>ι</strong></span> <span class='ocrx_word' id='word_1_303' title='bbox 2633 1055 2696 1108; x_wconf 86' lang='grc' dir='ltr'>Ει</span> <span class='ocrx_word' id='word_1_304' title='bbox 2733 1061 2882 1108; x_wconf 90' lang='lat' dir='ltr'><strong>certe</strong></span> <span class='ocrx_word' id='word_1_305' title='bbox 2910 1051 3165 1104; x_wconf 87' lang='lat' dir='ltr'><strong>&#39;l‘atiauus</strong></span> <span class='ocrx_word' id='word_1_306' title='bbox 3192 1056 3468 1102; x_wconf 87' lang='lat' dir='ltr'><strong>asseverat</strong></span> <span class='ocrx_word' id='word_1_307' title='bbox 3511 1061 3569 1100; x_wconf 92' lang='lat' dir='ltr'><strong>se</strong></span> <span class='ocrx_word' id='word_1_308' title='bbox 3621 1045 3777 1114; x_wconf 90' lang='lat' dir='ltr'><strong>hujus</strong></span> 
     </span>
    </p>
   </div>
   <div class='ocr_carea' id='block_1_41' title="bbox 2183 1140 3786 1214">
    <p class='ocr_par' dir='ltr' id='par_1_41' title="bbox 2183 1140 3786 1214">
     <span class='ocr_line' id='line_1_41' title="bbox 2183 1140 3786 1214; baseline -0.007 -10"><span class='ocrx_word' id='word_1_309' title='bbox 2183 1149 2456 1214; x_wconf 87' lang='lat' dir='ltr'><strong>horrendi,</strong></span> <span class='ocrx_word' id='word_1_310' title='bbox 2515 1157 2568 1203; x_wconf 87' lang='lat' dir='ltr'><strong>et</strong></span> <span class='ocrx_word' id='word_1_311' title='bbox 2615 1148 2835 1202; x_wconf 88' lang='lat' dir='ltr'><strong>alterius</strong></span> <span class='ocrx_word' id='word_1_312' title='bbox 2884 1147 3065 1200; x_wconf 64' lang='lat' dir='ltr'><strong>Dianae</strong></span> <span class='ocrx_word' id='word_1_313' title='bbox 3117 1143 3238 1198; x_wconf 81' lang='lat' dir='ltr'><strong>facti</strong></span> <span class='ocrx_word' id='word_1_314' title='bbox 3301 1140 3549 1196; x_wconf 89' lang='lat' dir='ltr'><strong>sacriﬁcii</strong></span> <span class='ocrx_word' id='word_1_315' title='bbox 3596 1149 3786 1194; x_wconf 88' lang='lat' dir='ltr'><strong>testem</strong></span> 
     </span>
    </p>
   </div>
   <div class='ocr_carea' id='block_1_42' title="bbox 2180 1235 3784 1308">
    <p class='ocr_par' dir='ltr' id='par_1_42' title="bbox 2180 1235 3784 1308">
     <span class='ocr_line' id='line_1_42' title="bbox 2180 1235 3784 1308; baseline -0.007 -11"><span class='ocrx_word' id='word_1_316' title='bbox 2180 1243 2345 1298; x_wconf 81' lang='lat' dir='ltr'><strong>fuisse</strong></span> <span class='ocrx_word' id='word_1_317' title='bbox 2387 1243 2655 1297; x_wconf 90' lang='lat' dir='ltr'><strong>oculatum</strong></span> <span class='ocrx_word' id='word_1_318' title='bbox 2690 1258 2703 1293; x_wconf 77' lang='grc' dir='ltr'><strong><em>τ</em></strong></span> <span class='ocrx_word' id='word_1_319' title='bbox 2739 1259 2758 1290; x_wconf 71' lang='grc' dir='ltr'>ί</span> <span class='ocrx_word' id='word_1_320' title='bbox 2797 1239 2941 1304; x_wconf 65' lang='lat' dir='ltr'><strong>Haec,</strong></span> <span class='ocrx_word' id='word_1_321' title='bbox 2987 1237 3177 1308; x_wconf 90' lang='lat' dir='ltr'><strong>inquit,</strong></span> <span class='ocrx_word' id='word_1_322' title='bbox 3215 1251 3339 1290; x_wconf 92' lang='lat' dir='ltr'><strong>cum</strong></span> <span class='ocrx_word' id='word_1_323' title='bbox 3371 1235 3784 1288; x_wconf 84' lang='lat' dir='ltr'><strong>videretn.......</strong></span> 
     </span>
    </p>
   </div>
   <div class='ocr_carea' id='block_1_43' title="bbox 2191 1329 3792 1405">
    <p class='ocr_par' dir='ltr' id='par_1_43' title="bbox 2191 1329 3792 1405">
     <span class='ocr_line' id='line_1_43' title="bbox 2191 1329 3792 1405; baseline -0.005 -17"><span class='ocrx_word' id='word_1_324' title='bbox 2191 1335 2332 1405; x_wconf 91' lang='lat' dir='ltr'><strong>apud</strong></span> <span class='ocrx_word' id='word_1_325' title='bbox 2367 1336 2639 1390; x_wconf 72' lang='lat' dir='ltr'><strong>Romanos</strong></span> <span class='ocrx_word' id='word_1_326' title='bbox 2671 1333 2936 1389; x_wconf 83' lang='lat' dir='ltr'><strong>Latiarem</strong></span> <span class='ocrx_word' id='word_1_327' title='bbox 2984 1330 3169 1386; x_wconf 84' lang='lat' dir='ltr'><strong>Jovem</strong></span> <span class='ocrx_word' id='word_1_328' title='bbox 3219 1329 3454 1383; x_wconf 90' lang='lat' dir='ltr'><strong>lmmano</strong></span> <span class='ocrx_word' id='word_1_329' title='bbox 3503 1341 3696 1382; x_wconf 89' lang='lat' dir='ltr'><strong>cruore</strong></span> <span class='ocrx_word' id='word_1_330' title='bbox 3738 1335 3792 1381; x_wconf 91' lang='lat' dir='ltr'><strong>et</strong></span> 
     </span>
    </p>
   </div>
   <div class='ocr_carea' id='block_1_44' title="bbox 2179 1419 3789 1498">
    <p class='ocr_par' dir='ltr' id='par_1_44' title="bbox 2179 1419 3789 1498">
     <span class='ocr_line' id='line_1_44' title="bbox 2179 1419 3789 1498; baseline -0.006 -16"><span class='ocrx_word' id='word_1_331' title='bbox 2179 1429 2462 1498; x_wconf 88' lang='lat' dir='ltr'><strong>sanguine,</strong></span> <span class='ocrx_word' id='word_1_332' title='bbox 2508 1442 2602 1496; x_wconf 90' lang='lat' dir='ltr'><strong>per</strong></span> <span class='ocrx_word' id='word_1_333' title='bbox 2630 1425 2916 1481; x_wconf 86' lang='lat' dir='ltr'><strong>homicidia</strong></span> <span class='ocrx_word' id='word_1_334' title='bbox 2949 1421 3084 1485; x_wconf 80' lang='lat' dir='ltr'><strong>fuso,</strong></span> <span class='ocrx_word' id='word_1_335' title='bbox 3122 1421 3343 1490; x_wconf 88' lang='lat' dir='ltr'><strong>placari,</strong></span> <span class='ocrx_word' id='word_1_336' title='bbox 3385 1419 3609 1473; x_wconf 89' lang='lat' dir='ltr'><strong>Dianam</strong></span> <span class='ocrx_word' id='word_1_337' title='bbox 3657 1433 3789 1473; x_wconf 87' lang='lat' dir='ltr'><strong>vero</strong></span> 
     </span>
    </p>
   </div>
   <div class='ocr_carea' id='block_1_45' title="bbox 2180 1508 3788 1590">
    <p class='ocr_par' dir='ltr' id='par_1_45' title="bbox 2180 1508 3788 1590">
     <span class='ocr_line' id='line_1_45' title="bbox 2180 1508 3788 1590; baseline -0.007 -16"><span class='ocrx_word' id='word_1_338' title='bbox 2180 1536 2286 1574; x_wconf 89' lang='lat' dir='ltr'><strong>non</strong></span> <span class='ocrx_word' id='word_1_339' title='bbox 2344 1519 2532 1590; x_wconf 91' lang='lat' dir='ltr'><strong>procul</strong></span> <span class='ocrx_word' id='word_1_340' title='bbox 2575 1515 2890 1588; x_wconf 82' lang='lat' dir='ltr'><strong>Megalopoli</strong></span> <span class='ocrx_word' id='word_1_341' title='bbox 2922 1514 3186 1570; x_wconf 79' lang='lat' dir='ltr'><strong>similibus</strong></span> <span class='ocrx_word' id='word_1_342' title='bbox 3215 1511 3451 1582; x_wconf 86' lang='lat' dir='ltr'><strong>gaudere</strong></span> <span class='ocrx_word' id='word_1_343' title='bbox 3484 1529 3501 1560; x_wconf 76' lang='grc' dir='ltr'><strong>ι</strong></span> <span class='ocrx_word' id='word_1_344' title='bbox 3542 1508 3788 1582; x_wconf 89' lang='lat' dir='ltr'><strong>(Tatian.</strong></span> 
     </span>
    </p>
   </div>
   <div class='ocr_carea' id='block_1_46' title="bbox 2184 1604 3793 1680">
    <p class='ocr_par' dir='ltr' id='par_1_46' title="bbox 2184 1604 3793 1680">
     <span class='ocr_line' id='line_1_46' title="bbox 2184 1604 3793 1680; baseline -0.006 -12"><span class='ocrx_word' id='word_1_345' title='bbox 2184 1613 2330 1668; x_wconf 84' lang='lat' dir='ltr'><strong>Orat.</strong></span> <span class='ocrx_word' id='word_1_346' title='bbox 2373 1624 2536 1668; x_wconf 89' lang='lat' dir='ltr'><strong>contr.</strong></span> <span class='ocrx_word' id='word_1_347' title='bbox 2602 1610 2790 1676; x_wconf 60' lang='lat' dir='ltr'><strong>Graec,</strong></span> <span class='ocrx_word' id='word_1_348' title='bbox 2827 1626 2943 1680; x_wconf 85' lang='lat' dir='ltr'><strong>pag.</strong></span> <span class='ocrx_word' id='word_1_349' title='bbox 3004 1609 3170 1678; x_wconf 84' lang='grc'><strong>165).</strong></span> <span class='ocrx_word' id='word_1_350' title='bbox 3238 1606 3576 1676; x_wconf 81' lang='lat' dir='ltr'><strong>Quapropter</strong></span> <span class='ocrx_word' id='word_1_351' title='bbox 3619 1604 3793 1659; x_wconf 81' lang='lat' dir='ltr'><strong>&#39;l&#39;heo-</strong></span> 
     </span>
    </p>
   </div>
   <div class='ocr_carea' id='block_1_47' title="bbox 2178 1698 3790 1776">
    <p class='ocr_par' dir='ltr' id='par_1_47' title="bbox 2178 1698 3790 1776">
     <span class='ocr_line' id='line_1_47' title="bbox 2178 1698 3790 1776; baseline -0.005 -18"><span class='ocrx_word' id='word_1_352' title='bbox 2178 1707 2356 1776; x_wconf 89' lang='lat' dir='ltr'><strong>philus</strong></span> <span class='ocrx_word' id='word_1_353' title='bbox 2393 1706 2762 1759; x_wconf 88' lang='lat' dir='ltr'><strong>Autiochenus</strong></span> <span class='ocrx_word' id='word_1_354' title='bbox 2791 1700 3023 1757; x_wconf 88' lang='lat' dir='ltr'><strong>ethnicis</strong></span> <span class='ocrx_word' id='word_1_355' title='bbox 3046 1700 3166 1770; x_wconf 86' lang='lat' dir='ltr'><strong>jure</strong></span> <span class='ocrx_word' id='word_1_356' title='bbox 3205 1714 3426 1768; x_wconf 81' lang='lat' dir='ltr'><strong>prorsus</strong></span> <span class='ocrx_word' id='word_1_357' title='bbox 3464 1698 3656 1753; x_wconf 86' lang='lat' dir='ltr'><strong>merito</strong></span> <span class='ocrx_word' id='word_1_358' title='bbox 3692 1713 3790 1751; x_wconf 75' lang='lat' dir='ltr'><strong>ett-</strong></span> 
     </span>
    </p>
   </div>
   <div class='ocr_carea' id='block_1_48' title="bbox 2181 1790 3787 1871">
    <p class='ocr_par' dir='ltr' id='par_1_48' title="bbox 2181 1790 3787 1871">
     <span class='ocr_line' id='line_1_48' title="bbox 2181 1790 3787 1871; baseline -0.007 -16"><span class='ocrx_word' id='word_1_359' title='bbox 2181 1799 2468 1871; x_wconf 87' lang='lat' dir='ltr'><strong>probrabat</strong></span> <span class='ocrx_word' id='word_1_360' title='bbox 2524 1796 2794 1852; x_wconf 71' lang='lat' dir='ltr'><strong>lasciviam</strong></span> <span class='ocrx_word' id='word_1_361' title='bbox 2849 1794 3030 1850; x_wconf 84' lang='lat' dir='ltr'><strong>Matris</strong></span> <span class='ocrx_word' id='word_1_362' title='bbox 3082 1793 3276 1854; x_wconf 87' lang='lat' dir='ltr'><strong>Deutn,</strong></span> <span class='ocrx_word' id='word_1_363' title='bbox 3309 1801 3362 1846; x_wconf 88' lang='lat' dir='ltr'><strong>et</strong></span> <span class='ocrx_word' id='word_1_364' title='bbox 3412 1790 3787 1846; x_wconf 88' lang='lat' dir='ltr'><strong>crudelitatem</strong></span> 
     </span>
    </p>
   </div>
   <div class='ocr_carea' id='block_1_49' title="bbox 2183 1887 3784 1955">
    <p class='ocr_par' dir='ltr' id='par_1_49' title="bbox 2183 1887 3784 1955">
     <span class='ocr_line' id='line_1_49' title="bbox 2183 1887 3784 1955; baseline -0.006 -10"><span class='ocrx_word' id='word_1_365' title='bbox 2183 1914 2200 1945; x_wconf 75' lang='grc' dir='ltr'><strong>ι</strong></span> <span class='ocrx_word' id='word_1_366' title='bbox 2239 1894 2390 1949; x_wconf 85' lang='lat' dir='ltr'><strong>Jovis</strong></span> <span class='ocrx_word' id='word_1_367' title='bbox 2446 1893 2675 1947; x_wconf 88' lang='lat' dir='ltr'><strong>Latiaris</strong></span> <span class='ocrx_word' id='word_1_368' title='bbox 2722 1891 2975 1954; x_wconf 72' lang='lat' dir='ltr'><strong>sitientis,</strong></span> <span class='ocrx_word' id='word_1_369' title='bbox 3018 1892 3261 1955; x_wconf 71' lang='grc' dir='ltr'><strong>διψῶντας,</strong></span> <span class='ocrx_word' id='word_1_370' title='bbox 3315 1887 3606 1938; x_wconf 92' lang='lat' dir='ltr'><strong>humanum</strong></span> <span class='ocrx_word' id='word_1_371' title='bbox 3657 1898 3784 1936; x_wconf 86' lang='lat' dir='ltr'><strong>san-</strong></span> 
     </span>
    </p>
   </div>
   <div class='ocr_carea' id='block_1_50' title="bbox 2175 1975 3786 2059">
    <p class='ocr_par' dir='ltr' id='par_1_50' title="bbox 2175 1975 3786 2059">
     <span class='ocr_line' id='line_1_50' title="bbox 2175 1975 3786 2059; baseline -0.009 -16"><span class='ocrx_word' id='word_1_372' title='bbox 2175 1990 2391 2059; x_wconf 82' lang='lat' dir='ltr'><strong>guinem</strong></span> <span class='ocrx_word' id='word_1_373' title='bbox 2433 2006 2450 2036; x_wconf 75' lang='grc'><strong>»</strong></span> <span class='ocrx_word' id='word_1_374' title='bbox 2487 1983 2781 2055; x_wconf 91' lang='lat' dir='ltr'><strong>(Theoph.,</strong></span> <span class='ocrx_word' id='word_1_375' title='bbox 2816 1983 2909 2038; x_wconf 89' lang='lat' dir='ltr'><strong>lib.</strong></span> <span class='ocrx_word' id='word_1_376' title='bbox 2945 1997 3001 2036; x_wconf 90' lang='lat' dir='ltr'><strong>ttt</strong></span> <span class='ocrx_word' id='word_1_377' title='bbox 3043 1981 3112 2035; x_wconf 82' lang='lat' dir='ltr'><strong>ad</strong></span> <span class='ocrx_word' id='word_1_378' title='bbox 3152 1980 3415 2050; x_wconf 81' lang='lat' dir='ltr'><strong>Autolgc..</strong></span> <span class='ocrx_word' id='word_1_379' title='bbox 3460 1993 3580 2048; x_wconf 86' lang='lat' dir='ltr'><strong>pag.</strong></span> <span class='ocrx_word' id='word_1_380' title='bbox 3637 1975 3786 2046; x_wconf 73' lang='lat'><strong>122).</strong></span> 
     </span>
    </p>
   </div>
   <div class='ocr_carea' id='block_1_51' title="bbox 2177 2071 3787 2140">
    <p class='ocr_par' dir='ltr' id='par_1_51' title="bbox 2177 2071 3787 2140">
     <span class='ocr_line' id='line_1_51' title="bbox 2177 2071 3787 2140; baseline -0.006 -7"><span class='ocrx_word' id='word_1_381' title='bbox 2177 2079 2538 2134; x_wconf 89' lang='lat' dir='ltr'><strong>Tertullianus</strong></span> <span class='ocrx_word' id='word_1_382' title='bbox 2560 2090 2689 2132; x_wconf 87' lang='lat' dir='ltr'><strong>vero</strong></span> <span class='ocrx_word' id='word_1_383' title='bbox 2712 2091 2816 2131; x_wconf 90' lang='lat' dir='ltr'><strong>non</strong></span> <span class='ocrx_word' id='word_1_384' title='bbox 2853 2076 3027 2130; x_wconf 92' lang='lat' dir='ltr'><strong>solum</strong></span> <span class='ocrx_word' id='word_1_385' title='bbox 3072 2075 3124 2127; x_wconf 91' lang='lat' dir='ltr'><strong>itt</strong></span> <span class='ocrx_word' id='word_1_386' title='bbox 3179 2087 3278 2128; x_wconf 92' lang='lat' dir='ltr'><strong>suo</strong></span> <span class='ocrx_word' id='word_1_387' title='bbox 3326 2071 3677 2140; x_wconf 83' lang='lat' dir='ltr'><strong>Apologetico,</strong></span> <span class='ocrx_word' id='word_1_388' title='bbox 3711 2071 3787 2126; x_wconf 83' lang='lat' dir='ltr'><strong>si-</strong></span> 
     </span>
    </p>
   </div>
   <div class='ocr_carea' id='block_1_52' title="bbox 2175 2162 3788 2237">
    <p class='ocr_par' dir='ltr' id='par_1_52' title="bbox 2175 2162 3788 2237">
     <span class='ocr_line' id='line_1_52' title="bbox 2175 2162 3788 2237; baseline -0.006 -10"><span class='ocrx_word' id='word_1_389' title='bbox 2175 2172 2284 2227; x_wconf 91' lang='lat' dir='ltr'><strong>cuti</strong></span> <span class='ocrx_word' id='word_1_390' title='bbox 2315 2181 2625 2226; x_wconf 88' lang='lat' dir='ltr'><strong>annotatum</strong></span> <span class='ocrx_word' id='word_1_391' title='bbox 2659 2178 2778 2233; x_wconf 88' lang='lat' dir='ltr'><strong>est,</strong></span> <span class='ocrx_word' id='word_1_392' title='bbox 2803 2168 2927 2222; x_wconf 61' lang='lat' dir='ltr'><strong>haec</strong></span> <span class='ocrx_word' id='word_1_393' title='bbox 2963 2177 3150 2237; x_wconf 89' lang='lat' dir='ltr'><strong>aperte</strong></span> <span class='ocrx_word' id='word_1_394' title='bbox 3187 2163 3492 2229; x_wconf 90' lang='lat' dir='ltr'><strong>conﬁrmat,</strong></span> <span class='ocrx_word' id='word_1_395' title='bbox 3541 2162 3636 2218; x_wconf 88' lang='lat' dir='ltr'><strong>sed</strong></span> <span class='ocrx_word' id='word_1_396' title='bbox 3685 2162 3788 2218; x_wconf 90' lang='lat' dir='ltr'><strong>alio</strong></span> 
     </span>
    </p>
   </div>
   <div class='ocr_carea' id='block_1_53' title="bbox 2174 2255 3787 2329">
    <p class='ocr_par' dir='ltr' id='par_1_53' title="bbox 2174 2255 3787 2329">
     <span class='ocr_line' id='line_1_53' title="bbox 2174 2255 3787 2329; baseline -0.005 -11"><span class='ocrx_word' id='word_1_397' title='bbox 2174 2264 2351 2319; x_wconf 88' lang='lat' dir='ltr'><strong>adhuc</strong></span> <span class='ocrx_word' id='word_1_398' title='bbox 2388 2264 2439 2316; x_wconf 94' lang='lat' dir='ltr'><strong>in</strong></span> <span class='ocrx_word' id='word_1_399' title='bbox 2486 2262 2623 2317; x_wconf 90' lang='lat' dir='ltr'><strong>libro</strong></span> <span class='ocrx_word' id='word_1_400' title='bbox 2663 2261 2747 2316; x_wconf 92' lang='lat' dir='ltr'><strong>his</strong></span> <span class='ocrx_word' id='word_1_401' title='bbox 2772 2261 2967 2329; x_wconf 86' lang='lat' dir='ltr'><strong>repetit</strong></span> <span class='ocrx_word' id='word_1_402' title='bbox 2999 2259 3216 2314; x_wconf 87' lang='lat' dir='ltr'><strong>verbis:</strong></span> <span class='ocrx_word' id='word_1_403' title='bbox 3253 2276 3272 2309; x_wconf 85' lang='grc'><strong><em>‹</em></strong></span> <span class='ocrx_word' id='word_1_404' title='bbox 3306 2255 3628 2328; x_wconf 89' lang='lat' dir='ltr'><strong>Scytharum</strong></span> <span class='ocrx_word' id='word_1_405' title='bbox 3665 2255 3787 2310; x_wconf 91' lang='lat' dir='ltr'><strong>Dia-</strong></span> 
     </span>
    </p>
   </div>
   <div class='ocr_carea' id='block_1_54' title="bbox 2178 2349 3784 2422">
    <p class='ocr_par' dir='ltr' id='par_1_54' title="bbox 2178 2349 3784 2422">
     <span class='ocr_line' id='line_1_54' title="bbox 2178 2349 3784 2422; baseline -0.006 -10"><span class='ocrx_word' id='word_1_406' title='bbox 2178 2373 2298 2412; x_wconf 89' lang='lat' dir='ltr'><strong>nam</strong></span> <span class='ocrx_word' id='word_1_407' title='bbox 2327 2397 2338 2422; x_wconf 93' lang='lat'><strong>,</strong></span> <span class='ocrx_word' id='word_1_408' title='bbox 2373 2367 2462 2410; x_wconf 92' lang='lat' dir='ltr'><strong>aut</strong></span> <span class='ocrx_word' id='word_1_409' title='bbox 2484 2355 2760 2412; x_wconf 88' lang='lat' dir='ltr'><strong>Gallorum</strong></span> <span class='ocrx_word' id='word_1_410' title='bbox 2807 2353 3154 2418; x_wconf 87' lang='lat' dir='ltr'><strong>Mercurium,</strong></span> <span class='ocrx_word' id='word_1_411' title='bbox 3190 2361 3280 2405; x_wconf 90' lang='lat' dir='ltr'><strong>aut</strong></span> <span class='ocrx_word' id='word_1_412' title='bbox 3305 2350 3556 2405; x_wconf 77' lang='lat' dir='ltr'><strong>Afrorum</strong></span> <span class='ocrx_word' id='word_1_413' title='bbox 3598 2349 3784 2404; x_wconf 88' lang='lat' dir='ltr'><strong>Satur-</strong></span> 
     </span>
    </p>
   </div>
   <div class='ocr_carea' id='block_1_55' title="bbox 2177 2442 3783 2516">
    <p class='ocr_par' dir='ltr' id='par_1_55' title="bbox 2177 2442 3783 2516">
     <span class='ocr_line' id='line_1_55' title="bbox 2177 2442 3783 2516; baseline -0.008 -8"><span class='ocrx_word' id='word_1_414' title='bbox 2177 2469 2302 2508; x_wconf 88' lang='lat' dir='ltr'><strong>num</strong></span> <span class='ocrx_word' id='word_1_415' title='bbox 2334 2452 2609 2506; x_wconf 87' lang='lat' dir='ltr'><strong>hominum</strong></span> <span class='ocrx_word' id='word_1_416' title='bbox 2645 2449 2856 2503; x_wconf 89' lang='lat' dir='ltr'><strong>victima</strong></span> <span class='ocrx_word' id='word_1_417' title='bbox 2893 2446 3090 2516; x_wconf 89' lang='lat' dir='ltr'><strong>placari</strong></span> <span class='ocrx_word' id='word_1_418' title='bbox 3127 2443 3265 2513; x_wconf 90' lang='lat' dir='ltr'><strong>apud</strong></span> <span class='ocrx_word' id='word_1_419' title='bbox 3297 2442 3552 2497; x_wconf 64' lang='lat' dir='ltr'><strong>saeculum</strong></span> <span class='ocrx_word' id='word_1_420' title='bbox 3597 2442 3783 2496; x_wconf 91' lang='lat' dir='ltr'><strong>licuit:</strong></span> 
     </span>
    </p>
   </div>
   <div class='ocr_carea' id='block_1_56' title="bbox 2177 2533 3790 2600">
    <p class='ocr_par' dir='ltr' id='par_1_56' title="bbox 2177 2533 3790 2600">
     <span class='ocr_line' id='line_1_56' title="bbox 2177 2533 3790 2600; baseline -0.006 0"><span class='ocrx_word' id='word_1_421' title='bbox 2177 2554 2230 2600; x_wconf 89' lang='lat' dir='ltr'><strong>et</strong></span> <span class='ocrx_word' id='word_1_422' title='bbox 2257 2543 2408 2598; x_wconf 88' lang='lat' dir='ltr'><strong>Latio</strong></span> <span class='ocrx_word' id='word_1_423' title='bbox 2428 2543 2493 2597; x_wconf 90' lang='lat' dir='ltr'><strong>ad</strong></span> <span class='ocrx_word' id='word_1_424' title='bbox 2526 2541 2840 2596; x_wconf 90' lang='lat' dir='ltr'><strong>hodiernum</strong></span> <span class='ocrx_word' id='word_1_425' title='bbox 2875 2538 2992 2593; x_wconf 90' lang='lat' dir='ltr'><strong>Jovi</strong></span> <span class='ocrx_word' id='word_1_426' title='bbox 3018 2536 3192 2592; x_wconf 89' lang='lat' dir='ltr'><strong>media</strong></span> <span class='ocrx_word' id='word_1_427' title='bbox 3234 2536 3283 2590; x_wconf 91' lang='lat' dir='ltr'><strong>in</strong></span> <span class='ocrx_word' id='word_1_428' title='bbox 3315 2535 3461 2591; x_wconf 89' lang='lat' dir='ltr'><strong>Urbe</strong></span> <span class='ocrx_word' id='word_1_429' title='bbox 3521 2533 3790 2590; x_wconf 88' lang='lat' dir='ltr'><strong>humanus</strong></span> 
     </span>
    </p>
   </div>
   <div class='ocr_carea' id='block_1_57' title="bbox 2177 2628 3787 2706">
    <p class='ocr_par' dir='ltr' id='par_1_57' title="bbox 2177 2628 3787 2706">
     <span class='ocr_line' id='line_1_57' title="bbox 2177 2628 3787 2706; baseline -0.004 -17"><span class='ocrx_word' id='word_1_430' title='bbox 2177 2637 2393 2706; x_wconf 84' lang='lat' dir='ltr'><strong>sanguis</strong></span> <span class='ocrx_word' id='word_1_431' title='bbox 2421 2636 2718 2705; x_wconf 89' lang='lat' dir='ltr'><strong>ingustatur</strong></span> <span class='ocrx_word' id='word_1_432' title='bbox 2753 2652 2772 2684; x_wconf 73' lang='grc' dir='ltr'><strong>ι</strong></span> <span class='ocrx_word' id='word_1_433' title='bbox 2802 2630 3051 2704; x_wconf 90' lang='lat' dir='ltr'><strong>(Tertull.</strong></span> <span class='ocrx_word' id='word_1_434' title='bbox 3083 2630 3382 2700; x_wconf 86' lang='lat' dir='ltr'><strong>Scorpiac.,</strong></span> <span class='ocrx_word' id='word_1_435' title='bbox 3424 2643 3544 2697; x_wconf 89' lang='lat' dir='ltr'><strong>cap.</strong></span> <span class='ocrx_word' id='word_1_436' title='bbox 3577 2628 3628 2693; x_wconf 86' lang='lat'><strong>7,</strong></span> <span class='ocrx_word' id='word_1_437' title='bbox 3664 2643 3787 2698; x_wconf 86' lang='lat' dir='ltr'><strong>pag.</strong></span> 
     </span>
    </p>
   </div>
   <div class='ocr_carea' id='block_1_58' title="bbox 2183 2721 3789 2797">
    <p class='ocr_par' dir='ltr' id='par_1_58' title="bbox 2183 2721 3789 2797">
     <span class='ocr_line' id='line_1_58' title="bbox 2183 2721 3789 2797; baseline -0.006 -14"><span class='ocrx_word' id='word_1_438' title='bbox 2183 2728 2337 2797; x_wconf 63' lang='lat'><strong>624).</strong></span> <span class='ocrx_word' id='word_1_439' title='bbox 2397 2726 2505 2781; x_wconf 88' lang='lat' dir='ltr'><strong>Suo</strong></span> <span class='ocrx_word' id='word_1_440' title='bbox 2557 2725 2721 2796; x_wconf 80' lang='lat' dir='ltr'><strong>igitur</strong></span> <span class='ocrx_word' id='word_1_441' title='bbox 2776 2734 3019 2793; x_wconf 90' lang='lat' dir='ltr'><strong>tempore</strong></span> <span class='ocrx_word' id='word_1_442' title='bbox 3063 2737 3180 2776; x_wconf 90' lang='lat' dir='ltr'><strong>mos</strong></span> <span class='ocrx_word' id='word_1_443' title='bbox 3229 2721 3321 2776; x_wconf 90' lang='lat' dir='ltr'><strong>ille</strong></span> <span class='ocrx_word' id='word_1_444' title='bbox 3361 2721 3634 2776; x_wconf 74' lang='lat' dir='ltr'><strong>horribilis</strong></span> <span class='ocrx_word' id='word_1_445' title='bbox 3667 2736 3789 2789; x_wconf 85' lang='lat' dir='ltr'><strong>per-</strong></span> 
     </span>
    </p>
   </div>
   <div class='ocr_carea' id='block_1_59' title="bbox 2177 2815 3791 2889">
    <p class='ocr_par' dir='ltr' id='par_1_59' title="bbox 2177 2815 3791 2889">
     <span class='ocr_line' id='line_1_59' title="bbox 2177 2815 3791 2889; baseline -0.005 -9"><span class='ocrx_word' id='word_1_446' title='bbox 2177 2821 2480 2886; x_wconf 87' lang='lat' dir='ltr'><strong>severabat,</strong></span> <span class='ocrx_word' id='word_1_447' title='bbox 2515 2830 2568 2873; x_wconf 90' lang='lat' dir='ltr'><strong>et</strong></span> <span class='ocrx_word' id='word_1_448' title='bbox 2595 2819 2770 2874; x_wconf 90' lang='lat' dir='ltr'><strong>adhuc</strong></span> <span class='ocrx_word' id='word_1_449' title='bbox 2802 2825 2986 2889; x_wconf 88' lang='lat' dir='ltr'><strong>postea</strong></span> <span class='ocrx_word' id='word_1_450' title='bbox 3029 2816 3260 2871; x_wconf 90' lang='lat' dir='ltr'><strong>duravit.</strong></span> <span class='ocrx_word' id='word_1_451' title='bbox 3309 2815 3442 2871; x_wconf 83' lang='lat' dir='ltr'><strong>Nam</strong></span> <span class='ocrx_word' id='word_1_452' title='bbox 3483 2815 3791 2871; x_wconf 83' lang='lat' dir='ltr'><strong>Lactantius</strong></span> 
     </span>
    </p>
   </div>
   <div class='ocr_carea' id='block_1_60' title="bbox 2177 2909 3774 2984">
    <p class='ocr_par' dir='ltr' id='par_1_60' title="bbox 2177 2909 3774 2984">
     <span class='ocr_line' id='line_1_60' title="bbox 2177 2909 3774 2984; baseline -0.004 -16"><span class='ocrx_word' id='word_1_453' title='bbox 2177 2915 2425 2969; x_wconf 81' lang='lat' dir='ltr'><strong>similiter</strong></span> <span class='ocrx_word' id='word_1_454' title='bbox 2453 2928 2666 2984; x_wconf 90' lang='lat' dir='ltr'><strong>quoque</strong></span> <span class='ocrx_word' id='word_1_455' title='bbox 2696 2911 2878 2968; x_wconf 84' lang='lat' dir='ltr'><strong>scribit</strong></span> <span class='ocrx_word' id='word_1_456' title='bbox 2911 2929 2925 2964; x_wconf 88' lang='lat'><strong>:</strong></span> <span class='ocrx_word' id='word_1_457' title='bbox 2963 2929 2983 2962; x_wconf 72' lang='grc' dir='ltr'><strong>ι</strong></span> <span class='ocrx_word' id='word_1_458' title='bbox 3013 2909 3123 2966; x_wconf 87' lang='lat' dir='ltr'><strong>Nec</strong></span> <span class='ocrx_word' id='word_1_459' title='bbox 3152 2909 3326 2964; x_wconf 87' lang='lat' dir='ltr'><strong>Latini</strong></span> <span class='ocrx_word' id='word_1_460' title='bbox 3357 2909 3570 2978; x_wconf 84' lang='lat' dir='ltr'><strong>quidem</strong></span> <span class='ocrx_word' id='word_1_461' title='bbox 3619 2909 3774 2977; x_wconf 91' lang='lat' dir='ltr'><strong>hujus</strong></span> 
     </span>
    </p>
   </div>
   <div class='ocr_carea' id='block_1_61' title="bbox 2179 2999 3784 3074">
    <p class='ocr_par' dir='ltr' id='par_1_61' title="bbox 2179 2999 3784 3074">
     <span class='ocr_line' id='line_1_61' title="bbox 2179 2999 3784 3074; baseline -0.004 -13"><span class='ocrx_word' id='word_1_462' title='bbox 2179 3007 2528 3061; x_wconf 82' lang='lat' dir='ltr'><strong>immanitatis</strong></span> <span class='ocrx_word' id='word_1_463' title='bbox 2559 3018 2807 3074; x_wconf 87' lang='lat' dir='ltr'><strong>expertes</strong></span> <span class='ocrx_word' id='word_1_464' title='bbox 2839 3003 3073 3059; x_wconf 82' lang='lat' dir='ltr'><strong>luerunt.</strong></span> <span class='ocrx_word' id='word_1_465' title='bbox 3107 3002 3384 3073; x_wconf 84' lang='lat' dir='ltr'><strong>Siquidem</strong></span> <span class='ocrx_word' id='word_1_466' title='bbox 3415 3000 3643 3055; x_wconf 88' lang='lat' dir='ltr'><strong>Latiaris</strong></span> <span class='ocrx_word' id='word_1_467' title='bbox 3684 2999 3784 3054; x_wconf 89' lang='lat' dir='ltr'><strong>Ju-</strong></span> 
     </span>
    </p>
   </div>
   <div class='ocr_carea' id='block_1_62' title="bbox 2176 3093 3788 3169">
    <p class='ocr_par' dir='ltr' id='par_1_62' title="bbox 2176 3093 3788 3169">
     <span class='ocr_line' id='line_1_62' title="bbox 2176 3093 3788 3169; baseline -0.004 -15"><span class='ocrx_word' id='word_1_468' title='bbox 2176 3101 2318 3169; x_wconf 91' lang='lat' dir='ltr'><strong>piter</strong></span> <span class='ocrx_word' id='word_1_469' title='bbox 2341 3101 2503 3154; x_wconf 89' lang='lat' dir='ltr'><strong>etiam</strong></span> <span class='ocrx_word' id='word_1_470' title='bbox 2543 3113 2684 3153; x_wconf 92' lang='lat' dir='ltr'><strong>nunc</strong></span> <span class='ocrx_word' id='word_1_471' title='bbox 2711 3098 2970 3168; x_wconf 85' lang='lat' dir='ltr'><strong>sanguine</strong></span> <span class='ocrx_word' id='word_1_472' title='bbox 3001 3096 3198 3150; x_wconf 89' lang='lat' dir='ltr'><strong>colitur</strong></span> <span class='ocrx_word' id='word_1_473' title='bbox 3239 3096 3473 3151; x_wconf 85' lang='lat' dir='ltr'><strong>humano</strong></span> <span class='ocrx_word' id='word_1_474' title='bbox 3511 3115 3528 3147; x_wconf 82' lang='grc' dir='ltr'><strong>ι</strong></span> <span class='ocrx_word' id='word_1_475' title='bbox 3565 3093 3586 3168; x_wconf 96' lang='grc'>(</span> <span class='ocrx_word' id='word_1_476' title='bbox 3615 3093 3788 3161; x_wconf 88' lang='lat' dir='ltr'><strong>Lact.,</strong></span> 
     </span>
    </p>
   </div>
   <div class='ocr_carea' id='block_1_63' title="bbox 474 3183 2081 3289">
    <p class='ocr_par' dir='ltr' id='par_1_63' title="bbox 474 3203 2068 3289">
     <span class='ocr_line' id='line_1_63' title="bbox 474 3203 2068 3289; baseline -0.008 -20"><span class='ocrx_word' id='word_1_477' title='bbox 474 3216 682 3289; x_wconf 84' lang='lat' dir='ltr'><strong>(Diod.,</strong></span> <span class='ocrx_word' id='word_1_478' title='bbox 717 3216 753 3269; x_wconf 82' lang='grc' dir='ltr'><strong>ι.</strong></span> <span class='ocrx_word' id='word_1_479' title='bbox 787 3231 815 3266; x_wconf 89' lang='lat' dir='ltr'><strong>v</strong></span> <span class='ocrx_word' id='word_1_480' title='bbox 842 3214 1109 3275; x_wconf 87' lang='lat' dir='ltr'><strong>Bibliollt.,</strong></span> <span class='ocrx_word' id='word_1_481' title='bbox 1137 3231 1190 3284; x_wconf 86' lang='lat' dir='ltr'><strong>p.</strong></span> <span class='ocrx_word' id='word_1_482' title='bbox 1219 3215 1364 3278; x_wconf 75' lang='lat' dir='ltr'><strong>2M;</strong></span> <span class='ocrx_word' id='word_1_483' title='bbox 1401 3211 1558 3276; x_wconf 86' lang='lat' dir='ltr'><strong>Mela,</strong></span> <span class='ocrx_word' id='word_1_484' title='bbox 1594 3211 1630 3264; x_wconf 93' lang='lat' dir='ltr'><strong>l.</strong></span> <span class='ocrx_word' id='word_1_485' title='bbox 1666 3225 1742 3274; x_wconf 85' lang='lat' dir='ltr'><strong>vt,</strong></span> <span class='ocrx_word' id='word_1_486' title='bbox 1767 3207 1851 3260; x_wconf 82' lang='lat' dir='ltr'><strong>ubi</strong></span> <span class='ocrx_word' id='word_1_487' title='bbox 1871 3207 1933 3258; x_wconf 87' lang='lat' dir='ltr'><strong>de</strong></span> <span class='ocrx_word' id='word_1_488' title='bbox 1953 3203 2068 3258; x_wconf 80' lang='lat' dir='ltr'><strong>Gal-</strong></span> 
     </span>
    </p>
   </div>
   <div class='ocr_carea' id='block_1_64' title="bbox 2182 3183 3794 3289">
    <p class='ocr_par' dir='ltr' id='par_1_64' title="bbox 2182 3183 3794 3262">
     <span class='ocr_line' id='line_1_64' title="bbox 2182 3183 3794 3262; baseline -0.003 -14"><span class='ocrx_word' id='word_1_489' title='bbox 2182 3183 2253 3248; x_wconf 92' lang='lat' dir='ltr'><strong>|ib</strong></span> <span class='ocrx_word' id='word_1_490' title='bbox 2306 3209 2343 3258; x_wconf 95' lang='grc' dir='ltr'><strong>ι,</strong></span> <span class='ocrx_word' id='word_1_491' title='bbox 2375 3207 2492 3262; x_wconf 88' lang='lat' dir='ltr'><strong>cap.</strong></span> <span class='ocrx_word' id='word_1_492' title='bbox 2525 3193 2616 3255; x_wconf 81' lang='lat' dir='ltr'><strong>2i,</strong></span> <span class='ocrx_word' id='word_1_493' title='bbox 2647 3207 2766 3260; x_wconf 84' lang='lat' dir='ltr'><strong>pag.</strong></span> <span class='ocrx_word' id='word_1_494' title='bbox 2803 3191 2969 3260; x_wconf 92' lang='grc'><strong>115).</strong></span> <span class='ocrx_word' id='word_1_495' title='bbox 3006 3189 3108 3244; x_wconf 85' lang='lat' dir='ltr'><strong>Tot</strong></span> <span class='ocrx_word' id='word_1_496' title='bbox 3159 3201 3359 3254; x_wconf 89' lang='lat' dir='ltr'><strong>autetn,</strong></span> <span class='ocrx_word' id='word_1_497' title='bbox 3389 3199 3604 3259; x_wconf 91' lang='lat' dir='ltr'><strong>tamque</strong></span> <span class='ocrx_word' id='word_1_498' title='bbox 3632 3188 3794 3243; x_wconf 86' lang='lat' dir='ltr'><strong>certis</strong></span> 
     </span>
    </p>
   </div>
   <div class='ocr_carea' id='block_1_65' title="bbox 471 3298 2074 3378">
    <p class='ocr_par' dir='ltr' id='par_1_65' title="bbox 471 3298 2074 3378">
     <span class='ocr_line' id='line_1_65' title="bbox 471 3298 2074 3378; baseline -0.009 -13"><span class='ocrx_word' id='word_1_499' title='bbox 471 3311 578 3375; x_wconf 87' lang='lat' dir='ltr'><strong>lia;</strong></span> <span class='ocrx_word' id='word_1_500' title='bbox 613 3310 823 3375; x_wconf 86' lang='lat' dir='ltr'><strong>Strabo,</strong></span> <span class='ocrx_word' id='word_1_501' title='bbox 854 3308 938 3363; x_wconf 85' lang='lat' dir='ltr'><strong>lib.</strong></span> <span class='ocrx_word' id='word_1_502' title='bbox 973 3323 1028 3361; x_wconf 88' lang='lat' dir='ltr'><strong>tv</strong></span> <span class='ocrx_word' id='word_1_503' title='bbox 1067 3306 1278 3378; x_wconf 58' lang='grc' dir='ltr'><strong>(ἰδυίῃ-η</strong></span> <span class='ocrx_word' id='word_1_504' title='bbox 1315 3323 1434 3376; x_wconf 87' lang='lat' dir='ltr'><strong>pag.</strong></span> <span class='ocrx_word' id='word_1_505' title='bbox 1476 3304 1614 3368; x_wconf 78' lang='lat' dir='ltr'><strong>l95;</strong></span> <span class='ocrx_word' id='word_1_506' title='bbox 1647 3301 1754 3356; x_wconf 86' lang='lat' dir='ltr'><strong>Cic.</strong></span> <span class='ocrx_word' id='word_1_507' title='bbox 1799 3298 1946 3354; x_wconf 87' lang='lat' dir='ltr'><strong>Orat.</strong></span> <span class='ocrx_word' id='word_1_508' title='bbox 1983 3314 2074 3367; x_wconf 85' lang='lat' dir='ltr'><strong>pro</strong></span> 
     </span>
    </p>
   </div>
   <div class='ocr_carea' id='block_1_66' title="bbox 478 3393 2075 3471">
    <p class='ocr_par' dir='ltr' id='par_1_66' title="bbox 478 3393 2075 3471">
     <span class='ocr_line' id='line_1_66' title="bbox 478 3393 2075 3471; baseline -0.007 -15"><span class='ocrx_word' id='word_1_509' title='bbox 478 3403 557 3456; x_wconf 82' lang='lat' dir='ltr'><strong>M.</strong></span> <span class='ocrx_word' id='word_1_510' title='bbox 598 3401 782 3468; x_wconf 83' lang='lat' dir='ltr'><strong>Fonte,</strong></span> <span class='ocrx_word' id='word_1_511' title='bbox 815 3419 866 3471; x_wconf 88' lang='lat' dir='ltr'><strong>p.</strong></span> <span class='ocrx_word' id='word_1_512' title='bbox 896 3400 1038 3460; x_wconf 86' lang='lat'><strong>222;</strong></span> <span class='ocrx_word' id='word_1_513' title='bbox 1070 3399 1240 3454; x_wconf 88' lang='lat' dir='ltr'><strong>Solin.</strong></span> <span class='ocrx_word' id='word_1_514' title='bbox 1278 3415 1393 3467; x_wconf 85' lang='lat' dir='ltr'><strong>cap.</strong></span> <span class='ocrx_word' id='word_1_515' title='bbox 1421 3395 1514 3461; x_wconf 85' lang='lat' dir='ltr'><strong>2t,</strong></span> <span class='ocrx_word' id='word_1_516' title='bbox 1550 3413 1602 3465; x_wconf 94' lang='lat' dir='ltr'><strong>p.</strong></span> <span class='ocrx_word' id='word_1_517' title='bbox 1644 3396 1705 3449; x_wconf 46' lang='lat' dir='ltr'><strong>Ill</strong></span> <span class='ocrx_word' id='word_1_518' title='bbox 1745 3395 1786 3463; x_wconf 91' lang='lat'><strong>).</strong></span> <span class='ocrx_word' id='word_1_519' title='bbox 1836 3393 2075 3461; x_wconf 90' lang='lat' dir='ltr'><strong>Denique</strong></span> 
     </span>
    </p>
   </div>
   <div class='ocr_carea' id='block_1_67' title="bbox 473 3487 2076 3560">
    <p class='ocr_par' dir='ltr' id='par_1_67' title="bbox 473 3487 2076 3560">
     <span class='ocr_line' id='line_1_67' title="bbox 473 3487 2076 3560; baseline -0.007 -8"><span class='ocrx_word' id='word_1_520' title='bbox 473 3498 724 3552; x_wconf 82' lang='lat' dir='ltr'><strong>Lucanus</strong></span> <span class='ocrx_word' id='word_1_521' title='bbox 752 3495 820 3550; x_wconf 90' lang='lat' dir='ltr'><strong>de</strong></span> <span class='ocrx_word' id='word_1_522' title='bbox 843 3495 940 3560; x_wconf 91' lang='lat' dir='ltr'><strong>iis,</strong></span> <span class='ocrx_word' id='word_1_523' title='bbox 971 3505 1026 3549; x_wconf 89' lang='lat' dir='ltr'><strong>et</strong></span> <span class='ocrx_word' id='word_1_524' title='bbox 1071 3495 1234 3547; x_wconf 91' lang='lat' dir='ltr'><strong>Diana</strong></span> <span class='ocrx_word' id='word_1_525' title='bbox 1267 3492 1492 3546; x_wconf 86' lang='lat' dir='ltr'><strong>Taurica</strong></span> <span class='ocrx_word' id='word_1_526' title='bbox 1516 3532 1530 3556; x_wconf 90' lang='lat'><strong>,</strong></span> <span class='ocrx_word' id='word_1_527' title='bbox 1561 3491 1625 3543; x_wconf 82' lang='lat' dir='ltr'><strong>de</strong></span> <span class='ocrx_word' id='word_1_528' title='bbox 1656 3505 1756 3560; x_wconf 90' lang='lat' dir='ltr'><strong>qua</strong></span> <span class='ocrx_word' id='word_1_529' title='bbox 1791 3503 1888 3542; x_wconf 92' lang='lat' dir='ltr'><strong>nos</strong></span> <span class='ocrx_word' id='word_1_530' title='bbox 1917 3487 2076 3557; x_wconf 87' lang='lat' dir='ltr'><strong>paulo</strong></span> 
     </span>
    </p>
   </div>
   <div class='ocr_carea' id='block_1_68' title="bbox 474 3579 2074 3658">
    <p class='ocr_par' dir='ltr' id='par_1_68' title="bbox 474 3579 2074 3658">
     <span class='ocr_line' id='line_1_68' title="bbox 474 3579 2074 3658; baseline -0.008 -13"><span class='ocrx_word' id='word_1_531' title='bbox 474 3599 632 3645; x_wconf 83' lang='lat' dir='ltr'><strong>antea</strong></span> <span class='ocrx_word' id='word_1_532' title='bbox 653 3590 883 3658; x_wconf 78' lang='lat' dir='ltr'><strong>egimus,</strong></span> <span class='ocrx_word' id='word_1_533' title='bbox 903 3586 1021 3641; x_wconf 73' lang='lat' dir='ltr'><strong>hare</strong></span> <span class='ocrx_word' id='word_1_534' title='bbox 1046 3587 1235 3641; x_wconf 90' lang='lat' dir='ltr'><strong>cecinit</strong></span> <span class='ocrx_word' id='word_1_535' title='bbox 1261 3585 1412 3658; x_wconf 86' lang='lat' dir='ltr'><strong>(Luc.</strong></span> <span class='ocrx_word' id='word_1_536' title='bbox 1439 3585 1474 3638; x_wconf 93' lang='lat' dir='ltr'><strong>l.</strong></span> <span class='ocrx_word' id='word_1_537' title='bbox 1494 3600 1508 3638; x_wconf 96' lang='grc' dir='ltr'><strong>ι</strong></span> <span class='ocrx_word' id='word_1_538' title='bbox 1531 3582 1719 3637; x_wconf 84' lang='lat' dir='ltr'><strong>Phars.</strong></span> <span class='ocrx_word' id='word_1_539' title='bbox 1736 3598 1782 3634; x_wconf 84' lang='grc' dir='ltr'><strong>υ.</strong></span> <span class='ocrx_word' id='word_1_540' title='bbox 1798 3582 1901 3637; x_wconf 69' lang='grc'><strong>414</strong></span> <span class='ocrx_word' id='word_1_541' title='bbox 1919 3579 2074 3652; x_wconf 78' lang='lat' dir='ltr'><strong>sqq):</strong></span> 
     </span>
    </p>
   </div>
   <div class='ocr_carea' id='block_1_69' title="bbox 626 3695 1752 3763">
    <p class='ocr_par' dir='ltr' id='par_1_69' title="bbox 626 3695 1752 3763">
     <span class='ocr_line' id='line_1_69' title="bbox 626 3695 1752 3763; baseline -0.008 -12"><span class='ocrx_word' id='word_1_542' title='bbox 626 3701 691 3751; x_wconf 84' lang='lat' dir='ltr'><strong>Et</strong></span> <span class='ocrx_word' id='word_1_543' title='bbox 713 3701 892 3763; x_wconf 86' lang='lat' dir='ltr'><strong>quibus</strong></span> <span class='ocrx_word' id='word_1_544' title='bbox 915 3699 1114 3763; x_wconf 83' lang='lat' dir='ltr'><strong>immitis</strong></span> <span class='ocrx_word' id='word_1_545' title='bbox 1139 3696 1354 3763; x_wconf 77' lang='lat' dir='ltr'><strong>placatur</strong></span> <span class='ocrx_word' id='word_1_546' title='bbox 1378 3697 1618 3763; x_wconf 79' lang='lat' dir='ltr'><strong>sanguine</strong></span> <span class='ocrx_word' id='word_1_547' title='bbox 1642 3695 1752 3763; x_wconf 72' lang='lat' dir='ltr'><strong>diro</strong></span> 
     </span>
    </p>
   </div>
   <div class='ocr_carea' id='block_1_70' title="bbox 633 3758 1831 3821">
    <p class='ocr_par' dir='ltr' id='par_1_70' title="bbox 633 3758 1831 3821">
     <span class='ocr_line' id='line_1_70' title="bbox 633 3758 1831 3821; baseline -0.006 -9"><span class='ocrx_word' id='word_1_548' title='bbox 633 3758 890 3818; x_wconf 72' lang='lat' dir='ltr'><strong>Tentates,</strong></span> <span class='ocrx_word' id='word_1_549' title='bbox 919 3761 1226 3821; x_wconf 82' lang='lat' dir='ltr'><strong>horrensque</strong></span> <span class='ocrx_word' id='word_1_550' title='bbox 1252 3759 1371 3809; x_wconf 83' lang='lat' dir='ltr'><strong>feris</strong></span> <span class='ocrx_word' id='word_1_551' title='bbox 1395 3759 1628 3807; x_wconf 86' lang='lat' dir='ltr'><strong>altaribus</strong></span> <span class='ocrx_word' id='word_1_552' title='bbox 1641 3758 1831 3821; x_wconf 28' lang='lat' dir='ltr'><strong>‘Hesus,</strong></span> 
     </span>
    </p>
   </div>
   <div class='ocr_carea' id='block_1_71' title="bbox 634 3819 1828 3885">
    <p class='ocr_par' dir='ltr' id='par_1_71' title="bbox 634 3819 1828 3885">
     <span class='ocr_line' id='line_1_71' title="bbox 634 3819 1828 3885; baseline -0.008 -10"><span class='ocrx_word' id='word_1_553' title='bbox 634 3825 697 3874; x_wconf 85' lang='lat' dir='ltr'><strong>Et</strong></span> <span class='ocrx_word' id='word_1_554' title='bbox 721 3824 927 3874; x_wconf 84' lang='lat' dir='ltr'><strong>Taranis</strong></span> <span class='ocrx_word' id='word_1_555' title='bbox 949 3819 1188 3885; x_wconf 77' lang='lat' dir='ltr'><strong>Scythicae</strong></span> <span class='ocrx_word' id='word_1_556' title='bbox 1222 3835 1318 3871; x_wconf 89' lang='lat' dir='ltr'><strong>non</strong></span> <span class='ocrx_word' id='word_1_557' title='bbox 1345 3823 1510 3870; x_wconf 88' lang='lat' dir='ltr'><strong>mitior</strong></span> <span class='ocrx_word' id='word_1_558' title='bbox 1527 3835 1611 3870; x_wconf 89' lang='lat' dir='ltr'><strong>ara</strong></span> <span class='ocrx_word' id='word_1_559' title='bbox 1636 3819 1828 3869; x_wconf 79' lang='lat' dir='ltr'><strong>Dianae.</strong></span> 
     </span>
    </p>
   </div>
   <div class='ocr_carea' id='block_1_72' title="bbox 479 3924 2078 3997">
    <p class='ocr_par' dir='ltr' id='par_1_72' title="bbox 479 3924 2078 3997">
     <span class='ocr_line' id='line_1_72' title="bbox 479 3924 2078 3997; baseline -0.006 -11"><span class='ocrx_word' id='word_1_560' title='bbox 479 3933 699 3988; x_wconf 86' lang='lat' dir='ltr'><strong>Lucano</strong></span> <span class='ocrx_word' id='word_1_561' title='bbox 736 3939 914 3984; x_wconf 87' lang='lat' dir='ltr'><strong>autem</strong></span> <span class='ocrx_word' id='word_1_562' title='bbox 964 3928 1274 3983; x_wconf 87' lang='lat' dir='ltr'><strong>Lactantius</strong></span> <span class='ocrx_word' id='word_1_563' title='bbox 1324 3927 1704 3997; x_wconf 88' lang='lat' dir='ltr'><strong>adstipulatur.</strong></span> <span class='ocrx_word' id='word_1_564' title='bbox 1733 3924 1803 3979; x_wconf 84' lang='lat' dir='ltr'><strong>At</strong></span> <span class='ocrx_word' id='word_1_565' title='bbox 1826 3932 2078 3980; x_wconf 75' lang='lat' dir='ltr'><strong>testatum</strong></span> 
     </span>
    </p>
   </div>
   <div class='ocr_carea' id='block_1_73' title="bbox 480 4020 2082 4095">
    <p class='ocr_par' dir='ltr' id='par_1_73' title="bbox 480 4020 2082 4095">
     <span class='ocr_line' id='line_1_73' title="bbox 480 4020 2082 4095; baseline -0.004 -17"><span class='ocrx_word' id='word_1_566' title='bbox 480 4033 741 4095; x_wconf 76' lang='lat' dir='ltr'><strong>pra-terea</strong></span> <span class='ocrx_word' id='word_1_567' title='bbox 793 4025 1082 4080; x_wconf 89' lang='lat' dir='ltr'><strong>Suetonius</strong></span> <span class='ocrx_word' id='word_1_568' title='bbox 1144 4023 1268 4077; x_wconf 78' lang='lat' dir='ltr'><strong>facit</strong></span> <span class='ocrx_word' id='word_1_569' title='bbox 1341 4022 1555 4090; x_wconf 90' lang='lat' dir='ltr'><strong>impiam</strong></span> <span class='ocrx_word' id='word_1_570' title='bbox 1610 4020 1756 4074; x_wconf 87' lang='lat' dir='ltr'><strong>illam</strong></span> <span class='ocrx_word' id='word_1_571' title='bbox 1809 4020 2082 4075; x_wconf 77' lang='lat' dir='ltr'><strong>detestan-</strong></span> 
     </span>
    </p>
   </div>
   <div class='ocr_carea' id='block_1_74' title="bbox 480 4112 2084 4188">
    <p class='ocr_par' dir='ltr' id='par_1_74' title="bbox 480 4112 2084 4188">
     <span class='ocr_line' id='line_1_74' title="bbox 480 4112 2084 4188; baseline -0.001 -20"><span class='ocrx_word' id='word_1_572' title='bbox 480 4118 712 4188; x_wconf 83' lang='lat' dir='ltr'><strong>damque</strong></span> <span class='ocrx_word' id='word_1_573' title='bbox 754 4116 1172 4170; x_wconf 89' lang='lat' dir='ltr'><strong>immolationem</strong></span> <span class='ocrx_word' id='word_1_574' title='bbox 1221 4117 1288 4170; x_wconf 88' lang='lat' dir='ltr'><strong>ab</strong></span> <span class='ocrx_word' id='word_1_575' title='bbox 1336 4117 1575 4184; x_wconf 82' lang='lat' dir='ltr'><strong>Augusto</strong></span> <span class='ocrx_word' id='word_1_576' title='bbox 1629 4113 1950 4182; x_wconf 85' lang='lat' dir='ltr'><strong>imperatore</strong></span> <span class='ocrx_word' id='word_1_577' title='bbox 2005 4112 2084 4166; x_wconf 87' lang='lat' dir='ltr'><strong>itt-</strong></span> 
     </span>
    </p>
   </div>
   <div class='ocr_carea' id='block_1_75' title="bbox 482 4204 2080 4276">
    <p class='ocr_par' dir='ltr' id='par_1_75' title="bbox 482 4204 2080 4276">
     <span class='ocr_line' id='line_1_75' title="bbox 482 4204 2080 4276; baseline -0.004 -12"><span class='ocrx_word' id='word_1_578' title='bbox 482 4210 798 4274; x_wconf 83' lang='lat' dir='ltr'><strong>terdictam,</strong></span> <span class='ocrx_word' id='word_1_579' title='bbox 847 4225 875 4262; x_wconf 92' lang='lat' dir='ltr'><strong>a</strong></span> <span class='ocrx_word' id='word_1_580' title='bbox 918 4207 1142 4263; x_wconf 84' lang='lat' dir='ltr'><strong>Claudio</strong></span> <span class='ocrx_word' id='word_1_581' title='bbox 1195 4207 1449 4276; x_wconf 84' lang='lat' dir='ltr'><strong>deinceps</strong></span> <span class='ocrx_word' id='word_1_582' title='bbox 1504 4208 1816 4275; x_wconf 84' lang='lat' dir='ltr'><strong>abrogatam</strong></span> <span class='ocrx_word' id='word_1_583' title='bbox 1869 4204 2080 4259; x_wconf 82' lang='lat' dir='ltr'><strong>fuisse:</strong></span> 
     </span>
    </p>
   </div>
   <div class='ocr_carea' id='block_1_76' title="bbox 488 4297 2084 4370">
    <p class='ocr_par' dir='ltr' id='par_1_76' title="bbox 488 4297 2084 4370">
     <span class='ocr_line' id='line_1_76' title="bbox 488 4297 2084 4370; baseline -0.001 -16"><span class='ocrx_word' id='word_1_584' title='bbox 488 4321 507 4354; x_wconf 77' lang='grc' dir='ltr'><strong>ι</strong></span> <span class='ocrx_word' id='word_1_585' title='bbox 551 4302 903 4367; x_wconf 88' lang='lat' dir='ltr'><strong>Druidarum,</strong></span> <span class='ocrx_word' id='word_1_586' title='bbox 937 4303 1012 4355; x_wconf 90' lang='lat' dir='ltr'><strong>ait</strong></span> <span class='ocrx_word' id='word_1_587' title='bbox 1051 4302 1172 4361; x_wconf 86' lang='lat' dir='ltr'><strong>ille,</strong></span> <span class='ocrx_word' id='word_1_588' title='bbox 1208 4300 1520 4370; x_wconf 81' lang='lat' dir='ltr'><strong>religionem</strong></span> <span class='ocrx_word' id='word_1_589' title='bbox 1552 4299 1689 4369; x_wconf 90' lang='lat' dir='ltr'><strong>apud</strong></span> <span class='ocrx_word' id='word_1_590' title='bbox 1729 4298 1909 4354; x_wconf 88' lang='lat' dir='ltr'><strong>Gallos</strong></span> <span class='ocrx_word' id='word_1_591' title='bbox 1953 4297 2084 4352; x_wconf 73' lang='lat' dir='ltr'><strong>dira:</strong></span> 
     </span>
    </p>
   </div>
   <div class='ocr_carea' id='block_1_77' title="bbox 485 4391 2086 4461">
    <p class='ocr_par' dir='ltr' id='par_1_77' title="bbox 485 4391 2086 4461">
     <span class='ocr_line' id='line_1_77' title="bbox 485 4391 2086 4461; baseline -0.002 -13"><span class='ocrx_word' id='word_1_592' title='bbox 485 4395 869 4459; x_wconf 83' lang='lat' dir='ltr'><strong>innnanitatis,</strong></span> <span class='ocrx_word' id='word_1_593' title='bbox 903 4403 956 4449; x_wconf 86' lang='lat' dir='ltr'><strong>et</strong></span> <span class='ocrx_word' id='word_1_594' title='bbox 985 4404 1188 4447; x_wconf 92' lang='lat' dir='ltr'><strong>tantum</strong></span> <span class='ocrx_word' id='word_1_595' title='bbox 1229 4392 1438 4446; x_wconf 81' lang='lat' dir='ltr'><strong>civibus</strong></span> <span class='ocrx_word' id='word_1_596' title='bbox 1487 4392 1586 4446; x_wconf 88' lang='lat' dir='ltr'><strong>sub</strong></span> <span class='ocrx_word' id='word_1_597' title='bbox 1628 4395 1868 4461; x_wconf 83' lang='lat' dir='ltr'><strong>Augusto</strong></span> <span class='ocrx_word' id='word_1_598' title='bbox 1918 4391 2086 4444; x_wconf 84' lang='lat' dir='ltr'><strong>inter-</strong></span> 
     </span>
    </p>
   </div>
   <div class='ocr_carea' id='block_1_78' title="bbox 486 4481 2082 4554">
    <p class='ocr_par' dir='ltr' id='par_1_78' title="bbox 486 4481 2082 4554">
     <span class='ocr_line' id='line_1_78' title="bbox 486 4481 2082 4554; baseline 0 -16"><span class='ocrx_word' id='word_1_599' title='bbox 486 4487 717 4548; x_wconf 86' lang='lat' dir='ltr'><strong>dictam,</strong></span> <span class='ocrx_word' id='word_1_600' title='bbox 768 4486 979 4554; x_wconf 90' lang='lat' dir='ltr'><strong>penitus</strong></span> <span class='ocrx_word' id='word_1_601' title='bbox 1025 4484 1259 4538; x_wconf 80' lang='lat' dir='ltr'><strong>abolevit</strong></span> <span class='ocrx_word' id='word_1_602' title='bbox 1293 4501 1309 4533; x_wconf 84' lang='grc' dir='ltr'><strong>ι</strong></span> <span class='ocrx_word' id='word_1_603' title='bbox 1364 4481 1640 4551; x_wconf 84' lang='lat' dir='ltr'><strong>(Lactant.</strong></span> <span class='ocrx_word' id='word_1_604' title='bbox 1697 4482 1785 4535; x_wconf 86' lang='lat' dir='ltr'><strong>lib.</strong></span> <span class='ocrx_word' id='word_1_605' title='bbox 1831 4499 1868 4548; x_wconf 88' lang='lat' dir='ltr'><strong>t,</strong></span> <span class='ocrx_word' id='word_1_606' title='bbox 1911 4481 2082 4538; x_wconf 82' lang='lat' dir='ltr'><strong>Divin.</strong></span> 
     </span>
    </p>
   </div>
   <div class='ocr_carea' id='block_1_79' title="bbox 489 4573 1967 4645">
    <p class='ocr_par' dir='ltr' id='par_1_79' title="bbox 489 4573 1967 4645">
     <span class='ocr_line' id='line_1_79' title="bbox 489 4573 1967 4645; baseline -0.003 -13"><span class='ocrx_word' id='word_1_607' title='bbox 489 4579 720 4632; x_wconf 83' lang='lat' dir='ltr'><strong>lnstitut.</strong></span> <span class='ocrx_word' id='word_1_608' title='bbox 765 4595 881 4645; x_wconf 80' lang='lat' dir='ltr'><strong>cap.</strong></span> <span class='ocrx_word' id='word_1_609' title='bbox 913 4577 1003 4640; x_wconf 74' lang='lat' dir='ltr'><strong>2i,</strong></span> <span class='ocrx_word' id='word_1_610' title='bbox 1031 4593 1148 4645; x_wconf 85' lang='lat' dir='ltr'><strong>pag.</strong></span> <span class='ocrx_word' id='word_1_611' title='bbox 1182 4575 1304 4639; x_wconf 80' lang='lat' dir='ltr'><strong>H2;</strong></span> <span class='ocrx_word' id='word_1_612' title='bbox 1335 4575 1550 4628; x_wconf 78' lang='lat' dir='ltr'><strong>Suetou.</strong></span> <span class='ocrx_word' id='word_1_613' title='bbox 1585 4574 1674 4628; x_wconf 85' lang='lat' dir='ltr'><strong>lib.</strong></span> <span class='ocrx_word' id='word_1_614' title='bbox 1707 4591 1759 4638; x_wconf 77' lang='grc' dir='ltr'><strong>ν,</strong></span> <span class='ocrx_word' id='word_1_615' title='bbox 1852 4573 1967 4645; x_wconf 80' lang='lat'><strong>25).</strong></span> 
     </span>
    </p>
   </div>
   <div class='ocr_carea' id='block_1_80' title="bbox 564 4668 2086 4736">
    <p class='ocr_par' dir='ltr' id='par_1_80' title="bbox 564 4668 2086 4736">
     <span class='ocr_line' id='line_1_80' title="bbox 564 4668 2086 4736; baseline -0.001 -11"><span class='ocrx_word' id='word_1_616' title='bbox 564 4672 678 4726; x_wconf 85' lang='lat' dir='ltr'><strong>Non</strong></span> <span class='ocrx_word' id='word_1_617' title='bbox 720 4672 897 4725; x_wconf 84' lang='lat' dir='ltr'><strong>minus</strong></span> <span class='ocrx_word' id='word_1_618' title='bbox 941 4670 1123 4736; x_wconf 88' lang='lat' dir='ltr'><strong>procul</strong></span> <span class='ocrx_word' id='word_1_619' title='bbox 1154 4669 1315 4721; x_wconf 91' lang='lat' dir='ltr'><strong>dubio</strong></span> <span class='ocrx_word' id='word_1_620' title='bbox 1345 4668 1559 4722; x_wconf 87' lang='lat' dir='ltr'><strong>crudele</strong></span> <span class='ocrx_word' id='word_1_621' title='bbox 1581 4679 1696 4723; x_wconf 89' lang='lat' dir='ltr'><strong>erat</strong></span> <span class='ocrx_word' id='word_1_622' title='bbox 1734 4679 2086 4724; x_wconf 88' lang='lat' dir='ltr'><strong>memoratunt</strong></span> 
     </span>
    </p>
   </div>
   <div class='ocr_carea' id='block_1_81' title="bbox 493 4760 2085 4827">
    <p class='ocr_par' dir='ltr' id='par_1_81' title="bbox 493 4760 2085 4827">
     <span class='ocr_line' id='line_1_81' title="bbox 493 4760 2085 4827; baseline -0.003 -9"><span class='ocrx_word' id='word_1_623' title='bbox 493 4764 687 4822; x_wconf 79' lang='lat' dir='ltr'><strong>:leiude</strong></span> <span class='ocrx_word' id='word_1_624' title='bbox 736 4780 762 4816; x_wconf 91' lang='lat' dir='ltr'><strong>a</strong></span> <span class='ocrx_word' id='word_1_625' title='bbox 819 4761 1049 4817; x_wconf 83' lang='lat' dir='ltr'><strong>Minucio</strong></span> <span class='ocrx_word' id='word_1_626' title='bbox 1095 4770 1279 4814; x_wconf 88' lang='lat' dir='ltr'><strong>nostro</strong></span> <span class='ocrx_word' id='word_1_627' title='bbox 1325 4761 1688 4816; x_wconf 83' lang='lat' dir='ltr'><strong>Romanorum</strong></span> <span class='ocrx_word' id='word_1_628' title='bbox 1741 4760 2085 4827; x_wconf 85' lang='lat' dir='ltr'><strong>sacriﬁcium,</strong></span> 
     </span>
    </p>
   </div>
   <div class='ocr_carea' id='block_1_82' title="bbox 493 4851 2091 4929">
    <p class='ocr_par' dir='ltr' id='par_1_82' title="bbox 493 4851 2091 4929">
     <span class='ocr_line' id='line_1_82' title="bbox 493 4851 2091 4929; baseline -0.003 -16"><span class='ocrx_word' id='word_1_629' title='bbox 493 4874 600 4929; x_wconf 77' lang='lat' dir='ltr'><strong>quo</strong></span> <span class='ocrx_word' id='word_1_630' title='bbox 629 4856 874 4912; x_wconf 76' lang='lat' dir='ltr'><strong>Grmcum</strong></span> <span class='ocrx_word' id='word_1_631' title='bbox 934 4865 986 4910; x_wconf 88' lang='lat' dir='ltr'><strong>et</strong></span> <span class='ocrx_word' id='word_1_632' title='bbox 1015 4852 1278 4919; x_wconf 67' lang='lat' dir='ltr'><strong>Grtccam,</strong></span> <span class='ocrx_word' id='word_1_633' title='bbox 1318 4852 1522 4908; x_wconf 89' lang='lat' dir='ltr'><strong>Gallam</strong></span> <span class='ocrx_word' id='word_1_634' title='bbox 1571 4863 1623 4906; x_wconf 92' lang='lat' dir='ltr'><strong>et</strong></span> <span class='ocrx_word' id='word_1_635' title='bbox 1677 4851 1885 4908; x_wconf 72' lang='lat' dir='ltr'><strong>Gallum</strong></span> <span class='ocrx_word' id='word_1_636' title='bbox 1943 4853 2091 4908; x_wconf 89' lang='lat' dir='ltr'><strong>vivos</strong></span> 
     </span>
    </p>
   </div>
   <div class='ocr_carea' id='block_1_83' title="bbox 491 4945 2089 5009">
    <p class='ocr_par' dir='ltr' id='par_1_83' title="bbox 491 4945 2089 5009">
     <span class='ocr_line' id='line_1_83' title="bbox 491 4945 2089 5009; baseline -0.006 0"><span class='ocrx_word' id='word_1_637' title='bbox 491 4954 547 5009; x_wconf 78' lang='lat' dir='ltr'><strong>in</strong></span> <span class='ocrx_word' id='word_1_638' title='bbox 579 4953 695 5007; x_wconf 80' lang='lat' dir='ltr'><strong>foro</strong></span> <span class='ocrx_word' id='word_1_639' title='bbox 723 4949 918 5004; x_wconf 86' lang='lat' dir='ltr'><strong>Boario</strong></span> <span class='ocrx_word' id='word_1_640' title='bbox 970 4948 1069 5002; x_wconf 85' lang='lat' dir='ltr'><strong>sub</strong></span> <span class='ocrx_word' id='word_1_641' title='bbox 1119 4958 1260 5001; x_wconf 87' lang='lat' dir='ltr'><strong>terra</strong></span> <span class='ocrx_word' id='word_1_642' title='bbox 1305 4945 1663 5000; x_wconf 77' lang='lat' dir='ltr'><strong>defodiebant.</strong></span> <span class='ocrx_word' id='word_1_643' title='bbox 1721 4945 1764 5000; x_wconf 85' lang='lat' dir='ltr'><strong>A</strong></span> <span class='ocrx_word' id='word_1_644' title='bbox 1811 4945 1961 4999; x_wconf 86' lang='lat' dir='ltr'><strong>Livio</strong></span> <span class='ocrx_word' id='word_1_645' title='bbox 1991 4962 2089 4999; x_wconf 91' lang='lat' dir='ltr'><strong>au-</strong></span> 
     </span>
    </p>
   </div>
   <div class='ocr_carea' id='block_1_84' title="bbox 493 5037 2093 5107">
    <p class='ocr_par' dir='ltr' id='par_1_84' title="bbox 493 5037 2093 5107">
     <span class='ocr_line' id='line_1_84' title="bbox 493 5037 2093 5107; baseline -0.006 -5"><span class='ocrx_word' id='word_1_646' title='bbox 493 5058 602 5103; x_wconf 86' lang='lat' dir='ltr'><strong>tem</strong></span> <span class='ocrx_word' id='word_1_647' title='bbox 637 5048 750 5101; x_wconf 63' lang='lat' dir='ltr'><strong>hate</strong></span> <span class='ocrx_word' id='word_1_648' title='bbox 777 5043 844 5098; x_wconf 85' lang='lat' dir='ltr'><strong>de</strong></span> <span class='ocrx_word' id='word_1_649' title='bbox 874 5042 962 5096; x_wconf 92' lang='lat' dir='ltr'><strong>illo</strong></span> <span class='ocrx_word' id='word_1_650' title='bbox 988 5040 1279 5094; x_wconf 85' lang='lat' dir='ltr'><strong>inhumano</strong></span> <span class='ocrx_word' id='word_1_651' title='bbox 1326 5053 1542 5107; x_wconf 89' lang='lat' dir='ltr'><strong>prorsus</strong></span> <span class='ocrx_word' id='word_1_652' title='bbox 1595 5037 1856 5092; x_wconf 90' lang='lat' dir='ltr'><strong>sacriﬁcio</strong></span> <span class='ocrx_word' id='word_1_653' title='bbox 1901 5038 2093 5093; x_wconf 89' lang='lat' dir='ltr'><strong>litteris</strong></span> 
     </span>
    </p>
   </div>
   <div class='ocr_carea' id='block_1_85' title="bbox 496 5117 2091 5206">
    <p class='ocr_par' dir='ltr' id='par_1_85' title="bbox 496 5117 2091 5206">
     <span class='ocr_line' id='line_1_85' title="bbox 496 5117 2091 5206; baseline -0.006 -11"><span class='ocrx_word' id='word_1_654' title='bbox 496 5139 745 5195; x_wconf 88' lang='lat' dir='ltr'><strong>mandata</strong></span> <span class='ocrx_word' id='word_1_655' title='bbox 772 5136 1112 5206; x_wconf 83' lang='lat' dir='ltr'><strong>accepimus:</strong></span> <span class='ocrx_word' id='word_1_656' title='bbox 1142 5117 1172 5182; x_wconf 43' lang='grc'><strong>’‹</strong></span> <span class='ocrx_word' id='word_1_657' title='bbox 1212 5131 1290 5185; x_wconf 79' lang='lat' dir='ltr'><strong>Ex</strong></span> <span class='ocrx_word' id='word_1_658' title='bbox 1345 5130 1591 5185; x_wconf 81' lang='lat' dir='ltr'><strong>fatalibus</strong></span> <span class='ocrx_word' id='word_1_659' title='bbox 1640 5129 1790 5184; x_wconf 90' lang='lat' dir='ltr'><strong>libris</strong></span> <span class='ocrx_word' id='word_1_660' title='bbox 1832 5131 2091 5185; x_wconf 88' lang='lat' dir='ltr'><strong>sacriﬁcia</strong></span> 
     </span>
    </p>
   </div>
   <div class='ocr_carea' id='block_1_86' title="bbox 495 5223 2096 5303">
    <p class='ocr_par' dir='ltr' id='par_1_86' title="bbox 495 5223 2096 5303">
     <span class='ocr_line' id='line_1_86' title="bbox 495 5223 2096 5303; baseline -0.006 -15"><span class='ocrx_word' id='word_1_661' title='bbox 495 5235 695 5303; x_wconf 89' lang='lat' dir='ltr'><strong>aliquot</strong></span> <span class='ocrx_word' id='word_1_662' title='bbox 749 5226 1170 5285; x_wconf 85' lang='lat' dir='ltr'><strong>extraordinaria</strong></span> <span class='ocrx_word' id='word_1_663' title='bbox 1233 5223 1391 5287; x_wconf 82' lang='lat' dir='ltr'><strong>facta,</strong></span> <span class='ocrx_word' id='word_1_664' title='bbox 1441 5224 1578 5279; x_wconf 91' lang='lat' dir='ltr'><strong>inter</strong></span> <span class='ocrx_word' id='word_1_665' title='bbox 1629 5239 1746 5295; x_wconf 75' lang='lat' dir='ltr'><strong>qua:</strong></span> <span class='ocrx_word' id='word_1_666' title='bbox 1801 5223 1983 5279; x_wconf 91' lang='lat' dir='ltr'><strong>Gallus</strong></span> <span class='ocrx_word' id='word_1_667' title='bbox 2042 5233 2096 5279; x_wconf 92' lang='lat' dir='ltr'><strong>et</strong></span> 
     </span>
    </p>
   </div>
   <div class='ocr_carea' id='block_1_87' title="bbox 495 5315 2092 5387">
    <p class='ocr_par' dir='ltr' id='par_1_87' title="bbox 495 5315 2092 5387">
     <span class='ocr_line' id='line_1_87' title="bbox 495 5315 2092 5387; baseline -0.006 -7"><span class='ocrx_word' id='word_1_668' title='bbox 495 5323 669 5387; x_wconf 86' lang='lat' dir='ltr'><strong>Galla,</strong></span> <span class='ocrx_word' id='word_1_669' title='bbox 716 5322 938 5377; x_wconf 66' lang='lat' dir='ltr'><strong>Graecus</strong></span> <span class='ocrx_word' id='word_1_670' title='bbox 994 5328 1047 5373; x_wconf 90' lang='lat' dir='ltr'><strong>et</strong></span> <span class='ocrx_word' id='word_1_671' title='bbox 1093 5316 1277 5373; x_wconf 71' lang='lat' dir='ltr'><strong>Grmca</strong></span> <span class='ocrx_word' id='word_1_672' title='bbox 1322 5317 1375 5369; x_wconf 93' lang='lat' dir='ltr'><strong>in</strong></span> <span class='ocrx_word' id='word_1_673' title='bbox 1407 5316 1524 5370; x_wconf 89' lang='lat' dir='ltr'><strong>t&#39;oro</strong></span> <span class='ocrx_word' id='word_1_674' title='bbox 1569 5315 1758 5370; x_wconf 90' lang='lat' dir='ltr'><strong>Boario</strong></span> <span class='ocrx_word' id='word_1_675' title='bbox 1801 5316 1901 5370; x_wconf 87' lang='lat' dir='ltr'><strong>sub</strong></span> <span class='ocrx_word' id='word_1_676' title='bbox 1953 5325 2092 5370; x_wconf 90' lang='lat' dir='ltr'><strong>terra</strong></span> 
     </span>
    </p>
   </div>
   <div class='ocr_carea' id='block_1_88' title="bbox 495 5409 2092 5478">
    <p class='ocr_par' dir='ltr' id='par_1_88' title="bbox 495 5409 2092 5478">
     <span class='ocr_line' id='line_1_88' title="bbox 495 5409 2092 5478; baseline 0.001 -15"><span class='ocrx_word' id='word_1_677' title='bbox 495 5415 601 5468; x_wconf 83' lang='lat' dir='ltr'><strong>vivi</strong></span> <span class='ocrx_word' id='word_1_678' title='bbox 628 5412 847 5468; x_wconf 89' lang='lat' dir='ltr'><strong>demissi</strong></span> <span class='ocrx_word' id='word_1_679' title='bbox 874 5418 1016 5474; x_wconf 91' lang='lat' dir='ltr'><strong>sunt,</strong></span> <span class='ocrx_word' id='word_1_680' title='bbox 1050 5411 1103 5464; x_wconf 92' lang='lat' dir='ltr'><strong>in</strong></span> <span class='ocrx_word' id='word_1_681' title='bbox 1129 5409 1304 5462; x_wconf 91' lang='lat' dir='ltr'><strong>locum</strong></span> <span class='ocrx_word' id='word_1_682' title='bbox 1330 5423 1460 5462; x_wconf 79' lang='lat' dir='ltr'><strong>saxo</strong></span> <span class='ocrx_word' id='word_1_683' title='bbox 1491 5417 1830 5478; x_wconf 86' lang='lat' dir='ltr'><strong>conseptum,</strong></span> <span class='ocrx_word' id='word_1_684' title='bbox 1855 5409 1943 5464; x_wconf 92' lang='lat' dir='ltr'><strong>ubi</strong></span> <span class='ocrx_word' id='word_1_685' title='bbox 1967 5421 2092 5464; x_wconf 89' lang='lat' dir='ltr'><strong>ante</strong></span> 
     </span>
    </p>
   </div>
   <div class='ocr_carea' id='block_1_89' title="bbox 493 5499 2086 5560">
    <p class='ocr_par' dir='ltr' id='par_1_89' title="bbox 493 5499 2086 5560">
     <span class='ocr_line' id='line_1_89' title="bbox 493 5499 2086 5560; baseline -0.001 -3"><span class='ocrx_word' id='word_1_686' title='bbox 493 5506 685 5560; x_wconf 87' lang='lat' dir='ltr'><strong>host&#39;tis</strong></span> <span class='ocrx_word' id='word_1_687' title='bbox 715 5503 959 5558; x_wconf 82' lang='lat' dir='ltr'><strong>humanis</strong></span> <span class='ocrx_word' id='word_1_688' title='bbox 1004 5501 1234 5555; x_wconf 83' lang='lat' dir='ltr'><strong>maxime</strong></span> <span class='ocrx_word' id='word_1_689' title='bbox 1284 5499 1526 5554; x_wconf 84' lang='lat' dir='ltr'><strong>Romano</strong></span> <span class='ocrx_word' id='word_1_690' title='bbox 1577 5515 1730 5556; x_wconf 90' lang='lat' dir='ltr'><strong>sacro</strong></span> <span class='ocrx_word' id='word_1_691' title='bbox 1770 5501 2029 5556; x_wconf 89' lang='lat' dir='ltr'><strong>imbututn</strong></span> <span class='ocrx_word' id='word_1_692' title='bbox 2069 5521 2086 5555; x_wconf 87' lang='grc'><strong>›</strong></span> 
     </span>
    </p>
   </div>
   <div class='ocr_carea' id='block_1_90' title="bbox 495 5589 2096 5667">
    <p class='ocr_par' dir='ltr' id='par_1_90' title="bbox 495 5589 2096 5667">
     <span class='ocr_line' id='line_1_90' title="bbox 495 5589 2096 5667; baseline -0.001 -16"><span class='ocrx_word' id='word_1_693' title='bbox 495 5596 714 5667; x_wconf 89' lang='lat' dir='ltr'><strong>(Livius</strong></span> <span class='ocrx_word' id='word_1_694' title='bbox 738 5594 930 5648; x_wconf 83' lang='lat' dir='ltr'><strong>Decad.</strong></span> <span class='ocrx_word' id='word_1_695' title='bbox 965 5609 1040 5658; x_wconf 92' lang='grc' dir='ltr'>ιιι,</span> <span class='ocrx_word' id='word_1_696' title='bbox 1072 5591 1163 5647; x_wconf 92' lang='lat' dir='ltr'><strong>lib.</strong></span> <span class='ocrx_word' id='word_1_697' title='bbox 1194 5607 1250 5656; x_wconf 89' lang='grc' dir='ltr'>ιι,</span> <span class='ocrx_word' id='word_1_698' title='bbox 1285 5607 1405 5662; x_wconf 87' lang='lat' dir='ltr'><strong>pag.</strong></span> <span class='ocrx_word' id='word_1_699' title='bbox 1459 5589 1622 5661; x_wconf 64' lang='lat'><strong>195).</strong></span> <span class='ocrx_word' id='word_1_700' title='bbox 1671 5592 1870 5648; x_wconf 84' lang='lat' dir='ltr'><strong>Eadem</strong></span> <span class='ocrx_word' id='word_1_701' title='bbox 1915 5605 2096 5650; x_wconf 88' lang='lat' dir='ltr'><strong>narrat</strong></span> 
     </span>
    </p>
   </div>
   <div class='ocr_carea' id='block_1_91' title="bbox 494 5680 2092 5753">
    <p class='ocr_par' dir='ltr' id='par_1_91' title="bbox 494 5680 2092 5753">
     <span class='ocr_line' id='line_1_91' title="bbox 494 5680 2092 5753; baseline 0 -13"><span class='ocrx_word' id='word_1_702' title='bbox 494 5686 832 5748; x_wconf 82' lang='lat' dir='ltr'><strong>Plutarchus,</strong></span> <span class='ocrx_word' id='word_1_703' title='bbox 889 5685 1077 5753; x_wconf 92' lang='lat' dir='ltr'><strong>bisque</strong></span> <span class='ocrx_word' id='word_1_704' title='bbox 1135 5691 1313 5737; x_wconf 90' lang='lat' dir='ltr'><strong>tamen</strong></span> <span class='ocrx_word' id='word_1_705' title='bbox 1361 5680 1568 5736; x_wconf 91' lang='lat' dir='ltr'><strong>addidit</strong></span> <span class='ocrx_word' id='word_1_706' title='bbox 1627 5698 1776 5737; x_wconf 87' lang='lat' dir='ltr'><strong>sacra</strong></span> <span class='ocrx_word' id='word_1_707' title='bbox 1825 5685 1912 5738; x_wconf 91' lang='lat' dir='ltr'><strong>illa</strong></span> <span class='ocrx_word' id='word_1_708' title='bbox 1953 5685 2092 5740; x_wconf 82' lang='lat' dir='ltr'><strong>facta</strong></span> 
     </span>
    </p>
   </div>
   <div class='ocr_carea' id='block_1_92' title="bbox 489 5772 2092 5844">
    <p class='ocr_par' dir='ltr' id='par_1_92' title="bbox 489 5772 2092 5844">
     <span class='ocr_line' id='line_1_92' title="bbox 489 5772 2092 5844; baseline 0.001 -14"><span class='ocrx_word' id='word_1_709' title='bbox 489 5792 678 5844; x_wconf 73' lang='lat' dir='ltr'><strong>mense</strong></span> <span class='ocrx_word' id='word_1_710' title='bbox 697 5775 997 5834; x_wconf 86' lang='lat' dir='ltr'><strong>novembri.</strong></span> <span class='ocrx_word' id='word_1_711' title='bbox 1031 5773 1236 5828; x_wconf 82' lang='lat' dir='ltr'><strong>Plinius</strong></span> <span class='ocrx_word' id='word_1_712' title='bbox 1263 5787 1392 5828; x_wconf 87' lang='lat' dir='ltr'><strong>vero</strong></span> <span class='ocrx_word' id='word_1_713' title='bbox 1428 5782 1614 5844; x_wconf 86' lang='lat' dir='ltr'><strong>aperte</strong></span> <span class='ocrx_word' id='word_1_714' title='bbox 1654 5772 1893 5830; x_wconf 88' lang='lat' dir='ltr'><strong>declarat</strong></span> <span class='ocrx_word' id='word_1_715' title='bbox 1935 5791 1994 5834; x_wconf 87' lang='lat' dir='ltr'><strong>ea</strong></span> <span class='ocrx_word' id='word_1_716' title='bbox 2025 5776 2092 5832; x_wconf 88' lang='lat' dir='ltr'><strong>ad</strong></span> 
     </span>
    </p>
   </div>
   <div class='ocr_carea' id='block_1_93' title="bbox 2187 3281 3792 3355">
    <p class='ocr_par' dir='ltr' id='par_1_93' title="bbox 2187 3281 3792 3355">
     <span class='ocr_line' id='line_1_93' title="bbox 2187 3281 3792 3355; baseline -0.004 -14"><span class='ocrx_word' id='word_1_717' title='bbox 2187 3289 2417 3342; x_wconf 90' lang='lat' dir='ltr'><strong>testibus</strong></span> <span class='ocrx_word' id='word_1_718' title='bbox 2449 3287 2605 3341; x_wconf 90' lang='lat' dir='ltr'><strong>tidem</strong></span> <span class='ocrx_word' id='word_1_719' title='bbox 2632 3286 2750 3355; x_wconf 91' lang='lat' dir='ltr'><strong>quis</strong></span> <span class='ocrx_word' id='word_1_720' title='bbox 2777 3285 3039 3355; x_wconf 87' lang='lat' dir='ltr'><strong>abrogare</strong></span> <span class='ocrx_word' id='word_1_721' title='bbox 3074 3283 3325 3338; x_wconf 82' lang='lat' dir='ltr'><strong>audebit?</strong></span> <span class='ocrx_word' id='word_1_722' title='bbox 3374 3286 3454 3336; x_wconf 84' lang='lat' dir='ltr'><strong>An</strong></span> <span class='ocrx_word' id='word_1_723' title='bbox 3495 3291 3671 3336; x_wconf 85' lang='lat' dir='ltr'><strong>autem</strong></span> <span class='ocrx_word' id='word_1_724' title='bbox 3701 3281 3792 3336; x_wconf 89' lang='lat' dir='ltr'><strong>ditt</strong></span> 
     </span>
    </p>
   </div>
   <div class='ocr_carea' id='block_1_94' title="bbox 2184 3373 3791 3453">
    <p class='ocr_par' dir='ltr' id='par_1_94' title="bbox 2184 3373 3791 3453">
     <span class='ocr_line' id='line_1_94' title="bbox 2184 3373 3791 3453; baseline -0.004 -17"><span class='ocrx_word' id='word_1_725' title='bbox 2184 3392 2504 3453; x_wconf 88' lang='lat' dir='ltr'><strong>posteatam</strong></span> <span class='ocrx_word' id='word_1_726' title='bbox 2547 3383 2782 3434; x_wconf 89' lang='lat' dir='ltr'><strong>immane</strong></span> <span class='ocrx_word' id='word_1_727' title='bbox 2808 3377 3131 3432; x_wconf 90' lang='lat' dir='ltr'><strong>sacriﬁcium</strong></span> <span class='ocrx_word' id='word_1_728' title='bbox 3173 3375 3371 3431; x_wconf 79' lang='lat' dir='ltr'><strong>factum</strong></span> <span class='ocrx_word' id='word_1_729' title='bbox 3424 3375 3607 3441; x_wconf 80' lang='lat' dir='ltr'><strong>fuerit,</strong></span> <span class='ocrx_word' id='word_1_730' title='bbox 3652 3373 3791 3429; x_wconf 84' lang='lat' dir='ltr'><strong>haud</strong></span> 
     </span>
    </p>
   </div>
   <div class='ocr_carea' id='block_1_95' title="bbox 2181 3471 3790 3543">
    <p class='ocr_par' dir='ltr' id='par_1_95' title="bbox 2181 3471 3790 3543">
     <span class='ocr_line' id='line_1_95' title="bbox 2181 3471 3790 3543; baseline -0.003 -13"><span class='ocrx_word' id='word_1_731' title='bbox 2181 3475 2251 3530; x_wconf 88' lang='lat' dir='ltr'><strong>ita</strong></span> <span class='ocrx_word' id='word_1_732' title='bbox 2283 3484 2642 3543; x_wconf 91' lang='lat' dir='ltr'><strong>compertum.</strong></span> <span class='ocrx_word' id='word_1_733' title='bbox 2677 3473 2834 3528; x_wconf 85' lang='lat' dir='ltr'><strong>Certe</strong></span> <span class='ocrx_word' id='word_1_734' title='bbox 2867 3472 3082 3542; x_wconf 87' lang='lat' dir='ltr'><strong>quidem</strong></span> <span class='ocrx_word' id='word_1_735' title='bbox 3110 3471 3159 3526; x_wconf 92' lang='lat' dir='ltr'><strong>id</strong></span> <span class='ocrx_word' id='word_1_736' title='bbox 3185 3472 3513 3525; x_wconf 83' lang='lat' dir='ltr'><strong>Athanasius</strong></span> <span class='ocrx_word' id='word_1_737' title='bbox 3538 3487 3643 3525; x_wconf 92' lang='lat' dir='ltr'><strong>non</strong></span> <span class='ocrx_word' id='word_1_738' title='bbox 3669 3485 3790 3525; x_wconf 82' lang='lat' dir='ltr'><strong>crc-</strong></span> 
     </span>
    </p>
   </div>
   <div class='ocr_carea' id='block_1_96' title="bbox 2181 3563 3790 3636">
    <p class='ocr_par' dir='ltr' id='par_1_96' title="bbox 2181 3563 3790 3636">
     <span class='ocr_line' id='line_1_96' title="bbox 2181 3563 3790 3636; baseline -0.002 -15"><span class='ocrx_word' id='word_1_739' title='bbox 2181 3567 2335 3632; x_wconf 79' lang='lat' dir='ltr'><strong>didit,</strong></span> <span class='ocrx_word' id='word_1_740' title='bbox 2367 3567 2565 3636; x_wconf 88' lang='lat' dir='ltr'><strong>quippe</strong></span> <span class='ocrx_word' id='word_1_741' title='bbox 2594 3564 2685 3635; x_wconf 91' lang='lat' dir='ltr'><strong>qui</strong></span> <span class='ocrx_word' id='word_1_742' title='bbox 2726 3564 2793 3618; x_wconf 91' lang='lat' dir='ltr'><strong>de</strong></span> <span class='ocrx_word' id='word_1_743' title='bbox 2841 3563 2934 3618; x_wconf 93' lang='lat' dir='ltr'><strong>illo</strong></span> <span class='ocrx_word' id='word_1_744' title='bbox 2966 3564 3107 3618; x_wconf 89' lang='lat' dir='ltr'><strong>hunc</strong></span> <span class='ocrx_word' id='word_1_745' title='bbox 3149 3564 3398 3632; x_wconf 85' lang='lat' dir='ltr'><strong>l0quatur</strong></span> <span class='ocrx_word' id='word_1_746' title='bbox 3445 3563 3495 3616; x_wconf 88' lang='lat' dir='ltr'><strong>itt</strong></span> <span class='ocrx_word' id='word_1_747' title='bbox 3527 3565 3743 3616; x_wconf 83' lang='lat' dir='ltr'><strong>modum</strong></span> <span class='ocrx_word' id='word_1_748' title='bbox 3779 3580 3790 3617; x_wconf 93' lang='lat'><strong>:</strong></span> 
     </span>
    </p>
   </div>
   <div class='ocr_carea' id='block_1_97' title="bbox 2182 3646 3795 3727">
    <p class='ocr_par' dir='ltr' id='par_1_97' title="bbox 2182 3646 3795 3724">
     <span class='ocr_line' id='line_1_97' title="bbox 2182 3646 3795 3724; baseline -0.004 -12"><span class='ocrx_word' id='word_1_749' title='bbox 2182 3664 2284 3713; x_wconf 76' lang='grc' dir='ltr'><strong>Καὶ</strong></span> <span class='ocrx_word' id='word_1_750' title='bbox 2318 3668 2361 3712; x_wconf 82' lang='grc' dir='ltr'><strong>οἱ</strong></span> <span class='ocrx_word' id='word_1_751' title='bbox 2405 3666 2562 3711; x_wconf 68' lang='grc' dir='ltr'><strong>πάλαι</strong></span> <span class='ocrx_word' id='word_1_752' title='bbox 2595 3661 2643 3710; x_wconf 80' lang='grc' dir='ltr'><strong>δὲ</strong></span> <span class='ocrx_word' id='word_1_753' title='bbox 2672 3646 2892 3724; x_wconf 57' lang='lat' dir='ltr'><strong>Papinio:</strong></span> <span class='ocrx_word' id='word_1_754' title='bbox 2943 3664 3021 3711; x_wconf 83' lang='grc' dir='ltr'><strong>τὸν</strong></span> <span class='ocrx_word' id='word_1_755' title='bbox 3055 3659 3342 3723; x_wconf 55' lang='grc' dir='ltr'><strong>καλούμενον</strong></span> <span class='ocrx_word' id='word_1_756' title='bbox 3389 3661 3655 3724; x_wconf 70' lang='grc' dir='ltr'><strong>Δατιᾶριον</strong></span> <span class='ocrx_word' id='word_1_757' title='bbox 3706 3664 3795 3707; x_wconf 68' lang='grc' dir='ltr'><strong>Δία.</strong></span> 
     </span>
    </p>
   </div>
   <div class='ocr_carea' id='block_1_98' title="bbox 2184 3745 3792 3821">
    <p class='ocr_par' dir='ltr' id='par_1_98' title="bbox 2184 3745 3792 3821">
     <span class='ocr_line' id='line_1_98' title="bbox 2184 3745 3792 3821; baseline -0.004 -17"><span class='ocrx_word' id='word_1_758' title='bbox 2184 3755 2593 3821; x_wconf 67' lang='grc' dir='ltr'><strong>ἀν’)ρωποθυσίαις</strong></span> <span class='ocrx_word' id='word_1_759' title='bbox 2641 3755 2912 3819; x_wconf 67' lang='grc' dir='ltr'><strong>ἱϐρισκευον</strong></span> <span class='ocrx_word' id='word_1_760' title='bbox 2941 3765 2954 3801; x_wconf 92' lang='lat'><strong>:</strong></span> <span class='ocrx_word' id='word_1_761' title='bbox 3009 3766 3027 3798; x_wconf 85' lang='grc'><em>‹</em></span> <span class='ocrx_word' id='word_1_762' title='bbox 3062 3748 3226 3802; x_wconf 84' lang='lat' dir='ltr'><strong>Prisci</strong></span> <span class='ocrx_word' id='word_1_763' title='bbox 3262 3748 3386 3800; x_wconf 88' lang='lat' dir='ltr'><strong>item</strong></span> <span class='ocrx_word' id='word_1_764' title='bbox 3428 3745 3654 3800; x_wconf 80' lang='lat' dir='ltr'><strong>Romani</strong></span> <span class='ocrx_word' id='word_1_765' title='bbox 3687 3745 3792 3799; x_wconf 89' lang='lat' dir='ltr'><strong>La-</strong></span> 
     </span>
    </p>
   </div>
   <div class='ocr_carea' id='block_1_99' title="bbox 2186 3839 3788 3908">
    <p class='ocr_par' dir='ltr' id='par_1_99' title="bbox 2186 3839 3788 3908">
     <span class='ocr_line' id='line_1_99' title="bbox 2186 3839 3788 3908; baseline -0.004 -9"><span class='ocrx_word' id='word_1_766' title='bbox 2186 3846 2396 3908; x_wconf 86' lang='lat' dir='ltr'><strong>tiarem,</strong></span> <span class='ocrx_word' id='word_1_767' title='bbox 2430 3851 2485 3898; x_wconf 93' lang='lat' dir='ltr'><strong>ut</strong></span> <span class='ocrx_word' id='word_1_768' title='bbox 2521 3852 2738 3906; x_wconf 90' lang='lat' dir='ltr'><strong>vocant,</strong></span> <span class='ocrx_word' id='word_1_769' title='bbox 2769 3841 2954 3896; x_wconf 84' lang='lat' dir='ltr'><strong>Jovem</strong></span> <span class='ocrx_word' id='word_1_770' title='bbox 3002 3841 3249 3894; x_wconf 89' lang='lat' dir='ltr'><strong>humanis</strong></span> <span class='ocrx_word' id='word_1_771' title='bbox 3277 3839 3466 3894; x_wconf 90' lang='lat' dir='ltr'><strong>hostiis</strong></span> <span class='ocrx_word' id='word_1_772' title='bbox 3496 3839 3745 3895; x_wconf 84' lang='lat' dir='ltr'><strong>colebant</strong></span> <span class='ocrx_word' id='word_1_773' title='bbox 3769 3859 3788 3893; x_wconf 76' lang='grc' dir='ltr'><strong>ι</strong></span> 
     </span>
    </p>
   </div>
   <div class='ocr_carea' id='block_1_100' title="bbox 2186 3931 3599 4009">
    <p class='ocr_par' dir='ltr' id='par_1_100' title="bbox 2186 3931 3599 4009">
     <span class='ocr_line' id='line_1_100' title="bbox 2186 3931 3599 4009; baseline -0.001 -20"><span class='ocrx_word' id='word_1_774' title='bbox 2186 3935 2485 4009; x_wconf 85' lang='lat' dir='ltr'><strong>(Athanas.</strong></span> <span class='ocrx_word' id='word_1_775' title='bbox 2525 3935 2677 3988; x_wconf 83' lang='lat' dir='ltr'><strong>Orar.</strong></span> <span class='ocrx_word' id='word_1_776' title='bbox 2707 3945 2871 3988; x_wconf 82' lang='lat' dir='ltr'><strong>contr.</strong></span> <span class='ocrx_word' id='word_1_777' title='bbox 2908 3931 3101 3998; x_wconf 71' lang='lat' dir='ltr'><strong>Grazc.,</strong></span> <span class='ocrx_word' id='word_1_778' title='bbox 3144 3931 3290 4004; x_wconf 82' lang='lat'><strong>§25,</strong></span> <span class='ocrx_word' id='word_1_779' title='bbox 3326 3947 3446 4002; x_wconf 86' lang='lat' dir='ltr'><strong>pag.</strong></span> <span class='ocrx_word' id='word_1_780' title='bbox 3478 3933 3599 4002; x_wconf 79' lang='lat'><strong>25).</strong></span> 
     </span>
    </p>
   </div>
   <div class='ocr_carea' id='block_1_101' title="bbox 2263 4024 3790 4098">
    <p class='ocr_par' dir='ltr' id='par_1_101' title="bbox 2263 4024 3790 4098">
     <span class='ocr_line' id='line_1_101' title="bbox 2263 4024 3790 4098; baseline -0.003 -15"><span class='ocrx_word' id='word_1_781' title='bbox 2263 4030 2335 4084; x_wconf 89' lang='lat' dir='ltr'><strong>De</strong></span> <span class='ocrx_word' id='word_1_782' title='bbox 2368 4029 2471 4084; x_wconf 91' lang='lat' dir='ltr'><strong>hoc</strong></span> <span class='ocrx_word' id='word_1_783' title='bbox 2528 4044 2688 4098; x_wconf 91' lang='lat' dir='ltr'><strong>porro</strong></span> <span class='ocrx_word' id='word_1_784' title='bbox 2724 4027 3024 4083; x_wconf 79' lang='lat' dir='ltr'><strong>detestabili</strong></span> <span class='ocrx_word' id='word_1_785' title='bbox 3065 4026 3343 4080; x_wconf 89' lang='lat' dir='ltr'><strong>hominum</strong></span> <span class='ocrx_word' id='word_1_786' title='bbox 3396 4024 3502 4080; x_wconf 87' lang='lat' dir='ltr'><strong>diis</strong></span> <span class='ocrx_word' id='word_1_787' title='bbox 3550 4034 3790 4081; x_wconf 88' lang='lat' dir='ltr'><strong>mactau-</strong></span> 
     </span>
    </p>
   </div>
   <div class='ocr_carea' id='block_1_102' title="bbox 2187 4118 3791 4190">
    <p class='ocr_par' dir='ltr' id='par_1_102' title="bbox 2187 4118 3791 4190">
     <span class='ocr_line' id='line_1_102' title="bbox 2187 4118 3791 4190; baseline -0.002 -13"><span class='ocrx_word' id='word_1_788' title='bbox 2187 4122 2376 4177; x_wconf 92' lang='lat' dir='ltr'><strong>dornm</strong></span> <span class='ocrx_word' id='word_1_789' title='bbox 2430 4123 2533 4176; x_wconf 91' lang='lat' dir='ltr'><strong>ritu</strong></span> <span class='ocrx_word' id='word_1_790' title='bbox 2590 4130 2645 4176; x_wconf 90' lang='lat' dir='ltr'><strong>et</strong></span> <span class='ocrx_word' id='word_1_791' title='bbox 2700 4135 2849 4176; x_wconf 88' lang='lat' dir='ltr'><strong>more</strong></span> <span class='ocrx_word' id='word_1_792' title='bbox 2911 4119 3038 4175; x_wconf 88' lang='lat' dir='ltr'><strong>alibi</strong></span> <span class='ocrx_word' id='word_1_793' title='bbox 3107 4118 3518 4190; x_wconf 85' lang='lat' dir='ltr'><strong>disputavimus.</strong></span> <span class='ocrx_word' id='word_1_794' title='bbox 3586 4118 3791 4174; x_wconf 69' lang='lat' dir='ltr'><strong>Prmter</strong></span> 
     </span>
    </p>
   </div>
   <div class='ocr_carea' id='block_1_103' title="bbox 2189 4209 3796 4284">
    <p class='ocr_par' dir='ltr' id='par_1_103' title="bbox 2189 4209 3796 4284">
     <span class='ocr_line' id='line_1_103' title="bbox 2189 4209 3796 4284; baseline -0.002 -15"><span class='ocrx_word' id='word_1_795' title='bbox 2189 4214 2480 4284; x_wconf 91' lang='lat' dir='ltr'><strong>scriptores</strong></span> <span class='ocrx_word' id='word_1_796' title='bbox 2521 4223 2700 4267; x_wconf 89' lang='lat' dir='ltr'><strong>autem</strong></span> <span class='ocrx_word' id='word_1_797' title='bbox 2753 4227 2784 4266; x_wconf 93' lang='lat' dir='ltr'><strong>a</strong></span> <span class='ocrx_word' id='word_1_798' title='bbox 2840 4212 2994 4266; x_wconf 90' lang='lat' dir='ltr'><strong>nobis</strong></span> <span class='ocrx_word' id='word_1_799' title='bbox 3045 4210 3116 4264; x_wconf 90' lang='lat' dir='ltr'><strong>ibi</strong></span> <span class='ocrx_word' id='word_1_800' title='bbox 3168 4211 3378 4276; x_wconf 85' lang='lat' dir='ltr'><strong>citatos,</strong></span> <span class='ocrx_word' id='word_1_801' title='bbox 3414 4212 3596 4280; x_wconf 88' lang='lat' dir='ltr'><strong>legere</strong></span> <span class='ocrx_word' id='word_1_802' title='bbox 3620 4209 3796 4266; x_wconf 88' lang='lat' dir='ltr'><strong>adhuc</strong></span> 
     </span>
    </p>
   </div>
   <div class='ocr_carea' id='block_1_104' title="bbox 2189 4302 3794 4376">
    <p class='ocr_par' dir='ltr' id='par_1_104' title="bbox 2189 4302 3794 4376">
     <span class='ocr_line' id='line_1_104' title="bbox 2189 4302 3794 4376; baseline -0.002 -15"><span class='ocrx_word' id='word_1_803' title='bbox 2189 4307 2390 4376; x_wconf 81' lang='lat' dir='ltr'><strong>pateris</strong></span> <span class='ocrx_word' id='word_1_804' title='bbox 2417 4305 2694 4361; x_wconf 92' lang='lat' dir='ltr'><strong>Philonem</strong></span> <span class='ocrx_word' id='word_1_805' title='bbox 2743 4305 3005 4369; x_wconf 67' lang='lat' dir='ltr'><strong>Judazum,</strong></span> <span class='ocrx_word' id='word_1_806' title='bbox 3036 4302 3341 4358; x_wconf 88' lang='lat' dir='ltr'><strong>Cornelium</strong></span> <span class='ocrx_word' id='word_1_807' title='bbox 3383 4303 3645 4371; x_wconf 88' lang='lat' dir='ltr'><strong>Tacitum,</strong></span> <span class='ocrx_word' id='word_1_808' title='bbox 3688 4303 3794 4358; x_wconf 81' lang='lat' dir='ltr'><strong>Pli-</strong></span> 
     </span>
    </p>
   </div>
   <div class='ocr_carea' id='block_1_105' title="bbox 2189 4397 3792 4469">
    <p class='ocr_par' dir='ltr' id='par_1_105' title="bbox 2189 4397 3792 4469">
     <span class='ocr_line' id='line_1_105' title="bbox 2189 4397 3792 4469; baseline -0.001 -16"><span class='ocrx_word' id='word_1_809' title='bbox 2189 4399 2358 4464; x_wconf 90' lang='lat' dir='ltr'><strong>nium,</strong></span> <span class='ocrx_word' id='word_1_810' title='bbox 2392 4399 2730 4462; x_wconf 89' lang='lat' dir='ltr'><strong>Suetonium,</strong></span> <span class='ocrx_word' id='word_1_811' title='bbox 2766 4397 3142 4469; x_wconf 83' lang='lat' dir='ltr'><strong>Porphyrium,</strong></span> <span class='ocrx_word' id='word_1_812' title='bbox 3175 4397 3489 4464; x_wconf 83' lang='lat' dir='ltr'><strong>Eusebium,</strong></span> <span class='ocrx_word' id='word_1_813' title='bbox 3529 4398 3792 4469; x_wconf 83' lang='lat' dir='ltr'><strong>Cyrillum</strong></span> 
     </span>
    </p>
   </div>
   <div class='ocr_carea' id='block_1_106' title="bbox 2191 4488 3798 4560">
    <p class='ocr_par' dir='ltr' id='par_1_106' title="bbox 2191 4488 3798 4560">
     <span class='ocr_line' id='line_1_106' title="bbox 2191 4488 3798 4560; baseline 0 -16"><span class='ocrx_word' id='word_1_814' title='bbox 2191 4489 2633 4556; x_wconf 89' lang='lat' dir='ltr'><strong>Alexandrinum,</strong></span> <span class='ocrx_word' id='word_1_815' title='bbox 2675 4489 2868 4560; x_wconf 86' lang='lat' dir='ltr'><strong>quibus</strong></span> <span class='ocrx_word' id='word_1_816' title='bbox 2901 4489 3022 4544; x_wconf 89' lang='lat' dir='ltr'><strong>addi</strong></span> <span class='ocrx_word' id='word_1_817' title='bbox 3053 4495 3278 4559; x_wconf 90' lang='lat' dir='ltr'><strong>possunt</strong></span> <span class='ocrx_word' id='word_1_818' title='bbox 3316 4488 3676 4544; x_wconf 87' lang='lat' dir='ltr'><strong>Tertullianus</strong></span> <span class='ocrx_word' id='word_1_819' title='bbox 3714 4497 3798 4544; x_wconf 87' lang='lat' dir='ltr'><strong>al-</strong></span> 
     </span>
    </p>
   </div>
   <div class='ocr_carea' id='block_1_107' title="bbox 2109 4576 3797 4653">
    <p class='ocr_par' dir='ltr' id='par_1_107' title="bbox 2109 4576 3797 4653">
     <span class='ocr_line' id='line_1_107' title="bbox 2109 4576 3797 4653; baseline -0.001 -18"><span class='ocrx_word' id='word_1_820' title='bbox 2109 4576 2162 4635; x_wconf 89' lang='lat' dir='ltr'><strong>D</strong></span> <span class='ocrx_word' id='word_1_821' title='bbox 2190 4596 2293 4650; x_wconf 90' lang='lat' dir='ltr'><strong>que</strong></span> <span class='ocrx_word' id='word_1_822' title='bbox 2334 4579 2688 4636; x_wconf 85' lang='lat' dir='ltr'><strong>Lactantius:</strong></span> <span class='ocrx_word' id='word_1_823' title='bbox 2720 4581 2814 4635; x_wconf 90' lang='lat' dir='ltr'><strong>sed</strong></span> <span class='ocrx_word' id='word_1_824' title='bbox 2852 4580 3035 4636; x_wconf 90' lang='lat' dir='ltr'><strong>dehis</strong></span> <span class='ocrx_word' id='word_1_825' title='bbox 3082 4595 3178 4634; x_wconf 84' lang='lat' dir='ltr'><strong>nos</strong></span> <span class='ocrx_word' id='word_1_826' title='bbox 3223 4595 3322 4635; x_wconf 88' lang='lat' dir='ltr'><strong>suo</strong></span> <span class='ocrx_word' id='word_1_827' title='bbox 3372 4580 3489 4636; x_wconf 94' lang='lat' dir='ltr'><strong>loco</strong></span> <span class='ocrx_word' id='word_1_828' title='bbox 3537 4579 3730 4653; x_wconf 90' lang='lat' dir='ltr'><strong>(Tom.</strong></span> <span class='ocrx_word' id='word_1_829' title='bbox 3780 4596 3797 4634; x_wconf 90' lang='lat' dir='ltr'><strong>t</strong></span> 
     </span>
    </p>
   </div>
   <div class='ocr_carea' id='block_1_108' title="bbox 2194 4672 3794 4744">
    <p class='ocr_par' dir='ltr' id='par_1_108' title="bbox 2194 4672 3794 4744">
     <span class='ocr_line' id='line_1_108' title="bbox 2194 4672 3794 4744; baseline -0.001 -16"><span class='ocrx_word' id='word_1_830' title='bbox 2194 4673 2470 4741; x_wconf 84' lang='lat' dir='ltr'><strong>Apparat.,</strong></span> <span class='ocrx_word' id='word_1_831' title='bbox 2503 4672 2594 4727; x_wconf 92' lang='lat' dir='ltr'><strong>lib.</strong></span> <span class='ocrx_word' id='word_1_832' title='bbox 2625 4687 2704 4736; x_wconf 91' lang='grc' dir='ltr'>ιιι,</span> <span class='ocrx_word' id='word_1_833' title='bbox 2736 4672 2917 4726; x_wconf 86' lang='lat' dir='ltr'><strong>disser.</strong></span> <span class='ocrx_word' id='word_1_834' title='bbox 2955 4673 3006 4740; x_wconf 95' lang='grc'><strong>1,</strong></span> <span class='ocrx_word' id='word_1_835' title='bbox 3033 4688 3152 4740; x_wconf 86' lang='lat' dir='ltr'><strong>cap.</strong></span> <span class='ocrx_word' id='word_1_836' title='bbox 3182 4672 3236 4736; x_wconf 85' lang='lat'><strong>9,</strong></span> <span class='ocrx_word' id='word_1_837' title='bbox 3269 4681 3372 4727; x_wconf 89' lang='lat' dir='ltr'><strong>art.</strong></span> <span class='ocrx_word' id='word_1_838' title='bbox 3395 4673 3451 4737; x_wconf 91' lang='lat'><strong>2,</strong></span> <span class='ocrx_word' id='word_1_839' title='bbox 3488 4688 3607 4744; x_wconf 87' lang='lat' dir='ltr'><strong>pag,</strong></span> <span class='ocrx_word' id='word_1_840' title='bbox 3651 4673 3794 4736; x_wconf 75' lang='lat'><strong>757;</strong></span> 
     </span>
    </p>
   </div>
   <div class='ocr_carea' id='block_1_109' title="bbox 2192 4765 3798 4837">
    <p class='ocr_par' dir='ltr' id='par_1_109' title="bbox 2192 4765 3798 4837">
     <span class='ocr_line' id='line_1_109' title="bbox 2192 4765 3798 4837; baseline 0.001 -18"><span class='ocrx_word' id='word_1_841' title='bbox 2192 4765 2412 4831; x_wconf 85' lang='lat' dir='ltr'><strong>Philip.,</strong></span> <span class='ocrx_word' id='word_1_842' title='bbox 2446 4765 2537 4820; x_wconf 90' lang='lat' dir='ltr'><strong>lib.</strong></span> <span class='ocrx_word' id='word_1_843' title='bbox 2571 4767 2636 4820; x_wconf 86' lang='lat' dir='ltr'><strong>de</strong></span> <span class='ocrx_word' id='word_1_844' title='bbox 2661 4768 2778 4821; x_wconf 84' lang='lat' dir='ltr'><strong>vict.</strong></span> <span class='ocrx_word' id='word_1_845' title='bbox 2811 4765 3002 4834; x_wconf 69' lang='lat' dir='ltr'><strong>0/7er.,</strong></span> <span class='ocrx_word' id='word_1_846' title='bbox 3028 4783 3152 4837; x_wconf 82' lang='lat' dir='ltr'><strong>pag.</strong></span> <span class='ocrx_word' id='word_1_847' title='bbox 3178 4767 3284 4822; x_wconf 85' lang='grc'><strong>855</strong></span> <span class='ocrx_word' id='word_1_848' title='bbox 3312 4785 3326 4833; x_wconf 92' lang='lat'><strong>;</strong></span> <span class='ocrx_word' id='word_1_849' title='bbox 3351 4767 3551 4832; x_wconf 90' lang='lat' dir='ltr'><strong>Tacit.,</strong></span> <span class='ocrx_word' id='word_1_850' title='bbox 3583 4767 3676 4821; x_wconf 94' lang='lat' dir='ltr'><strong>lib.</strong></span> <span class='ocrx_word' id='word_1_851' title='bbox 3712 4783 3798 4822; x_wconf 77' lang='lat' dir='ltr'><strong>xtv</strong></span> 
     </span>
    </p>
   </div>
   <div class='ocr_carea' id='block_1_110' title="bbox 2191 4857 3796 4930">
    <p class='ocr_par' dir='ltr' id='par_1_110' title="bbox 2191 4857 3796 4930">
     <span class='ocr_line' id='line_1_110' title="bbox 2191 4857 3796 4930; baseline 0.003 -20"><span class='ocrx_word' id='word_1_852' title='bbox 2191 4857 2381 4920; x_wconf 84' lang='lat' dir='ltr'><strong>Annal,</strong></span> <span class='ocrx_word' id='word_1_853' title='bbox 2407 4861 2536 4913; x_wconf 89' lang='lat' dir='ltr'><strong>circ.</strong></span> <span class='ocrx_word' id='word_1_854' title='bbox 2558 4859 2728 4926; x_wconf 70' lang='lat' dir='ltr'><strong>med;</strong></span> <span class='ocrx_word' id='word_1_855' title='bbox 2747 4859 2907 4926; x_wconf 86' lang='lat' dir='ltr'><strong>Plin.,</strong></span> <span class='ocrx_word' id='word_1_856' title='bbox 2937 4859 3028 4914; x_wconf 89' lang='lat' dir='ltr'><strong>lib.</strong></span> <span class='ocrx_word' id='word_1_857' title='bbox 3047 4875 3155 4914; x_wconf 78' lang='lat' dir='ltr'><strong>xxx</strong></span> <span class='ocrx_word' id='word_1_858' title='bbox 3179 4858 3367 4913; x_wconf 87' lang='lat' dir='ltr'><strong>Natur.</strong></span> <span class='ocrx_word' id='word_1_859' title='bbox 3400 4859 3563 4926; x_wconf 85' lang='lat' dir='ltr'><strong>Hist.,</strong></span> <span class='ocrx_word' id='word_1_860' title='bbox 3587 4875 3707 4930; x_wconf 88' lang='lat' dir='ltr'><strong>cap.</strong></span> <span class='ocrx_word' id='word_1_861' title='bbox 3743 4862 3796 4928; x_wconf 90' lang='grc'><strong>1,</strong></span> 
     </span>
    </p>
   </div>
   <div class='ocr_carea' id='block_1_111' title="bbox 2198 4950 3798 5022">
    <p class='ocr_par' dir='ltr' id='par_1_111' title="bbox 2198 4950 3798 5022">
     <span class='ocr_line' id='line_1_111' title="bbox 2198 4950 3798 5022; baseline 0.002 -19"><span class='ocrx_word' id='word_1_862' title='bbox 2198 4968 2316 5021; x_wconf 86' lang='lat' dir='ltr'><strong>pag.</strong></span> <span class='ocrx_word' id='word_1_863' title='bbox 2345 4951 2482 5016; x_wconf 84' lang='lat'><strong>728;</strong></span> <span class='ocrx_word' id='word_1_864' title='bbox 2512 4952 2735 5007; x_wconf 89' lang='lat' dir='ltr'><strong>Suetou.</strong></span> <span class='ocrx_word' id='word_1_865' title='bbox 2762 4951 2897 5006; x_wconf 86' lang='lat' dir='ltr'><strong>Vita.</strong></span> <span class='ocrx_word' id='word_1_866' title='bbox 2927 4951 3135 5017; x_wconf 84' lang='lat' dir='ltr'><strong>Claud.,</strong></span> <span class='ocrx_word' id='word_1_867' title='bbox 3171 4950 3199 5022; x_wconf 84' lang='lat'>§</span> <span class='ocrx_word' id='word_1_868' title='bbox 3230 4950 3333 5017; x_wconf 79' lang='lat'><strong>25;</strong></span> <span class='ocrx_word' id='word_1_869' title='bbox 3365 4951 3654 5022; x_wconf 87' lang='lat' dir='ltr'><strong>Porphyr.,</strong></span> <span class='ocrx_word' id='word_1_870' title='bbox 3704 4951 3798 5007; x_wconf 93' lang='lat' dir='ltr'><strong>lib.</strong></span> 
     </span>
    </p>
   </div>
   <div class='ocr_carea' id='block_1_112' title="bbox 2195 5044 3800 5114">
    <p class='ocr_par' dir='ltr' id='par_1_112' title="bbox 2195 5044 3800 5114">
     <span class='ocr_line' id='line_1_112' title="bbox 2195 5044 3800 5114; baseline 0.001 -16"><span class='ocrx_word' id='word_1_871' title='bbox 2195 5061 2271 5099; x_wconf 79' lang='lat' dir='ltr'><strong>xu</strong></span> <span class='ocrx_word' id='word_1_872' title='bbox 2301 5045 2364 5099; x_wconf 84' lang='lat' dir='ltr'><strong>de</strong></span> <span class='ocrx_word' id='word_1_873' title='bbox 2405 5045 2688 5100; x_wconf 82' lang='lat' dir='ltr'><strong>Abstinent.</strong></span> <span class='ocrx_word' id='word_1_874' title='bbox 2721 5047 2958 5112; x_wconf 87' lang='lat' dir='ltr'><strong>animul.,</strong></span> <span class='ocrx_word' id='word_1_875' title='bbox 2990 5061 3106 5114; x_wconf 88' lang='lat' dir='ltr'><strong>pag.</strong></span> <span class='ocrx_word' id='word_1_876' title='bbox 3157 5044 3295 5109; x_wconf 79' lang='lat'><strong>225&#39;;</strong></span> <span class='ocrx_word' id='word_1_877' title='bbox 3331 5044 3526 5100; x_wconf 87' lang='lat' dir='ltr'><strong>Euseb.</strong></span> <span class='ocrx_word' id='word_1_878' title='bbox 3567 5045 3715 5098; x_wconf 80' lang='lat' dir='ltr'><strong>Orat.</strong></span> <span class='ocrx_word' id='word_1_879' title='bbox 3736 5045 3800 5099; x_wconf 83' lang='lat' dir='ltr'><strong>de</strong></span> 
     </span>
    </p>
   </div>
   <div class='ocr_carea' id='block_1_113' title="bbox 2194 5137 3799 5211">
    <p class='ocr_par' dir='ltr' id='par_1_113' title="bbox 2194 5137 3799 5211">
     <span class='ocr_line' id='line_1_113' title="bbox 2194 5137 3799 5211; baseline -0.001 -17"><span class='ocrx_word' id='word_1_880' title='bbox 2194 5139 2363 5196; x_wconf 80' lang='lat' dir='ltr'><strong>Laud.</strong></span> <span class='ocrx_word' id='word_1_881' title='bbox 2417 5140 2708 5206; x_wconf 82' lang='lat' dir='ltr'><strong>Constant.,</strong></span> <span class='ocrx_word' id='word_1_882' title='bbox 2752 5156 2871 5211; x_wconf 84' lang='lat' dir='ltr'><strong>pag.</strong></span> <span class='ocrx_word' id='word_1_883' title='bbox 2933 5141 3083 5205; x_wconf 70' lang='lat'><strong>646;</strong></span> <span class='ocrx_word' id='word_1_884' title='bbox 3140 5137 3543 5210; x_wconf 38' lang='lat' dir='ltr'><strong>Cyril.&#39;Alex.,</strong></span> <span class='ocrx_word' id='word_1_885' title='bbox 3596 5139 3691 5192; x_wconf 92' lang='lat' dir='ltr'><strong>lib.</strong></span> <span class='ocrx_word' id='word_1_886' title='bbox 3745 5153 3799 5192; x_wconf 87' lang='lat' dir='ltr'><strong>tv</strong></span> 
     </span>
    </p>
   </div>
   <div class='ocr_carea' id='block_1_114' title="bbox 2196 5230 3796 5303">
    <p class='ocr_par' dir='ltr' id='par_1_114' title="bbox 2196 5230 3796 5303">
     <span class='ocr_line' id='line_1_114' title="bbox 2196 5230 3796 5303; baseline -0.001 -16"><span class='ocrx_word' id='word_1_887' title='bbox 2196 5243 2361 5287; x_wconf 86' lang='lat' dir='ltr'><strong>contr.</strong></span> <span class='ocrx_word' id='word_1_888' title='bbox 2385 5230 2612 5298; x_wconf 67' lang='lat' dir='ltr'><strong>Iuliam,</strong></span> <span class='ocrx_word' id='word_1_889' title='bbox 2662 5247 2782 5303; x_wconf 88' lang='lat' dir='ltr'><strong>pag.</strong></span> <span class='ocrx_word' id='word_1_890' title='bbox 2816 5232 2955 5298; x_wconf 74' lang='lat'><strong>128;</strong></span> <span class='ocrx_word' id='word_1_891' title='bbox 2990 5232 3212 5287; x_wconf 81' lang='lat' dir='ltr'><strong>DiSSert.</strong></span> <span class='ocrx_word' id='word_1_892' title='bbox 3253 5233 3304 5287; x_wconf 89' lang='lat' dir='ltr'><strong>itt</strong></span> <span class='ocrx_word' id='word_1_893' title='bbox 3355 5231 3624 5296; x_wconf 88' lang='lat' dir='ltr'><strong>Lactant.,</strong></span> <span class='ocrx_word' id='word_1_894' title='bbox 3676 5246 3796 5303; x_wconf 90' lang='lat' dir='ltr'><strong>cap.</strong></span> 
     </span>
    </p>
   </div>
   <div class='ocr_carea' id='block_1_115' title="bbox 2196 5321 3690 5395">
    <p class='ocr_par' dir='ltr' id='par_1_115' title="bbox 2196 5321 3690 5395">
     <span class='ocr_line' id='line_1_115' title="bbox 2196 5321 3690 5395; baseline -0.001 -15"><span class='ocrx_word' id='word_1_895' title='bbox 2196 5325 2286 5394; x_wconf 80' lang='grc'><strong>51,</strong></span> <span class='ocrx_word' id='word_1_896' title='bbox 2319 5334 2421 5379; x_wconf 89' lang='lat' dir='ltr'><strong>art.</strong></span> <span class='ocrx_word' id='word_1_897' title='bbox 2454 5325 2502 5392; x_wconf 84' lang='grc'><strong>1,</strong></span> <span class='ocrx_word' id='word_1_898' title='bbox 2534 5332 2588 5380; x_wconf 92' lang='lat' dir='ltr'><strong>et</strong></span> <span class='ocrx_word' id='word_1_899' title='bbox 2611 5324 2664 5379; x_wconf 91' lang='lat' dir='ltr'><strong>itt</strong></span> <span class='ocrx_word' id='word_1_900' title='bbox 2685 5323 2910 5380; x_wconf 88' lang='lat' dir='ltr'><strong>Tertull.</strong></span> <span class='ocrx_word' id='word_1_901' title='bbox 2938 5339 3056 5395; x_wconf 90' lang='lat' dir='ltr'><strong>cap.</strong></span> <span class='ocrx_word' id='word_1_902' title='bbox 3087 5323 3180 5393; x_wconf 91' lang='lat'><strong>20,</strong></span> <span class='ocrx_word' id='word_1_903' title='bbox 3212 5333 3314 5380; x_wconf 88' lang='lat' dir='ltr'><strong>art.</strong></span> <span class='ocrx_word' id='word_1_904' title='bbox 3342 5322 3380 5377; x_wconf 90' lang='lat'><strong>2</strong></span> <span class='ocrx_word' id='word_1_905' title='bbox 3408 5333 3462 5380; x_wconf 90' lang='lat' dir='ltr'><strong>et</strong></span> <span class='ocrx_word' id='word_1_906' title='bbox 3487 5321 3690 5395; x_wconf 90' lang='lat' dir='ltr'><strong>seqq.).</strong></span> 
     </span>
    </p>
   </div>
  </div>
