4264 6258
377 386 475 444 501

1776 368 2113 427 DISSERTA
2123 368 2256 426 T10.

3582 364 3688 423 50?.

373 516 471 562 πᾶν
496 512 622 579 γένος
647 508 901 574 ἀνθρώπων
929 499 1168 557 τοιούτους
1202 499 1377 561 δεῖξαι.
1408 511 1425 545 t
1452 489 1708 547 Permulti
1738 488 1978 559 profecto

2107 494 2201 541 i505
2224 493 2269 540 ἐν
2298 489 2472 558 δοκίμῳ
2498 498 2576 558 νῷ,
2604 490 2685 541 καὶ
2730 498 2794 557 τῷ
2828 489 2978 540 ποιεῖν
3005 492 3067 543 τὰ
3097 490 3384 552 reﬂ-Anna,
3421 489 3697 555 πληρούμε-

375 614 542 655 sexus
589 596 872 664 utriusque
914 600 968 648 et
997 590 1275 660 sexaginta
1323 598 1377 643 et
1425 585 1762 658 septuaginta
1811 597 1981 639 annos

375 692 511 754 nati.
538 691 627 763 qui
658 706 688 745 a
719 687 902 761 pueris
937 684 1280 755 disciplinam
1311 679 1511 735 Christi
1542 688 1665 733 sunt
1704 675 1977 741 asscctati,

378 785 676 856 incorrupti
708 795 761 839 et
792 781 1010 838 omlibcs
1042 785 1406 850 perseverant.
1442 774 1507 829 Et
1545 772 1741 844 glorior
1771 786 1855 825 me
1886 784 1981 839 per

376 895 537 935 omne
585 892 755 947 genus
787 873 1062 929 hominum
1108 870 1241 924 tales
1284 874 1711 923 commonstrare
1759 875 1917 931 posse
1956 880 1975 912 ι

370 975 397 1044 ⁸(
427 972 621 1027 Justin.
660 978 873 1039 martyr.
920 963 1137 1035 Apolog.
1175 963 1227 1029 l,
1261 977 1382 1033 pag.
1417 958 1486 1014 62
1516 957 1562 1029 ).
1600 958 1675 1011 De
1706 954 1790 1009 his
1821 967 1982 1024 porro

378 1082 485 1122 non
518 1065 694 1120 solum
728 1061 1042 1131 virginibus,
1073 1057 1165 1113 sed
1197 1054 1514 1124 conjugihus
1542 1053 1702 1107 etiam
1732 1048 1983 1104 christia-

383 1161 469 1216 nis
497 1158 687 1215 eadem
721 1157 809 1211 ille
847 1146 1055 1224 postea.
1101 1160 1260 1219 atque
1290 1145 1651 1202 Tcrtnllianns
1697 1151 1983 1209 nosterque

379 1253 665 1314 Minucius,
714 1247 931 1303 tradidit
976 1243 1313 1300 Christianos
1356 1240 1441 1294 vel
1486 1239 1774 1292 liberorum
1824 1236 1983 1289 dum-

383 1354 529 1400 taxat
586 1340 946 1398 creandorum
992 1348 1154 1407 atque
1197 1333 1593 1389 educanderum
1638 1330 1802 1399 gratia
1851 1344 1983 1385 con-

375 1438 593 1510 junctos
637 1435 927 1495 connubio,
979 1433 1084 1497 vel,
1130 1446 1195 1486 eo
1241 1437 1509 1493 recusato,
1544 1427 1597 1481 in
1640 1424 1985 1481 continentiae

378 1540 654 1604 perpetuas
693 1518 960 1585 mansisse
991 1536 1151 1580 statu.
1182 1512 1307 1579 Pari
1337 1537 1549 1592 quoque
1582 1519 1743 1575 modo
1772 1519 1985 1574 eadem.

381 1640 485 1699 que
515 1624 725 1697 publica
751 1606 1126 1677 testificatione
1154 1604 1523 1685 Athenagoras
1552 1612 1785 1682 iniquam
1813 1608 1987 1681 genti—

379 1719 509 1793 lium
557 1715 955 1772 accusationem
1014 1709 1285 1781 prepulsat
1339 1725 1352 1762 :

382 1822 536 1881 ἡμῶν,
566 1822 622 1873 ἢν
650 1815 849 1876 ἠγάγετο
878 1810 1001 1861 κατὰ
1025 1802 1145 1862 ’τοὺς
1192 1800 1266 1867 ὑφ’
1297 1810 1428 1867 ἡμῶν
1471 1803 1760 1865 τεθειμένους
1798 1798 1986 1862 νόμους,

1408 1715 1619 1760 Γυναῖκα
1661 1714 1746 1773 μὲν
1796 1709 1987 1764 ἕκαστος

2086 604 2154 634 vat
2178 588 2337 644 πάσης
2370 586 2688 648 δικαιοσύνης,
2722 585 2801 637 καὶ
2840 584 3133 651 ἀγαοότητος
3165 596 3177 632 ε
3218 598 3236 630 ι
3281 578 3570 644 Caeterum,
3601 577 3699 633 h0-

2087 679 2261 731 tnines
2293 676 2494 744 idiota‘,
2546 678 2612 731 ab
2650 677 2730 731 eis
2764 692 2861 746 pro
2910 673 3079 728 nihilo
3126 671 3312 741 habiti,
3354 687 3417 728 ac
3453 672 3601 727 stulti
3643 681 3699 727 ct

2087 771 2401 838 illiberales,
2449 772 2491 826 si
2536 770 2696 825 modo
2737 764 3073 825 committant
3111 782 3167 821 se
3209 768 3259 820 in
3306 764 3464 821 fidem
3507 765 3601 821 Dei
3644 776 3700 820 ct

2087 866 2387 921 doctrinam
2419 866 2543 921 Jesn
2572 865 2854 934 recipiant,
2888 874 3091 918 tantum
3114 861 3307 916 absunt
3326 862 3393 915 ah
3418 859 3564 915 omni
3593 859 3702 913 las-

2088 962 2247 1017 civia.
2284 960 2557 1029 spurcitia,
2608 958 2939 1027 turpitudine
2980 955 3278 1021 libidinum,
3312 963 3370 1009 ut
3402 954 3453 1008 in
3492 967 3695 1007 morem

2090 1053 2448 1124 perfectornm
2498 1053 2857 1117 sacerdotum,
2920 1051 2985 1105 ab
3031 1050 3174 1105 omni
3219 1049 3360 1104 coitu
3404 1048 3700 1102 abhorren-

2090 1147 2244 1208 tium,
2293 1146 2448 1200 multi
2495 1161 2681 1199 eorum
2731 1144 2782 1196 in
2834 1155 2998 1196 totum
3044 1149 3190 1196 eastc
3232 1155 3470 1211 pureque
3495 1138 3696 1207 vivant,

2088 1240 2247 1295 aheni
2280 1256 2307 1293 a
2338 1254 2628 1311 congressu
2670 1238 2953 1292 mulierum
2987 1236 3147 1290 etiam
3181 1234 3512 1305 lcgitimo....
3542 1232 3702 1302 Apud

2088 1334 2463 1399 Christianos,
2520 1348 2623 1386 non
2674 1342 2891 1402 propter
2940 1331 3201 1384 humanos
3255 1319 3530 1393 honores,
3591 1343 3701 1382 non

2092 1439 2309 1497 propter
2353 1424 2628 1480 mercedes
2671 1423 3027 1493 pecuniarias,
3060 1437 3164 1475 non
3199 1429 3416 1491 propter
3444 1419 3698 1488 gloriolas

2091 1521 2231 1589 viget
2258 1518 2576 1588 virginitatis
2601 1515 2870 1579 studium;
2911 1524 2965 1570 et
3004 1513 3393 1583 quamprimum
3435 1511 3702 1579 approba-
3768 1498 3778 1507 ’

2091 1622 2287 1669 verunt
2319 1612 2486 1667 Deum
2530 1611 2729 1665 habere
2774 1611 2825 1664 in
2875 1610 3085 1674 notitia,
3117 1617 3505 1661 conservantur
3530 1621 3559 1658 a
3595 1605 3704 1659 Deo

2095 1710 2147 1763 in
2178 1709 2277 1763 hac
2309 1720 2489 1761 mente
2517 1705 2763 1759 laudabili
2796 1712 2849 1759 et
2888 1703 3099 1772 pietatis
3129 1702 3342 1765 officiis,
3378 1699 3517 1770 pleni
3556 1697 3705 1753 omni

2094 1802 2335 1856 bonitate
2364 1815 2425 1854 ac
2449 1798 2651 1869 justitia
2684 1816 2702 1849 ›
2726 1796 2914 1863 (Idem,
2945 1795 3039 1849 lib.
3072 1811 3160 1860 ru,
3205 1810 3257 1863 p.
3284 1792 3411 1859 564,
3438 1800 3493 1846 et
3516 1787 3702 1861 seqq.).

380 1911 605 1975 νομίζων,
646 1904 726 1958 καὶ
759 1905 942 1961 τειῦτην
980 1906 1126 1968 μέχρι
1175 1902 1256 1951 τοῦ
1308 1896 1771 1951 πάιδοποιήσοισοοιι.
1811 1893 1989 1958 sua,»

2107 1896 2167 1950 ibi
2194 1895 2527 1951 Christianos
2568 1892 2618 1945 in
2669 1892 2913 1944 castitate
2961 1898 3052 1941 aut
3094 1879 3352 1958 perpetua
3398 1883 3708 1955 virginitate

382 2004 407 2053 ὁ
436 2008 650 2069 wounds
681 1994 987 2051 κητοιϐἂλλων
1029 1993 1093 2051 εἰς
1130 2003 1216 2059 ’νίν
1262 1989 1325 2040 τὰ
1366 1992 1637 2054 σπέρματα,
1678 1989 1861 2049 ἄμητον
1902 2003 1988 2034 πε-

382 2100 566 2164 ριμένει
607 2094 688 2144 οὖιι
724 2095 1016 2157 ἐπισπείρων·
1054 2085 1133 2136 καὶ
1179 2084 1293 2149 ἡμῖν
1320 2086 1489 2147 μέτρον
1525 2079 1781 2142 ἐπιθυμίας
1811 2082 1838 2132 ἡ
1867 2095 1986 2126 ιποιι-

383 2188 596 2238 ὂοποιῖα.
640 2185 789 2253 εὕροις
836 2183 885 2232 δὲ
927 2180 983 2231 ἂν
1029 2177 1228 2236 πολλοὺς
1269 2185 1360 2229 τῶν
1399 2169 1516 2240 πορθ
1547 2173 1661 2236 ἡμῖν
1682 2172 1761 2221 χηνὶ
1792 2172 1984 2237 ἄνδρας,

380 2282 465 2332 καὶ
490 2279 739 2347 γυναῖκας,
769 2276 1215 2340 καταγηράσκοντθς
1238 2268 1471 2332 ἀγάμους,
1506 2264 1667 2315 εὶπιδι
1697 2267 1779 2314 τοῦ
1804 2261 1988 2327 μᾶλλον

381 2379 653 2427 συνέσεσθαι
680 2382 746 2437 τφ
775 2376 877 2435 Θεῷ
906 2382 919 2418 :
961 2383 978 2415 ι
1018 2362 1198 2429 Itaque
1229 2373 1472 2420 uxorem,
1507 2370 1661 2424 quam
1691 2353 1986 2407 secundum

384 2466 708 2538 approbatas
745 2459 900 2516 nobis
931 2458 1081 2529 leges
1108 2454 1205 2510 sibi
1236 2452 1460 2523 quisque
1501 2448 1735 2511 duxerit,
1778 2453 1991 2514 reputat

384 2574 492 2614 non
535 2557 589 2611 in
644 2555 808 2609 alium
859 2566 1017 2622 quam
1064 2550 1116 2601 in
1160 2541 1507 2615 procreandze
1548 2539 1752 2595 sobolis
1803 2538 1985 2591 linem.

384 2647 846 2721 Quemadmodum
869 2644 1011 2697 enim
1034 2637 1287 2712 agricola,
1304 2646 1584 2706 postquam
1608 2630 1809 2685 semina
1835 2638 1991 2683 terrae

390 2744 685 2807 mandavit,
719 2728 912 2796 messis
943 2746 1152 2805 tempus
1182 2738 1458 2799 exsltectat
1494 2742 1591 2781 nec
1622 2724 1723 2778 alia
1755 2722 1994 2791 superin-

380 2838 521 2908 jicit,
550 2836 629 2889 sic
651 2834 806 2888 nobis
829 2832 986 2885 etiam
1015 2822 1462 2893 concupiscentiae
1486 2817 1675 2873 modus
1701 2816 1993 2869 liberorum

392 2930 763 3002 procreatione
822 2922 1093 2979 delinitur.
1144 2914 1392 2972 Invenias
1446 2926 1622 2967 autem
1677 2909 1873 2965 multos
1926 2924 1992 2963 ex

392 3024 594 3081 nostris
619 3024 670 3077 in
698 3030 925 3088 utquue
946 3030 1077 3071 sexu
1100 3028 1171 3083 qu
1223 3011 1272 3064 in
1302 3006 1547 3063 cadibatn
1579 3010 1990 3065 consenescant,

391 3119 536 3192 quod
568 3120 619 3173 in
653 3117 755 3172 hoc
784 3123 924 3169 statu
954 3112 1064 3164 Deo
1091 3103 1487 3175 conjunctiores
1526 3115 1583 3154 se
1631 3097 1835 3151 futuros
1879 3110 1996 3166 cog-

392 3189 616 3271 noscant
638 3229 657 3263 ι
694 3208 967 3283 (Athenag.
1005 3201 1182 3274 Legat.
1216 3214 1308 3271 pro
1339 3195 1640 3258 Christiam,
1672 3207 1791 3262 pag.
1827 3189 1898 3247 36
1942 3199 1997 3246 et

393 3304 524 3379 εειι)-
701 3275 714 3283 ’
919 3275 934 3277 “
1909 3375 1962 3379 __
2022 3275 2067 3337 C

470 3375 735 3469 Denique,
766 3405 823 3449 ut
852 3392 987 3448 alios
1021 3388 1354 3447 omittamus,
1398 3382 1653 3452 Origenes
1684 3386 1849 3441 certe,
1901 3375 1989 3430 fri-

395 3495 548 3551 volas
596 3491 737 3547 Celsi
783 3485 1153 3543 cavillationes
1199 3477 1547 3542 confutando,
1601 3475 1773 3545 palam
1816 3472 2001 3541 utique

398 3586 521 3641 facit
542 3585 760 3638 virosac
777 3579 1050 3639 mulieres,
1078 3585 1198 3645 pOSl
1220 3572 1401 3625 datum
1425 3566 1730 3622 christianum
1753 3561 2000 3631 religioni

399 3694 619 3740 nomen,
651 3685 797 3730 tanto
827 3672 992 3727 fuisse
1038 3666 1327 3728 castiores,
1371 3671 1568 3734 quanto
1617 3668 1768 3713 antea
1806 3655 2002 3727 impuri

405 3768 767 3840 impudicique
797 3764 1002 3818 fuerant
1021 3781 1027 3811 :
1049 3769 1097 3826 is
1120 3762 1172 3813 οὗ
1190 3764 1235 3813 δὲ
1270 3759 1594 3828 «aput-tecm
1619 3764 1701 3808 τὸν
1732 3754 2006 3818 >.6·μν,τινδι

405 3868 583 3937 τρόπον
620 3862 862 3934 γεγόνασιν
898 3865 1251 3926 ἐπιεικέστεροι,
1293 3855 1373 3905 καὶ
1403 3854 1692 3919 σεμνότεροι,
1724 3849 1803 3900 καὶ
1835 3849 2006 3898 tana-

409 3962 642 4027 θέσει-φοι,
673 3963 731 4017 ὥς
760 3975 889 4016 τινας
931 3955 1080 4006 dimi»
1107 3952 1188 4002 διὰ
1213 3956 1293 4001 τὸν
1321 3955 1471 4016 ἔρωτὰ
1504 3944 1877 4013 ὑπερϐαλλούσης
1913 3954 2007 3989 κα·

407 4053 686 4119 θαρὸτητος,
726 4047 811 4098 καὶ
866 4047 948 4095 διὰ
993 4052 1045 4097 τὸ
1090 4047 1409 4111 καθαρώτερον
1450 4041 1716 4105 θρησκεύειν
1756 4040 1812 4084 τὸ
1863 4033 2007 4094 Θεῖον,

408 4147 531 4211 μηδὲ
574 4157 663 4196 τῶν
701 4144 1119 4207 συγκεχωρημένων
1151 4141 1241 4186 ὺτό
1281 4139 1362 4186 τοῦ
1408 4134 1548 4197 νόμου
1589 4132 1826 4182 oin-reﬂat
1864 4131 2013 4194 ἀφρο-

421 4241 619 4289 διο-ι’ωνζ
652 4251 671 4283 ι
709 4232 785 4287 Ex
819 4246 928 4302 quo
953 4238 1131 4283 autem
1163 4236 1401 4295 tempore
1423 4224 1645 4277 verbum
1671 4226 2009 4290 receperunt,

419 4337 569 4382 tanto
627 4324 892 4396 teqniores
941 4330 1066 4375 sunt
1116 4318 1344 4383 redditi,
1396 4314 1703 4385 graviores,
1764 4319 2014 4365 constan-

419 4420 622 4485 tiores;
651 4417 785 4472 adeo
818 4425 875 4469 nt
904 4414 1116 4484 quidam
1148 4428 1212 4466 ex
1243 4411 1389 4481 ipsis,
1423 4423 1607 4463 amore
1636 4404 1844 4462 eximiae
1872 4404 2017 4473 puri-

416 4513 542 4568 tatis
586 4520 770 4580 etquo
814 4509 1073 4561 castiores
1104 4503 1169 4559 ad
1215 4504 1304 4557 Dei
1338 4503 1536 4556 collum
1578 4499 1915 4565 accederem,
1949 4512 2019 4553 ne

416 4619 675 4662 concessa
704 4602 919 4673 quidem
951 4610 1003 4654 et
1029 4598 1262 4668 legitima
1290 4590 1506 4650 utantur
1525 4586 1736 4649 Venere
1771 4613 1789 4646 ι
1817 4591 2013 4662 (0rt'g.,

2092 1993 2354 2052 viventes,
2388 1987 2610 2058 opponit
2648 1984 3056 2040 Atheniensium
3090 1980 3348 2053 pontiﬁci,
3393 1978 3483 2050 qni
3512 1962 3578 2032 ad
3610 1991 3705 2031 so-

2092 2086 2302 2139 lemnes
2325 2079 2662 2136 caerimonias
2682 2088 2829 2132 caste
2856 2074 3130 2129 obeundas
3153 2073 3325 2127 cicuta
3351 2069 3619 2134 utebatur,
3646 2083 3709 2123 ac

2092 2179 2409 2249 quibusdam
2442 2176 2694 2238 ethnicis,
2715 2172 2808 2228 sed
2834 2169 3191 2242 paucissimis,
3222 2166 3539 2236 virginibus,
3559 2179 3703 2234 qua),

2094 2273 2369 2345 religionis
2397 2281 2555 2341 atque
2579 2268 2798 2324 honoris
2820 2276 2907 2320 aut
2942 2262 3205 2318 mercedis
3230 2263 3422 2331 gratia,
3452 2258 3589 2313 sicut
3617 2256 3708 2313 ille

2095 2369 2351 2437 pontifex,
2398 2368 2449 2419 in
2501 2363 2805 2434 virginitate
2851 2358 3169 2413 videbantur
3214 2365 3551 2424 permanere.
3600 2347 3710 2404 Nos

2093 2472 2271 2515 autem
2302 2460 2353 2512 in
2386 2459 2507 2511 aliis
2545 2450 3015 2510 dissertationibus
3066 2445 3459 2517 disputavimus
3490 2441 3664 2515 (Tom.
3690 2456 3709 2494 ι

2096 2555 2346 2621 Apparat.
2376 2550 2468 2603 lib.
2509 2566 2599 2613 ιιι,
2631 2545 2846 2599 Dissert.
2875 2559 2914 2609 ι,
2946 2557 3064 2611 cap.
3099 2540 3155 2602 5,
3196 2548 3312 2617 art.'
3336 2537 3389 2621 5,
3425 2550 3544 2604 pag.
3579 2532 3704 2597 708;

2095 2620 2260 2711 Ibid,
2290 2642 2509 2696 Dissert.
2534 2656 2600 2699 tt.
2633 2652 2750 2707 cap.
2797 2634 2885 2696 10,
2919 2642 3021 2686 art.
3051 2631 3105 2697 4,
3148 2646 3267 2699 pag.
3299 2620 3460 2694 10%|)
3503 2624 3569 2679 de
3598 2640 3713 2677 scr-

2097 2750 2216 2794 vata
2247 2755 2274 2791 a
2309 2734 2552 2806 plurimis
2573 2728 2893 2787 Christianis
2922 2741 3017 2797 per
3046 2734 3212 2777 totum
3240 2721 3362 2773 vitae
3402 2732 3510 2772 suae
3531 2715 3705 2770 curri-

2098 2836 2274 2892 culum
2299 2830 2626 2889 continentia
2650 2843 2712 2881 ac
2736 2824 3058 2895 virginitate,
3087 2830 3138 2874 et
3168 2815 3306 2887 apud
3334 2820 3561 2869 cceteros
3587 2826 3708 2864 om-

2100 2944 2198 2985 nes
2248 2927 2549 2982 castissimo
2599 2917 2927 2976 matrimonii
2968 2930 3089 2970 usu.
3135 2914 3204 2966 At
3240 2910 3305 2964 de
3352 2916 3575 2975 utraque
3622 2902 3713 2958 illa

2098 3023 2525 3079 Christianorum
2570 3017 2768 3070 virtute
2810 3011 2944 3067 infra
2977 3008 3151 3064 adhuc
3190 3001 3389 3076 aliquid
3422 2998 3713 3055 dicendum

2101 3118 2203 3174 erit
2234 3115 2477 3187 (Dissert.
2510 3113 2562 3166 in
2593 3110 2848 3187 Lactant.,
2878 3119 2994 3171 cap.
3026 3103 3117 3167 27,
3142 3108 3245 3154 art.
3275 3099 3308 3153 5
3335 3105 3388 3150 et
3416 3093 3493 3165 6).
3640 3166 3641 3169 η

2175 3210 2347 3264 Porro
2375 3215 2577 3270 autem,
2610 3217 2731 3258 cum
2760 3183 2895 3254 dixit
2918 3205 3105 3251 auctor
3129 3203 3331 3257 noster,
3367 3208 3387 3241 ι
3422 3187 3577 3242 unius
3600 3199 3715 3239 ma-

2103 3302 2343 3361 trimonii
2385 3299 2596 3355 vinculo
2638 3296 2867 3350 libenter
2905 3292 3249 3354 inhaeremus,
3289 3306 3307 3338 ι
3343 3298 3411 3339 ne
3441 3283 3491 3337 in
3540 3289 3710 3346 tuum,

2101 3410 2308 3468 qumso,
2333 3395 2569 3447 animum
2601 3387 2842 3453 inducas,
2882 3382 3176 3439 secundum
3215 3375 3616 3433 matrimonium
3648 3371 3717 3426 ab

2104 3464 2169 3546 c0
2199 3486 2487 3559 improbari
2520 3503 2532 3538 :
2563 3498 2683 3537 nam
2715 3481 2835 3535 ideo
2870 3475 3073 3532 addidit
3100 3474 3330 3537 libenter,
3362 3478 3419 3523 ut
3458 3483 3524 3523 eo
3550 3464 3717 3536 signi-

2107 3583 2292 3639 ﬁcaret
2320 3594 2476 3650 posse
2500 3575 2715 3649 quidem
2742 3573 3092 3628 christianum
3124 3567 3394 3622 hominem
3425 3561 3715 3617 secundam

2106 3675 2304 3731 ducere
2336 3686 2558 3726 uxorem
2580 3710 2595 3737 ,
2627 3666 2719 3722 sed
2753 3666 2803 3720 id
2846 3680 2913 3720 ex
2970 3661 3297 3731 indulgentia
3330 3656 3405 3711 illi
3435 3654 3505 3709 ab
3559 3655 3721 3723 Apo—

2106 3767 2246 3823 stolo
2273 3763 2517 3821 concedi.
2547 3760 2702 3825 Vide,
2731 3759 2776 3811 si
2805 3757 3006 3822 lubeat,
3040 3769 3158 3824 qua:
3188 3767 3305 3808 eam
3341 3750 3393 3804 in
3439 3761 3552 3802 rem
3593 3742 3725 3797 alibi

2109 3857 2588 3915 animadvertimus
2643 3850 2815 3922 (Tom.
2850 3867 2866 3905 ι
2908 3850 3161 3920 Apparat.
3203 3845 3302 3899 loc.
3346 3841 3458 3909 cit.,
3497 3854 3548 3911 p.
3579 3834 3725 3893 2015

2112 3962 2168 4009 ct
2194 3948 2379 4022 seqq.).

2717 4068 3011 4131 auricomis
3051 4085 3110 4125 ιι.

2120 4241 2387 4312 Quomodo
2416 4238 2674 4294 Minucius
2701 4232 2894 4289 chilii
2914 4233 3267 4300 argumentum
3295 4231 3472 4277 contra
3499 4218 3726 4274 ethnicos

2190 4346 2496 4404 retorqueat,
2538 4349 2598 4387 ac
2626 4347 2711 4387 eos
2751 4344 2865 4383 cum
2897 4322 3139 4379 matribus
3168 4329 3213 4374 et
3244 4317 3501 4373 sororibus
3531 4328 3725 4367 connu—

2193 4436 2327 4489 bium
2373 4431 2520 4495 inire,
2567 4437 2716 4497 atque
2754 4423 2962 4479 illorum
3002 4418 3122 4472 deos
3159 4423 3357 4482 stupro,
3389 4407 3639 4463 adulterio
3678 4412 3730 4459 et

2192 4530 2384 4584 incestu
2414 4525 2759 4595 coinquinatos
2783 4533 2847 4573 ea:
2872 4516 3097 4586 ipsorum
3126 4506 3379 4564 memoriis
3397 4505 3728 4559 demonstret.

420 4699 513 4754 lib.
568 4715 608 4764 ι,
660 4659 796 4751 coiit.
826 4695 985 4759 Cels.,
1019 4659 1137 4763 pag.
1179 4690 1241 4757 21
1281 4688 1321 4761 ).
1380 4688 1497 4742 Alio
1538 4698 1715 4740 autem
1763 4659 1833 4740 ini
1857 4659 2017 4750 libro,
2046 4664 2100 4730 Ῑ)
2184 4683 2339 4765 ‘Satis
2367 4679 2599 4737 Minucio
2638 4687 2821 4733 nostro
2852 4689 2958 4729 non
2988 4671 3085 4725 fuit
3112 4666 3435 4724 calumniam
3467 4659 3734 4731 repulisse

426 4802 708 4865 postquam
775 4787 1014 4844 ostendit
1086 4785 1317 4855 gentiles
1392 4782 1739 4853 philosnphos
1801 4781 2021 4834 sesein

431 4886 672 4957 quolibet
722 4882 1083 4954 impuritatis,
1130 4876 1366 4934 lasciviae
1418 4885 1470 4931 et
1521 4874 1862 4944 turpitudinis
1912 4873 2025 4927 luto

427 4978 737 5041 volutasse,
812 4976 926 5029 haec
986 4972 1055 5027 de
1106 4968 1424 5024 Christianis
1479 4967 1743 5036 subjtmgil
1802 4984 1813 5019 :
1860 4972 1922 5018 Οἱ
1979 4968 2028 5017 δὲ

427 5069 507 5124 ὑπ’
554 5074 707 5126 αὐτῶν
756 5070 832 5121 ἐπὶ
891 5070 1077 5134 idiota-fg.
1127 5065 1515 5129 ἰξουθενοῦμενοι,
1568 5063 1649 5113 καὶ
1704 5060 1889 5129 μωροὶ,
1944 5060 2029 5111 καὶ

425 5166 709 5233 ἀνδράποδα
734 5166 857 5214 εἶναι
880 5163 1136 5226 λεγόμενιι,
1167 5160 1253 5226 κᾷν
1280 5159 1416 5223 μόνον
1444 5159 1720 5208 mmmam
1743 5160 1937 5212 ἑαυτοὺς
1965 5167 2029 5224 τῷ

426 5263 548 5323 Θεῷ,
585 5258 967 5324 παραδεξάμενοι
1016 5262 1105 5308 τήν
1146 5248 1229 5302 re;
1278 5239 1419 5309 Ῐησοῧ
1452 5251 1785 5311 διδασκαλίαν,
1814 5253 2032 5301 τοσοῦτον

430 5352 713 5403 ἀποδέουσιν
742 5352 1007 5416 ἀσελγείας,
1039 5350 1119 5399 καὶ
1141 5348 1458 5413 ἀκαθαρσίἀις,
1489 5345 1741 5401 καὶπάσης
1760 5356 1842 5400 τῆς
1870 5346 1912 5393 ἒν
1935 5360 2036 5391 συν·

434 5453 612 5504 θυσίαις
654 5444 1001 5508 ivxta/uetitum,
1036 5444 1095 5497 ὡς
1135 5441 1219 5491 ,καὶ
1259 5440 1429 5505 τρόπον
1455 5444 1642 5490 τελείων
1678 5440 1828 5504 ἱερέων
1879 5439 2034 5484 πᾶσθν

430 5544 677 5589 συνουσίαν
725 5538 1135 5601 ἀποστρειρέντων,
1183 5535 1380 5589 πολλοὺς
1426 5531 1577 5580 αὐτῶν
1609 5531 1843 5585 παντελῶς
1874 5526 2033 5576 καθα-

432 5630 690 5699 ρεύειν,ιοῦ
715 5634 852 5692 μόνον
876 5629 973 5678 οὶπὸ
996 5630 1155 5684 πάσης
1184 5630 1349 5689 μίξεως
1382 5655 1419 5671 ο.

441 5725 524 5773 διὰ⁷
549 5725 638 5779 τὰς
672 5725 802 5789 παρὰ
827 5725 1086 5788 ἀνθρώποις
1117 5721 1282 5783 τιμὰς,
1309 5717 1359 5766 οὗ
1383 5715 1463 5763 διὰ
1490 5714 1683 5777 μισθοὺς
1709 5718 1790 5761 καί
1811 5712 2038 5779 damage,

437 5816 541 5866 οὐδὲ
572 5816 654 5865 διὰ
684 5816 913 5881 δοξᾶςριυν,
945 5816 1141 5865 mea
1169 5819 1256 5863 r-iv
1305 5813 1507 5865 παντελῆ
1557 5807 1829 5871 παρτλενξοιν,
1856 5803 1933 5854 καὶ
1985 5805 2044 5861 ὡς

438 5908 725 5973 idne/(utam
768 5914 846 5961 τὶν
872 5912 987 5959 Θείν
1030 5912 1154 5969 ἔχειν
1192 5906 1235 5955 ἓν
1264 5905 1524 5967 ἐπιγνώσει,
1558 5900 1812 5968 rapacia-dt
1844 5899 1935 5948 ὑπὸ
1965 5897 2049 5949 τοῦ

1431 5656 1464 5669 ..
1491 5624 1534 5670 ὼ
1562 5621 1606 5668 δὲ
1638 5619 1964 5685 Χριστιοιυοῖς,
1988 5618 2038 5668 οὗ

2127 4760 2462 4834 ethnicorum
2512 4790 2573 4827 ac
2616 4768 3045 4826 Christianorum
3103 4761 3422 4836 patefecisse
3471 4759 3733 4813 innocen-

2131 4874 2255 4925 tiam
2292 4887 2305 4922 :
2350 4868 2519 4940 pergit
2545 4868 2685 4921 enim
2715 4881 2777 4920 ac
2793 4859 3133 4916 validissimis
3154 4856 3421 4911 rationum
3446 4848 3735 4907 momentis

2130 4962 2466 5017 demonstrat
2508 4960 2761 5029 ipsosmet
2787 4953 3026 5011 Gentiles
3052 4949 3243 5016 stupri,
3280 4944 3526 4999 adulterii
3566 4949 3620 4996 et
3648 4940 3734 4993 in-

2133 5065 2333 5119 cestus,
2378 5053 2444 5108 de
2475 5069 2579 5121 quo
2619 5047 2951 5104 Christianos
2991 5042 3251 5098 invidiose
3292 5035 3733 5096 criminabantur,

2134 5162 2261 5201 vere
2287 5160 2408 5200 esse
2430 5143 2698 5198 conscios.
2723 5140 2817 5195 Jus
2846 5135 3107 5206 siquidem
3142 5150 3161 5183 ι
3199 5139 3282 5186 est
3305 5127 3441 5198 apud
3466 5126 3677 5187 Persas,
3712 5140 3755 5201 ι.

2135 5236 2580 5307 quemadmodum
2634 5233 2725 5287 ille
2769 5231 2875 5292 ait,
2937 5247 2954 5279 ι
3011 5224 3224 5281 misceri
3278 5237 3398 5278 cum
3445 5216 3736 5279 matribus;

2136 5330 2401 5401 Egyptiis
2451 5340 2503 5384 et
2546 5324 2960 5381 Atheniensibus
3007 5335 3128 5375 cum
3177 5316 3451 5372 sororibus
3502 5310 3739 5383 legitima

2137 5423 2421 5479 connubia.
2474 5441 2491 5474 ι
2538 5420 2615 5475 De
2645 5418 2821 5474 Persis
2866 5429 3066 5479 autem,
3111 5420 3306 5485 prteter
3353 5406 3739 5464 'l‘ertulliannm

2140 5515 2456 5590 (Apologet.,
2488 5527 2607 5582 cap.
2641 5511 2696 5571 9,
2731 5524 2850 5581 pag.
2882 5507 2997 5578 ll),
3040 5506 3293 5560 Tatianus
3329 5501 3512 5558 scribit
3537 5497 3742 5555 Grtrcis

2141 5605 2554 5662 abominandum
2607 5602 2773 5656 videri
2810 5600 2947 5655 ﬁlios
2991 5615 3112 5654 cum
3159 5596 3417 5651 matribus
3459 5594 3570 5649 suis
3614 5605 3746 5645 coa-

2139 5702 2312 5773 jnngi,
2343 5700 2434 5754 sed
2469 5698 2594 5753 illud
2632 5696 2768 5768 apud
2803 5711 2986 5768 magos
3009 5696 3289 5750 Persarum
3324 5706 3443 5747 esse
3479 5689 3529 5742 in
3558 5686 3746 5757 primis

2147 5794 2407 5851 lanrlabile
2436 5792 2665 5866 (Tatian.
2700 5790 2845 5846 Orat.
2875 5799 3036 5846 contr.
3072 5786 3262 5853 (ima,
3291 5799 3411 5855 pag.
3450 5777 3593 5851 164).
3622 5776 3746 5833 Ori-

2150 5903 2315 5962 genes
2345 5905 2471 5946 vero
2507 5893 2781 5943 asseverat
2808 5885 3001 5942 multas
3034 5897 3152 5940 esse
3180 5880 3321 5953 leges
3349 5877 3541 5950 quibus
3567 5873 3749 5932 Persa:
