4264 6258
603 309 710 366 505

1897 319 1983 374 DE
2009 317 2267 375 MINUCII
2296 319 2598 377 OCTAVIO

3808 334 3908 389 3.05.

606 439 712 479 non
741 436 1008 494 arcentur,
1048 446 1066 479 ι
1103 443 1200 483 nec
1229 438 1426 485 matres
1475 446 1499 482 a
1549 432 1800 500 tiliorum,
1845 449 1945 490 nec
1976 446 2152 504 patres
2180 452 2210 492 a
2239 443 2285 500 Α
2316 439 2637 510 :eqnalesve,
2669 457 2736 496 ne
2756 444 3000 513 gemellis
3027 447 3242 517 quidem
3276 449 3531 517 exceptis,
3564 464 3696 519 quas
3723 461 3912 505 natura

607 515 837 572 ﬁliarum
892 521 1162 574 COIInIIItIO
1205 539 1216 575 ε
1270 543 1286 573 ι
1347 531 1436 576 Mi.
1488 531 1740 589 κωλὺοντες
1791 531 2054 598 γαμεῖσθαι
2115 535 2212 590 τοῖς

603 619 748 665 «παισὶ
775 621 1005 683 μητέρας,
1036 619 1160 681 μηδέ
1187 622 1275 669 ὑπὸ
1298 633 1390 671 τῶν
1409 627 1623 688 πατέρων
1649 627 1733 682 τὰς
1757 628 1932 676 ἑαυτῶν
1954 627 2212 693 θυγιῧέρχς

607 706 783 778 (Orig.
819 710 908 761 lib.
942 726 991 773 v,
1025 724 1186 765 contr.
1226 710 1384 775 Cels”
1417 730 1534 783 pag.
1568 714 1720 785 2/18).
1755 716 2021 782 Quantum
2055 733 2212 785 porro

607 799 658 851 id
692 800 833 866 quod
876 800 993 853 aliis
1041 801 1346 856 hominibus
1378 807 1533 874 plane
1563 807 1950 860 exsecrandum
1983 809 2210 869 vidi-tur,

605 890 880 946 laudabile
914 894 1305 964 probattunque
1357 897 1533 950 Persis
1579 898 1754 961 fuerit,
1803 900 1979 954 disces
2021 916 2085 954 cx
2133 901 2213 954 Itis

610 983 849 1036 Philonis
879 984 1049 1039 Jlttlzl‘I
1088 988 1264 1042 \‘Cl‘blS
1298 1007 1309 1040 ε
1342 997 1570 1061 Μητέρα-ς
1607 1000 1648 1045 οἱ
1688 1002 1732 1047 ἐν
1758 1001 1883 1049 τέλει
1923 1003 2105 1064 Περσῶν
2129 999 2212 1056 τὰς

603 1082 756 1131 aint?”
801 1085 1032 1144 ἄγονται,
1081 1085 1162 1133 καὶ
1203 1090 1306 1143 τοὺς
1344 1089 1512 1152 φύντας
1551 1091 1602 1138 ἔκ
1643 1093 1817 1140 τούτων
1867 1094 2214 1156 εὐγενεστάτους

602 1181 897 1237 νομίζουσιν,
932 1178 1014 1226 καὶ
1056 1185 1308 1244 βασιλείας
1348 1191 1430 1236 τίς
1460 1188 1700 1244 μεγίστης.
1733 1187 1792 1239 ὡς
1821 1185 1968 1246 λόγος,
2003 1187 2164 1246 ἀξίους
2198 1200 2210 1235 ε

614 1280 631 1308 ε
677 1261 1060 1318 ΙΙοιιοιιιιίυιὋς
1095 1266 1270 1319 Persa:
1307 1281 1428 1321 cum
1461 1271 1718 1323 matribus
1748 1271 2064 1324 contralntnt
2095 1287 2210 1326 ma-

604 1352 878 1418 trimonia,
912 1367 960 1409 ct
1001 1367 1154 1412 natos
1183 1359 1304 1413 inde
1345 1361 1671 1415 arbitrantur
1699 1364 2077 1430 nobilissimos,
2126 1383 2212 1419 rc-

603 1445 820 1514 gioqnc,
858 1456 914 1499 ut
958 1447 1156 1514 ferunt,
1189 1451 1474 1517 dignantur
1525 1454 1660 1507 solio
1697 1473 1715 1505 ι
1749 1452 1949 1522 (ΡΙιίΙο.
2010 1456 2098 1510 lib.
2152 1458 2215 1510 de

605 1539 816 1605 special.
851 1538 997 1610 Lrg.,
1035 1558 1151 1610 pag.
1186 1543 1335 1614 778).

681 1630 757 1684 Ad
804 1633 914 1683 lttrzc
946 1651 1072 1687 vero
1115 1636 1265 1690 ttobis
1309 1649 1423 1706 post
1466 1639 1756 1694 Eusebium
1801 1640 2012 1714 (Euseb.
2041 1644 2126 1696 lib.
2166 1660 2211 1710 ι,

605 1724 844 1796 Ρνιεραισ.
883 1726 1106 1800 Evang.,
1138 1747 1253 1800 cap.
1287 1734 1342 1798 4,
1373 1748 1492 1802 pag.
1520 1734 1607 1803 ll)
1630 1735 1779 1789 testis
1804 1748 1884 1791 est
1905 1735 2217 1793 Theodore-

2317 532 2433 600 ipso
2479 521 2640 588 natali
2685 536 2981 604 sejunctis;
3030 541 3438 610 intemperantia
3485 558 3612 597 vero
3657 545 3913 599 societate

2315 621 2586 687 comitavit
2636 623 2952 689 ittsociabili,
3001 637 3055 679 et
3101 628 3242 682 male
3271 640 3578 699 comparata
3606 630 3857 701 jnnetura
3887 653 3905 684 ι

2300 708 2516 781 (Philo,
2551 712 2648 765 loc.
2685 715 2769 768 cit.
2796 733 2848 785 ρ.
2890 716 2991 770 779
3020 730 3064 770 et
3087 719 3276 790 seqq).

2393 806 2654 862 Diodorus
2688 824 2815 862 vero
2841 809 3053 865 Siculus
3085 815 3231 882 prius
3267 813 3478 868 dixerat
3503 815 3771 887 Egyptiis
3799 833 3914 887 per-

2317 900 2538 953 missum
2571 901 2777 972 legibus
2830 919 3077 959 sororum
3133 923 3252 961 cum
3284 904 3538 963 fratribus
3568 911 3907 982 conjugium,

2316 992 2745 1062 quandoquidem
2771 998 2870 1049 hoc
2895 998 3016 1051 Isidi
3045 999 3268 1054 feliciter
3287 1013 3522 1057 cess-erat
3546 1022 3558 1055 :
3581 1011 3748 1071 γαμεῖν
3771 1011 3910 1060 ἀδελ-

2315 1093 2401 1152 φὰς
2429 1090 2512 1138 διὰ
2537 1097 2592 1140 τὸ
2611 1100 2787 1159 γηονὸς
2809 1097 2852 1144 ἰν
2879 1097 3058 1152 τούτοις
3075 1110 3159 1155 τῆς
3184 1085 3336 1158 Ϊσιδος
3370 1103 3603 1164 ἓτίτεγμα
3635 1098 3653 1168 (
3685 1098 3906 1154 DIOdttl‘.

2321 1179 2510 1237 Sicul.,
2565 1178 2656 1232 lib.
2691 1197 2706 1233 ι
2737 1180 3005 1249 Biblioth.,
3037 1201 3154 1254 pag.
3201 1187 3311 1247 16).

2392 1271 2642 1339 Ejusdem
2670 1275 3015 1344 ittiquissitttm
3041 1278 3171 1348 legis
3205 1282 3447 1336 meminit
3477 1283 3787 1349 Pausanias,
3823 1287 3910 1341 ubi

2317 1361 2384 1416 de
2433 1363 2720 1419 Ptolema-o
2763 1382 3068 1424 sermonem
3108 1373 3185 1426 sic
3241 1373 3437 1429 habet:
3487 1380 3685 1437 Οὖτιςε
3736 1385 3910 1433 Πτολε-

2315 1460 2459 1519 μοιῗος
2513 1451 2740 1527 Ᾱρσινόης
2801 1462 3007 1530 ἀδελφῆς
3076 1469 3401 1536 ἀμφοτέρωθεν
3459 1472 3696 1538 ἔρειο-θεὶς,
3754 1478 3898 1540 ἔγημε

2318 1555 2501 1614 αὗταὲν,
2559 1558 2830 1607 Μακέδοσιν
2891 1561 3104 1624 οὖδιιμῶς
3164 1571 3304 1612 ποίων
3356 1566 3671 1629 νομιζόμεναι,
3731 1567 3912 1631 Αιγυπ-

3041 1669 3060 1699 ‹
3091 1650 3408 1706 Ptolemaeus
3457 1654 3741 1720 Arsinoes,
3787 1671 3909 1723 ger-

2320 1751 2489 1788 manna
2519 1734 2724 1793 sororis
2745 1755 2929 1794 amore
2958 1741 3168 1807 ductus,
3197 1759 3312 1796 cam
3337 1745 3437 1798 sibi
3459 1747 3800 1801 matrimonio
3819 1747 3914 1801 ad-

2317 1652 2435 1702 τίοις
2484 1652 2682 1711 μέντοι,
2733 1650 2792 1697 ὧν
2840 1653 3000 1716 ἧρχεὲ

608 1829 714 1882 tus,
765 1821 900 1876 hanc
949 1823 1316 1890 impiissimam
1368 1825 1537 1894 legem
1567 1843 1595 1879 a
1623 1827 1823 1881 Zarada
1867 1829 2024 1883 latam
2069 1845 2210 1896 esse,
2244 1836 2291 1896 Β
2314 1826 2510 1895 jttnxit,
2543 1840 2702 1901 atque
2727 1832 2776 1885 id
2803 1848 2952 1896 sane,
2975 1850 3079 1888 non
3102 1851 3168 1890 ex
3196 1836 3678 1894 Macedonum.sed
3708 1841 3914 1912 Egyp-

609 1926 748 1980 qum,
813 1923 934 1982 post
985 1926 1253 1987 receptam
1299 1918 1366 1972 ab
1408 1918 1596 1974 iisdem
1643 1920 1819 1974 Persis
1867 1921 2210 1976 (-ln-iStianam

607 2004 791 2070 iidem,
824 2009 1066 2075 pl‘OlIlltlS
1099 2011 1352 2079 abrogata
1387 2021 1507 2066 est:
1542 2012 1686 2068 Κατά
1719 2023 1826 2075 τοὺς
1851 2020 2073 2086 Ζαράδου
2111 2023 2213 2068 πά.-

604 2106 687 2148 λαι
716 2107 893 2168 Πέρσαι
922 2108 1273 2168 πολιτευόμενοι
1302 2115 1487 2172 νόμους,
1530 2111 1612 2159 καὶ
1653 2114 1888 2178 μητράσι.
1944 2113 2027 2161 καὶ
2071 2115 2211 2164 ἀδελ-

607 2205 736 2259 φαῖς,
780 2196 862 2244 καὶ
918 2201 1173 2265 θυγαοράσι
1219 2207 1511 2265 μιγνύμενοι,
1562 2203 1645 2252 καὶ
1701 2209 1838 2265 νόμον
1899 2209 2080 2268 ἔννομον
2134 2213 2214 2255 τὸν

602 2298 907 2352 «rapat-iapix»
954 2295 1238 2356 νομίζοντες,
1267 2296 1433 2353 ἐπειδὴ
1484 2309 1568 2354 τῆς
1612 2311 1705 2348 τῶν
1749 2298 1916 2348 ἀλιέων
1944 2305 2212 2363 νομοθεσίαις

611 2380 904 2443 {acrinus-xv,
937 2392 1043 2442 τοὺς
1075 2393 1156 2448 μὲν
1181 2391 1399 2454 Ζαράὸου
1424 2390 1590 2453 νόμους
1632 2394 1691 2445 ὡς
1731 2394 1974 2448 irruit-macta
2006 2413 2211 2458 παροινο-

603 2481 744 2536 μίιιν,
774 2486 860 2531 τήν
891 2478 939 2526 δὲ
966 2480 1271 2542 εὐαγγελικήν
1300 2486 1589 2549 σωιρροσὺνην
1619 2489 1874 2547 ἠγάπησαν
1901 2501 1942 2534 :t
1976 2482 2205 2548 PCI'SilB,)

609 2562 784 2631 inquit
827 2565 936 2629 ille,
969 2586 986 2618 ι
1012 2567 1100 2636 qui
1132 2585 1192 2621 ex
1239 2568 1459 2624 Zarathe
1483 2573 1608 2625 olim
1638 2573 1839 2642 legibus
1867 2574 2128 2638 viventes,
2162 2583 2215 2627 et

613 2657 875 2711 matribus
929 2668 984 2714 et
1031 2662 1307 2715 sororibus
1348 2673 1402 2717 et
1449 2663 1655 2717 ﬁliabus
1688 2681 1898 2734 quoque
1940 2667 2052 2720 suis
2081 2666 2212 2720 mis-

609 2748 890 2810 cebantur.
935 2764 989 2806 et
1030 2769 1142 2808 rem
1185 2755 1583 2823 injustissimam
1622 2760 1780 2825 justar
1812 2759 1943 2827 legis
1975 2760 2091 2814 loco
2121 2759 2214 2813 ha-

613 2837 848 2907 hebant,
893 2855 1168 2912 postquam
1213 2851 1534 2914 piscatorum
1569 2849 1711 2919 leges
1748 2849 2069 2917 audierunt,
2117 2852 2215 2905 Za-

613 2933 758 2988 radre
791 2936 936 3005 leges
965 2947 1021 2991 ιιι
1049 2939 1280 2994 nefarias
1321 2943 1714 3010 proculcarunt,
1754 2954 1808 2999 et
1849 2946 2213 3014 evangelicam

611 3027 997 3082 continentiam
1044 3032 1275 3100 amplexi
1320 3044 1446 3088 sunt
1484 3055 1502 3087 ι
1539 3035 1893 3107 (Tlteodoret.,
1951 3049 2078 3092 tom.
2116 3056 2168 3093 tv
2194 3082 2208 3104 ,

606 3134 777 3175 serm.
809 3139 860 3175 ιιι
888 3123 951 3176 de
973 3123 1174 3195 Legib.,
1207 3143 1324 3198 pag.
1359 3127 1509 3202 6M).
1561 3129 1678 3184 Jam
1721 3146 1848 3185 vero
1885 3131 1950 3186 de
1982 3132 2080 3187 hac
2113 3150 2208 3189 ne-

2315 1920 2531 1984 tiorum,
2558 1924 2750 1992 quibus
2781 1926 3097 1996 imperabat,
3119 1928 3236 1997 lcge
3278 1929 3402 1984 fecit
3441 1950 3458 1982 ι
3490 1931 3788 2002 (Pansam,
3814 1933 3909 1989 lib.

2313 2026 2352 2075 ι,
2386 2027 2503 2081 pag.
2549 2011 2628 2083 6).
2689 2014 2940 2071 Emilins
2971 2035 3182 2089 quoque
3228 2020 3453 2085 Probus,
3484 2023 3598 2077 sive
3630 2033 3814 2078 auctor
3843 2025 3913 2080 Ii-

2296 2092 2442 2157 belli
2472 2104 2536 2158 de
2575 2104 2710 2161 Viris
2755 2108 3058 2177 illustribus,
3089 2111 3153 2165 ad
3197 2114 3450 2180 Atticum,
3504 2114 3694 2169 eadem
3726 2118 3792 2170 de
3821 2117 3914 2171 Ci-

2315 2197 2490 2250 monis
2548 2199 2688 2268 apnd
2737 2202 3092 2257 Athenienses
3139 2219 3261 2257 cum
3321 2205 3539 2276 Elpenia
3583 2222 3767 2262 sorore
3813 2224 3912 2263 sua

2294 2281 2565 2358 'conjugio
2616 2306 2863 2346 narrasse
2891 2293 3108 2362 legitur.
3145 2295 3462 2351 Plutarchus
3495 2307 3671 2353 tamen
3700 2315 3816 2354 eam
3845 2300 3914 2355 ab

2315 2379 2407 2433 illo
2435 2379 2646 2435 ductam
2678 2383 2841 2439 fuisse
2867 2384 2993 2439 dicit
3024 2389 3145 2456 quia
3177 2404 3357 2456 parem
3392 2392 3606 2460 generis
3631 2393 3710 2446 διιὶ
3739 2392 3913 2462 digni-

2317 2480 2425 2527 tate
2455 2488 2704 2540 SponSam
2752 2493 2855 2530 non
2906 2480 3174 2533 invenerat
3210 2482 3228 2552 (
3265 2482 3560 2545 Plutarch.,
3608 2494 3736 2537 tom.
3770 2501 3807 2549 ι,
3858 2487 3909 2538 in

2331 2567 2428 2620 Vit.
2461 2566 2688 2636 Cimon,
2722 2586 2838 2639 pag.
2869 2571 3022 2638 481).
3058 2572 3348 2628 Athenaeus
3381 2590 3508 2629 vero
3537 2576 3586 2628 id
3625 2587 3810 2630 contra
3844 2578 3913 2631 Ic-

2314 2675 2408 2730 ges
2441 2660 2633 2716 factum
2662 2678 2782 2718 esse
2813 2666 3004 2719 asserit
3048 2666 3343 2738 (Athenas,
3378 2667 3476 2721 lib.
3509 2683 3622 2732 χιιι,
3662 2667 3904 2741 Deipuos.

2315 2770 2436 2825 pag.
2470 2755 2621 2828 589).
2652 2759 2715 2811 At
2745 2760 2876 2812 Satis
2909 2759 3165 2814 hactenus
3192 2776 3220 2814 a
3255 2761 3407 2816 nobis
3440 2763 3717 2831 probatum
3759 2775 3910 2831 puta-

2319 2863 2458 2907 mus.
2477 2849 2618 2918 quod
2649 2859 2834 2904 auctor
2852 2860 3036 2905 nester
3055 2853 3121 2906 de
3139 2853 3219 2906 Itis
3235 2868 3354 2906 cum
3373 2855 3778 2908 Atheniensium
3797 2864 3906 2908 tum

2314 2937 2688 3010 ngyptim'um
2717 2943 2957 2996 scelestis
3008 2942 3336 3013 nefariisque
3365 2945 3627 3015 conjugiis
3669 2945 3904 3001 tradidit.

2387 3032 2549 3088 Instat
2575 3042 2754 3089 tamen
2783 3037 2871 3089 ille
2901 3037 3095 3095 acrius.
3126 3048 3179 3092 et
3209 3040 3287 3092 sic
3327 3038 3590 3092 adversus
3633 3039 3904 3093 ancilium

2313 3124 2663 3196 ethnicosque
2704 3129 2939 3198 disputat
2979 3149 2992 3184 :
3033 3151 3052 3182 ‹
3078 3131 3349 3186 Memoria:
3393 3141 3446 3188 et
3476 3133 3751 3203 tragmdize
3783 3149 3904 3188 ves-

609 3211 766 3265 fanda
807 3213 1092 3289 Persarum
1149 3219 1264 3286 lege
1316 3230 1369 3274 et
1418 3222 2210 3280 consuetudinedisseruimus
2237 3223 2282 3286 C
2317 3226 2412 3272 ιι*ίῦ
2463 3220 2678 3276 inceSliS
2725 3223 3044 3292 gloriantur.
3075 3240 3210 3294 quas
3249 3239 3344 3278 V05
3377 3225 3603 3280 ίῘΙΜήιθΓ
3647 3236 3701 3280 οι
3731 3226 3906 3297 ιθεῖιίε

611 3304 792 3375 (Tom.
848 3323 862 3360 ι
891 3308 1137 3378 Apparat.
1179 3310 1266 3364 lib.
1311 3329 1400 3378 ιιι,
1432 3313 1630 3367 dissert.
1661 3329 1718 3378 ιι,
1747 3330 1862 3384 cap.
1895 3314 1985 3369 2i.
2017 3328 2119 3372 art.
2158 3320 2208 3386 1,

607 3411 730 3466 pag.
757 3398 896 3454 1259
924 3411 977 3453 et
996 3404 1157 3470 seqq).

680 3487 761 3541 Ad
794 3489 1076 3560 Egyptios
1117 3492 1579 3563 Atheniensesque
1622 3497 1664 3550 si
1710 3497 2005 3566 veniamus,
2055 3499 2208 3554 Pbilo

607 3579 828 3636 Judaeus
858 3592 1212 3651 utrorumque
1255 3586 1558 3657 coniugium
1593 3589 1880 3658 pessimum
1924 3607 2044 3647 esse
2086 3608 2208 3662 pro-

608 3673 818 3726 nuntiat
865 3691 877 3726 :
923 3692 941 3723 ι
983 3673 1296 3744 Praecipitur
1325 3693 1391 3730 ne
1431 3693 1669 3733 sororem
1703 3680 1914 3748 quidem
1945 3697 2065 3738 esse
2103 3685 2203 3738 titt-

605 3764 866 3829 cendam;
899 3765 1182 3822 honestum
1224 3784 1352 3822 sane
1381 3781 1702 3841 praeceptum
1735 3783 1788 3828 et
1817 3784 1995 3843 aptum
2029 3778 2201 3831 conti-

607 3860 827 3924 nentize,
884 3862 1128 3929 quamvis
1172 3862 1591 3920 Atheniensibus
1621 3855 1663 3919 ὁ
1710 3876 1794 3935 μὲν
1838 3872 1986 3922 Σόλων
2019 3878 2204 3938 apam—

602 3963 756 4022 τρίους
786 3959 927 4025 ἐφιεὶς
955 3962 1175 4022 ἄγεσθαι,
1207 3961 1294 4016 τὰς
1337 3963 1659 4028 ὁμομητρίους
1691 3968 1931 4015 ἐκώλυσεν·
1963 3969 1986 4016 ὁ
2015 3967 2062 4016 δὲ
2096 3972 2202 4016 Λα.-

599 4051 910 4114 κιδαιμονίων
937 4057 1188 4115 νομοθέτης
1220 4057 1447 4118 ἔμπαλιν,
1487 4063 1567 4106 τὸν
1603 4059 1685 4108 ἐπὶ
1724 4060 1831 4117 ταῖς
1870 4061 2201 4127 ὁμογάστρεοις

598 4147 751 4207 γάμον
793 4149 1066 4212 ἔπειτ-ρέψας,
1098 4154 1178 4197 τὸν
1218 4155 1335 4215 προς
1376 4152 1461 4204 τὰς
1505 4152 1822 4217 ὁμοπατρίους
1848 4153 2064 4205 ἀπεῖπεν·
2098 4157 2122 4204 ὁ
2152 4155 2200 4204 δὲ

597 4245 686 4286 τῶν
703 4238 971 4298 Αἰγυπτίων
992 4243 1231 4302 χλευάζων
1257 4248 1343 4291 τίν
1368 4246 1597 4308 ἐκασὲρων
1625 4245 1890 4305 εὐλάϐειαν,
1911 4247 1970 4302 ὡς
1993 4251 2199 4312 ἡμίεργος

595 4329 1010 4392 διαταττομένων,
1056 4332 1302 4399 εὐφόρησεν
1352 4335 1414 4389 εἰς
1460 4337 1706 4402 ἀσέλγειαν
1758 4337 2197 4402 ἐπιδαψιλευόμενος

595 4418 964 4484 δυσοεράττευτον
991 4426 1130 4470 κακὸν
1151 4429 1330 4486 σώμασι
1363 4425 1442 4473 καὶ
1465 4428 1658 4490 ψυχῆς,
1697 4430 1952 4494 ἀκρισίαν,
1989 4431 2071 4480 καὶ
2100 4451 2197 4480 πα·-

592 4513 780 4572 ρσισχῶν
806 4511 970 4558 ἄδειαν
999 4512 1188 4570 ἁπάσας
1232 4513 1433 4578 ἀδελφὰς
1474 4519 1689 4578 ἄγεσθαι,
1737 4521 1822 4576 τάς
1859 4541 1907 4572 τε
1954 4521 2071 4580 ἰδίας
2106 4527 2193 4573 τοῦ

2315 3319 2369 3365 et
2413 3311 2627 3365 auditis.
2683 3313 2772 3369 Sic
2811 3324 2862 3369 et
2892 3315 3025 3370 deos
3071 3317 3247 3370 colitis
3276 3317 3532 3371 incestos.
3563 3336 3579 3368 ι
3627 3318 3906 3372 Memoria-

2311 3420 2431 3459 rnm
2477 3417 2654 3461 autem
2698 3409 2915 3464 nomine
2944 3423 3104 3479 supra
3134 3425 3262 3464 usus
3304 3409 3474 3466 fuerat
3507 3430 3520 3466 :
3558 3431 3576 3462 ι
3603 3411 3795 3481 Specta
3835 3413 3904 3467 de

2309 3497 2461 3553 libris
2489 3503 2790 3555 memorias.
2819 3521 2837 3553 ›
2875 3503 2942 3557 Et
2973 3502 3074 3558 hoc
3098 3504 3315 3574 quidem
3338 3505 3560 3558 verbum
3591 3505 3657 3558 ab
3687 3510 3748 3558 Α.
3779 3503 3903 3560 Gel-

2309 3593 2381 3648 Iio
2406 3595 2602 3663 saepius
2634 3607 2944 3665 usurpatum
2977 3605 3077 3651 est.
3111 3596 3320 3651 Alicubi
3349 3598 3490 3651 enim
3519 3614 3572 3651 ει
3598 3597 3654 3650 In
3689 3598 3894 3665 libris,»

2308 3685 2499 3755 inquit,
2536 3705 2555 3738 (
2593 3688 2971 3742 memoriarum
3014 3689 3268 3758 scriptum
3294 3697 3371 3743 est
3408 3709 3426 3740 ι
3453 3689 3539 3762 (Α.
3569 3690 3709 3744 Gell.
3742 3691 3831 3744 lib.
3866 3707 3898 3743 v

2310 3776 2444 3832 Nec.
2477 3780 2657 3844 Attic.,
2690 3795 2809 3850 cap.
2845 3781 2922 3852 5).
2979 3781 3116 3834 Alibi
3163 3796 3291 3835 vero
3318 3783 3610 3851 simplicius
3638 3800 3650 3835 :
3685 3801 3702 3834 ι
3725 3783 3778 3836 In
3811 3798 3898 3837 ve-

2306 3871 2509 3926 teribus
2555 3873 2829 3927 memoriis
2858 3876 3117 3943 scriptum
3150 3874 3374 3944 legimus
3408 3894 3425 3926 ι
3459 3875 3477 3946 (
3509 3874 3624 3928 Lib.
3656 3890 3746 3943 tv,
3775 3890 3894 3946 cap.

2306 3965 2382 4037 6).
2428 3965 2698 4022 Memoria:
2740 3976 2916 4038 itaque
2971 3969 3110 4023 idem
3145 3980 3339 4024 sonant
3383 3985 3446 4024 ac
3498 3972 3717 4039 scripta,
3752 3987 3898 4025 com-

2305 4061 2562 4116 mentaria
2614 4072 2668 4117 et
2717 4078 2776 4118 ea
2833 4079 2948 4132 qua:
2997 4063 3193 4118 litteris
3234 4063 3311 4133 _ad
3352 4081 3531 4120 rerum
3579 4067 3892 4119 memoriam

2303 4155 2552 4209 mandata
2599 4155 2826 4211 fuerant.
2861 4157 2976 4224 Quo
3007 4159 3168 4213 etiam
3211 4173 3370 4214 sensu
3401 4159 3763 4216 'I‘ertnllianus
3804 4162 3888 4216 di-

2302 4245 2412 4300 xit:
2445 4266 2462 4297 ι
2487 4246 2632 4302 Inter
2671 4258 2863 4303 ca‘tera
2905 4251 3283 4304 memoriarum
3319 4270 3335 4301 ι
3365 4251 3614 4322 (Tertull.
3647 4253 3892 4323 .4polog.,

2299 4351 2417 4406 cap.
2451 4340 2539 4410 l8)
2564 4357 2578 4404 ;
2600 4348 2654 4394 et
2695 4341 2860 4409 paulo
2880 4353 3019 4411 post,
3062 4361 3078 4392 ι
3105 4357 3266 4397 canas
3294 4345 3672 4400 memoriarum
3710 4368 3728 4398 ι
3752 4353 3890 4420 (cap.

2301 4430 2388 4494 19,
2412 4447 2534 4501 pag.
2561 4433 2672 4503 19).
2710 4435 2848 4490 Alibi
2896 4451 3059 4490 vero:
3092 4455 3110 4487 ι
3132 4436 3438 4491 Secundum
3484 4440 3770 4494 memorias
3802 4457 3895 4511 po-

2301 4523 2456 4591 pulus
2501 4524 2834 4596 Iudaeorum,
2895 4529 2945 4581 id
2976 4539 3058 4583 est
3100 4530 3389 4600 antiquior.
3451 4531 3713 4587 derelicto
3761 4537 3888 4604 Deo,

589 4601 750 4664 ἑτέρου
772 4612 862 4649 τῶν
887 4607 1049 4661 γονέων
1078 4605 1211 4653 τοῦδε
1246 4609 1274 4659 ἢ
1308 4607 1464 4667 τοῦδε,
1492 4610 1573 4657 καὶ
1599 4614 1686 4667 τὰς
1712 4615 1761 4672 ἐξ
1788 4613 2080 4682 ἀμφοῖν,καὶ
2104 4619 2188 4673 τὰς

2293 4613 2453 4670 idolis
2516 4618 2734 4672 servivit
2781 4638 2799 4671 ι
2837 4620 2986 4690 (Lib.
3020 4623 3220 4676 advers.
3251 4621 3483 4688 Juda’os,
3530 4640 3651 4695 cap.
3694 4642 3732 4689 ι,
3769 4601 3888 4698 pag.

590 4690 643 4739 οὖ
675 4696 896 4756 νεωτέροις
922 4693 1078 4756 μόνον,
1105 4695 1230 4745 ἀλλὰ
1255 4697 1336 4747 καὶ
1365 4706 1698 4769 πρεσϐυτέρας.
1734 4706 1814 4753 καὶ
1841 4706 2073 4766 ἱσηλίκας,
2102 4708 2185 4757 καὶ

587 4781 778 4845 δίδυμοι
803 4785 898 4849 γὰρ
919 4783 1147 4844 πολλάκις
1177 4791 1494 4850 ἔγενννξθησαν.
1523 4793 1596 4849 οὓς
1624 4798 1651 4850 ἡ
1681 4800 1764 4858 μὲν
1800 4797 1930 4862 φύσις
1975 4798 2081 4860 ἅμα.
2125 4811 2182 4866 τῇ

584 4881 756 4939 γενέσει
779 4877 1023 4946 διῆρτησε,
1045 4883 1124 4931 καὶ
1157 4883 1406 4946 διέξδυξεν.
1433 4891 1462 4942 ἡ
1486 4887 1534 4936 δὲ
1568 4888 1802 4940 dura-lat.
1827 4891 1908 4940 καὶ
1931 4894 2182 4956 φιληδονία

577 4969 644 5025 εἰς
670 4979 910 5021 κοινωνίαν
933 4976 1141 5025 ἐκάλεσεν
1163 4975 1488 5040 ἀκοινώνητον,
1515 4981 1595 5030 καὶ
1621 4983 1849 5048 ἁρμονίαν
1870 4983 2178 5052 ἀνάρμοστον.

583 5078 603 5110 ι
643 5061 805 5116 Solon
850 5061 949 5116 hoc
985 5065 1235 5120 observat
1277 5066 1327 5120 in
1375 5069 1598 5123 uterinis
1646 5081 1846 5126 tantum
1876 5076 2170 5145 germanis,

574 5151 764 5208 eodem
799 5165 949 5223 patre
988 5158 1263 5227 prognatis
1289 5159 1542 5231 relinquit
1571 5163 1818 5220 liberum.
1847 5164 2045 5222 Contra
2076 5169 2174 5223 La-

573 5244 1026 5301 cedmmoniorum
1053 5248 1328 5316 legislator
1356 5254 1575 5308 tttcrittis
1606 5271 1711 5310 non
1743 5258 2010 5315 interdicit
2038 5276 2170 5316 con-

570 5335 754 5399 nubio,
804 5337 896 5391 sed
938 5339 1065 5394 solis
1094 5341 1282 5395 eodem
1324 5355 1472 5410 patre
1512 5349 1723 5415 genitis.
1758 5351 1825 5404 At
1860 5350 2166 5424 Egyptius,

564 5423 749 5481 ridens
780 5431 1056 5497 utriusque
1080 5434 1472 5502 simplicitatem
1490 5448 1542 5492 et
1562 5442 1936 5510 semiperfecta
1954 5423 2168 5515 placita,

565 5515 764 5571 laxavit
812 5520 1107 5582 libidinem,
1151 5534 1204 5578 et
1248 5527 1394 5579 auxit
1440 5529 1489 5582 in
1518 5535 1833 5600 corporibus
1871 5539 2168 5610 animisque

562 5606 861 5665 insanabile
908 5613 1105 5667 malum
1151 5615 1599 5688 intemperantize,
1647 5628 1902 5692 permissa
1951 5606 2166 5686 licentia

558 5698 786 5754 ducendi
834 5719 1072 5768 sorores,
1107 5707 1220 5762 sive
1258 5725 1351 5776 per
1381 5713 1693 5768 alterutrum
1737 5731 2012 5787 parentem
2051 5724 2166 5781 sive

556 5805 654 5856 per
685 5804 970 5863 utrumque
1002 5810 1277 5867 cognatas,
1311 5802 1541 5871 majores
1569 5809 1769 5874 pariter
1807 5821 1861 5867 et
1903 5815 2160 5881 minores,

2288 4703 2438 4776 205).
2484 4707 2702 4763 Caecilio
2760 4712 2918 4782 igitur
2967 4726 3114 4769 reete
3157 4714 3408 4769 Octavius
3453 4720 3748 4787 exprobrat
3777 4721 3886 4774 lec-

2288 4806 2370 4852 tas
2421 4801 2735 4872 auditasque
2765 4805 2968 4861 lubenti
2997 4807 3178 4861 animo
3206 4823 3232 4860 a
3260 4810 3550 4878 gentilibus
3578 4811 3883 4879 Metnorias,

2288 4892 2389 4946 ltoc
2415 4904 2496 4947 est
2524 4895 2721 4967 scripta
2757 4909 2809 4952 et
2841 4899 3004 4952 libros
3051 4916 3144 4953 seu
3178 4900 3519 4956 historiarum
3559 4918 3652 4959 seu
3688 4915 3873 4975 poeta-
3911 4910 3928 4924 '

2285 5000 2402 5039 rum
2429 4989 2620 5056 quibus
2647 4991 2868 5060 scripto,
2888 5008 2950 5046 ac
2979 4993 3270 5064 tragmdias
3291 4998 3444 5064 queis
3465 5012 3592 5052 voce
3621 5008 3674 5052 ct
3702 5010 3878 5070 gestu,

2281 5078 2513 5135 incestus
2566 5082 2790 5139 det'u'um
2849 5101 3066 5142 suorum
3124 5091 3661 5160 reprmscnmbantur.
3713 5093 3881 5149 Nemo

2278 5172 2420 5225 enim
2493 5183 2575 5227 est
2620 5175 2709 5244 qui
2782 5183 2981 5232 nesciat
3038 5178 3090 5234 in
3158 5181 3446 5235 commdiis
3498 5183 3878 5252 tragmdiiSque

2274 5275 2554 5333 poetarum
2587 5276 2690 5320 tam
2722 5265 3030 5325 Cra-corum
3068 5287 3226 5342 quam
3271 5273 3605 5338 Latinorum,
3658 5284 3713 5329 et
3737 5276 3875 5330 alio-

2275 5372 2391 5410 rum
2419 5359 2756 5414 etltnieorum
2787 5361 3040 5424 historiis,
3071 5374 3276 5434 stupra,
3310 5366 3571 5421 adulteria
3599 5374 3755 5438 atque
3789 5370 3867 5423 in-

2275 5461 2458 5506 cestus
2502 5452 2724 5508 deorum
2773 5471 2877 5509 non
2925 5457 3101 5511 minus
3135 5458 3444 5528 frequenter
3491 5474 3649 5530 quam
3698 5461 3873 5531 itnptt-

2274 5544 2468 5601 denter
2491 5546 2786 5603 decantari.
2813 5549 2948 5605 Vide
2972 5562 3172 5614 autem,
3203 5555 3247 5607 si
3280 5562 3434 5609 vacat
3463 5563 3515 5608 et
3545 5555 3711 5619 lubet,
3741 5557 3869 5624 quid

2272 5636 2340 5691 de
2370 5636 2519 5692 hisce
2545 5641 2825 5696 cotnmtliis
2868 5657 2930 5697 ac
2953 5644 3244 5715 (tragoediis
3294 5645 3530 5699 dixerint
3558 5644 3869 5703 Lactantius

2272 5727 2538 5797 (Lactant.
2574 5731 2661 5784 lib.
2699 5749 2772 5799 vr,
2809 5732 3061 5801 lnstitut.,
3112 5751 3212 5804 cap
3271 5735 3362 5799 20,
3396 5752 3516 5807 pag.
3550 5736 3683 5799 ‘19;
3718 5748 3771 5791 et
3815 5741 3866 5794 itt

2270 5817 2501 5885 Epitom.
2531 5836 2580 5874 c.
2635 5822 2748 5891 65),
2781 5822 3083 5894 Cyprianus
3131 5827 3407 5899 (Cyprian.
3455 5829 3620 5900 Epist.
3658 5829 3728 5880 ad
3753 5829 3864 5886 Da-
