4264 6258
394 343 500 396 505

1803 341 2263 396 DlSSERTATlO.
3588 338 3693 396 506

393 467 529 518 παι,
562 471 681 527 pag.
715 456 791 525 5),
827 455 1156 524 Augustinus
1189 455 1496 527 (Augustin.
1544 456 1637 509 lib.
1676 470 1711 509 ιι
1745 457 1807 509 dc
1837 453 1985 508 Civil.
2016 458 2067 515 Α
2097 456 2236 509 milis
2264 456 2451 511 bestim
2473 458 2819 527 superficiem
2847 471 3218 513 consecrasse.
3265 460 3437 527 Atque
3468 458 3535 512 ita
3569 455 3694 510 inde

394 565 517 620 cap.
549 552 583 606 8
613 562 663 602 et
705 547 886 620 scqq.)
916 558 969 602 et
1013 548 1124 602 alii.
1172 547 1298 606 Sed.
1354 564 1449 601 nos
1493 548 1640 616 plura
1684 547 1751 602 de
1792 548 1896 602 illis
1939 547 1992 601 in

397 642 500 698 hac
542 653 594 698 et
623 642 966 710 sequentibus
1015 642 1482 696 dissertationibus
1524 643 1741 696 nostris.

467 736 586 790 Alio
627 735 838 788 tandem
874 734 1033 788 modo
1063 733 1314 787 Octavius
1363 734 1608 788 ethnicos
1666 733 1855 787 incesti
1906 732 1989 786 id—

394 831 540 884 circo
571 830 744 896 arguit
782 827 923 897 quod
957 827 1106 880 liberi
1153 843 1340 881 recens
1368 828 1498 891 nati,
1548 828 1620 880 uti
1647 827 1753 896 jam
1784 827 1992 880 dixerat

393 933 447 979 et
478 939 505 975 a
534 923 689 976 nobis
721 921 868 986 prius
899 921 1240 976 observatum
1284 929 1366 974 est
1412 920 1562 992 (Cap.
1593 936 1741 988 supr.
1775 933 1873 974 art.
1909 922 1986 988 ⁸5),

393 1033 538 1088 saape
586 1017 838 1086 saipiusa
889 1017 1200 1084 parentibus
1250 1017 1359 1070 suis
1388 1026 1803 1084 exponerentur.
1839 1015 1988 1068 llaud

393 1127 518 1165 raro
547 1112 687 1164 cnim
719 1111 998 1164 accidebat
1030 1119 1086 1164 ut
1114 1110 1421 1179 nequissimi
1457 1109 1989 1174 libidittosissitnique

394 1205 468 1260 illi
501 1212 772 1274 parentes,
805 1220 924 1258 cum
978 1203 1097 1258 filiis
1139 1213 1260 1257 natu
1305 1202 1678 1272 grandioribus
1716 1212 1806 1255 attt
1856 1202 1989 1255 filia-

393 1296 497 1352 bus
536 1296 600 1350 ad
644 1297 954 1350 servitutem
1005 1295 1236 1350 redactis
1287 1295 1368 1350 vel
1414 1295 1772 1350 meretriciam
1823 1295 1985 1348 vitam

399 1393 700 1462 agentibus,
737 1391 944 1447 nefario
976 1393 1201 1453 incestu,
1239 1400 1329 1445 aut
1361 1390 1662 1446 nescientes
1689 1399 1780 1444 aut
1806 1405 1863 1444 se
1895 1406 1988 1444 ne-

393 1486 535 1540 scire
579 1484 997 1548 dissimulantes,
1043 1483 1430 1553 polluerentur.
1486 1485 1820 1551 Quapropter
1870 1480 1986 1536 Cle-

392 1592 544 1630 mens
576 1576 966 1632 Alexandrinus
996 1594 1008 1630 τ
1040 1580 1185 1630 “uti;
1232 1587 1556 1648 πορνεύσανσι,
1591 1591 1671 1630 και
1710 1585 1988 1644 pallebant;

390 1675 673 1743 θυγαθράσιν
727 1679 1033 1736 ἀγνοήσαντες
1084 1679 1306 1732 πολλάκις
1357 1685 1602 1739 μίγνυνται
1659 1681 1890 1741 πατέρες,
1937 1678 1988 1727 οὗ

389 1773 677 1834 μεμνημξνοι
704 1784 794 1820 τῶν
823 1773 1086 1820 ἐκτιθέντων
1105 1770 1329 1822 παιδίων,
1353 1768 1435 1818 καὶ
1462 1770 1631 1834 ἄνδρας
1655 1769 1854 1818 δείκνυσι
1882 1773 1989 1824 τοὺς

2099 559 2482 618 prmsmuptum
2511 553 2702 620 opinor
2730 565 2826 604 uos
2854 566 3085 621 quoque,
3134 560 3188 604 ut
3214 549 3448 604 Judaicm
3481 548 3694 618 religio-

2097 643 2180 695 nis
2215 646 2560 714 propinquos,
2605 645 2777 699 eidem
2829 645 3118 698 simulacro
3173 642 3368 697 initiari
3405 661 3422 694 ι
3459 640 3690 710 (Tertul.

2095 734 2362 804 Apologet.
2415 751 2532 805 Cap.
2587 736 2672 796 16.
2722 752 2839 806 pag.
2898 737 2956 790 t7
2987 736 3026 805 ).
3075 735 3139 789 Et
3190 735 3289 788 hoc
3339 733 3554 801 quidem
3603 732 3693 787 ille

2094 827 2197 878 alio
2223 827 2274 880 itt
2307 828 2440 881 libro
2475 829 2663 896 repetit
2690 828 2878 896 (ldettt,
2909 827 3000 881 lib.
3033 845 3050 880 ι
3082 827 3149 879 ad
3184 826 3421 886 Nalion..
3453 840 3572 896 cap.
3597 825 3686 890 11,

2095 933 2212 987 pag.
2249 919 2315 972 57
2353 930 2406 972 et
2432 919 2630 989 seqq).
2677 921 2846 985 Quam
2897 921 3088 974 merito
3117 928 3293 974 autem
3329 919 3691 973 Tertullianus

2092 1012 2373 1066 absurdam
2407 1013 2607 1068 hancce
2651 1015 2969 1068 calumniam
3017 1015 3066 1068 iit
3097 1014 3404 1068 Cornelium
3437 1013 3683 1067 Taciturn

2093 1105 2477 1160 refutnlemlatn
2524 1121 2644 1160 esse
2684 1106 2900 1171 dixerit,
2943 1121 3007 1160 ex
3039 1107 3120 1161 his
3150 1107 3390 1176 ejusdem
3431 1105 3601 1160 Taciti
3633 1104 3684 1158 in

2092 1200 2253 1252 citato
2280 1200 2466 1269 quinto
2496 1199 2843 1252 Historiarum
2873 1199 3010 1252 lihro
3043 1199 3222 1252 verbis
3251 1199 3497 1267 conjicc:
3535 1216 3553 1248 ι
3579 1195 3688 1251 Sed

2093 1293 2222 1346 nihil
2271 1310 2421 1363 teque
2474 1293 2708 1360 .lttda-os,
2754 1309 2910 1362 quam
2963 1293 3137 1361 inopia
3179 1307 3332 1362 aqua:
3376 1289 3686 1362 fatigabant.

2091 1386 2334 1456 Jamque,
2391 1387 2528 1440 haud
2563 1386 2748 1456 procul
2779 1387 2963 1450 exitio,
3001 1386 3124 1439 tatis
3155 1385 3357 1454 campis
3387 1383 3686 1451 procubue-

2092 1492 2231 1541 rant,
2265 1496 2384 1532 cttm
2433 1495 2560 1548 grex
2610 1480 2885 1534 asinorum
2923 1479 3211 1548 agrestium
3244 1494 3273 1531 e
3308 1488 3459 1542 pastu
3506 1478 3556 1530 itt
3591 1491 3684 1530 ru-

2093 1587 2210 1642 pem
2243 1589 2462 1626 netnore
2487 1588 2704 1642 Opacant
2730 1572 3015 1626 concessit.
3042 1571 3267 1624 Secutus
3292 1569 3529 1640 Moyses,
3552 1582 3683 1621 con-
3709 1601 3735 1618 .

2087 1664 2293 1733 jt-ctura
2327 1664 2530 1717 herbidi
2563 1664 2686 1727 soli,
2730 1663 2903 1731 largas
2953 1677 3210 1730 aquarum
3251 1677 3414 1714 venas
3442 1659 3685 1729 aperit”:

2094 1755 2334 1825 Effigiem
2386 1756 2652 1819 animalis,
2701 1771 2806 1823 qtto
2837 1763 3168 1808 monstrante
3217 1768 3453 1806 errorem
3509 1751 3684 1806 sitim--

387 1862 686 1928 γενενηκὸτας
736 1864 970 1927 ἀκρασίαις
1011 1865 1200 1923 ἕξουσία
1224 1877 1236 1889 “
1265 1865 1420 1913 ταῦτα
1453 1866 1496 1911 οἱ
1533 1861 1663 1926 σοφοὶ
1709 1875 1800 1911 τῶν
1841 1861 1972 1924 νὸμωτ

2093 1864 2195 1918 que
2241 1848 2572 1915 depulerant,
2621 1848 2875 1914 penetrali
2934 1861 3232 1910 sacravere,
3291 1858 3432 1897 t-tcso
3478 1845 3680 1910 ariete,

392 1958 695 2020 ἐπιτρέπωσι
727 1969 739 2003 :
779 1950 947 2004 (Cum
997 1953 1290 2015 meritorio,
1325 1951 1512 2019 inquit,
1555 1949 1663 2004 filio
1718 1959 1771 2004 ct
1804 1965 1976 2005 mere-

390 2043 611 2096 tricibus
641 2043 847 2096 filiabus
872 2058 1013 2114 sirpe
1042 2052 1218 2114 patres
1261 2052 1474 2096 coeunt.
1508 2041 1881 2110 Expositorttm
1916 2043 1946 2095 li

385 2135 581 2190 lioruut
626 2136 986 2205 immemores,
1017 2147 1070 2191 et
1104 2138 1249 2192 viros
1278 2137 1392 2192 fieri
1424 2153 1519 2191 eos
1564 2139 1650 2204 qtti
1681 2145 1982 2205 genuerunt

385 2225 552 2282 efficit
595 2228 757 2282 nimia
789 2228 1025 2285 libidinis
1074 2231 1308 2283 licentia.
1360 2229 1483 2282 llzec
1513 2229 1788 2298 sapientes
1835 2229 1979 2298 leges

386 2320 700 2388 permittunt
721 2341 739 2373 ι
767 2321 958 2390 (Clem.
984 2323 1144 2377 Alex.
1176 2323 1269 2376 lib.
1290 2338 1346 2377 tn
1375 2321 1610 2392 Pwdag.,
1635 2338 1753 2391 cap.
1774 2323 1827 2386 5,
1855 2339 1974 2392 pag.

387 2410 493 2466 2‘26
524 2412 566 2484 ).
634 2412 708 2467 lta
753 2415 848 2469 ille
885 2415 1128 2470 Gentiles
1155 2425 1208 2469 et
1240 2417 1523 2470 immanem
1559 2416 1768 2469 illortttn
1800 2417 1849 2469 in
1881 2431 1977 2470 ex‘

390 2505 648 2574 ponendis
677 2507 798 2562 filiis
827 2509 1090 2562 feritatem
1114 2525 1176 2564 ac
1201 2510 1570 2564 crudelitatem
1595 2512 1702 2565 acri
1732 2510 1978 2564 irrisione

387 2597 699 2652 insectatur.
747 2599 855 2654 Nec
886 2601 1152 2654 imnterito
1181 2601 1395 2670 quidem
1443 2603 1677 2655 incestus
1721 2602 1844 2655 inde
1871 2599 1980 2657 fre-

386 2699 612 2759 quenter
660 2690 775 2745 fieri
803 2693 1169 2761 conqueritur.
1205 2693 1586 2748 Verumtamen
1610 2693 1824 2747 Minucii
1855 2708 1977 2747 nos-

388 2783 450 2836 tri
506 2792 695 2837 eontra
749 2785 868 2839 illos
922 2796 1294 2853 argumentum
1347 2786 1652 2852 expressius
1704 2787 1978 2856 fusiusque

385 2874 744 2931 Tertullianus
770 2877 1108 2949 (Tertulliatt.
1162 2879 1430 2950 Apologel.
1463 2895 1580 2948 c.tp.
1611 2880 1692 2951 9).
1744 2881 1972 2936 Lactan-

388 2969 599 3039 tiusqtte
628 2970 890 3042 (Lactant.
925 2972 1016 3026 lib.
1049 2989 1124 3037 Vl,
1154 2988 1273 3040 cap.
1303 2973 1393 3038 20,
1427 2990 1545 3044 pag,
1579 2975 1682 3029 618
1709 2985 1761 3029 et
1793 2973 1974 3046 seqq.)

386 3073 810 3131 prosequuntur;
843 3063 907 3117 ad
955 3080 1090 3134 quos
1141 3074 1211 3129 te,
1245 3081 1310 3118 ne
1344 3067 1609 3133 longiores
1635 3066 1822 3129 simus,
1855 3067 1977 3120 mit-

385 3154 602 3209 tendum
630 3157 902 3221 duximus,
940 3157 1114 3214 donec
1145 3175 1334 3215 novam
1375 3160 1441 3233 de
1472 3162 1682 3216 illortttn
1715 3162 1863 3217 libris
1894 3163 1973 3216 inv

381 3245 664 3304 stituamus
703 3250 1140 3320 disputationem.

985 3390 1213 3447 CAPUT
1265 3391 1354 3446 XI.

380 3557 446 3598 DE
475 3559 710 3599 ABSURDO
746 3561 917 3601 CULTU
948 3563 1091 3612 QUEM
1121 3562 1328 3602 ASININ”
1349 3565 1523 3604 CAPIT]
1555 3567 1621 3604 ET
1644 3566 1970 3607 SACEBDOTIS

448 3653 709 3693 VIBILIBUS
736 3655 1079 3697 CHRISTIANOS
1115 3658 1423 3698 ελιιιΒυιεδΕ
1472 3659 1726 3700 CAECILIUS
1761 3660 1966 3700 FALSIS-

450 3741 647 3784 SISSHIE
685 3745 896 3786 OBJICIT.

914 3885 1202 3926 ARTICULUS
1243 3888 1451 3928 PRIMUS.

379 3997 547 4066 Quam
569 4001 705 4071 falsa
717 4001 782 4056 ait
801 4004 908 4057 Itan:
930 4009 1206 4071 accusatio,
1237 4016 1281 4060 et
1300 4018 1464 4061 utrum
1489 4008 1663 4062 .Iudiri
1691 4010 1766 4062 vel
1793 4008 1962 4064 Gnos-

447 4095 534 4147 lici
562 4098 878 4150 occasionem
905 4101 984 4153 illi
1015 4100 1266 4168 dederint,
1293 4119 1352 4155 ac.
1378 4104 1530 4171 primi
1559 4106 1781 4156 omnium
1811 4116 1964 4174 caput

443 4189 575 4242 asini
598 4207 770 4245 revera
799 4194 1140 4249 adoraverint.

443 4349 599 4404 Aliud
649 4352 849 4406 ethnici
883 4365 987 4407 tatu
1039 4355 1270 4410 absurde
1315 4357 1602 4412 confictum
1653 4374 1812 4429 quam
1859 4360 1958 4412 int-

373 4442 518 4512 pittm
567 4446 767 4500 crimen
801 4445 1121 4502 Christianis
1169 4448 1489 4518 inferebant,
1531 4453 1672 4522 quod
1713 4453 1960 4509 Catellius

368 4535 452 4591 his
481 4539 656 4594 verbis
706 4540 927 4595 Octavio
958 4543 1189 4609 obieetat
1217 4561 1229 4596 :
1269 4563 1287 4594 ε
1314 4545 1486 4598 Audio
1517 4547 1958 4616 eosgtttrpissimtc

2086 1943 2229 1995 velut
2271 1943 2322 1995 itt
2367 1941 2753 1996 contumeliam
2791 1940 3103 1994 Hammonis
3143 1958 3160 1990 ι
3201 1937 3387 2008 (Corn.
3420 1937 3546 1991 Tac.
3582 1935 3676 1992 lib.

2084 2051 2118 2088 ν
2149 2035 2284 2088 Hist.
2318 2036 2429 2088 init.
2551 2034 2807 2101 Quamvis
2837 2043 3014 2086 autem
3045 2029 3409 2085 Tertullianus
3439 2027 3680 2082 Tacitum

2089 2147 2106 2179 ι
2137 2127 2535 2182 mendaciorum
2563 2125 2994 2196 loquacissimum
3020 2143 3038 2174 ›
3065 2126 3160 2175 hac
3183 2121 3371 2174 saltem
3398 2124 3446 2173 in
3466 2134 3522 2173 re
3542 2118 3682 2174 h‘md

2083 2220 2350 2274 immerito
2378 2220 2629 2290 appellet,
2671 2219 2818 2272 falsa}
2861 2227 3035 2271 tamen
3083 2215 3224 2269 illius
3268 2212 3502 2282 Opinioni
3551 2211 3682 2266 sub-

2083 2315 2298 2384 scripsit
2343 2313 2682 2376 Plutarchus,
2718 2312 2806 2365 ttbi
2856 2309 2924 2364 de
2955 2308 3142 2364 iisdem
3173 2306 3370 2360 ,Ιυὼεὶδ
3401 2306 3477 2359 sic
3512 2303 3682 2374 loqui-

2085 2416 2169 2460 tur
2201 2425 2210 2458 ;
2249 2426 2266 2457 ‹
2295 2406 2442 2459 Nunc
2473 2416 2577 2458 tam
2613 2406 2914 2458 interficere
2938 2418 3097 2471 quam
3128 2401 3290 2453 edere
3315 2413 3464 2452 suem
3494 2398 3573 2450 eis
3600 2403 3683 2450 est

2081 2499 2290 2568 religio.
2337 2498 2401 2551 Et
2443 2498 2682 2550 fortassis
2731 2496 2832 2548 hoc
2904 2493 3094 2547 rationi
3144 2491 3455 2552 consentit,
3487 2478 3553 2552 si,
3603 2497 3682 2544 τὸν

2081 2600 2178 2645 am
2211 2596 2258 2645 δὲ
2290 2597 2594 2661 imparem“
2625 2600 2782 2655 πηγοὶν
2808 2591 2968 2646 αὐτοῖς
2989 2590 3156 2644 ὕδατος
3177 2593 3368 2652 τιμῶσι.
3403 2584 3548 2638 Sicut.
3577 2582 3681 2635 asi-

2082 2702 2151 2741 no
2169 2702 2293 2740 suus
2315 2684 2451 2755 apud
2476 2700 2568 2739 eos
2586 2692 2667 2737 est
2695 2686 2882 2742 honor,
2899 2683 2986 2750 qui
3007 2681 3204 2732 fontem
3231 2693 3381 2746 aquae
3405 2677 3483 2730 eis
3500 2689 3678 2727 mons-

2084 2779 2262 2844 travit,
2295 2780 2364 2832 ita
2395 2791 2545 2831 Sllelll
2577 2791 2671 2830 eos
2701 2777 2964 2834 revereri.
3006 2782 3062 2825 ut
3090 2769 3313 2823 sationis
3339 2777 3394 2822 et
3420 2767 3678 2820 arationis

2080 2872 2393 2941 magistrum
2430 2891 2448 2922 ι
2488 2869 2783 2940 (Plutarch.
2813 2876 2942 2922 tom.
2997 2881 3052 2930 ti,
3105 2865 3197 2919 lib.
3261 2879 3343 2927 IV,
3389 2861 3673 2931 Sympos.,

2080 2980 2201 3034 pag.
2230 2965 2336 3019 670
2366 2965 2407 3036 ).

2149 3059 2284 3126 Quid
2313 3075 2439 3114 vero
2466 3059 2607 3126 quod
2639 3068 2689 3112 et
2725 3057 3056 3111 Democritus
3087 3055 3390 3113 historicus,
3426 3057 3676 3104 narrante

2078 3151 2262 3220 Sttida,
2291 3153 2402 3204 haec
2426 3151 2494 3205 de
2518 3151 2718 3205 .Ittdteis
2746 3149 3019 3204 memoria:
3049 3147 3278 3218 prodidit
3312 3164 3322 3197 :
3353 3152 3545 3214 Χρυσῦ,ν
3571 3149 3675 3196 όνευ

1996 3244 2040 3306 C
2075 3252 2280 3318 κεραλὴν
2310 3255 2610 3318 πρδσεκύνουν
2626 3252 2752 3301 κατὰ
2772 3256 2984 3316 τριετίαν
3007 3254 3131 3308 ξένου
3156 3248 3423 3311 ἀπρεῦοντες
3447 3244 3672 3307 προσέφε-

2075 3364 2173 3411 per,
2198 3347 2278 3395 καὶ
2307 3347 2430 3396 κατὰ
2459 3350 2625 3394 λεπτὸν
2651 3345 2738 3401 τὰς
2769 3345 2945 3408 σάρκας
2983 3341 3230 3400 δίεξαινον,
3262 3341 3343 3387 καὶ
3378 3337 3519 3392 οὕτως
3656 3356 3672 3367 ·

2070 3457 2180 3503 pow
2206 3450 2217 3484 :
2259 3452 2276 3483 ‹
2300 3431 2445 3486 Asini
2473 3441 2631 3495 caput
2660 3429 2978 3493 adorabunt,
3011 3438 3064 3481 et
3095 3428 3252 3481 tertio
3281 3439 3494 3494 quoque
3523 3434 3671 3475 anno

2073 3524 2340 3594 ltospitem
2383 3524 2667 3592 capiebant
2696 3534 2748 3577 et
2776 3521 3094 3586 offerebant,
3139 3530 3192 3573 et
3221 3517 3522 3572 minutatim
3555 3529 3673 3568 car-

2073 3634 2169 3674 nes
2213 3618 2574 3679 disseCabant,
2618 3628 2669 3671 et
2701 3619 2779 3671 sic
2807 3614 3198 3671 interticiebant
3233 3633 3252 3666 ι
3276 3612 3490 3686 (Suidas
3517 3611 3582 3666 ad
3617 3626 3668 3664 ν.

2073 3703 2229 3773 insae,
2262 3709 2304 3779 ).
2349 3710 2477 3764 lude
2527 3710 2754 3764 fortasse
2795 3707 2996 3762 factum
3041 3716 3123 3762 est
3172 3717 3227 3760 ut
3284 3709 3334 3760 in
3389 3705 3547 3775 hujus
3572 3705 3666 3758 ab-

2069 3803 2217 3856 surdi
2252 3803 2448 3867 cultus,
2481 3803 2690 3856 tametsi
2723 3803 2879 3871 plane
2911 3801 3104 3867 fictitii,
3144 3800 3464 3860 irrisioncm,
3522 3798 3670 3853 Zeno

2069 3894 2281 3963 quidem
2313 3894 2729 3959 Alexandrinus,
2759 3895 2984 3963 primunt
3008 3892 3248 3957 Judietts,
3281 3903 3334 3945 ut
3369 3892 3506 3946 ideut
3539 3893 3666 3946 Sui-

2069 3986 2164 4041 das
2197 3986 2358 4041 refert
2387 3987 2574 4056 (Idem,
2607 4003 2655 4039 v.
2680 3985 2879 4058 Zuow),
2904 3988 3068 4040 misso
3092 3985 3363 4053 religionis
3393 4001 3501 4039 sum
3533 4003 3669 4039 nun-

2068 4082 2164 4144 tio,
2198 4081 2404 4134 asinum
2433 4082 2612 4134 album
2648 4096 2739 4148 per
2767 4095 2953 4134 eorum
2984 4093 3309 4149 synagogam
3339 4078 3424 4133 die
3453 4079 3665 4133 sabbati

2067 4175 2380 4229 traduxerit.

2137 4268 2334 4323 Verum
2364 4265 2654 4334 J0sephus,
2687 4264 2914 4335 Appioni
2942 4263 3186 4318 eamdem
3217 4263 3537 4318 calumniam
3567 4262 3666 4315 ob-

2060 4363 2267 4434 jicienti
2310 4360 2393 4414 ubi
2426 4359 2736 4428 respondet,
2788 4359 2930 4412 illius
2972 4357 3255 4412 falsitatem
3301 4359 3466 4410 variis
3494 4357 3662 4409 ratio-

2065 4456 2223 4512 nibus
2251 4455 2608 4510 demonstrat.
2638 4451 2967 4507 Proferenda
2992 4460 3167 4504 autem
3197 4463 3320 4504 sunt
3343 4453 3458 4518 ejus
3480 4450 3660 4514 terba,

2063 4564 2184 4618 qum
2213 4548 2422 4600 etiamsi
2454 4547 2503 4599 iit
2546 4560 2724 4615 gratco
2754 4543 3050 4612 exemplari
3084 4543 3282 4606 desint,
3315 4545 3364 4598 in
3398 4545 3557 4598 editis
3585 4544 3664 4597 ni-

367 4631 589 4700 pecudis
618 4643 777 4702 caput
814 4635 947 4687 asini
998 4647 1369 4689 consecratum
1399 4639 1582 4692 nescio
1609 4656 1709 4708 qua
1741 4655 1951 4708 persuac
1983 4639 2036 4698 D
2065 4640 2357 4696 hilominus
2389 4639 2466 4693 sic
2516 4638 2677 4692 latittc
2718 4638 2984 4692 habentur
3011 4655 3022 4691 :
3053 4654 3074 4690 ι
3095 4637 3151 4690 1η
3182 4639 3417 4692 sacrario
3446 4637 3656 4707 Appian

366 4721 521 4776 sione
563 4726 831 4779 venerari.
861 4745 879 4776 ι
915 4726 1276 4781 Tertulliauus
1319 4745 1446 4782 vero
1492 4731 1628 4785 hanc
1677 4732 1956 4786 ridiculam

365 4817 758 4871 accusationem
799 4818 997 4872 clarius
1041 4822 1294 4888 explicat,
1327 4823 1572 4893 illiusque
1614 4825 1954 4878 ocrasionem

366 4914 421 4963 et
467 4921 679 4961 caus:ttn
731 4909 812 4963 liis
851 4911 1102 4980 patefecit
1149 4914 1367 4970 verbis:
1416 4914 1794 4981 «Somniastis,
1829 4937 1848 4969 ι
1886 4919 1954 4971 ita

364 4997 454 5054 ille
495 4999 734 5055 Gentiles
773 5003 1086 5070 alloqttitnr,
1127 5023 1145 5054 ι
1166 5015 1325 5073 caput
1355 5007 1620 5061 asininum
1652 5025 1772 5064 esse
1798 5011 1956 5063 deum

363 5102 629 5147 nostrum.
660 5093 805 5148 llauc
827 5094 1112 5150 Cornelius
1140 5098 1351 5153 'l‘acitus
1375 5101 1736 5168 suspicionem
1769 5100 1954 5169 hujus-

360 5185 502 5240 modi
533 5187 775 5242 inseruit.
805 5188 851 5241 ls
874 5190 1017 5242 enim
1048 5190 1097 5242 itt
1123 5190 1304 5258 quinta
1340 5189 1683 5246 Historiarum
1712 5209 1953 5255 suarum,

357 5277 558 5333 bellum
589 5277 871 5333 Judaicum
899 5297 1131 5335 exorsus
1158 5283 1224 5336 ab
1254 5285 1458 5351 origine
1487 5287 1680 5352 gentis,
1707 5286 1864 5338 etiam
1889 5287 1955 5339 de

357 5372 470 5442 ipsa
499 5382 603 5428 tam
633 5375 842 5444 origine
873 5377 1118 5444 quamde
1143 5379 1356 5432 nomine
1388 5387 1442 5431 et
1472 5380 1726 5446 religione
1757 5379 1951 5448 gentis,

356 5479 476 5534 quae
508 5466 675 5520 voluit
701 5477 1124 5536 argumentatus,
1157 5468 1372 5523 .ludzeos
1413 5471 1571 5524 refert
1599 5469 1831 5541 Egypto
1864 5487 1954 5523 ex-

358 5559 569 5628 peditos
610 5561 746 5620 sive,
779 5572 830 5614 ut
867 5562 1088 5630 putavit,
1134 5572 1398 5626 extorres,
1447 5565 1609 5616 vas:is
1649 5563 1858 5616 Arabia:
1901 5564 1950 5616 in

357 5653 515 5718 locis,
557 5669 813 5723 aquarum
845 5659 1226 5726 egentissimis,
1260 5673 1380 5712 cum
1413 5657 1498 5710 siti
1531 5667 1950 5722 macerarentur,

358 5744 598 5812 onagris,
648 5747 734 5815 qui
768 5746 904 5801 forte
942 5749 1008 5801 de
1052 5761 1204 5818 pastu
1254 5759 1434 5816 potum
1471 5749 1680 5814 petituri
1722 5752 1955 5805 (estima-

353 5836 572 5906 bantur,
610 5838 872 5897 indicibus
900 5841 1065 5898 fontis
1095 5856 1238 5909 usos,
1275 5841 1344 5898 ob
1373 5857 1489 5896 eam
1521 5843 1745 5913 gratiam
1778 5845 1956 5901 consi-

2063 4731 2398 4802 praesumpsit
2432 4732 2646 4785 edicere
2692 4731 2827 4783 asini
2876 4737 3038 4797 caput
3077 4730 3374 4783 collocasse
3410 4728 3658 4794 .luda-os,

2061 4837 2113 4880 et
2146 4825 2195 4880 id
2221 4826 2400 4880 colere
2429 4839 2492 4879 ac
2523 4824 2738 4893 dignum
2771 4822 2949 4877 facere
2973 4832 3112 4876 tanta
3145 4822 3422 4890 religione.
3461 4822 3523 4874 Et
3558 4821 3660 4876 hoc

2059 4919 2287 4971 affirmat
2334 4917 2498 4969 fuisse
2537 4915 2842 4984 depalatum
2866 4913 2992 4967 dum
3026 4913 3321 4966 Antiochus
3354 4913 3658 4982 Epiphanes

2059 5021 2114 5066 et
2139 5012 2490 5079 exspoliassct
2523 5009 2779 5078 templum
2807 5019 2859 5062 et
2905 5007 3032 5061 illud
3062 5016 3220 5075 caput
3261 5006 3552 5060 invenisset
3590 5021 3653 5059 ex

2059 5123 2188 5160 auro
2222 5105 2596 5174 compositum,
2633 5103 2811 5156 multis
2859 5101 3100 5169 pecuniis
3147 5099 3384 5168 dignum.
3439 5099 3516 5152 Ad
3552 5098 3653 5152 hoc

2062 5200 2221 5268 igitur
2253 5199 2482 5268 primum
2507 5196 2721 5265 quidem
2748 5193 3046 5263 l'e.-p(tlldf3tt
3071 5194 3321 5263 quoniam
3349 5191 3649 5262 AEgyptius,

2059 5294 2143 5347 vel
2182 5293 2225 5346 si
2257 5289 2451 5357 aliquid
2484 5290 2584 5343 tale
2621 5287 2758 5357 apud
2794 5302 2888 5341 nos
2921 5288 3124 5343 fttiset.
3178 5301 3513 5356 nequaquam
3559 5285 3654 5338 de-

2057 5386 2246 5442 buerat
2273 5386 2550 5451 increpare
2575 5398 2695 5436 cum
2730 5398 2832 5434 non
2866 5382 2934 5434 sit
2960 5381 3197 5434 deterior
3227 5381 3410 5435 asiutts
3451 5379 3656 5444 furoni-

2057 5479 2158 5534 bus
2195 5489 2243 5532 et
2277 5477 2436 5530 hircis
2485 5484 2539 5528 et
2570 5474 2688 5527 aliis
2718 5474 2805 5542 qui
2836 5482 2959 5526 sunt
2990 5473 3128 5542 apud
3162 5489 3256 5528 eos
3283 5473 3374 5525 dii.
3415 5473 3647 5541 Deinde,

2056 5568 2326 5641 qu0tnodo
2359 5584 2460 5620 nou
2506 5564 2786 5631 intellexit,
2818 5564 3071 5633 operibus
3100 5565 3430 5632 ittcrepattts,
3480 5565 3547 5618 de
3572 5567 3652 5618 in-

2056 5660 2297 5717 Credibili
2323 5674 2419 5712 suo
2443 5657 2762 5713 mendacio?
2790 5657 3017 5726 Legibus
3050 5673 3277 5727 namque
3310 5671 3522 5726 semper
3549 5657 3623 5710 uti

2060 5772 2180 5810 mur
2222 5753 2431 5810 iisdem.
2466 5753 2515 5806 in
2547 5751 2740 5822 quibus
2771 5752 2886 5806 sine
2915 5754 3019 5806 fine
3050 5752 3406 5806 constitimus.
3439 5752 3504 5807 Et
3526 5768 3635 5813 cur:

2057 5848 2189 5902 varii
2226 5861 2380 5903 casus
2420 5854 2660 5902 nostram
2699 5845 2994 5910 civitatem,
3029 5845 3167 5902 sicut
3193 5845 3357 5901 etiam
3387 5845 3646 5912 aliorum,
