4264 6258
621 351 723 413 507

1905 355 1990 412 os
2027 343 2284 412 MINL’CII
2313 353 2612 412 OCTAVIO

3821 354 3926 410 508

621 473 934 530 vcx‘averint
963 481 1013 528 cl
1044 472 1220 527 Thros
1250 488 1309 527 ac.
1343 471 1629 544 Pompeius
1647 485 1868 543 magnus
1896 487 1958 527 ac
1981 471 2218 527 Licinius
2245 474 2296 533 Λ
2325 469 2373 524 ls
2407 471 2570 534 enim,
2602 477 2721 539 post
2758 467 3018 539 ejuratam
3048 465 3322 522 Judaicam
3360 466 3671 535 religionem
3713 484 3729 517 ι
3753 466 3928 536 pictu-

624 570 871 632 Crassus,
913 578 967 624 et
1010 569 1077 624 ad
1107 569 1455 623 novissimum
1511 567 1665 622 Titus
1691 565 1894 633 Caesar,
1926 567 2068 622 bello
2103 568 2220 620 vin-

625 674 830 727 centes,
874 661 1201 717 obtinuerint
1225 661 1506 732 templum,
1543 661 1672 715 nihil
1704 660 2008 731 hujusmodi
2035 660 2108 713 illi
2139 663 2221 713 in-

623 771 820 811 venere
847 773 864 807 ι
895 755 1136 825 lJoseph.
1181 743 1274 809 lib.
1320 771 1377 819 tt,
1413 757 1550 809 cont.
1587 754 1710 825 .41).,
1747 769 1866 823 pag.
1913 751 2098 817 1065).
2142 751 2222 804 Ad

623 851 890 904 insulsum
935 847 1117 919 itaque
1147 849 1247 902 hoc
1279 848 1635 913 mendacium,
1670 856 1774 900 tam
1808 861 1952 916 saepe
1975 856 2024 899 et
2061 860 2222 914 repe-

627 936 782 997 titum
827 953 880 997 et
931 943 1234 1012 repulsum,
1278 941 1384 996 duo
1424 940 1690 1010 Josephus
1731 939 1959 1009 reponit.
2005 939 2221 1004 Primo,

623 1038 999 1104 argumenttIm
1033 1037 1083 1091 in
1116 1039 1404 1106 ipsutumct
1433 1037 1752 1106 App'touetn,
1787 1032 2096 1103 {Egyptium
2122 1033 2222 1084 ho-

626 1131 848 1197 minem,
868 1141 1162 1200 retorquet,
1185 1131 1524 1202 ostenditque
1547 1131 1613 1185 de
1639 1131 1737 1184 hoc
1761 1130 1985 1184 crimine
2007 1129 2225 1199 iniquis-

628 1227 818 1282 simam
854 1241 972 1280 esse
1013 1226 1154 1280 illius
1188 1225 1670 1291 crpostulationem
1706 1244 1716 1277 :
1754 1225 1987 1295 rEgyptii
2030 1226 2227 1294 quippe

630 1337 736 1374 non
769 1320 948 1374 minus
976 1319 1209 1373 absurdo
1236 1318 1507 1388 impieque
1535 1319 1680 1372 cultu
1712 1319 1908 1372 bestias
1933 1314 2228 1389 adorahant

629 1411 692 1469 ac
719 1411 1132 1468 venerabantur.
1167 1412 1434 1479 Secundo,
1491 1411 1684 1480 probat
1715 1410 1843 1464 illud
1895 1427 2000 1466 non
2035 1409 2224 1464 falsum

629 1505 1020 1567 tantummodo,
1065 1504 1156 1558 sed
1196 1503 1511 1559 incredibile
1540 1504 1752 1572 penitus
1785 1517 1943 1556 esse:
1979 1517 2099 1554 nam
2129 1500 2224 1554 .lu-

630 1599 753 1662 diei,
802 1599 892 1669 qui
940 1613 1155 1654 omnem
1204 1613 1420 1667 prorsus
1465 1596 1847 1661 idololatriam,
1890 1610 1951 1648 ac
2002 1593 2228 1664 proinde

622 1681 846 1759 iasiniui,
893 1691 1232 1761 quantumvis
1286 1692 1455 1758 aurei,
1511 1691 1698 1759 capitis
1752 1691 1972 1752 cultum,
2020 1704 2230 1742 summo

631 1783 755 1839 odio
799 1799 1086 1854 numquam
1144 1801 1247 1836 non
1295 1783 1618 1847 halmerunt,
1666 1781 1854 1836 iisdem
1901 1797 2117 1848 semper
2147 1781 2226 1832 vi-

2329 579 2474 627 ram,
2508 582 2526 613 ›
2566 563 2734 632 inquit
2773 561 3014 615 eruditus
3045 561 3134 614 ille
3157 561 3440 615 Africanus
3467 559 3720 630 scriptor,
3759 580 3774 610 ι
3801 576 3929 630 pro-

2331 656 2506 723 posuit
2535 670 2654 708 cum
2687 653 2949 723 ejustnodt
2980 654 3361 722 inscriptione:
3391 653 3535 708 Deus
3563 651 3929 708 CHRISTIANO-

2329 763 2439 802 aest
2489 749 2846 803 ONOCHOETES
2879 767 2897 798 ι
2960 746 2978 818 (
3011 747 3234 802 Tertull.
3268 747 3358 800 lib.
3390 762 3406 800 ι
3433 747 3500 800 ad
3532 747 3771 810 Nation.,
3805 762 3927 816 cap.

2332 844 2558 912 ll,pag.
2595 843 2684 907 57,
2715 857 2766 898 et
2815 843 3014 913 chq.).
3049 843 3181 897 Tum
3229 842 3377 896 addit
3425 841 3632 897 huncce
3681 843 3930 897 lictitium

2331 937 2488 991 deum
2531 938 2693 992 fuisse
2739 946 3178 1006 rept'tcsentatunt
3221 953 3342 991 cum
3398 937 3620 991 asininis
3664 938 3884 990 auribus
3911 980 3926 1002 ,

2331 1029 2501 1083 altero
2554 1029 2686 1098 pede
2720 1031 3050 1099 ungulatum,
3102 1029 3295 1084 librum
3330 1040 3626 1098 gestantem
3674 1045 3737 1083 ac
3774 1042 3927 1101 toga-

2335 1134 2443 1177 tttm
2478 1125 2668 1193 (Idem,
2697 1125 2991 1195 Apologet.,
3021 1140 3139 1194 cap.
3169 1125 3253 1182 16.
3287 1141 3404 1194 pag.
3434 1125 3547 1194 Π),
3574 1126 3645 1179 uti
3677 1143 3776 1179 sua
3806 1126 3930 1180 loco

2333 1215 2739 1281 explicabimus.
2772 1215 2849 1270 Ad
2878 1217 2991 1271 haec
3020 1232 3146 1269 vero
3169 1216 3520 1286 Epiphanius,
3553 1217 3639 1270 ubi
3668 1216 3736 1272 de
3761 1216 3931 1272 Gnos

2335 1309 2474 1372 ticis,
2509 1309 2878 1364 famosissimis
2910 1311 3012 1364 illis
3036 1310 3459 1366 Christianorum
3493 1311 3781 1374 lwreticis,
3823 1327 3933 1367 ser-

2337 1415 2545 1453 monem
2581 1403 2836 1465 instituit,
2864 1403 2975 1456 hate
3001 1404 3274 1458 memorim
3302 1404 3599 1472 litterisque
3625 1403 3930 1457 mandavit:

2341 1513 2356 1544 ι
2388 1494 2540 1562 Quod
2571 1495 2634 1547 ad
2669 1496 2901 1550 Sabaoth
2936 1498 3187 1564 pertinet,
3224 1496 3363 1549 hunc
3388 1497 3520 1548 asini
3569 1494 3805 1563 quidam,
3841 1496 3934 1550 alii

2333 1588 2483 1655 porci
2516 1589 2681 1655 ligura
2722 1599 2968 1642 constare
2999 1600 3219 1643 censent
3256 1607 3273 1639 ι
3311 1588 3606 1659 (Epiphan.
3642 1588 3693 1642 in
3729 1587 3928 1646 Heres.

2338 1695 2504 1744 xxvt,
2542 1679 2569 1750 ᾗ
2605 1680 2704 1746 10,
2735 1696 2855 1750 pag.
2889 1681 3001 1750 91).
3058 1684 3126 1734 At
3177 1681 3294 1736 sive
3338 1681 3452 1736 hcce
3497 1682 3609 1736 sive
3652 1683 3752 1735 alia
3786 1699 3936 1752 quzc-

2336 1771 2464 1826 lihet
2511 1773 2629 1825 ficta
2682 1772 2838 1837 ratio,
2891 1774 3122 1842 aliquam
3174 1773 3511 1828 Christianos
3562 1775 3934 1830 scelestissimi

633 1890 762 1931 χει-εξ
787 1871 1013 1946 legibus,
1047 1875 1268 1942 Deinde,
1299 1874 1439 1950 quod
1474 1876 1679 1943 Appio"
1711 1873 1779 1928 de
1807 1873 2073 1926 Antiocho
2103 1872 2230 1941 Epi-
2261 1873 2308 1934 Β
2339 1866 2641 1934 hujusmodi
2685 1868 2859 1922 cultus
2917 1868 3264 1923 insitnulandi
3303 1869 3640 1925 occasionem
3690 1871 3930 1937 dederit,

630 1971 810 2040 phane
843 1978 1126 2042 memorat,
1176 1967 1276 2023 hoc
1302 1967 1568 2036 Josephus
1605 1968 1670 2020 ah
1701 1968 1811 2037 ipsa
1841 1967 2066 2021 veritate
2113 1983 2230 2018 om-

634 2055 764 2117 nino
808 2063 1101 2116 abhorrere
1154 2059 1408 2114 ostendit.
1467 2059 1655 2113 Nullus
1696 2061 2005 2120 enimvero,
2060 2061 2232 2127 neque

634 2145 924 2223 Pompeius
961 2166 1185 2221 magnus
1235 2167 1408 2220 neque
1439 2151 1524 2205 alii
1569 2149 1791 2204 Romani
1844 2152 2230 2220 imperatores,

637 2243 758 2316 post
787 2255 1086 2314 reportatas
1131 2243 1198 2299 de
1238 2243 1437 2297 Judaeis
1477 2243 1728 2296 victorias
1756 2243 1807 2296 itt
1844 2241 2231 2312 llierosolyu’ti-

634 2337 820 2392 tanum
865 2336 1117 2406 templum
1151 2335 1396 2401 ingressi,
1433 2335 1602 2388 ullum
1635 2334 1826 2388 asinini
1854 2335 2042 2403 capitis
2068 2337 2235 2387 simu-

635 2419 836 2483 lacrum
868 2428 922 2482 in
953 2443 1017 2482 eo
1049 2427 1591 2497 umquaminvenere.
1657 2488 1664 2493 1

710 2519 896 2590 Neque
935 2519 984 2574 id
1008 2534 1205 2589 negare
1227 2519 1398 2588 potuit
1426 2519 1658 2581 Tacitus,
1683 2533 1840 2587 quem
1869 2516 2237 2571 Tertullianus

636 2615 893 2681 tanquam
928 2611 1240 2666 mendacem
1274 2611 1644 2665 immemorem
1687 2610 1968 2678 ipsiusntet
1995 2611 2236 2663 testimo-

639 2705 730 2758 nio
757 2702 955 2758 refellit
1002 2714 1056 2759 et
1096 2705 1388 2758 insectatur
1417 2721 1428 2756 :
1470 2721 1487 2752 ι
1516 2706 1579 2756 At
1611 2703 1752 2756 enim
1786 2703 1924 2754 idem
1953 2701 2239 2755 Cornelius

638 2789 876 2865 Tacitus,
908 2819 927 2852 ι
965 2800 1192 2868 ipsamct
1223 2797 1539 2853 Tertulliani
1574 2805 1699 2852 sunt
1728 2795 1914 2862 verba,
1941 2814 1959 2848 ι
1988 2811 2118 2849 sane
2151 2795 2238 2848 ille

637 2894 1042 2950 mendaciorum
1074 2895 1500 2964 loquacissimus,
1529 2893 1578 2946 in
1603 2891 1789 2946 eadem
1822 2891 2052 2944 Historia
2077 2892 2242 2944 rcl'crt

641 2989 863 3043 Cueium
892 2989 1228 3057 Pompeium,
1261 3004 1382 3042 cum
1423 2987 1756 3042 Hierusalem
1782 2986 2036 3052 copisset,
2067 3001 2234 3055 prop-

646 3093 900 3151 tereaque
934 3080 1189 3148 templum
1234 3078 1454 3134 adiisset
1482 3077 1822 3147 speculandis
1851 3077 2085 3132 Iudaicae
2126 3077 2243 3131 reli-

645 3173 820 3243 gionis
849 3171 1080 3236 arcanis,
1116 3171 1322 3225 nullum
1349 3171 1455 3226 illic
1484 3171 1747 3239 reperis-ce
1779 3169 2146 3223 simulacrum.
2181 3168 2246 3221 Et

2337 1970 2482 2013 certe
2529 1959 2792 2014 Minucius
2841 1972 3024 2016 noster
3067 1963 3225 2030 plane
3276 1963 3597 2030 penitusque
3642 1972 3930 2033 pernegat,

2339 2049 2482 2102 illam
2515 2051 2701 2105 nefarii
2733 2051 2969 2107 Judaicm
3001 2053 3274 2123 religionis
3303 2053 3598 2109 desertoris
3632 2053 3934 2126 sycophan-

2338 2142 2497 2205 tiam,
2542 2159 2769 2212 eumque
2810 2145 3256 2199 absurdissimum
3307 2144 3685 2201 GnOsticorum
3728 2147 3932 2201 cultum

2342 2240 2450 2293 ullo
2495 2253 2711 2308 prorsus
2741 2239 2898 2292 modo
2929 2241 2995 2293 ad
3027 2256 3181 2295 veros
3220 2241 3544 2309 pertinuisse
3569 2240 3934 2297 Christianos.

2342 2331 2522 2385 Palam
2554 2332 2830 2386 enimvero
2880 2342 3297 2403 cettstanlct'que
3337 2345 3612 2388 asseverat
3656 2335 3795 2387 hunc
3845 2333 3939 2388 fal-

2343 2441 2458 2477 sum
2491 2425 2557 2477 de
2593 2425 2783 2478 asinini
2829 2426 3018 2494 tapitis
3061 2427 3208 2478 cultu
3235 2441 3510 2480 rumorem
3539 2439 3568 2478 a
3597 2424 3936 2481 d:emonibus

2342 2533 2586 2585 Sparsum
2637 2532 2698 2571 ac
2750 2519 3148 2586 pervulgatum,
3193 2521 3276 2574 cui
3321 2522 3500 2574 nullus
3549 2535 3693 2574 sana:
3742 2522 3938 2574 mentis

2345 2611 2506 2665 homo
2549 2613 2704 2665 Iidem
2739 2629 2986 2680 umquam
3037 2613 3233 2668 habere
3283 2616 3471 2683 potuit.
3514 2632 3531 2664 ι
3556 2614 3686 2681 Quis
3713 2615 3890 2679 enim,
3915 2633 3933 2665 ι

2352 2723 2368 2753 ε
2397 2704 2565 2773 inquit
2587 2705 2694 2769 ille,
2723 2724 2740 2755 α
2771 2717 2874 2758 tam
2895 2706 3113 2771 stultus,
3137 2717 3192 2759 ut
3221 2707 3319 2760 hoc
3349 2707 3522 2760 colat?
3549 2706 3678 2773 Quis
3703 2707 3937 2772 stultior,

2348 2806 2398 2848 ut
2434 2795 2534 2849 hoc
2562 2797 2662 2850 euli
2688 2797 2903 2850 credat?
2924 2816 2944 2849 ι
2973 2797 3170 2850 Meram
3202 2799 3381 2866 itaque
3403 2799 3747 2862 calumniam,
3779 2808 3942 2868 atque

2349 2889 2868 2956 impudcntissintum
2922 2891 3260 2944 mendacium
3311 2890 3546 2957 cuilibet,
3579 2891 3677 2945 nisi
3724 2891 3943 2945 omnino

2349 2985 2604 3054 desipiat,
2661 2983 2862 3038 homini
2921 3000 3142 3052 prorsus
3191 2985 3504 3040 incredibile
3552 3000 3673 3040 esse
3727 2985 3939 3039 asserit.

2352 3077 2599 3130 Pluribus
2639 3091 2800 3145 porro
2829 3076 3007 3130 verbis
3043 3077 3170 3131 illud
3219 3093 3322 3130 non
3357 3077 3573 3141 refellit,
3619 3076 3945 3144 quandoqui-

2352 3169 2472 3222 dem
2519 3170 2620 3225 ilOC
2662 3170 2826 3224 scnnl
2858 3171 3122 3240 negando,
3168 3172 3297 3225 satis
3343 3171 3399 3225 Sc
3455 3170 3760 3225 cen'fu'tasse
3807 3171 3944 3225 exis-

647 3262 853 3335 ‘uti'que,
906 3265 949 3319 si
981 3263 1030 3318 id
1067 3265 1342 3319 oolebatur
1371 3265 1510 3334 quod
1536 3264 1708 3332 aliqua
1736 3261 1914 3333 efﬁgie
1941 3271 2244 3332 reprtcseu-
2272 3263 2317 3326 C
2356 3263 2593 3316 timahat.

650 3357 880 3420 labatur,
920 3360 1182 3425 nusquam
1223 3349 1394 3424 magis
1421 3365 1579 3424 quam
1613 3355 1665 3407 in
1693 3356 1929 3408 sacrario
1969 3368 2065 3408 suo
2087 3354 2242 3408 exhi-

651 3448 898 3510 beretur;
933 3464 996 3502 eo
1031 3447 1197 3517 magis
1236 3447 1357 3516 quia
1389 3461 1484 3500 nec
1514 3445 1800 3499 verebatur
1846 3457 2130 3500 extraneos
2160 3459 2246 3498 ar-

648 3539 840 3604 bitros,
875 3554 1194 3608 quamquam
1250 3553 1380 3592 vana
1426 3537 1634 3591 cultura
1666 3555 1679 3591 :
1711 3537 1842 3592 solis
1885 3538 2026 3592 enim
2063 3552 2245 3592 sacer-

650 3631 866 3686 dotibus
896 3631 1044 3686 adire
1092 3631 1293 3684 liritum
1329 3645 1344 3694 ;
1372 3629 1532 3684 etiam
1575 3639 1897 3699 conspectus
1928 3639 2245 3682 cauet-orum

653 3724 772 3778 velo
800 3737 1039 3792 Oppanso
1063 3721 1480 3778 interdicebatur
1519 3739 1535 3772 ι
1563 3720 1788 3792 (Tertull
1840 3721 1988 3791 Apol.
2012 3737 2130 3790 Cap.
2161 3722 2244 3786 16,

655 3829 776 3885 pag.
815 3814 926 3885 l7).
979 3814 1175 3869 Eadem
1213 3815 1416 3879 abillo,
1463 3813 1556 3867 sed
1601 3814 1718 3868 aliis
1768 3815 1963 3880 verbis,
1998 3815 2046 3867 in
2079 3814 2251 3882 primo

656 3909 722 3961 ad
749 3907 998 3963 Nationes
1041 3909 1177 3962 libro
1211 3907 1350 3980 (cap.
1391 3911 1478 3979 ll)
1514 3919 1695 3963 rurSUs
1722 3909 1934 3976 scriptis
1964 3906 2154 3959 tradita
2186 3906 2253 3960 le-

655 4002 850 4072 gimus.
883 4003 947 4056 Et
983 4012 1129 4056 recte
1158 4001 1407 4072 quidem;
1444 4017 1563 4056 nam
1593 3999 1872 4056 Cornelius
1894 3999 2108 4054 Tacitus
2138 3998 2254 4052 hzrc

656 4096 819 4150 citato
847 4095 896 4147 in
945 4094 1081 4149 libro
1112 4108 1298 4150 revera
1326 4097 1656 4164 scripserat:
1693 4113 1711 4144 ί
1749 4093 2110 4146 [tertianorum
2147 4091 2253 4158 pri-

659 4204 776 4244 mus
815 4187 915 4243 Cu.
942 4187 1233 4256 Pompeius
1259 4187 1475 4242 Judalos
1500 4187 1728 4249 domuit,
1752 4185 2115 4254 tetnplutnt'pte
2134 4183 2254 4250 jure

657 4279 895 4335 victoria:
953 4281 1228 4350 ingressus
1266 4289 1364 4334 est.
1412 4271 1541 4333 lude
1595 4278 1864 4345 vulgatum
1923 4275 2066 4329 nulla
2113 4275 2257 4327 intus

661 4373 830 4428 Deum
859 4372 1054 4442 efﬁgie,
1083 4392 1100 4424 ι
1137 4374 1332 4440 pictum
1361 4373 1608 4426 videlicet
1630 4381 1720 4425 aut
1751 4370 2091 4435 fabricatum,
2125 4387 2142 4418 ι
2166 4383 2256 4420 va-

661 4480 812 4520 cuam
841 4467 1021 4520 sedem
1063 4472 1116 4520 et
1170 4466 1346 4519 inania
1390 4481 1585 4521 arcana
1629 4485 1646 4518 ι
1680 4466 1874 4534 ('l‘acit.
1905 4464 1998 4519 lib.
2049 4479 2080 4516 v
2117 4461 2254 4516 Hist.

675 4545 787 4612 rost
816 4558 983 4625 init).

2941 3392 3232 3432 ARTICULUS
3276 3394 3331 3432 ΙΙ.

2355 3490 2623 3557 Quomodo
2680 3490 2941 3545 Minucius
2988 3493 3271 3562 probaverit
3321 3492 3545 3546 ethnicos
3576 3492 3758 3561 hujus,
3805 3494 3948 3546 simi-

2424 3587 2581 3656 lisque
2619 3597 2704 3639 aut
2730 3587 2917 3662 peioris
2941 3588 3143 3640 sceleris
3189 3604 3296 3641 esse
3331 3604 3464 3654 reos,
3507 3588 3591 3656 qui
3624 3585 3793 3640 asinos
3835 3603 3951 3639 cum

2428 3677 2612 3749 Epona
2662 3689 2706 3731 et
2758 3678 2922 3744 Iside,
2970 3689 3120 3748 atque
3175 3679 3324 3732 boum
3371 3689 3417 3733 et
3466 3695 3722 3733 vervecum
3785 3679 3951 3746 capita

2423 3773 2579 3840 impie
2625 3773 2877 3836 colebant,
2927 3789 2986 3825 ac
3045 3773 3428 3826 venerabantmu

2356 3911 2560 3975 Quanta
2610 3924 2736 3979 vero
2788 3917 2929 3962 esset
2973 3907 3309 3962 ethnicorum
3358 3906 3698 3961 Christianos
3758 3904 3953 3959 asinini

2356 4003 2533 4056 cultus
2579 4002 2944 4057 accusantium
2977 4001 3266 4062 dementia,
3301 3999 3640 4054 manifestum
3677 3998 3800 4052 inde
3829 4013 3954 4053 aue-

2359 4105 2443 4150 tor
2487 4103 2671 4149 noster
2726 4096 2872 4156 facit,
2919 4093 3057 4163 quod
3109 4094 3184 4147 illi
3227 4109 3330 4147 non
3377 4093 3576 4157 semel,
3627 4091 3721 4146 sed
3771 4091 3956 4159 saepis-

2357 4188 2491 4242 sime
2539 4187 2780 4255 ejusdem
2823 4197 2911 4241 aut
2960 4185 3146 4241 similis
3175 4184 3355 4255 ﬂagitii
3385 4183 3686 4240 certissime
3737 4184 3956 4238 convin-

2360 4291 2628 4337 cerentur.
2664 4282 2766 4336 Tot
2815 4295 2993 4336 autem
3041 4280 3302 4349 exemplis
3353 4280 3454 4334 hoc
3496 4279 3560 4332 ab
3587 4295 3652 4333 eo
3682 4277 3954 4346 probatur,

2363 4384 2418 4428 ut
2445 4375 2578 4428 nihil
2610 4375 2808 4428 etlmici
2835 4382 3019 4428 contra
3041 4373 3389 4443 respondere,
3423 4382 3514 4426 aut
3538 4373 3759 4425 omnino
3787 4369 3960 4425 hisce-

2361 4481 2421 4520 re
2468 4465 2746 4520 auderent.
2804 4466 2886 4520 Αἰ)
2917 4467 3040 4535 ipso
3081 4467 3281 4536 itaque,
3335 4481 3493 4536 quem
3528 4465 3693 4519 asinis
3731 4473 3784 4518 et
3815 4462 3956 4531 Epo-

2364 4573 2446 4612 nae
2469 4557 2815 4623 adhibebant,
2839 4559 2984 4612 cultu
3008 4559 3084 4613 sic
3115 4559 3332 4628 incipit:
3360 4577 3379 4610 ι
3413 4557 3518 4613 Vos
3545 4567 3597 4611 ct
3622 4565 3761 4610 totos
3778 4556 3959 4608 asinos

739 4648 815 4701 Ex
853 4647 934 4700 itis
983 4659 1142 4716 porro
1185 4663 1303 4719 quae
1339 4643 1596 4704 hactenus
1649 4649 1914 4716 disputata
1956 4655 2098 4712 sunt,
2141 4646 2258 4715 quis
2283 4655 2338 4716 1)
2365 4667 2484 4707 cum
2533 4657 2709 4704 vestra
2788 4651 3012 4720 (Regius
3057 4653 3225 4706 codex
3254 4648 3577 4722 addiditvel)
3618 4649 3800 4719 Epona
3833 4663 3960 4703 con-

666 4755 772 4795 non
811 4733 986 4795 videat
1015 4741 1212 4795 nullam
1240 4743 1393 4810 plane
1418 4743 1572 4797 iidem
1600 4741 1896 4796 habendam
1929 4756 2100 4808 neque
2133 4738 2258 4793 huic

665 4833 918 4889 Cornelio
951 4833 1135 4889 Tacito
1168 4852 1339 4906 neque
1377 4835 1497 4889 aliis
1549 4833 1804 4904 improbis
1862 4832 2264 4888 calumniatori-

665 4926 788 4994 bus,
837 4927 925 4996 qui
969 4943 996 4982 a
1024 4928 1221 4983 Judaris
1255 4929 1506 4997 primum,
1540 4929 1735 4983 deinde
1767 4927 2084 4984 Christianis
2127 4926 2263 4980 divi-

668 5029 796 5079 'nuui
846 5025 1079 5094 aliquem
1116 5025 1319 5079 cultum
1350 5025 1560 5080 asinino
1602 5025 1760 5095 capiti
1793 5024 2048 5078 tributum
2091 5024 2265 5092 impu-

667 5119 983 5174 dentissime
1011 5119 1441 5175 mentiebantur?

740 5211 895 5267 Unde
937 5223 1060 5268 vero
1093 5225 1195 5267 tam
1237 5213 1415 5276 putida
1464 5213 1638 5268 fabula
1686 5223 1874 5269 exorta
1916 5213 2005 5278 sit,
2054 5213 2263 5278 varias,

671 5313 866 5374 praeter
907 5319 1024 5359 eam
1067 5322 1186 5376 qtae
1219 5307 1328 5375 jam
1370 5323 1397 5359 a
1439 5307 1592 5360 nobis
1636 5308 1792 5362 allata
1825 5319 1935 5371 est,
1970 5306 2267 5361 Bochartus

669 5396 944 5466 (Boehart.
973 5399 1035 5451 de
1057 5399 1280 5453 Animal.
1300 5417 1432 5452 sacr.
1463 5403 1639 5470 script.
1675 5409 1801 5455 tom.
1829 5417 1864 5465 ι,
1886 5415 2003 5468 cap.
2031 5401 2118 5464 18,
2147 5413 2265 5468 pag.

667 5489 764 5543 29.!
801 5501 853 5544 et
872 5491 1051 5561 seqq.)
1079 5508 1141 5546 ac
1159 5491 1379 5548 Vossius
1399 5494 1574 5566 (Voss.
1609 5495 1703 5548 ιιι).
1729 5511 1807 5560 ιιι,
1835 5495 1897 5547 de
1925 5493 2036 5547 Ort.
2068 5504 2114 5546 et
2142 5492 2268 5547 Pro-

669 5599 827 5652 gress.
848 5583 1145 5652 Idololatr.,
1166 5600 1283 5655 cap.
1306 5586 1392 5651 75,
1420 5604 1466 5655 p.
1487 5587 1614 5656 565)
1639 5589 1875 5643 rationes
1895 5587 2260 5643 reddiderunt.

672 5676 758 5729 Eae
786 5686 986 5741 autem,
1019 5691 1140 5730 cum
1165 5677 1216 5731 in
1241 5693 1426 5732 eorum
1457 5679 1610 5734 libris
1640 5679 1796 5733 facile
1828 5694 1856 5732 a
1886 5681 2126 5750 quolibet
2165 5680 2265 5748 legi

667 5769 894 5834 possint,
941 5767 1070 5819 iilud
1121 5778 1321 5820 tanttnn
1363 5770 1679 5837 adjiciennts
1727 5771 1867 5834 quod
1915 5774 1982 5824 de
2033 5772 2262 5840 quodam

670 5855 876 5918 ιυύιυο,
913 5854 1130 5908 homine
1162 5857 1546 5923 perditissimo,
1581 5856 1946 5912 Tertullianus
1974 5869 2258 5913 memorat.

2364 4744 2607 4798 socratis.
2650 4763 2668 4795 ι
2713 4743 2818 4799 Sed
2854 4743 3066 4813 plurimi
3102 4744 3172 4798 ibi
3212 4743 3416 4797 librarii
3457 4741 3709 4796 mendum
3739 4741 3960 4796 subesse

2366 4836 2697 4902 existimant,
2744 4836 2884 4906 quod
2927 4838 3155 4906 quisque
3204 4851 3301 4905 pro
3357 4835 3552 4905 ingenii
3585 4835 3666 4888 sui
3715 4835 3961 4888 acumine

2365 4931 2634 5001 corrigere
2685 4939 2910 4985 conatos
2942 4941 3039 4986 cst.
3095 4931 3320 4997 Quidam
3367 4930 3507 4986 enim
3563 4929 3688 4984 illud
3738 4929 3814 4982 vel
3865 4944 3961 4985 ex-

2373 5025 2639 5094 pulcruut,
2697 5024 2966 5094 scribique
3015 5024 3065 5078 in
3119 5025 3276 5079 editis
3327 5026 3610 5079 voluerunt
3649 5022 3964 5091 simpliciter

2377 5139 2393 5170 (
2432 5132 2553 5171 cum
2611 5127 2786 5172 vestra
2818 5116 3024 5187 Epona.
3059 5135 3078 5168 ›
3132 5117 3208 5170 Ex
3264 5118 3345 5170 his
3407 5127 3582 5170 tamen
3631 5115 3793 5185 aliqui
3845 5127 3963 5168 sus-

2374 5209 2535 5281 picati
2583 5218 2708 5263 sunt
2747 5208 2814 5264 ab
2862 5211 3039 5280 aliquo
3082 5209 3132 5264 in
3174 5211 3413 5280 margine
3469 5217 3731 5272 notatum,
3769 5224 3788 5256 ι
3842 5220 3960 5259 cum

2372 5305 2634 5374 liippona.
2674 5323 2692 5354 ι
2728 5302 2923 5356 Verum
2967 5303 3049 5356 lue
3091 5319 3251 5358 mene
3294 5304 3619 5372 conjecturae
3645 5308 3788 5366 sunt,
3820 5300 3964 5354 nulla

2372 5399 2690 5451 auctoritate
2721 5395 2800 5448 vel
2835 5396 3141 5449 testimooio
3183 5396 3349 5450 fultae.
3404 5395 3506 5450 Alii
3561 5408 3689 5448 vero
3743 5394 3793 5447 in
3869 5405 3962 5446 sua

2374 5491 2609 5545 editione
2658 5490 2934 5560 jusserunt
2988 5489 3190 5555 scribi,
3253 5509 3270 5541 t
3335 5504 3455 5543 cum
3509 5497 3684 5543 vestra
3738 5486 3822 5541 vel
3871 5499 3963 5539 sua

2372 5584 2578 5652 EpOtla.
2621 5603 2638 5634 ι
2689 5583 2860 5650 Quam
2902 5580 3116 5652 quidem
3169 5581 3557 5648 conjecturam,
3619 5579 3716 5633 etsi
3781 5578 3963 5632 contra

2373 5676 2720 5744 manuscripti
2771 5675 2956 5738 tidem,
3008 5688 3128 5727 mox
3172 5673 3400 5726 citandis
3445 5671 3758 5726 Tertulliani
3792 5669 3964 5724 verbis

2369 5770 2723 5833 confirmare,
2775 5770 2866 5822 sed
2925 5784 3207 5836 jerperatn
3263 5767 3519 5820 nituntur.
3575 5764 3804 5831 Quidam
3854 5773 3967 5816 tan-

2369 5861 2490 5912 dem
2520 5861 2914 5916 emendandum
2939 5863 3257 5930 opinantur:
3295 5878 3313 5909 ιι
3344 5876 3464 5916 cum
3497 5860 3678 5926 Vesta,
3712 5857 3795 5913 vel
3828 5856 3962 5936 Epo:
