4264 6258
233 418 347 484 500

1628 402 2097 466 DISSERTATIO.

3436 384 3540 446 5l0

236 560 348 613 na;
390 562 407 596 ι
484 538 607 612 quia
653 535 900 608 gentiles.
930 545 1243 604 persuasum
1311 525 1579 584 habebant
1632 525 1839 578 asinum
1869 525 1923 584 Α
1955 540 1973 573 ι
2009 518 2299 585 decoratis,
2339 535 2357 569 ›
2414 514 2534 588 quia
2582 522 2871 591 utramque
2904 504 3059 577 asini,
3126 503 3281 563 deam
3345 488 3541 561 lsideni

239 655 367 696 esse
410 637 588 692 Vestae
633 620 905 689 delicium.
959 626 1028 683 At
1072 632 1217 681 certe
1246 623 1452 679 tametsi
1481 620 1664 675 asinus
1692 631 1842 671 reve-

242 749 306 789 ra
356 719 411 787 in
443 730 654 787 deliciis
684 727 876 782 fuiSsct
922 710 1116 787 Vestae,
1151 720 1485 790 probandum
1530 715 1703 770 adhuc
1726 720 1843 767 erat

242 827 430 881 asinos
476 825 524 880 ei
565 818 896 881 consecrari,
926 826 980 872 et
1000 832 1096 870 cur
1123 814 1382 870 Minucius
1428 810 1643 875 dixerit,
1702 827 1720 859 ‹
1756 804 1842 861 vel

242 919 451 990 Epona.
491 937 510 970 ι
544 915 813 970 Prretcrea
837 913 1074 967 scribere
1110 909 1405 971 debuisset,
1441 924 1459 957 α
1498 917 1549 958 et
1580 902 1783 972 Epona,
1817 919 1836 953 ι

245 1023 407 1082 atque
460 1027 524 1066 eo
580 1010 837 1071 maxime,
869 1006 1011 1077 quod
1062 1007 1400 1060 continenter
1446 996 1839 1069 adjeceritasi-

247 1121 350 1162 nos
397 1102 520 1160 lsidi
577 1113 859 1159 mactatos.
913 1102 1047 1169 Quid
1099 1115 1226 1169 ergo
1266 1099 1308 1152 si
1342 1095 1618 1168 particula,
1649 1090 1745 1156 vel,
1777 1089 1845 1142 ab

246 1210 471 1255 auctore
520 1209 725 1264 nostro,
784 1196 923 1251 sicut
977 1212 1005 1247 a
1059 1192 1298 1263 pluribus
1328 1192 1445 1244 aliis
1482 1197 1721 1242 sumatur
1750 1197 1845 1254 pro

253 1293 456 1346 etiam?
500 1291 687 1346 Nonne
729 1289 889 1344 latina
931 1303 994 1342 ac
1026 1287 1305 1356 perspicua
1335 1282 1438 1337 erit
1466 1282 1582 1351 ejus
1626 1277 1842 1343 locutio,

251 1386 492 1457 nihilque
530 1387 580 1440 in
624 1387 741 1454 ejus
771 1394 915 1438 textu
967 1380 1323 1434 mutandum?

327 1486 455 1547 Qua:
484 1495 642 1549 porro
676 1479 833 1533 fuerit
868 1476 1073 1545 Epona,
1111 1474 1189 1527 bis
1220 1471 1541 1526 Plutarchus
1571 1483 1688 1538 post
1712 1474 1848 1538 Age-

255 1574 447 1627 silaum
493 1572 511 1643 (
543 1573 688 1643 Ages.
720 1556 775 1625 ni
800 1568 975 1623 Italic.
1009 1566 1026 1637 )
1060 1566 1279 1634 exponit
1330 1566 1506 1620 verbis
1539 1584 1551 1620 :
1584 1585 1601 1617 ‹
1628 1564 1849 1619 Fulvius

258 1664 459 1720 Stellus
483 1707 497 1729 ,
531 1681 559 1717 a
602 1663 916 1719 mulieribus
943 1662 1123 1715 animo
1172 1658 1366 1724 alieno,
1400 1672 1520 1711 cum
1571 1674 1703 1727 equa
1736 1672 1849 1710 rem

259 1756 465 1813 habuit.
498 1752 572 1812 Ea
620 1772 718 1813 suo
751 1769 995 1824 tempore
1040 1754 1201 1807 lilium
1248 1752 1415 1807 edidit
1449 1751 1846 1819 perpulchrum,

257 1853 344 1903 cui
377 1860 526 1917 pater
555 1848 751 1919 Epona:
795 1862 989 1901 nomen
1040 1844 1260 1907 indidit,
1312 1845 1550 1910 auiam»;
1590 1831 1848 1905 ἱππῶνανς

260 1940 425 2009 atque
455 1940 570 1996 haec
597 1950 679 1996 est
705 1940 825 2005 dea,
856 1954 1111 2007 equorum
1145 1937 1572 2007 procreationem
1602 1949 1796 2004 gerens
1829 1953 1846 1986 ι
1886 1918 1929 1979 Β

262 2034 562 2108 (Plutarch.
591 2042 719 2087 tom.
751 2049 807 2088 ιι.
836 2034 885 2085 in
917 2026 1164 2085 Parallel.
1214 2044 1330 2099 pag.
1378 2026 1526 2099 519.).

335 2127 510 2188 Ipsius
558 2137 735 2181 autem
784 2126 1128 2179 simulacrum
1189 2112 1238 2177 in
1282 2123 1557 2192 praisepiis
1608 2120 1858 2176 Collocari

264 2220 483 2276 solitqu
528 2216 784 2289 colligunt
827 2234 890 2275 ex
948 2219 1029 2271 bis
1085 2216 1359 2271 .luvenalis
1397 2215 1592 2270 dictis:

452 2391 807 2483 .Solamhippo,
837 2392 889 2483 et
917 2392 1069 2469 facies
1094 2393 1220 2467 olida
1245 2391 1303 2468 ad
1330 2356 1766 2483 prasi‘itirgtpietas.

837 2430 889 2469 et
917 2430 1069 2469 tactes
1094 2430 1220 2467 otuta
1245 2430 1301 2468 au
1330 2430 1571 2480 prmsetrta

822 2481 1068 2545 (Juvenal.
1093 2485 1259 2545 Satyr.
1288 2497 1381 2542 vni,
1407 2494 1451 2530 υ.
1479 2430 1624 2542 15Ἲῖ

269 2607 346 2661 lbi
379 2622 504 2662 vero
548 2608 792 2663 nonnulli
844 2623 940 2677 pro
989 2607 1163 2678 Hippo
1204 2607 1303 2677 legi
1365 2605 1600 2676 Eponam
1652 2606 1859 2660 volunt.

276 2700 353 2753 De
400 2701 588 2755 eodem
636 2715 847 2770 quoque
902 2696 1122 2769 Eponae,
1168 2701 1280 2754 sive
1327 2699 1607 2770 Hippotae,
1643 2697 1863 2751 simula-

272 2808 365 2847 cro
414 2794 464 2846 in
512 2794 789 2863 prarsepiis
839 2794 1012 2863 posito
1071 2794 1183 2847 Iure
1225 2802 1349 2846 sunt
1392 2792 1605 2863 Apuleii
1657 2791 1858 2847 verba:

277 2906 295 2938 ι
346 2876 599 2958 Respicio
646 2888 766 2959 pila:
805 2889 1013 2954 medim,
1065 2905 1182 2957 qtne
1227 2887 1417 2943 stabuli
1479 2888 1659 2942 trabes
1704 2887 1866 2941 susti-

273 2982 455 3045 nebat,
490 2983 540 3035 in
575 2984 689 3051 ipso
715 2984 825 3039 fere
852 2983 1153 3039 meditullio
1199 2984 1475 3054 llipponar,
1505 2998 1599 3038 seu
1638 2982 1859 3051 Eponae,

273 3077 391 3131 dcte
436 3078 800 3142 simulat-rum,
828 3079 1072 3133 residens
1116 3078 1377 3144 aediculae,
1421 3077 1563 3147 quod
1613 3087 1866 3130 accurate

274 3170 491 3225 enrollis
539 3172 732 3234 roseis,
762 3180 816 3226 et
858 3170 1073 3240 quidem
1128 3170 1455 3227 recentibus.
1493 3169 1667 3224 fuerat
1705 3182 1865 3223 coro-

273 3273 453 3316 natum
493 3281 511 3314 ι
547 3263 773 3334 (Apulei.
801 3264 888 3317 lib.
921 3280 978 3318 ιιι
1010 3263 1220 3316 Metam.
1270 3263 1360 3316 sub
1408 3260 1548 3332 βω).

347 3356 614 3410 ϐίιιιριυιιι
660 3356 921 3410 Minucius
972 3372 1153 3410 noster
1197 3356 1323 3409 dum
1375 3355 1601 3410 ethnicis
1646 3355 1865 3424 impium

276 3450 425 3503 illum
462 3450 660 3518 Eponre
700 3450 897 3504 cultum
927 3450 1141 3519 objicit,
1169 3449 1380 3505 videtur
1424 3449 1476 3502 in
1509 3449 1749 3519 vestigiis
1781 3450 1867 3501 in-

276 3545 468 3598 sistere
513 3544 861 3607 Tertulliani,
903 3544 989 3613 qui
1040 3543 1151 3612 pari
1198 3543 1358 3597 modo
1397 3552 1584 3597 Contra
1636 3557 1729 3596 eos
1790 3541 1869 3596 sic

276 3638 673 3705 disputaverat:
713 3655 732 3688 ι
773 3636 880 3692 Vos
925 3646 1101 3691 tamen
1146 3651 1249 3690 non
1291 3635 1555 3705 negabitis
1579 3634 1870 3705 etjumen-

278 3741 326 3784 ta
374 3732 577 3795 omnia,
630 3740 683 3785 et
725 3741 865 3786 totos
917 3731 1224 3786 cantherios
1263 3746 1383 3783 cum
1425 3745 1518 3783 sua
1553 3730 1737 3799 Epona
1767 3730 1869 3784 eoli

275 3842 303 3875 a
350 3824 523 3876 vobis.
587 3823 700 3876 lloc
731 3824 949 3876 forsitan
984 3824 1368 3891 improbantur,
1400 3823 1541 3892 quod
1592 3823 1730 3876 inter
1758 3822 1873 3876 cul-

278 3928 425 3970 tores
469 3916 703 3970 omnium
758 3915 1014 3983 pecudum
1069 3916 1469 3985 besdarumque
1508 3915 1721 3969 asinarii
1756 3928 1872 3967 Ian-

278 4021 389 4065 tunt
436 4025 625 4065 sumus
661 4029 680 4061 ι
715 4008 955 4076 (Tertull.
987 4009 1249 4080 Apoloqet.
1280 4027 1399 4076 cap.
1424 4010 1511 4073 lli,
1543 4025 1663 4079 pag.
1711 4007 1795 4065 17.
1826 4018 1873 4061 et

276 4106 345 4159 ad
376 4105 573 4159 Nation
599 4122 712 4176 cap.
751 4107 839 4169 11,
872 4122 991 4176 pag.
1028 4104 1098 4159 58
1127 4103 1167 4171 ).
1200 4105 1397 4159 Eadem
1431 4118 1643 4171 quoque
1683 4102 1873 4158 iisdem

280 4198 549 4267 plerisque
601 4197 781 4253 verbis
830 4197 936 4251 alio
990 4198 1040 4251 in
1089 4197 1224 4251 libro
1274 4196 1485 4266 repetit.
1537 4195 1876 4265 Quapropter

276 4291 597 4347 Prudentius
643 4292 783 4365 hanc
812 4292 1069 4347 insulsam
1113 4290 1445 4346 divinitatem
1502 4288 1586 4344 his
1631 4288 1875 4344 versibus

277 4383 515 4453 explodit
542 4402 553 4437 ι

370 4494 411 4569 15
417 4507 528 4569 emo
543 4494 790 4569 filoacinae
814 4502 897 4567 aut
918 4495 1097 4569 Epona:
1120 4505 1269 4554 super
1293 4498 1419 4569 astra
1444 4493 1650 4555 deabus,

368 4556 463 4632 ρει
483 4559 674 4632 solium,
701 4560 922 4632 quamvis
943 4558 1142 4632 solidam
1170 4556 1415 4627 persolvat
1435 4570 1673 4618 acerram,

371 4620 739 4684 Sacrilegisque
766 4621 940 4670 molam
965 4620 1189 4684 manibus
1217 4621 1424 4684 rimetur
1447 4626 1497 4684 et
1525 4627 1658 4668 exta.

1026 4680 1307 4742 (Prudent.,
1332 4680 1587 4744 Apamea,
1609 4680 1636 4745 §
1659 4676 1749 4743 ΙΙ.)

352 4810 483 4865 Post
528 4809 642 4864 btec
694 4808 943 4864 Octavius
993 4805 1291 4872 Caicilinm,
1348 4805 1589 4875 aliosque
1629 4805 1876 4861 ethnicos

280 4904 357 4959 sic
403 4904 684 4973 increpare
723 4903 925 4973 pergit:
983 4920 1001 4951 ι
1044 4900 1275 4955 Eosdem
1317 4900 1500 4953 asinos
1554 4914 1676 4953 cum
1741 4896 1878 4953 lside

277 4999 532 5068 religiose
578 4997 863 5061 devotatis,
902 5016 920 5048 ι
977 4996 1026 5049 in
1058 4996 1205 5066 regio
1254 4993 1438 5048 codice
1494 5012 1512 5045 ι
1545 4991 1871 5056 devoratis,»

277 5090 372 5146 sed
422 5091 523 5144 hoc
573 5089 844 5159 plerisque
896 5088 1145 5143 omnibus
1187 5085 1399 5140 videtur
1457 5084 1658 5138 librarii
1720 5097 1874 5135 mcu-

278 5182 425 5238 dttm.
469 5182 779 5253 Legendum
832 5182 1013 5250 itaque
1055 5179 1295 5235 nonnulli
1343 5185 1662 5247 putaverttnt
1695 5193 1713 5227 ε
1775 5174 1874 5229 de-

277 5276 494 5341 votatis,
528 5295 546 5327 ι
605 5274 655 5330 id
714 5285 814 5341 est,
866 5273 1091 5329 devotos
1141 5272 1445 5328 ostenditis.
1490 5269 1595 5326 Sed
1649 5266 1877 5338 probare

277 5370 547 5427 debebant
602 5369 817 5424 ubinam
882 5367 1107 5422 verbum
1162 5367 1396 5419 dcvotare
1451 5379 1515 5418 eo
1572 5377 1734 5417 sensu
1788 5375 1879 5415 ac-

278 5465 516 5535 cipitur?
581 5464 684 5519 Alii
743 5468 998 5533 scriptum
1049 5459 1417 5514 ariolabantur
1470 5476 1487 5508 ι
1526 5455 1811 5510 denotatis.
1851 5471 1870 5504 ι

279 5559 353 5612 At
401 5556 527 5625 quid
568 5556 633 5611 ad
686 5555 895 5611 Octavii
945 5552 1323 5625 propositum?
1378 5549 1481 5604 Alii
1532 5544 1879 5602 autumabant

281 5648 679 5704 emendandum
715 5668 733 5698 ‹
767 5647 1076 5712 devocatis,
1117 5665 1134 5697 ι
1184 5657 1289 5714 quo
1327 5655 1486 5696 sensu
1537 5639 1785 5694 Socrates
1847 5651 1877 5690 a

278 5741 441 5799 bonis
473 5742 782 5795 auctoribus
809 5742 1005 5795 dicitur
1040 5736 1435 5810 philoSOphiam
1481 5732 1771 5787 devocasse
1813 5730 1880 5787 dc

277 5838 441 5893 cwln.
497 5833 602 5890 Sed
650 5850 929 5903 quorsum,
984 5833 1175 5885 amabo
1244 5845 1334 5892 te,
1408 5825 1679 5880 asinorum
1757 5840 1879 5880 cum

278 5931 419 5993 Iside
464 5929 793 5988 devocatio?
848 5927 956 5985 Alii
1007 5926 1219 5984 tandem
1248 5918 1628 5991 corrigendum
1656 5930 1884 5980 censent

1947 615 2251 686 portantis,
2310 621 2468 683 atque
2506 610 2781 679 ipsiusntet
2838 602 3014 669 Isidis,
3085 599 3317 673 efﬁgiem
3394 597 3543 652 vario

1946 710 2138 763 ornatu
2186 706 2494 762 decoratam
2543 702 2701 756 simul
2754 698 3166 754 venerabantur.
3217 691 3328 747 Nec
3366 693 3543 762 inepta

1948 817 2168 874 prorsus
2217 798 2428 854 videtur
2468 795 2583 851 haec
2630 794 2970 863 conjectura;
3018 788 3126 859 jam
3186 786 3328 842 enim
3388 786 3536 853 Apu-

1947 897 2109 952 leium
2145 892 2446 948 audivimus
2486 891 2753 944 dicentem
2804 872 2917 941 dea:
2956 883 3157 952 Eponm
3192 877 3537 934 simulacrum

1947 988 2255 1044 recentibus
2308 983 2526 1039 corollis
2581 982 2755 1036 roseis
2816 979 2980 1032 fuisse
3026 958 3279 1027 acrurate
3316 983 3545 1023 corona-

1950 1091 2081 1136 tum.
2152 1080 2272 1134 Alio
2322 1060 2497 1131 autem
2554 1075 2606 1129 in
2661 1073 2798 1126 libro
2850 1054 2955 1124 non
3013 1067 3190 1120 minus
3262 1054 3545 1132 perspicue

1948 1171 2180 1228 declarat
2238 1166 2391 1224 lsidis
2444 1168 2674 1235 effigiem
2720 1163 2789 1219 ab
2841 1162 2958 1231 ejus
3013 1155 3384 1215 Sacerdotibus
3454 1165 3548 1221 per

1948 1250 2179 1315 casulas,
2201 1253 2348 1307 vicos
2387 1261 2441 1306 et
2492 1234 2666 1302 castra
2712 1240 3044 1300 circumferri
3108 1239 3321 1294 solitam
3371 1234 3547 1290 serico

1950 1354 2252 1402 contectam
2296 1343 2548 1405 amiculo,
2598 1355 2718 1409 quze
2779 1334 2845 1391 ab
2896 1330 3071 1413 obviis
3113 1330 3364 1386 omnibus
3417 1340 3548 1397 gen-

1953 1440 2134 1497 tilibus
2192 1436 2472 1495 colebatur
2522 1430 2751 1508 (Apulei.
2791 1431 2975 1485 lib.VI.
3032 1422 3242 1481 Metam.
3288 1424 3381 1477 sub
3424 1418 3546 1490 ﬁn).

1953 1532 2210 1604 Expende
2253 1546 2382 1601 ergo
2437 1538 2613 1583 utrum
2639 1526 2724 1580 hic
2770 1520 2840 1580 sit
2889 1510 3104 1577 Minucii
3136 1516 3304 1572 nostri
3330 1528 3547 1576 sensus,

1954 1639 2008 1683 et
2051 1632 2102 1683 in
2143 1618 2259 1695 ejus
2305 1632 2458 1678 textu
2517 1619 2802 1690 legendum
2850 1618 2920 1671 sit
2970 1635 2986 1666 ι
3019 1612 3311 1669 decoratis.
3352 1628 3372 1661 ι
3404 1605 3549 1661 Nihil

1954 1724 2096 1778 enim
2154 1735 2252 1774 nos
2302 1720 2418 1773 sine
2448 1716 2640 1787 integri
2680 1710 2883 1769 codicis
2906 1698 3225 1765 auctoritate
3271 1713 3420 1759 certo
3457 1700 3549 1757 de-

1959 1815 2250 1871 liniendum
2303 1825 2570 1884 putamus.

2031 1909 2110 1963 Ad
2170 1907 2273 1962 alia
2320 1906 2500 1972 itaque
2527 1898 2896 1955 transeamus:
2934 1913 2951 1947 ι
2987 1893 3180 1957 Boum,
3213 1909 3232 1942 ι
3266 1887 3413 1944 addit
3439 1884 3551 1952 ille,

1969 2026 1985 2058 ι
2021 2003 2193 2073 capita
2217 2045 2229 2063 ,
2263 2006 2318 2055 et
2362 1994 2535 2065 capita
2582 1992 2889 2053 vervecum;
2914 1998 2967 2043 et
3013 1980 3324 2045 immolatis,
3359 1990 3409 2035 et
3457 1990 3555 2032 co-

1963 2068 2100 2153 litis.
2134 2115 2153 2147 ι
2207 2093 2276 2148 At
2307 2092 2374 2147 de
2419 2091 2576 2144 boum
2623 2085 2769 2140 cultu
2802 2091 2857 2137 et
2904 2068 3169 2135 sacrificio
3200 2073 3280 2130 sic
3320 2072 3558 2137 loquitur

1962 2189 2295 2246 Herodotus:
2352 2200 2370 2234 ι
2426 2172 2599 2238 Boves
2646 2188 2863 2241 mares,
2912 2168 3245 2239 eosdemque
3287 2158 3555 2227 mundos,

1962 2301 2024 2340 ac
2067 2283 2263 2338 vitulos
2310 2276 2546 2334 universi
2605 2268 2865 2344 Egyptii,
2921 2272 3102 2332 Θῦουσι,
3135 2259 3438 2317 immolant.
3489 2254 3561 2309 At.

1964 2377 2191 2433 feminas
2244 2375 2325 2430 eis
2368 2378 2492 2425 eam
2523 2367 2801 2422 immolare
2860 2372 2965 2418 non
2991 2361 3159 2425 licet,
3189 2360 3378 2425 utpote
3435 2348 3559 2406 Isidi

1964 2478 2327 2527 consecratas.
2386 2463 2517 2519 Nam
2564 2460 2721 2516 Isidis
2773 2444 3120 2511 simulacrum
3167 2444 3428 2502 muliebre
3452 2434 3557 2508 est,

1966 2563 2180 2619 bubulis
2210 2559 2490 2631 praeditum
2517 2552 2791 2615 cornibus,
2826 2541 3277 2618 quemadmodum
3296 2536 3355 2593 lo
3385 2534 3561 2593 (ἕτωοί

1966 2654 2295 2711 describunt.
2336 2651 2437 2706 Καὶ
2480 2657 2564 2712 τὰς
2604 2652 2720 2719 βοῦς
2765 2651 2849 2704 τὰς
2888 2649 3072 2703 θηλείας
3113 2634 3365 2707 Ᾱῖγῦπτιοι
3391 2637 3561 2691 πάντες

1967 2757 2138 2819 ὁμοίως
2168 2749 2383 2802 deum.
2404 2742 2649 2815 «posti-raw
2672 2744 2859 2794 πάντων
2883 2738 3097 2804 μάλιστα
3123 2747 3137 2784 τ
3170 2727 3450 2796 Βονθδιιιιο
3480 2722 3562 2776 fe-

1968 2844 2140 2900 minas
2191 2853 2381 2897 omnes
2434 2837 2594 2892 iidem
2651 2831 2888 2904 Egyptii
2944 2832 3269 2883 venerantur
3324 2834 3391 2874 ex
3447 2828 3566 2869 om-

1968 2936 2127 2994 nibus
2199 2930 2493 3005 pecudibus
2553 2929 2710 2997 longe
2781 2907 3107 3005 plurimum:
3180 2912 3353 2984 cuque
3405 2919 3565 2963 nemo

1968 3000 2272 3101 Egyptius,
2328 3022 2683 3095 Egyptiave,
2737 3014 2917 3075 "Graeci
2961 3000 3061 3101 viri
3115 3008 3209 3063 aut
3252 3020 3314 3061 os
3351 3000 3565 3058 Suavia—

1968 3123 2154 3185 retur,
2212 3130 2304 3174 aut
2359 3116 2555 3179 cultro,
2586 3112 2671 3167 vel
2730 3126 2885 3174 veru,
2931 3090 3012 3161 vel
3065 3102 3167 3157 olla
3217 3098 3358 3185 illius
3388 3105 3568 3148 utere-

1972 3225 2078 3273 tur.
2132 3216 2226 3267 ‘aut
2294 3224 2423 3281 pura
2496 3192 2649 3261 beris
2712 3210 2874 3257 carne
2943 3192 3117 3267 ara-co
3186 3179 3361 3247 cultro
3400 3184 3567 3241 incisa

1892 3306 1938 3369 C
1970 3294 2282 3364 vescerctur
2319 3322 2337 3357 ι
2371 3301 2646 3372 (Herodot.
2693 3297 2787 3351 lib.
2840 3310 2897 3348 ιι.
2946 3291 2976 3364 §
3028 3286 3149 3359 41).

2044 3388 2181 3465 Ouid
2223 3413 2371 3468 ergo,
2404 3392 2591 3461 arguet
2626 3390 2861 3458 aliquis?
2904 3384 3093 3441 Nonne
3138 3379 3332 3435 falsum
3396 3372 3571 3428 omni-

1974 3511 2045 3551 no
2092 3488 2175 3550 est
2218 3482 2376 3547 ullam
2426 3488 2553 3544 bOvl
2600 3488 2666 3541 ab
2694 3470 2963 3557 Egyptiis
3002 3472 3294 3535 eiltibitam
3346 3484 3573 3557 venere.

1975 3591 2195 3653 tionem,
2245 3588 2427 3654 utpote
2501 3570 2592 3652 qui
2650 3551 2818 3633 illui‘n'
2883 3573 2987 3630 diis
3034 3564 3415 3626 immolat-ent?
3463 3551 3571 3615 Eu-

1974 3681 2157 3737 sebins
2204 3668 2482 3734 enimvero
2526 3671 2865 3743 apertissime
2914 3657 3183 3722 lnliciatns
3226 3666 3310 3717 est
3357 3661 3426 3711 ab
3482 3654 3574 3708 iis-

1975 3776 2097 3829 dem
2148 3770 2419 3842 !Egyptiis
2468 3768 2633 3821 boves
2678 3770 2777 3834 pro
2841 3761 2945 3815 diis
3013 3757 3258 3819 habitos;
3325 3747 3571 3821 quando-

1977 3864 2191 3936 quidem
2247 3863 2329 3915 ltis
2371 3858 2591 3914 eosdem
2624 3857 2790 3910 boves
2814 3850 3206 3907 sacrificabant.
3242 3845 3369 3899 llaic
3394 3850 3571 3895 autem

1978 3963 2119 4018 illius
2148 3968 2271 4015 sunt
2313 3957 2512 4011 verba:
2543 3942 2637 4010 ὅτι
2669 3956 2716 4005 δὲ
2750 3955 2854 4006 οὖδὲ
2900 3955 2961 4004 τὰ
3007 3951 3109 4012 ζῶα
3152 3949 3280 4001 θῖοίρς
3325 3945 3570 4005 ἡγοῦνται,

1979 4060 2117 4121 δηλοῖ
2168 4063 2222 4113 τὸ
2254 4042 2500 4119 noneton
2541 4058 2657 4119 βοῦς
2702 4046 2991 4114 ἀναχθέντας
3023 4042 3141 4099 θεοῖς
3171 4043 3217 4091 ιν
3242 4040 3349 4096 uti;
3378 4042 3574 4103 ἱερομη-

1977 4164 2099 4215 νταις
2125 4168 2171 4205 ει
2201 4146 2353 4217 Quod
2385 4144 2481 4209 illi,
2514 4140 2742 4213 Egytii,
2770 4140 2955 4194 brutas
2981 4133 3281 4188 animantes
3303 4126 3436 4181 deos
3452 4137 3577 4179 esse

1980 4212 2245 4315 nequam-
2271 4212 2697 4299 arbitrarentur,
2752 4231 2836 4285 vel
2891 4243 2957 4283 ex
3021 4232 3088 4280 eo
3153 4214 3362 4291 liquei,
3429 4212 3576 4287 quod

1979 4340 2033 4393 in
2087 4336 2355 4405 plerisque
2395 4330 2530 4386 locis
2566 4327 2732 4382 boves
2775 4322 2877 4378 diis
2929 4325 3275 4374 consecratos
3320 4308 3578 4366 solemni-

1981 4434 2083 4489 bus
2120 4430 2268 4485 feriis
2331 4420 2663 4493 deorumque
2708 4408 3063 4487 religionibus
3112 4406 3392 4465 immolare
3438 4401 3579 4459 sole-

1981 4527 2107 4581 bant
2139 4545 2158 4578 ι
2196 4521 2410 4596 (Euseb.
2441 4518 2531 4573 lib.
2569 4534 2646 4573 ιιι.
2685 4514 2921 4585 Prwpar.
2953 4507 3154 4578 Evaug.
3187 4518 3305 4572 cap.
3334 4499 3421 4566 12,
3455 4511 3575 4596 ρος.

1983 4619 2087 4675 117
2120 4623 2159 4689 ).
2205 4587 2471 4673 lAnimum
2514 4610 2692 4667 lamen
2746 4605 2792 4663 is
2851 4600 3095 4659 advertat
3141 4609 3317 4653 utrutn
3350 4594 3484 4647 facta
3511 4587 3579 4643 ab

1899 4686 2258 4767 DHerodoto
2326 4707 2510 4774 bovis,
2562 4702 2726 4760 maris
2779 4707 2834 4756 et
2892 4696 3139 4756 feminas,
3194 4686 3577 4751 distinctione,

1980 4806 2154 4860 nodus
2209 4802 2433 4873 hujusce
2487 4778 2820 4853 difficultatis
2871 4807 2975 4846 non
3029 4787 3289 4841 solvatur.

2051 4897 2264 4952 lnlicias
2305 4893 2571 4963 siquidem
2612 4889 2793 4945 nullus
2844 4885 2972 4949 ibit,
3012 4879 3299 4951 [Egyptios
3337 4874 3580 4943 aliquan-

1979 4990 2049 5046 do
2103 4990 2227 5045 bovi
2274 4987 2627 5044 reverentiam
2660 4983 3032 5047 honoremque
3074 4970 3412 5029 adhibuisse,
3453 4978 3578 5020 cum

1980 5084 2177 5155 przet‘er
2216 5083 2477 5146 plurimos
2523 5078 2693 5139 alios,
2741 5073 2896 5129 Philo
2944 5067 3163 5122 Judzcus
3206 5061 3309 5116 ho’c
3357 5057 3426 5113 de
3473 5053 3578 5109 illis

1978 5179 2237 5246 scriptum
2256 5175 2565 5245 reliquerit:
2589 5166 2914 5235 ἐκλαθόμενοι
2934 5178 3017 5223 τῆς
3038 5170 3149 5235 πρὸς
3169 5167 3223 5214 τὸ
3242 5163 3291 5211 ὃν
3311 5156 3574 5215 ὁσιότητος,

1976 5281 2192 5337 ζηλωταὶ
2216 5285 2304 5324 τῶν
2330 5277 2653 5337 aborti-tamdiu
2678 5275 2885 5335 γίνονται
2911 5260 3220 5322 πλασμάτων.
3240 5249 3352 5305 εἶτα.
3378 5248 3579 5318 χρυσοῦν

1978 5373 2152 5436 ταῦρον
2186 5366 2653 5427 κατασκιυασάμνοι,
2678 5367 2879 5425 μίμημα
2896 5359 2976 5408 τοῦ
2995 5356 3123 5403 κατὰ
3145 5353 3298 5416 χώραν
3322 5345 3578 5412 ἱερωτάτην

1981 5461 2104 5523 ζώου
2128 5458 2367 5513 δοκοῦντος
2395 5453 2541 5517 εἶναι,
2589 5451 2755 5508 θυσίας
2784 5449 2984 5504 ἀθύτους
3020 5447 3274 5506 ἀνήγαγον.
3322 5454 3341 5487 ι
3378 5430 3575 5496 Οὺιίῑὶ,

1982 5545 2260 5610 Israelita),
2331 5543 2442 5598 veri
2499 5541 2610 5607 Dei,
2680 5544 2959 5607 coeperunt
3023 5529 3267 5587 munulari
3325 5527 3578 5596 figmenta

1985 5638 2285 5709 Egyptiae,
2337 5635 2476 5691 facto
2502 5635 2731 5704 juvenco
2765 5645 2950 5694 aureo,
2977 5626 3044 5681 ad
3085 5623 3436 5679 imitationem
3464 5632 3581 5671 ant-

1987 5733 2143 5788 malis
2198 5731 2317 5801 ejus
2369 5724 2744 5789 sacratissimi,
2798 5722 2882 5777 cui
2933 5719 3157 5793 profana
3212 5730 3364 5770 sacra
3417 5712 3580 5766 faeie.
3642 5704 3647 5707 ’

1986 5828 2136 5899 bant,
2170 5825 2399 5881 choreas
2429 5822 2675 5892 agebant,
2711 5828 2816 5874 ete.
2844 5837 2862 5870 ι
2895 5815 3097 5889 (Philo.
3130 5812 3218 5868 lib.
3250 5827 3325 5866 ιιι.
3359 5809 3420 5861 de
3465 5804 3581 5859 Vita

1985 5919 2157 5991 Mat/3.
2218 5935 2342 5991 pag.
2411 5914 2588 5987 677).
2661 5915 3022 5985 Hieronymus
3090 5924 3216 5966 \‘Cl’)
3290 5903 3582 5961 similiter:
