  <div class='ocr_page' id='page_1' title='image "/cluster/home/n/w/nwhite01/storage/ocr_20150623/3/hvd.32044054086798/305.png"; bbox 0 0 4264 6258; ppageno 0'>
   <div class='ocr_carea' id='block_1_1' title="bbox 725 314 822 370">
    <p class='ocr_par' dir='ltr' id='par_1_1' title="bbox 725 314 822 370">
     <span class='ocr_line' id='line_1_1' title="bbox 725 314 822 370; baseline 0.041 -4"><span class='ocrx_word' id='word_1_1' title='bbox 725 314 822 370; x_wconf 71' lang='grc'><strong>511</strong></span> 
     </span>
    </p>
   </div>
   <div class='ocr_carea' id='block_1_2' title="bbox 722 526 2326 605">
    <p class='ocr_par' dir='ltr' id='par_1_2' title="bbox 722 526 2326 605">
     <span class='ocr_line' id='line_1_2' title="bbox 722 526 2326 605; baseline 0.008 -23"><span class='ocrx_word' id='word_1_2' title='bbox 722 526 919 584; x_wconf 78' lang='lat' dir='ltr'><strong>fecisse</strong></span> <span class='ocrx_word' id='word_1_3' title='bbox 965 529 1064 584; x_wconf 85' lang='lat' dir='ltr'><strong>sibi</strong></span> <span class='ocrx_word' id='word_1_4' title='bbox 1115 543 1273 601; x_wconf 87' lang='lat' dir='ltr'><strong>caput</strong></span> <span class='ocrx_word' id='word_1_5' title='bbox 1321 534 1470 588; x_wconf 91' lang='lat' dir='ltr'><strong>vituli</strong></span> <span class='ocrx_word' id='word_1_6' title='bbox 1517 537 1656 601; x_wconf 91' lang='lat' dir='ltr'><strong>quod</strong></span> <span class='ocrx_word' id='word_1_7' title='bbox 1712 541 1953 605; x_wconf 88' lang='lat' dir='ltr'><strong>coleret,</strong></span> <span class='ocrx_word' id='word_1_8' title='bbox 2011 553 2064 596; x_wconf 90' lang='lat' dir='ltr'><strong>et</strong></span> <span class='ocrx_word' id='word_1_9' title='bbox 2135 543 2326 597; x_wconf 84' lang='lat' dir='ltr'><strong>lliero-</strong></span> 
     </span>
    </p>
   </div>
   <div class='ocr_carea' id='block_1_3' title="bbox 724 621 2327 696">
    <p class='ocr_par' dir='ltr' id='par_1_3' title="bbox 724 621 2327 696">
     <span class='ocr_line' id='line_1_3' title="bbox 724 621 2327 696; baseline 0.009 -20"><span class='ocrx_word' id='word_1_10' title='bbox 724 621 882 677; x_wconf 85' lang='lat' dir='ltr'><strong>boam</strong></span> <span class='ocrx_word' id='word_1_11' title='bbox 923 623 1059 677; x_wconf 85' lang='lat' dir='ltr'><strong>filius</strong></span> <span class='ocrx_word' id='word_1_12' title='bbox 1101 625 1304 680; x_wconf 77' lang='lat' dir='ltr'><strong>N.tb:itli</strong></span> <span class='ocrx_word' id='word_1_13' title='bbox 1365 629 1560 682; x_wconf 78' lang='lat' dir='ltr'><strong>vitulos</strong></span> <span class='ocrx_word' id='word_1_14' title='bbox 1613 646 1806 685; x_wconf 88' lang='lat' dir='ltr'><strong>aureos</strong></span> <span class='ocrx_word' id='word_1_15' title='bbox 1873 634 2199 696; x_wconf 86' lang='lat' dir='ltr'><strong>fabricatus;</strong></span> <span class='ocrx_word' id='word_1_16' title='bbox 2271 646 2327 690; x_wconf 89' lang='lat' dir='ltr'><strong>ttt</strong></span> 
     </span>
    </p>
   </div>
   <div class='ocr_carea' id='block_1_4' title="bbox 721 714 2322 796">
    <p class='ocr_par' dir='ltr' id='par_1_4' title="bbox 721 714 2322 796">
     <span class='ocr_line' id='line_1_4' title="bbox 721 714 2322 796; baseline 0.01 -29"><span class='ocrx_word' id='word_1_17' title='bbox 721 714 864 785; x_wconf 88' lang='lat' dir='ltr'><strong>quod</strong></span> <span class='ocrx_word' id='word_1_18' title='bbox 945 716 998 770; x_wconf 89' lang='lat' dir='ltr'><strong>in</strong></span> <span class='ocrx_word' id='word_1_19' title='bbox 1053 716 1286 788; x_wconf 55' lang='lat' dir='ltr'><strong>[Egyptu</strong></span> <span class='ocrx_word' id='word_1_20' title='bbox 1364 720 1662 776; x_wconf 88' lang='lat' dir='ltr'><strong>didicerant</strong></span> <span class='ocrx_word' id='word_1_21' title='bbox 1726 727 1880 795; x_wconf 82' lang='lat' dir='ltr'><strong>Apim</strong></span> <span class='ocrx_word' id='word_1_22' title='bbox 1941 739 1992 780; x_wconf 92' lang='lat' dir='ltr'><strong>et</strong></span> <span class='ocrx_word' id='word_1_23' title='bbox 2057 729 2322 796; x_wconf 81' lang='lat' dir='ltr'><strong>Muevim,</strong></span> 
     </span>
    </p>
   </div>
   <div class='ocr_carea' id='block_1_5' title="bbox 720 807 2324 886">
    <p class='ocr_par' dir='ltr' id='par_1_5' title="bbox 720 807 2324 886">
     <span class='ocr_line' id='line_1_5' title="bbox 720 807 2324 886; baseline 0.012 -27"><span class='ocrx_word' id='word_1_24' title='bbox 720 807 811 878; x_wconf 89' lang='lat' dir='ltr'><strong>qui</strong></span> <span class='ocrx_word' id='word_1_25' title='bbox 854 809 954 863; x_wconf 86' lang='lat' dir='ltr'><strong>sub</strong></span> <span class='ocrx_word' id='word_1_26' title='bbox 1009 809 1172 880; x_wconf 86' lang='lat' dir='ltr'><strong>figura</strong></span> <span class='ocrx_word' id='word_1_27' title='bbox 1243 813 1399 867; x_wconf 90' lang='lat' dir='ltr'><strong>boum</strong></span> <span class='ocrx_word' id='word_1_28' title='bbox 1463 817 1734 881; x_wconf 86' lang='lat' dir='ltr'><strong>coluntur,</strong></span> <span class='ocrx_word' id='word_1_29' title='bbox 1790 835 1909 874; x_wconf 88' lang='lat' dir='ltr'><strong>esse</strong></span> <span class='ocrx_word' id='word_1_30' title='bbox 1959 821 2110 886; x_wconf 87' lang='lat' dir='ltr'><strong>deos,</strong></span> <span class='ocrx_word' id='word_1_31' title='bbox 2146 824 2324 880; x_wconf 88' lang='lat' dir='ltr'><strong>hocin</strong></span> 
     </span>
    </p>
   </div>
   <div class='ocr_carea' id='block_1_6' title="bbox 718 904 2325 985">
    <p class='ocr_par' dir='ltr' id='par_1_6' title="bbox 718 904 2325 985">
     <span class='ocr_line' id='line_1_6' title="bbox 718 904 2325 985; baseline 0.014 -31"><span class='ocrx_word' id='word_1_32' title='bbox 718 904 1101 972; x_wconf 88' lang='lat' dir='ltr'><strong>superstitione</strong></span> <span class='ocrx_word' id='word_1_33' title='bbox 1129 919 1407 963; x_wconf 77' lang='lat' dir='ltr'><strong>servarent</strong></span> <span class='ocrx_word' id='word_1_34' title='bbox 1443 931 1459 962; x_wconf 84' lang='grc'><strong>1</strong></span> <span class='ocrx_word' id='word_1_35' title='bbox 1500 911 1740 977; x_wconf 89' lang='lat' dir='ltr'><strong>(lIieron.</strong></span> <span class='ocrx_word' id='word_1_36' title='bbox 1766 916 1815 968; x_wconf 90' lang='lat' dir='ltr'><strong>in</strong></span> <span class='ocrx_word' id='word_1_37' title='bbox 1838 933 1954 985; x_wconf 86' lang='lat' dir='ltr'><strong>cap.</strong></span> <span class='ocrx_word' id='word_1_38' title='bbox 1984 935 2146 974; x_wconf 73' lang='lat' dir='ltr'><strong>XLVII.</strong></span> <span class='ocrx_word' id='word_1_39' title='bbox 2182 921 2325 977; x_wconf 77' lang='lat' dir='ltr'><strong>Osew</strong></span> 
     </span>
    </p>
   </div>
   <div class='ocr_carea' id='block_1_7' title="bbox 715 997 2324 1086">
    <p class='ocr_par' dir='ltr' id='par_1_7' title="bbox 715 997 2324 1086">
     <span class='ocr_line' id='line_1_7' title="bbox 715 997 2324 1086; baseline 0.012 -36"><span class='ocrx_word' id='word_1_40' title='bbox 715 1011 769 1051; x_wconf 91' lang='lat' dir='ltr'><strong>v.</strong></span> <span class='ocrx_word' id='word_1_41' title='bbox 816 997 952 1070; x_wconf 83' lang='grc'><strong>15).</strong></span> <span class='ocrx_word' id='word_1_42' title='bbox 1003 1001 1157 1056; x_wconf 81' lang='lat' dir='ltr'><strong>Prius</strong></span> <span class='ocrx_word' id='word_1_43' title='bbox 1207 1019 1336 1058; x_wconf 89' lang='lat' dir='ltr'><strong>vero</strong></span> <span class='ocrx_word' id='word_1_44' title='bbox 1387 1005 1694 1063; x_wconf 74' lang='lat' dir='ltr'><strong>Lactantius</strong></span> <span class='ocrx_word' id='word_1_45' title='bbox 1745 1011 1814 1065; x_wconf 91' lang='lat' dir='ltr'><strong>de</strong></span> <span class='ocrx_word' id='word_1_46' title='bbox 1865 1012 2052 1066; x_wconf 83' lang='lat' dir='ltr'><strong>iisdem</strong></span> <span class='ocrx_word' id='word_1_47' title='bbox 2110 1031 2324 1086; x_wconf 88' lang='lat' dir='ltr'><strong>quoque</strong></span> 
     </span>
    </p>
   </div>
   <div class='ocr_carea' id='block_1_8' title="bbox 718 1089 2321 1177">
    <p class='ocr_par' dir='ltr' id='par_1_8' title="bbox 718 1089 2321 1177">
     <span class='ocr_line' id='line_1_8' title="bbox 718 1089 2321 1177; baseline 0.012 -34"><span class='ocrx_word' id='word_1_48' title='bbox 718 1089 1005 1148; x_wconf 85' lang='lat' dir='ltr'><strong>Israelitis:</strong></span> <span class='ocrx_word' id='word_1_49' title='bbox 1039 1113 1057 1145; x_wconf 85' lang='grc'><strong><em>‹</em></strong></span> <span class='ocrx_word' id='word_1_50' title='bbox 1093 1095 1148 1149; x_wconf 84' lang='grc'><strong>111</strong></span> <span class='ocrx_word' id='word_1_51' title='bbox 1178 1096 1466 1165; x_wconf 82' lang='lat' dir='ltr'><strong>luxuriam,</strong></span> <span class='ocrx_word' id='word_1_52' title='bbox 1501 1119 1518 1151; x_wconf 83' lang='grc'><strong>1</strong></span> <span class='ocrx_word' id='word_1_53' title='bbox 1544 1101 1744 1169; x_wconf 92' lang='lat' dir='ltr'><strong>inquit,</strong></span> <span class='ocrx_word' id='word_1_54' title='bbox 1777 1121 1795 1153; x_wconf 72' lang='grc' dir='ltr'>ι</span> <span class='ocrx_word' id='word_1_55' title='bbox 1832 1107 2062 1174; x_wconf 81' lang='lat' dir='ltr'><strong>prolapsi</strong></span> <span class='ocrx_word' id='word_1_56' title='bbox 2100 1109 2164 1162; x_wconf 88' lang='lat' dir='ltr'><strong>ad</strong></span> <span class='ocrx_word' id='word_1_57' title='bbox 2195 1125 2321 1177; x_wconf 89' lang='lat' dir='ltr'><strong>pro-</strong></span> 
     </span>
    </p>
   </div>
   <div class='ocr_carea' id='block_1_9' title="bbox 721 1185 2320 1262">
    <p class='ocr_par' dir='ltr' id='par_1_9' title="bbox 721 1185 2320 1262">
     <span class='ocr_line' id='line_1_9' title="bbox 721 1185 2320 1262; baseline 0.013 -21"><span class='ocrx_word' id='word_1_58' title='bbox 721 1185 876 1241; x_wconf 84' lang='lat' dir='ltr'><strong>fanos</strong></span> <span class='ocrx_word' id='word_1_59' title='bbox 926 1188 1302 1260; x_wconf 65' lang='lat' dir='ltr'><strong>[Egyptiorum</strong></span> <span class='ocrx_word' id='word_1_60' title='bbox 1355 1195 1489 1249; x_wconf 91' lang='lat' dir='ltr'><strong>ritus</strong></span> <span class='ocrx_word' id='word_1_61' title='bbox 1521 1198 1729 1253; x_wconf 90' lang='lat' dir='ltr'><strong>animos</strong></span> <span class='ocrx_word' id='word_1_62' title='bbox 1757 1203 2162 1260; x_wconf 86' lang='lat' dir='ltr'><strong>transtulerunt.</strong></span> <span class='ocrx_word' id='word_1_63' title='bbox 2187 1205 2320 1262; x_wconf 90' lang='lat' dir='ltr'><strong>Cum</strong></span> 
     </span>
    </p>
   </div>
   <div class='ocr_carea' id='block_1_10' title="bbox 717 1280 2319 1354">
    <p class='ocr_par' dir='ltr' id='par_1_10' title="bbox 717 1280 2319 1354">
     <span class='ocr_line' id='line_1_10' title="bbox 717 1280 2319 1354; baseline 0.012 -19"><span class='ocrx_word' id='word_1_64' title='bbox 717 1280 860 1335; x_wconf 85' lang='lat' dir='ltr'><strong>enim</strong></span> <span class='ocrx_word' id='word_1_65' title='bbox 913 1281 1125 1353; x_wconf 83' lang='lat' dir='ltr'><strong>Moyses</strong></span> <span class='ocrx_word' id='word_1_66' title='bbox 1177 1285 1284 1340; x_wconf 83' lang='lat' dir='ltr'><strong>dux</strong></span> <span class='ocrx_word' id='word_1_67' title='bbox 1340 1301 1525 1342; x_wconf 88' lang='lat' dir='ltr'><strong>eorum</strong></span> <span class='ocrx_word' id='word_1_68' title='bbox 1578 1293 1911 1349; x_wconf 86' lang='lat' dir='ltr'><strong>aSCeudisset</strong></span> <span class='ocrx_word' id='word_1_69' title='bbox 1961 1296 2012 1349; x_wconf 91' lang='lat' dir='ltr'><strong>in</strong></span> <span class='ocrx_word' id='word_1_70' title='bbox 2083 1311 2319 1354; x_wconf 87' lang='lat' dir='ltr'><strong>montem</strong></span> 
     </span>
    </p>
   </div>
   <div class='ocr_carea' id='block_1_11' title="bbox 722 1376 2318 1460">
    <p class='ocr_par' dir='ltr' id='par_1_11' title="bbox 722 1376 2318 1460">
     <span class='ocr_line' id='line_1_11' title="bbox 722 1376 2318 1460; baseline 0.014 -34"><span class='ocrx_word' id='word_1_71' title='bbox 722 1382 882 1443; x_wconf 88' lang='lat' dir='ltr'><strong>atque</strong></span> <span class='ocrx_word' id='word_1_72' title='bbox 932 1376 1001 1428; x_wconf 85' lang='lat' dir='ltr'><strong>ibi</strong></span> <span class='ocrx_word' id='word_1_73' title='bbox 1056 1377 1127 1431; x_wconf 72' lang='grc'><strong>40</strong></span> <span class='ocrx_word' id='word_1_74' title='bbox 1169 1378 1359 1434; x_wconf 89' lang='lat' dir='ltr'><strong>diebus</strong></span> <span class='ocrx_word' id='word_1_75' title='bbox 1389 1394 1712 1450; x_wconf 78' lang='lat' dir='ltr'><strong>moraretur,</strong></span> <span class='ocrx_word' id='word_1_76' title='bbox 1774 1402 1998 1442; x_wconf 88' lang='lat' dir='ltr'><strong>aureum</strong></span> <span class='ocrx_word' id='word_1_77' title='bbox 2027 1403 2187 1460; x_wconf 89' lang='lat' dir='ltr'><strong>caput</strong></span> <span class='ocrx_word' id='word_1_78' title='bbox 2219 1394 2318 1449; x_wconf 89' lang='lat' dir='ltr'><strong>bo-</strong></span> 
     </span>
    </p>
   </div>
   <div class='ocr_carea' id='block_1_12' title="bbox 714 1466 2318 1556">
    <p class='ocr_par' dir='ltr' id='par_1_12' title="bbox 714 1466 2318 1556">
     <span class='ocr_line' id='line_1_12' title="bbox 714 1466 2318 1556; baseline 0.014 -36"><span class='ocrx_word' id='word_1_79' title='bbox 714 1466 816 1531; x_wconf 84' lang='lat' dir='ltr'><strong>vis,</strong></span> <span class='ocrx_word' id='word_1_80' title='bbox 877 1485 1035 1536; x_wconf 83' lang='lat' dir='ltr'><strong>quem</strong></span> <span class='ocrx_word' id='word_1_81' title='bbox 1070 1483 1263 1526; x_wconf 88' lang='lat' dir='ltr'><strong>vocant</strong></span> <span class='ocrx_word' id='word_1_82' title='bbox 1315 1474 1492 1542; x_wconf 83' lang='lat' dir='ltr'><strong>Apim,</strong></span> <span class='ocrx_word' id='word_1_83' title='bbox 1533 1479 1673 1546; x_wconf 89' lang='lat' dir='ltr'><strong>quod</strong></span> <span class='ocrx_word' id='word_1_84' title='bbox 1717 1495 1809 1534; x_wconf 89' lang='lat' dir='ltr'><strong>eos</strong></span> <span class='ocrx_word' id='word_1_85' title='bbox 1849 1483 1899 1535; x_wconf 91' lang='lat' dir='ltr'><strong>in</strong></span> <span class='ocrx_word' id='word_1_86' title='bbox 1933 1485 2143 1551; x_wconf 79' lang='lat' dir='ltr'><strong>signum</strong></span> <span class='ocrx_word' id='word_1_87' title='bbox 2179 1504 2318 1556; x_wconf 74' lang='lat' dir='ltr'><strong>prte-</strong></span> 
     </span>
    </p>
   </div>
   <div class='ocr_carea' id='block_1_13' title="bbox 714 1563 2317 1654">
    <p class='ocr_par' dir='ltr' id='par_1_13' title="bbox 714 1563 2317 1654">
     <span class='ocr_line' id='line_1_13' title="bbox 714 1563 2317 1654; baseline 0.014 -37"><span class='ocrx_word' id='word_1_88' title='bbox 714 1563 953 1622; x_wconf 88' lang='lat' dir='ltr'><strong>cederet.</strong></span> <span class='ocrx_word' id='word_1_89' title='bbox 989 1566 1286 1631; x_wconf 78' lang='lat' dir='ltr'><strong>ligurarunt</strong></span> <span class='ocrx_word' id='word_1_90' title='bbox 1323 1588 1341 1621; x_wconf 86' lang='grc'><strong>1</strong></span> <span class='ocrx_word' id='word_1_91' title='bbox 1371 1570 1633 1642; x_wconf 79' lang='lat' dir='ltr'><strong>(Lactant.</strong></span> <span class='ocrx_word' id='word_1_92' title='bbox 1665 1575 1754 1629; x_wconf 85' lang='lat' dir='ltr'><strong>lib.</strong></span> <span class='ocrx_word' id='word_1_93' title='bbox 1793 1593 1865 1642; x_wconf 81' lang='lat' dir='ltr'><strong>tv,</strong></span> <span class='ocrx_word' id='word_1_94' title='bbox 1904 1594 2022 1649; x_wconf 89' lang='lat' dir='ltr'><strong>cap.</strong></span> <span class='ocrx_word' id='word_1_95' title='bbox 2058 1582 2141 1644; x_wconf 87' lang='grc'><strong>10,</strong></span> <span class='ocrx_word' id='word_1_96' title='bbox 2197 1599 2317 1654; x_wconf 78' lang='lat' dir='ltr'><strong>pag.</strong></span> 
     </span>
    </p>
   </div>
   <div class='ocr_carea' id='block_1_14' title="bbox 715 1657 2315 1741">
    <p class='ocr_par' dir='ltr' id='par_1_14' title="bbox 715 1657 2315 1741">
     <span class='ocr_line' id='line_1_14' title="bbox 715 1657 2315 1741; baseline 0.014 -29"><span class='ocrx_word' id='word_1_97' title='bbox 715 1657 822 1713; x_wconf 80' lang='grc'><strong>576</strong></span> <span class='ocrx_word' id='word_1_98' title='bbox 860 1659 899 1730; x_wconf 94' lang='grc'>).</span> <span class='ocrx_word' id='word_1_99' title='bbox 950 1659 1053 1717; x_wconf 88' lang='lat' dir='ltr'><strong>Sed</strong></span> <span class='ocrx_word' id='word_1_100' title='bbox 1109 1663 1177 1718; x_wconf 88' lang='lat' dir='ltr'><strong>de</strong></span> <span class='ocrx_word' id='word_1_101' title='bbox 1208 1665 1306 1733; x_wconf 85' lang='lat' dir='ltr'><strong>Api</strong></span> <span class='ocrx_word' id='word_1_102' title='bbox 1369 1665 1507 1721; x_wconf 90' lang='lat' dir='ltr'><strong>bove</strong></span> <span class='ocrx_word' id='word_1_103' title='bbox 1549 1685 1646 1723; x_wconf 90' lang='lat' dir='ltr'><strong>nos</strong></span> <span class='ocrx_word' id='word_1_104' title='bbox 1700 1673 1860 1741; x_wconf 90' lang='lat' dir='ltr'><strong>paulo</strong></span> <span class='ocrx_word' id='word_1_105' title='bbox 1898 1675 2031 1729; x_wconf 88' lang='lat' dir='ltr'><strong>infra</strong></span> <span class='ocrx_word' id='word_1_106' title='bbox 2080 1678 2315 1735; x_wconf 84' lang='lat' dir='ltr'><strong>dissere-</strong></span> 
     </span>
    </p>
   </div>
   <div class='ocr_carea' id='block_1_15' title="bbox 715 1768 856 1807">
    <p class='ocr_par' dir='ltr' id='par_1_15' title="bbox 715 1768 856 1807">
     <span class='ocr_line' id='line_1_15' title="bbox 715 1768 856 1807; baseline -0.007 0"><span class='ocrx_word' id='word_1_107' title='bbox 715 1768 856 1807; x_wconf 86' lang='lat' dir='ltr'><strong>mus.</strong></span> 
     </span>
    </p>
   </div>
   <div class='ocr_carea' id='block_1_16' title="bbox 2001 329 2728 391">
    <p class='ocr_par' dir='ltr' id='par_1_16' title="bbox 2001 329 2728 391">
     <span class='ocr_line' id='line_1_16' title="bbox 2001 329 2728 391; baseline 0.007 -5"><span class='ocrx_word' id='word_1_108' title='bbox 2001 332 2091 386; x_wconf 88' lang='lat' dir='ltr'><strong>DE</strong></span> <span class='ocrx_word' id='word_1_109' title='bbox 2131 329 2389 388; x_wconf 75' lang='lat' dir='ltr'><strong>MlNUCIl</strong></span> <span class='ocrx_word' id='word_1_110' title='bbox 2430 332 2728 391; x_wconf 71' lang='lat' dir='ltr'><strong>OCTAVIO</strong></span> 
     </span>
    </p>
   </div>
   <div class='ocr_carea' id='block_1_17' title="bbox 729 432 2317 517">
    <p class='ocr_par' dir='ltr' id='par_1_17' title="bbox 729 432 2314 511">
     <span class='ocr_line' id='line_1_17' title="bbox 729 432 2314 511; baseline 0.013 -28"><span class='ocrx_word' id='word_1_111' title='bbox 729 450 747 483; x_wconf 72' lang='grc' dir='ltr'><strong>ε</strong></span> <span class='ocrx_word' id='word_1_112' title='bbox 782 432 1002 489; x_wconf 83' lang='lat' dir='ltr'><strong>Videtur</strong></span> <span class='ocrx_word' id='word_1_113' title='bbox 1041 435 1168 491; x_wconf 90' lang='lat' dir='ltr'><strong>mihi</strong></span> <span class='ocrx_word' id='word_1_114' title='bbox 1196 436 1396 493; x_wconf 86' lang='lat' dir='ltr'><strong>idcirco</strong></span> <span class='ocrx_word' id='word_1_115' title='bbox 1425 441 1651 511; x_wconf 91' lang='lat' dir='ltr'><strong>populus</strong></span> <span class='ocrx_word' id='word_1_116' title='bbox 1697 442 1859 498; x_wconf 80' lang='lat' dir='ltr'><strong>Israel</strong></span> <span class='ocrx_word' id='word_1_117' title='bbox 1907 447 1958 500; x_wconf 87' lang='lat' dir='ltr'><strong>in</strong></span> <span class='ocrx_word' id='word_1_118' title='bbox 2027 448 2314 503; x_wconf 88' lang='lat' dir='ltr'><strong>solitudine</strong></span> 
     </span>
    </p>
   </div>
   <div class='ocr_carea' id='block_1_18' title="bbox 2416 432 3456 517">
    <p class='ocr_par' dir='ltr' id='par_1_18' title="bbox 2423 455 3456 517">
     <span class='ocr_line' id='line_1_18' title="bbox 2423 455 3456 517; baseline 0.011 -14"><span class='ocrx_word' id='word_1_119' title='bbox 2423 462 2865 517; x_wconf 65' lang='lat' dir='ltr'><strong>reprmsentatum</strong></span> <span class='ocrx_word' id='word_1_120' title='bbox 2927 463 3109 510; x_wconf 87' lang='lat' dir='ltr'><strong>narrat</strong></span> <span class='ocrx_word' id='word_1_121' title='bbox 3155 455 3456 513; x_wconf 80' lang='lat' dir='ltr'><strong>llcrodoms</strong></span> 
     </span>
    </p>
   </div>
   <div class='ocr_carea' id='block_1_19' title="bbox 3930 351 4048 405">
    <p class='ocr_par' dir='ltr' id='par_1_19' title="bbox 3930 351 4048 405">
     <span class='ocr_line' id='line_1_19' title="bbox 3930 351 4048 405; baseline 0.008 -1"><span class='ocrx_word' id='word_1_122' title='bbox 3930 351 4048 405; x_wconf 72' lang='grc'><strong>512</strong></span> 
     </span>
    </p>
   </div>
   <div class='ocr_carea' id='block_1_20' title="bbox 3511 467 4039 532">
    <p class='ocr_par' dir='ltr' id='par_1_20' title="bbox 3511 467 4039 532">
     <span class='ocr_line' id='line_1_20' title="bbox 3511 467 4039 532; baseline 0.019 -20"><span class='ocrx_word' id='word_1_123' title='bbox 3511 476 3523 512; x_wconf 74' lang='grc' dir='ltr'><em>ε</em></span> <span class='ocrx_word' id='word_1_124' title='bbox 3572 467 3812 532; x_wconf 66' lang='grc' dir='ltr'><strong>Γράρσυςι</strong></span> <span class='ocrx_word' id='word_1_125' title='bbox 3875 469 3924 520; x_wconf 71' lang='grc' dir='ltr'><strong>δὲ</strong></span> <span class='ocrx_word' id='word_1_126' title='bbox 3979 475 4039 532; x_wconf 74' lang='grc' dir='ltr'><strong>δὴ</strong></span> 
     </span>
    </p>
   </div>
   <div class='ocr_carea' id='block_1_21' title="bbox 2434 548 4039 631">
    <p class='ocr_par' dir='ltr' id='par_1_21' title="bbox 2434 548 4039 631">
     <span class='ocr_line' id='line_1_21' title="bbox 2434 548 4039 631; baseline 0.013 -35"><span class='ocrx_word' id='word_1_127' title='bbox 2434 548 2512 596; x_wconf 63' lang='grc' dir='ltr'><strong>καὶ</strong></span> <span class='ocrx_word' id='word_1_128' title='bbox 2535 550 2757 615; x_wconf 69' lang='grc' dir='ltr'><strong>γὶὺρουσι</strong></span> <span class='ocrx_word' id='word_1_129' title='bbox 2787 556 2831 601; x_wconf 75' lang='grc' dir='ltr'><strong>οἱ</strong></span> <span class='ocrx_word' id='word_1_130' title='bbox 2856 553 3113 620; x_wconf 49' lang='grc' dir='ltr'><strong>ζωγράφοι,</strong></span> <span class='ocrx_word' id='word_1_131' title='bbox 3142 557 3224 604; x_wconf 77' lang='grc' dir='ltr'><strong>καὶ</strong></span> <span class='ocrx_word' id='word_1_132' title='bbox 3255 562 3296 606; x_wconf 76' lang='grc' dir='ltr'>οἱ</span> <span class='ocrx_word' id='word_1_133' title='bbox 3325 557 3728 624; x_wconf 67' lang='grc' dir='ltr'><strong>ἀγαὶματσποιοὶ,</strong></span> <span class='ocrx_word' id='word_1_134' title='bbox 3754 566 3840 614; x_wconf 75' lang='grc' dir='ltr'><strong>τοῦ</strong></span> <span class='ocrx_word' id='word_1_135' title='bbox 3865 569 4039 631; x_wconf 73' lang='grc' dir='ltr'><strong>Πανὸς,</strong></span> 
     </span>
    </p>
   </div>
   <div class='ocr_carea' id='block_1_22' title="bbox 2431 630 4035 719">
    <p class='ocr_par' dir='ltr' id='par_1_22' title="bbox 2431 630 4035 719">
     <span class='ocr_line' id='line_1_22' title="bbox 2431 630 4035 719; baseline 0.012 -29"><span class='ocrx_word' id='word_1_136' title='bbox 2431 644 2642 710; x_wconf 67' lang='grc' dir='ltr'><strong>καθάπερ</strong></span> <span class='ocrx_word' id='word_1_137' title='bbox 2667 630 2892 705; x_wconf 51' lang='lat' dir='ltr'><strong>lilia-25;,</strong></span> <span class='ocrx_word' id='word_1_138' title='bbox 2913 649 3144 714; x_wconf 67' lang='grc' dir='ltr'><strong>τῶγαλμα</strong></span> <span class='ocrx_word' id='word_1_139' title='bbox 3169 651 3544 717; x_wconf 72' lang='grc' dir='ltr'><strong>αἱγοπρὸσωπον,</strong></span> <span class='ocrx_word' id='word_1_140' title='bbox 3577 662 3660 704; x_wconf 72' lang='grc' dir='ltr'><strong>καὶ</strong></span> <span class='ocrx_word' id='word_1_141' title='bbox 3695 664 4035 719; x_wconf 58' lang='grc' dir='ltr'><strong>τραγοκεὶέα.</strong></span> 
     </span>
    </p>
   </div>
   <div class='ocr_carea' id='block_1_23' title="bbox 2441 731 4038 814">
    <p class='ocr_par' dir='ltr' id='par_1_23' title="bbox 2441 731 4038 814">
     <span class='ocr_line' id='line_1_23' title="bbox 2441 731 4038 814; baseline 0.014 -34"><span class='ocrx_word' id='word_1_142' title='bbox 2441 748 2459 780; x_wconf 74' lang='grc' dir='ltr'><strong><em>ι</em></strong></span> <span class='ocrx_word' id='word_1_143' title='bbox 2501 731 2660 786; x_wconf 86' lang='lat' dir='ltr'><strong>Panis</strong></span> <span class='ocrx_word' id='word_1_144' title='bbox 2713 744 2892 787; x_wconf 87' lang='lat' dir='ltr'><strong>autem</strong></span> <span class='ocrx_word' id='word_1_145' title='bbox 2946 735 3313 799; x_wconf 87' lang='lat' dir='ltr'><strong>simulacrum.</strong></span> <span class='ocrx_word' id='word_1_146' title='bbox 3362 749 3414 793; x_wconf 90' lang='lat' dir='ltr'><strong>et</strong></span> <span class='ocrx_word' id='word_1_147' title='bbox 3445 740 3676 809; x_wconf 83' lang='lat' dir='ltr'><strong>pictores</strong></span> <span class='ocrx_word' id='word_1_148' title='bbox 3705 745 3948 814; x_wconf 75' lang='lat' dir='ltr'><strong>pingunt,</strong></span> <span class='ocrx_word' id='word_1_149' title='bbox 3982 756 4038 802; x_wconf 86' lang='lat' dir='ltr'><strong>cl.</strong></span> 
     </span>
    </p>
   </div>
   <div class='ocr_carea' id='block_1_24' title="bbox 2432 823 4034 906">
    <p class='ocr_par' dir='ltr' id='par_1_24' title="bbox 2432 823 4034 906">
     <span class='ocr_line' id='line_1_24' title="bbox 2432 823 4034 906; baseline 0.012 -32"><span class='ocrx_word' id='word_1_150' title='bbox 2432 823 2672 877; x_wconf 85' lang='lat' dir='ltr'><strong>statuarii</strong></span> <span class='ocrx_word' id='word_1_151' title='bbox 2731 825 3016 896; x_wconf 90' lang='lat' dir='ltr'><strong>seulpunt,</strong></span> <span class='ocrx_word' id='word_1_152' title='bbox 3074 830 3526 897; x_wconf 89' lang='lat' dir='ltr'><strong>quemadmodum</strong></span> <span class='ocrx_word' id='word_1_153' title='bbox 3584 833 3756 888; x_wconf 62' lang='lat' dir='ltr'><strong>Graaci</strong></span> <span class='ocrx_word' id='word_1_154' title='bbox 3811 839 4034 906; x_wconf 87' lang='lat' dir='ltr'><strong>caprina</strong></span> 
     </span>
    </p>
   </div>
   <div class='ocr_carea' id='block_1_25' title="bbox 2430 914 4037 1001">
    <p class='ocr_par' dir='ltr' id='par_1_25' title="bbox 2430 914 4037 1001">
     <span class='ocr_line' id='line_1_25' title="bbox 2430 914 4037 1001; baseline 0.014 -36"><span class='ocrx_word' id='word_1_155' title='bbox 2430 915 2583 980; x_wconf 77' lang='lat' dir='ltr'><strong>facie,</strong></span> <span class='ocrx_word' id='word_1_156' title='bbox 2645 914 2972 988; x_wconf 88' lang='lat' dir='ltr'><strong>hircinisque</strong></span> <span class='ocrx_word' id='word_1_157' title='bbox 3019 921 3265 976; x_wconf 90' lang='lat' dir='ltr'><strong>cruribus</strong></span> <span class='ocrx_word' id='word_1_158' title='bbox 3303 941 3321 973; x_wconf 84' lang='grc'><strong>1</strong></span> <span class='ocrx_word' id='word_1_159' title='bbox 3361 923 3603 993; x_wconf 76' lang='lat' dir='ltr'><strong>(Hei-od.</strong></span> <span class='ocrx_word' id='word_1_160' title='bbox 3636 927 3721 981; x_wconf 89' lang='lat' dir='ltr'><strong>lib.</strong></span> <span class='ocrx_word' id='word_1_161' title='bbox 3760 944 3814 984; x_wconf 89' lang='grc'><strong>11.</strong></span> <span class='ocrx_word' id='word_1_162' title='bbox 3853 930 3880 1001; x_wconf 86' lang='lat'><strong>§</strong></span> <span class='ocrx_word' id='word_1_163' title='bbox 3919 932 4037 1000; x_wconf 71' lang='grc'><strong>46).</strong></span> 
     </span>
    </p>
   </div>
   <div class='ocr_carea' id='block_1_26' title="bbox 2431 1005 4038 1079">
    <p class='ocr_par' dir='ltr' id='par_1_26' title="bbox 2431 1005 4038 1079">
     <span class='ocr_line' id='line_1_26' title="bbox 2431 1005 4038 1079; baseline 0.014 -23"><span class='ocrx_word' id='word_1_164' title='bbox 2431 1005 2594 1059; x_wconf 84' lang='lat' dir='ltr'><strong>Addit</strong></span> <span class='ocrx_word' id='word_1_165' title='bbox 2656 1017 2833 1063; x_wconf 91' lang='lat' dir='ltr'><strong>tamen</strong></span> <span class='ocrx_word' id='word_1_166' title='bbox 2868 1025 2962 1065; x_wconf 86' lang='lat' dir='ltr'><strong>eos</strong></span> <span class='ocrx_word' id='word_1_167' title='bbox 3009 1013 3346 1070; x_wconf 75' lang='lat' dir='ltr'><strong>existimasse</strong></span> <span class='ocrx_word' id='word_1_168' title='bbox 3375 1016 3575 1071; x_wconf 85' lang='lat' dir='ltr'><strong>Panem</strong></span> <span class='ocrx_word' id='word_1_169' title='bbox 3605 1018 3836 1075; x_wconf 83' lang='lat' dir='ltr'><strong>similem</strong></span> <span class='ocrx_word' id='word_1_170' title='bbox 3869 1022 4038 1079; x_wconf 85' lang='lat' dir='ltr'><strong>fuisse</strong></span> 
     </span>
    </p>
   </div>
   <div class='ocr_carea' id='block_1_27' title="bbox 2429 1096 4032 1184">
    <p class='ocr_par' dir='ltr' id='par_1_27' title="bbox 2429 1096 4032 1184">
     <span class='ocr_line' id='line_1_27' title="bbox 2429 1096 4032 1184; baseline 0.014 -35"><span class='ocrx_word' id='word_1_171' title='bbox 2429 1096 2520 1150; x_wconf 88' lang='lat' dir='ltr'><strong>alii</strong></span> <span class='ocrx_word' id='word_1_172' title='bbox 2590 1098 2723 1160; x_wconf 83' lang='lat' dir='ltr'><strong>diis,</strong></span> <span class='ocrx_word' id='word_1_173' title='bbox 2778 1101 2872 1155; x_wconf 90' lang='lat' dir='ltr'><strong>sed</strong></span> <span class='ocrx_word' id='word_1_174' title='bbox 2923 1117 2990 1156; x_wconf 89' lang='lat' dir='ltr'><strong>eo</strong></span> <span class='ocrx_word' id='word_1_175' title='bbox 3046 1105 3206 1159; x_wconf 88' lang='lat' dir='ltr'><strong>modo</strong></span> <span class='ocrx_word' id='word_1_176' title='bbox 3253 1107 3321 1161; x_wconf 87' lang='lat' dir='ltr'><strong>ab</strong></span> <span class='ocrx_word' id='word_1_177' title='bbox 3363 1109 3467 1164; x_wconf 89' lang='lat' dir='ltr'><strong>illis</strong></span> <span class='ocrx_word' id='word_1_178' title='bbox 3520 1110 3719 1178; x_wconf 90' lang='lat' dir='ltr'><strong>pictum</strong></span> <span class='ocrx_word' id='word_1_179' title='bbox 3773 1115 4032 1184; x_wconf 85' lang='lat' dir='ltr'><strong>quasdam</strong></span> 
     </span>
    </p>
   </div>
   <div class='ocr_carea' id='block_1_28' title="bbox 2429 1199 4032 1276">
    <p class='ocr_par' dir='ltr' id='par_1_28' title="bbox 2429 1199 4032 1276">
     <span class='ocr_line' id='line_1_28' title="bbox 2429 1199 4032 1276; baseline 0.014 -36"><span class='ocrx_word' id='word_1_180' title='bbox 2429 1199 2648 1258; x_wconf 73' lang='lat' dir='ltr'><strong>promer</strong></span> <span class='ocrx_word' id='word_1_181' title='bbox 2693 1208 2924 1258; x_wconf 84' lang='lat' dir='ltr'><strong>causas,</strong></span> <span class='ocrx_word' id='word_1_182' title='bbox 2975 1211 3109 1266; x_wconf 90' lang='lat' dir='ltr'><strong>quas</strong></span> <span class='ocrx_word' id='word_1_183' title='bbox 3166 1199 3367 1254; x_wconf 88' lang='lat' dir='ltr'><strong>referre</strong></span> <span class='ocrx_word' id='word_1_184' title='bbox 3422 1202 3643 1257; x_wconf 82' lang='lat' dir='ltr'><strong>I&#39;ninime</strong></span> <span class='ocrx_word' id='word_1_185' title='bbox 3677 1205 3776 1260; x_wconf 88' lang='lat' dir='ltr'><strong>sibi</strong></span> <span class='ocrx_word' id='word_1_186' title='bbox 3819 1217 4032 1276; x_wconf 88' lang='lat' dir='ltr'><strong>gratum</strong></span> 
     </span>
    </p>
   </div>
   <div class='ocr_carea' id='block_1_29' title="bbox 2428 1286 4032 1364">
    <p class='ocr_par' dir='ltr' id='par_1_29' title="bbox 2428 1286 4032 1364">
     <span class='ocr_line' id='line_1_29' title="bbox 2428 1286 4032 1364; baseline 0.011 -26"><span class='ocrx_word' id='word_1_187' title='bbox 2428 1298 2547 1338; x_wconf 89' lang='lat' dir='ltr'><strong>esse</strong></span> <span class='ocrx_word' id='word_1_188' title='bbox 2589 1286 2842 1340; x_wconf 85' lang='lat' dir='ltr'><strong>declarat.</strong></span> <span class='ocrx_word' id='word_1_189' title='bbox 2904 1289 3078 1360; x_wconf 80' lang='lat' dir='ltr'><strong>Satyri</strong></span> <span class='ocrx_word' id='word_1_190' title='bbox 3132 1305 3346 1360; x_wconf 88' lang='lat' dir='ltr'><strong>quoque</strong></span> <span class='ocrx_word' id='word_1_191' title='bbox 3407 1294 3746 1364; x_wconf 79' lang='lat' dir='ltr'><strong>fingebantur</strong></span> <span class='ocrx_word' id='word_1_192' title='bbox 3795 1298 4032 1355; x_wconf 85' lang='lat' dir='ltr'><strong>humano</strong></span> 
     </span>
    </p>
   </div>
   <div class='ocr_carea' id='block_1_30' title="bbox 2428 1375 4030 1460">
    <p class='ocr_par' dir='ltr' id='par_1_30' title="bbox 2428 1375 4030 1460">
     <span class='ocr_line' id='line_1_30' title="bbox 2428 1375 4030 1460; baseline 0.012 -33"><span class='ocrx_word' id='word_1_193' title='bbox 2428 1375 2666 1445; x_wconf 71' lang='lat' dir='ltr'><strong>quidem,</strong></span> <span class='ocrx_word' id='word_1_194' title='bbox 2713 1378 2804 1432; x_wconf 75' lang='lat' dir='ltr'><strong>Sed</strong></span> <span class='ocrx_word' id='word_1_195' title='bbox 2850 1392 3076 1435; x_wconf 91' lang='lat' dir='ltr'><strong>cornuto</strong></span> <span class='ocrx_word' id='word_1_196' title='bbox 3129 1384 3338 1452; x_wconf 86' lang='lat' dir='ltr'><strong>capite,</strong></span> <span class='ocrx_word' id='word_1_197' title='bbox 3400 1385 3623 1454; x_wconf 85' lang='lat' dir='ltr'><strong>pedibus</strong></span> <span class='ocrx_word' id='word_1_198' title='bbox 3655 1391 3916 1460; x_wconf 78' lang='lat' dir='ltr'><strong>caprinis,</strong></span> <span class='ocrx_word' id='word_1_199' title='bbox 3967 1407 4030 1447; x_wconf 90' lang='lat' dir='ltr'><strong>ac</strong></span> 
     </span>
    </p>
   </div>
   <div class='ocr_carea' id='block_1_31' title="bbox 2426 1468 4026 1545">
    <p class='ocr_par' dir='ltr' id='par_1_31' title="bbox 2426 1468 4026 1545">
     <span class='ocr_line' id='line_1_31' title="bbox 2426 1468 4026 1545; baseline 0.013 -25"><span class='ocrx_word' id='word_1_200' title='bbox 2426 1468 2619 1523; x_wconf 88' lang='lat' dir='ltr'><strong>villoso</strong></span> <span class='ocrx_word' id='word_1_201' title='bbox 2675 1487 2922 1537; x_wconf 85' lang='lat' dir='ltr'><strong>corpore.</strong></span> <span class='ocrx_word' id='word_1_202' title='bbox 2973 1475 3080 1527; x_wconf 81' lang='lat' dir='ltr'><strong>llos</strong></span> <span class='ocrx_word' id='word_1_203' title='bbox 3113 1487 3291 1530; x_wconf 85' lang='lat' dir='ltr'><strong>autem</strong></span> <span class='ocrx_word' id='word_1_204' title='bbox 3344 1478 3608 1533; x_wconf 84' lang='lat' dir='ltr'><strong>Lucianus</strong></span> <span class='ocrx_word' id='word_1_205' title='bbox 3638 1482 3793 1545; x_wconf 89' lang='lat' dir='ltr'><strong>sicuti</strong></span> <span class='ocrx_word' id='word_1_206' title='bbox 3824 1483 4026 1540; x_wconf 86' lang='lat' dir='ltr'><strong>Panem</strong></span> 
     </span>
    </p>
   </div>
   <div class='ocr_carea' id='block_1_32' title="bbox 2423 1563 4026 1645">
    <p class='ocr_par' dir='ltr' id='par_1_32' title="bbox 2423 1563 4026 1645">
     <span class='ocr_line' id='line_1_32' title="bbox 2423 1563 4026 1645; baseline 0.012 -30"><span class='ocrx_word' id='word_1_207' title='bbox 2423 1571 2478 1616; x_wconf 87' lang='lat' dir='ltr'><strong>et</strong></span> <span class='ocrx_word' id='word_1_208' title='bbox 2509 1563 2748 1618; x_wconf 86' lang='lat' dir='ltr'><strong>Silenum</strong></span> <span class='ocrx_word' id='word_1_209' title='bbox 2793 1565 2919 1619; x_wconf 83' lang='lat' dir='ltr'><strong>dicit</strong></span> <span class='ocrx_word' id='word_1_210' title='bbox 2953 1567 3121 1622; x_wconf 89' lang='lat' dir='ltr'><strong>forma</strong></span> <span class='ocrx_word' id='word_1_211' title='bbox 3156 1579 3459 1626; x_wconf 88' lang='lat' dir='ltr'><strong>monstrosa</strong></span> <span class='ocrx_word' id='word_1_212' title='bbox 3495 1589 3614 1628; x_wconf 82' lang='lat' dir='ltr'><strong>eSse</strong></span> <span class='ocrx_word' id='word_1_213' title='bbox 3669 1578 4026 1645; x_wconf 84' lang='lat' dir='ltr'><strong>speetabiles:</strong></span> 
     </span>
    </p>
   </div>
   <div class='ocr_carea' id='block_1_33' title="bbox 2422 1643 4030 1744">
    <p class='ocr_par' dir='ltr' id='par_1_33' title="bbox 2422 1643 4030 1744">
     <span class='ocr_line' id='line_1_33' title="bbox 2422 1643 4030 1744; baseline 0.01 -34"><span class='ocrx_word' id='word_1_214' title='bbox 2422 1643 2488 1710; x_wconf 61' lang='grc' dir='ltr'><strong>ὧν</strong></span> <span class='ocrx_word' id='word_1_215' title='bbox 2509 1661 2532 1709; x_wconf 83' lang='grc' dir='ltr'>ὁ</span> <span class='ocrx_word' id='word_1_216' title='bbox 2553 1667 2637 1725; x_wconf 64' lang='grc' dir='ltr'><strong>μὲν</strong></span> <span class='ocrx_word' id='word_1_217' title='bbox 2663 1667 2838 1727; x_wconf 76' lang='grc' dir='ltr'><strong>κέρατα</strong></span> <span class='ocrx_word' id='word_1_218' title='bbox 2861 1667 2995 1727; x_wconf 73' lang='grc' dir='ltr'><strong>ἔχων.</strong></span> <span class='ocrx_word' id='word_1_219' title='bbox 3019 1674 3102 1715; x_wconf 76' lang='grc' dir='ltr'><strong>καὶ</strong></span> <span class='ocrx_word' id='word_1_220' title='bbox 3135 1669 3238 1718; x_wconf 70' lang='grc' dir='ltr'><strong>ὅσον</strong></span> <span class='ocrx_word' id='word_1_221' title='bbox 3264 1670 3315 1730; x_wconf 81' lang='grc' dir='ltr'><strong>ἐξ</strong></span> <span class='ocrx_word' id='word_1_222' title='bbox 3345 1675 3587 1734; x_wconf 75' lang='grc' dir='ltr'><strong>ἡμισείας,</strong></span> <span class='ocrx_word' id='word_1_223' title='bbox 3620 1676 3664 1729; x_wconf 65' lang='grc' dir='ltr'><strong>ἐς</strong></span> <span class='ocrx_word' id='word_1_224' title='bbox 3688 1680 3742 1723; x_wconf 81' lang='grc' dir='ltr'><strong>τὸ</strong></span> <span class='ocrx_word' id='word_1_225' title='bbox 3771 1677 3903 1726; x_wconf 78' lang='grc' dir='ltr'><strong>κάτω</strong></span> <span class='ocrx_word' id='word_1_226' title='bbox 3925 1677 4030 1744; x_wconf 53' lang='grc' dir='ltr'><strong>αἰγὶ</strong></span> 
     </span>
    </p>
   </div>
   <div class='ocr_carea' id='block_1_34' title="bbox 2422 1755 4031 1834">
    <p class='ocr_par' dir='ltr' id='par_1_34' title="bbox 2422 1755 4031 1834">
     <span class='ocr_line' id='line_1_34' title="bbox 2422 1755 4031 1834; baseline 0.011 -32"><span class='ocrx_word' id='word_1_227' title='bbox 2422 1757 2602 1810; x_wconf 77' lang='grc' dir='ltr'><strong>ἰοικὼς.</strong></span> <span class='ocrx_word' id='word_1_228' title='bbox 2639 1755 2724 1803; x_wconf 80' lang='grc' dir='ltr'><strong>παὶ</strong></span> <span class='ocrx_word' id='word_1_229' title='bbox 2754 1760 2928 1818; x_wconf 61' lang='grc' dir='ltr'><strong>γένειον</strong></span> <span class='ocrx_word' id='word_1_230' title='bbox 2957 1765 3084 1825; x_wconf 72' lang='grc' dir='ltr'><strong>βα,θῦ</strong></span> <span class='ocrx_word' id='word_1_231' title='bbox 3117 1763 3509 1825; x_wconf 69' lang='grc' dir='ltr'><strong>καθειμένος.....</strong></span> <span class='ocrx_word' id='word_1_232' title='bbox 3531 1769 3575 1815; x_wconf 71' lang='grc' dir='ltr'><strong>οἱ</strong></span> <span class='ocrx_word' id='word_1_233' title='bbox 3604 1765 3652 1814; x_wconf 74' lang='grc' dir='ltr'><strong>δὲ</strong></span> <span class='ocrx_word' id='word_1_234' title='bbox 3681 1769 3878 1834; x_wconf 64' lang='grc' dir='ltr'><strong>σάτυροι</strong></span> <span class='ocrx_word' id='word_1_235' title='bbox 3906 1771 4031 1830; x_wconf 76' lang='grc' dir='ltr'><strong>ὀξεῖς</strong></span> 
     </span>
    </p>
   </div>
   <div class='ocr_carea' id='block_1_35' title="bbox 784 1843 2317 1934">
    <p class='ocr_par' dir='ltr' id='par_1_35' title="bbox 784 1846 2311 1934">
     <span class='ocr_line' id='line_1_35' title="bbox 784 1846 2311 1934; baseline 0.012 -34"><span class='ocrx_word' id='word_1_236' title='bbox 784 1846 968 1917; x_wconf 85' lang='lat' dir='ltr'><strong>Neque</strong></span> <span class='ocrx_word' id='word_1_237' title='bbox 996 1863 1158 1918; x_wconf 90' lang='lat' dir='ltr'><strong>porro</strong></span> <span class='ocrx_word' id='word_1_238' title='bbox 1205 1868 1528 1924; x_wconf 88' lang='lat' dir='ltr'><strong>quemquam</strong></span> <span class='ocrx_word' id='word_1_239' title='bbox 1551 1868 1794 1920; x_wconf 83' lang='lat' dir='ltr'><strong>moveat,</strong></span> <span class='ocrx_word' id='word_1_240' title='bbox 1873 1861 2015 1930; x_wconf 92' lang='lat' dir='ltr'><strong>quod</strong></span> <span class='ocrx_word' id='word_1_241' title='bbox 2085 1872 2311 1934; x_wconf 86' lang='lat' dir='ltr'><strong>uterque</strong></span> 
     </span>
    </p>
   </div>
   <div class='ocr_carea' id='block_1_36' title="bbox 2416 1843 4028 1934">
    <p class='ocr_par' dir='ltr' id='par_1_36' title="bbox 2416 1846 4028 1929">
     <span class='ocr_line' id='line_1_36' title="bbox 2416 1846 4028 1929; baseline 0.011 -34"><span class='ocrx_word' id='word_1_242' title='bbox 2416 1854 2471 1896; x_wconf 76' lang='grc' dir='ltr'><strong>τὸ</strong></span> <span class='ocrx_word' id='word_1_243' title='bbox 2511 1846 2630 1907; x_wconf 80' lang='grc' dir='ltr'><strong>ὦτα,</strong></span> <span class='ocrx_word' id='word_1_244' title='bbox 2663 1856 2744 1900; x_wconf 77' lang='grc' dir='ltr'><strong>καὶ</strong></span> <span class='ocrx_word' id='word_1_245' title='bbox 2774 1854 2911 1904; x_wconf 70' lang='grc' dir='ltr'>αὐτοὶ</span> <span class='ocrx_word' id='word_1_246' title='bbox 2935 1855 3192 1922; x_wconf 58' lang='grc' dir='ltr'><strong>φαλακροὶ,</strong></span> <span class='ocrx_word' id='word_1_247' title='bbox 3241 1860 3493 1924; x_wconf 67' lang='grc' dir='ltr'><strong>κεράσται,</strong></span> <span class='ocrx_word' id='word_1_248' title='bbox 3529 1855 3608 1908; x_wconf 64' lang='grc' dir='ltr'><strong>οἷα</strong></span> <span class='ocrx_word' id='word_1_249' title='bbox 3629 1871 3726 1916; x_wconf 80' lang='grc' dir='ltr'>τοῖς</span> <span class='ocrx_word' id='word_1_250' title='bbox 3773 1863 3884 1928; x_wconf 78' lang='grc' dir='ltr'><strong>ἄρτι</strong></span> <span class='ocrx_word' id='word_1_251' title='bbox 3920 1882 4028 1929; x_wconf 64' lang='grc' dir='ltr'><strong>’μν-</strong></span> 
     </span>
    </p>
   </div>
   <div class='ocr_carea' id='block_1_37' title="bbox 713 1938 2306 2023">
    <p class='ocr_par' dir='ltr' id='par_1_37' title="bbox 713 1938 2306 2023">
     <span class='ocr_line' id='line_1_37' title="bbox 713 1938 2306 2023; baseline 0.009 -28"><span class='ocrx_word' id='word_1_252' title='bbox 713 1938 1024 1998; x_wconf 84' lang='lat' dir='ltr'><strong>Lactantius</strong></span> <span class='ocrx_word' id='word_1_253' title='bbox 1051 1954 1105 2001; x_wconf 87' lang='lat' dir='ltr'><strong>et</strong></span> <span class='ocrx_word' id='word_1_254' title='bbox 1173 1947 1531 2019; x_wconf 86' lang='lat' dir='ltr'><strong>llierouymus</strong></span> <span class='ocrx_word' id='word_1_255' title='bbox 1575 1951 1798 2014; x_wconf 82' lang='lat' dir='ltr'><strong>dixerit,</strong></span> <span class='ocrx_word' id='word_1_256' title='bbox 1839 1972 1858 2003; x_wconf 88' lang='grc'><strong><em>‹</em></strong></span> <span class='ocrx_word' id='word_1_257' title='bbox 1889 1966 2050 2023; x_wconf 88' lang='lat' dir='ltr'><strong>caput</strong></span> <span class='ocrx_word' id='word_1_258' title='bbox 2077 1958 2247 2023; x_wconf 87' lang='lat' dir='ltr'><strong>vituli,</strong></span> <span class='ocrx_word' id='word_1_259' title='bbox 2288 1978 2306 2010; x_wconf 85' lang='grc'><strong>1</strong></span> 
     </span>
    </p>
   </div>
   <div class='ocr_carea' id='block_1_38' title="bbox 716 2039 2312 2117">
    <p class='ocr_par' dir='ltr' id='par_1_38' title="bbox 716 2039 2312 2117">
     <span class='ocr_line' id='line_1_38' title="bbox 716 2039 2312 2117; baseline 0.012 -28"><span class='ocrx_word' id='word_1_260' title='bbox 716 2039 1172 2106; x_wconf 83' lang='lat' dir='ltr'><strong>quemadmodum</strong></span> <span class='ocrx_word' id='word_1_261' title='bbox 1216 2041 1477 2098; x_wconf 86' lang='lat' dir='ltr'><strong>Minucius</strong></span> <span class='ocrx_word' id='word_1_262' title='bbox 1528 2057 1712 2101; x_wconf 90' lang='lat' dir='ltr'><strong>noster</strong></span> <span class='ocrx_word' id='word_1_263' title='bbox 1757 2049 1928 2117; x_wconf 79' lang='lat' dir='ltr'><strong>capita</strong></span> <span class='ocrx_word' id='word_1_264' title='bbox 1998 2050 2178 2105; x_wconf 90' lang='lat' dir='ltr'><strong>boum.</strong></span> <span class='ocrx_word' id='word_1_265' title='bbox 2232 2053 2312 2108; x_wconf 90' lang='lat' dir='ltr'><strong>Eo</strong></span> 
     </span>
    </p>
   </div>
   <div class='ocr_carea' id='block_1_39' title="bbox 713 2128 2309 2212">
    <p class='ocr_par' dir='ltr' id='par_1_39' title="bbox 713 2128 2309 2212">
     <span class='ocr_line' id='line_1_39' title="bbox 713 2128 2309 2212; baseline 0.011 -30"><span class='ocrx_word' id='word_1_266' title='bbox 713 2128 976 2197; x_wconf 83' lang='lat' dir='ltr'><strong>siquidem</strong></span> <span class='ocrx_word' id='word_1_267' title='bbox 1033 2132 1285 2202; x_wconf 77' lang='lat' dir='ltr'><strong>loquendi</strong></span> <span class='ocrx_word' id='word_1_268' title='bbox 1343 2136 1502 2190; x_wconf 91' lang='lat' dir='ltr'><strong>modo</strong></span> <span class='ocrx_word' id='word_1_269' title='bbox 1553 2139 1683 2193; x_wconf 92' lang='lat' dir='ltr'><strong>nihil</strong></span> <span class='ocrx_word' id='word_1_270' title='bbox 1728 2140 1904 2200; x_wconf 88' lang='lat' dir='ltr'><strong>aliud.</strong></span> <span class='ocrx_word' id='word_1_271' title='bbox 1957 2159 2115 2212; x_wconf 90' lang='lat' dir='ltr'><strong>quam</strong></span> <span class='ocrx_word' id='word_1_272' title='bbox 2171 2147 2309 2200; x_wconf 89' lang='lat' dir='ltr'><strong>vitu-</strong></span> 
     </span>
    </p>
   </div>
   <div class='ocr_carea' id='block_1_40' title="bbox 715 2219 2312 2302">
    <p class='ocr_par' dir='ltr' id='par_1_40' title="bbox 715 2219 2312 2302">
     <span class='ocr_line' id='line_1_40' title="bbox 715 2219 2312 2302; baseline 0.012 -29"><span class='ocrx_word' id='word_1_273' title='bbox 715 2219 822 2274; x_wconf 91' lang='lat' dir='ltr'><strong>lum</strong></span> <span class='ocrx_word' id='word_1_274' title='bbox 867 2232 957 2276; x_wconf 88' lang='lat' dir='ltr'><strong>aut</strong></span> <span class='ocrx_word' id='word_1_275' title='bbox 1013 2223 1176 2279; x_wconf 88' lang='lat' dir='ltr'><strong>boves</strong></span> <span class='ocrx_word' id='word_1_276' title='bbox 1220 2227 1364 2293; x_wconf 91' lang='lat' dir='ltr'><strong>ipsos</strong></span> <span class='ocrx_word' id='word_1_277' title='bbox 1393 2229 1628 2299; x_wconf 81' lang='lat' dir='ltr'><strong>integros</strong></span> <span class='ocrx_word' id='word_1_278' title='bbox 1694 2233 2014 2302; x_wconf 80' lang='lat' dir='ltr'><strong>significant.</strong></span> <span class='ocrx_word' id='word_1_279' title='bbox 2078 2236 2312 2292; x_wconf 75' lang='lat' dir='ltr'><strong>Bocbar-</strong></span> 
     </span>
    </p>
   </div>
   <div class='ocr_carea' id='block_1_41' title="bbox 715 2316 2308 2394">
    <p class='ocr_par' dir='ltr' id='par_1_41' title="bbox 715 2316 2308 2394">
     <span class='ocr_line' id='line_1_41' title="bbox 715 2316 2308 2394; baseline 0.009 -27"><span class='ocrx_word' id='word_1_280' title='bbox 715 2322 912 2369; x_wconf 87' lang='lat' dir='ltr'><strong>tumea</strong></span> <span class='ocrx_word' id='word_1_281' title='bbox 956 2316 1024 2371; x_wconf 91' lang='lat' dir='ltr'><strong>de</strong></span> <span class='ocrx_word' id='word_1_282' title='bbox 1059 2333 1144 2382; x_wconf 87' lang='lat' dir='ltr'><strong>rc,</strong></span> <span class='ocrx_word' id='word_1_283' title='bbox 1176 2319 1218 2372; x_wconf 90' lang='lat' dir='ltr'><strong>si</strong></span> <span class='ocrx_word' id='word_1_284' title='bbox 1249 2319 1394 2374; x_wconf 83' lang='lat' dir='ltr'><strong>lubet</strong></span> <span class='ocrx_word' id='word_1_285' title='bbox 1417 2363 1429 2382; x_wconf 90' lang='lat'><strong>,</strong></span> <span class='ocrx_word' id='word_1_286' title='bbox 1464 2325 1747 2378; x_wconf 89' lang='lat' dir='ltr'><strong>consulere</strong></span> <span class='ocrx_word' id='word_1_287' title='bbox 1799 2329 1997 2394; x_wconf 90' lang='lat' dir='ltr'><strong>poteris</strong></span> <span class='ocrx_word' id='word_1_288' title='bbox 2043 2327 2308 2392; x_wconf 72' lang='lat' dir='ltr'><strong>(Bac/tari.</strong></span> 
     </span>
    </p>
   </div>
   <div class='ocr_carea' id='block_1_42' title="bbox 712 2405 2304 2492">
    <p class='ocr_par' dir='ltr' id='par_1_42' title="bbox 712 2405 2304 2492">
     <span class='ocr_line' id='line_1_42' title="bbox 712 2405 2304 2492; baseline 0.011 -33"><span class='ocrx_word' id='word_1_289' title='bbox 712 2405 800 2459; x_wconf 90' lang='lat' dir='ltr'><strong>lib.</strong></span> <span class='ocrx_word' id='word_1_290' title='bbox 823 2422 876 2460; x_wconf 87' lang='grc'><strong>11.</strong></span> <span class='ocrx_word' id='word_1_291' title='bbox 931 2407 993 2460; x_wconf 82' lang='lat' dir='ltr'><strong>de</strong></span> <span class='ocrx_word' id='word_1_292' title='bbox 1019 2411 1246 2464; x_wconf 81' lang='lat' dir='ltr'><strong>Animal.</strong></span> <span class='ocrx_word' id='word_1_293' title='bbox 1269 2428 1404 2465; x_wconf 86' lang='lat' dir='ltr'><strong>sacr.</strong></span> <span class='ocrx_word' id='word_1_294' title='bbox 1447 2413 1642 2482; x_wconf 89' lang='lat' dir='ltr'><strong>Script.</strong></span> <span class='ocrx_word' id='word_1_295' title='bbox 1693 2432 1810 2485; x_wconf 89' lang='lat' dir='ltr'><strong>cap.</strong></span> <span class='ocrx_word' id='word_1_296' title='bbox 1859 2420 1947 2484; x_wconf 67' lang='grc'><strong>51,</strong></span> <span class='ocrx_word' id='word_1_297' title='bbox 1990 2436 2108 2490; x_wconf 82' lang='lat' dir='ltr'><strong>pag.</strong></span> <span class='ocrx_word' id='word_1_298' title='bbox 2158 2423 2304 2492; x_wconf 71' lang='grc'>546).</span> 
     </span>
    </p>
   </div>
   <div class='ocr_carea' id='block_1_43' title="bbox 785 2497 2310 2581">
    <p class='ocr_par' dir='ltr' id='par_1_43' title="bbox 785 2497 2310 2581">
     <span class='ocr_line' id='line_1_43' title="bbox 785 2497 2310 2581; baseline 0.013 -31"><span class='ocrx_word' id='word_1_299' title='bbox 785 2497 991 2552; x_wconf 84' lang='lat' dir='ltr'><strong>Eodem</strong></span> <span class='ocrx_word' id='word_1_300' title='bbox 1045 2501 1202 2570; x_wconf 89' lang='lat' dir='ltr'><strong>plane</strong></span> <span class='ocrx_word' id='word_1_301' title='bbox 1241 2518 1404 2559; x_wconf 89' lang='lat' dir='ltr'><strong>sensu</strong></span> <span class='ocrx_word' id='word_1_302' title='bbox 1474 2517 1664 2561; x_wconf 84' lang='lat' dir='ltr'><strong>aucmr</strong></span> <span class='ocrx_word' id='word_1_303' title='bbox 1734 2521 1915 2564; x_wconf 81' lang='lat' dir='ltr'><strong>noster</strong></span> <span class='ocrx_word' id='word_1_304' title='bbox 1965 2513 2195 2581; x_wconf 65' lang='lat' dir='ltr'><strong>adjecit:</strong></span> <span class='ocrx_word' id='word_1_305' title='bbox 2256 2526 2310 2570; x_wconf 91' lang='lat' dir='ltr'><strong>et</strong></span> 
     </span>
    </p>
   </div>
   <div class='ocr_carea' id='block_1_44' title="bbox 719 2591 2318 2673">
    <p class='ocr_par' dir='ltr' id='par_1_44' title="bbox 719 2591 2318 2673">
     <span class='ocr_line' id='line_1_44' title="bbox 719 2591 2318 2673; baseline 0.014 -32"><span class='ocrx_word' id='word_1_306' title='bbox 719 2605 738 2641; x_wconf 71' lang='grc' dir='ltr'><strong>ο</strong></span> <span class='ocrx_word' id='word_1_307' title='bbox 787 2591 956 2659; x_wconf 86' lang='lat' dir='ltr'><strong>capita</strong></span> <span class='ocrx_word' id='word_1_308' title='bbox 1007 2607 1313 2649; x_wconf 89' lang='lat' dir='ltr'><strong>vervecum.</strong></span> <span class='ocrx_word' id='word_1_309' title='bbox 1364 2615 1384 2647; x_wconf 80' lang='grc'><strong>1</strong></span> <span class='ocrx_word' id='word_1_310' title='bbox 1441 2598 1508 2652; x_wconf 85' lang='lat' dir='ltr'><strong>At</strong></span> <span class='ocrx_word' id='word_1_311' title='bbox 1563 2615 1723 2655; x_wconf 90' lang='lat' dir='ltr'><strong>nemo</strong></span> <span class='ocrx_word' id='word_1_312' title='bbox 1785 2612 1867 2656; x_wconf 89' lang='lat' dir='ltr'><strong>est</strong></span> <span class='ocrx_word' id='word_1_313' title='bbox 1919 2605 2267 2670; x_wconf 87' lang='lat' dir='ltr'><strong>proculdubio</strong></span> <span class='ocrx_word' id='word_1_314' title='bbox 2293 2649 2318 2673; x_wconf 91' lang='lat'><strong>,_</strong></span> 
     </span>
    </p>
   </div>
   <div class='ocr_carea' id='block_1_45' title="bbox 710 2683 2304 2753">
    <p class='ocr_par' dir='ltr' id='par_1_45' title="bbox 710 2683 2304 2753">
     <span class='ocr_line' id='line_1_45' title="bbox 710 2683 2304 2753; baseline 0.011 -18"><span class='ocrx_word' id='word_1_315' title='bbox 710 2683 800 2752; x_wconf 89' lang='lat' dir='ltr'><strong>qui</strong></span> <span class='ocrx_word' id='word_1_316' title='bbox 848 2684 1051 2740; x_wconf 72' lang='lat' dir='ltr'><strong>nesciat</strong></span> <span class='ocrx_word' id='word_1_317' title='bbox 1103 2701 1389 2744; x_wconf 82' lang='lat' dir='ltr'><strong>vervecem</strong></span> <span class='ocrx_word' id='word_1_318' title='bbox 1438 2706 1559 2747; x_wconf 89' lang='lat' dir='ltr'><strong>esse</strong></span> <span class='ocrx_word' id='word_1_319' title='bbox 1617 2695 1914 2750; x_wconf 68' lang='lat' dir='ltr'><strong>masculum</strong></span> <span class='ocrx_word' id='word_1_320' title='bbox 1961 2712 2115 2752; x_wconf 84' lang='lat' dir='ltr'><strong>ovem</strong></span> <span class='ocrx_word' id='word_1_321' title='bbox 2185 2715 2304 2753; x_wconf 87' lang='lat' dir='ltr'><strong>cas-</strong></span> 
     </span>
    </p>
   </div>
   <div class='ocr_carea' id='block_1_46' title="bbox 713 2779 2308 2849">
    <p class='ocr_par' dir='ltr' id='par_1_46' title="bbox 713 2779 2308 2849">
     <span class='ocr_line' id='line_1_46' title="bbox 713 2779 2308 2849; baseline 0.011 -18"><span class='ocrx_word' id='word_1_322' title='bbox 713 2784 931 2832; x_wconf 81' lang='lat' dir='ltr'><strong>tratum.</strong></span> <span class='ocrx_word' id='word_1_323' title='bbox 976 2779 1083 2834; x_wconf 87' lang='lat' dir='ltr'><strong>Nos</strong></span> <span class='ocrx_word' id='word_1_324' title='bbox 1127 2793 1304 2837; x_wconf 75' lang='lat' dir='ltr'><strong>autem</strong></span> <span class='ocrx_word' id='word_1_325' title='bbox 1361 2785 1485 2840; x_wconf 89' lang='lat' dir='ltr'><strong>alibi</strong></span> <span class='ocrx_word' id='word_1_326' title='bbox 1541 2789 1916 2844; x_wconf 87' lang='lat' dir='ltr'><strong>annotavinms</strong></span> <span class='ocrx_word' id='word_1_327' title='bbox 1963 2791 2174 2848; x_wconf 89' lang='lat' dir='ltr'><strong>Samios</strong></span> <span class='ocrx_word' id='word_1_328' title='bbox 2222 2809 2308 2849; x_wconf 90' lang='lat' dir='ltr'><strong>re-</strong></span> 
     </span>
    </p>
   </div>
   <div class='ocr_carea' id='block_1_47' title="bbox 712 2873 2304 2951">
    <p class='ocr_par' dir='ltr' id='par_1_47' title="bbox 712 2873 2304 2951">
     <span class='ocr_line' id='line_1_47' title="bbox 712 2873 2304 2951; baseline 0.013 -29"><span class='ocrx_word' id='word_1_329' title='bbox 712 2883 840 2940; x_wconf 83' lang='lat' dir='ltr'><strong>vera</strong></span> <span class='ocrx_word' id='word_1_330' title='bbox 898 2873 1098 2928; x_wconf 90' lang='lat' dir='ltr'><strong>cultum</strong></span> <span class='ocrx_word' id='word_1_331' title='bbox 1128 2875 1439 2933; x_wconf 81' lang='lat' dir='ltr'><strong>exhibuisse</strong></span> <span class='ocrx_word' id='word_1_332' title='bbox 1469 2880 1585 2943; x_wconf 85' lang='lat' dir='ltr'><strong>ovi.</strong></span> <span class='ocrx_word' id='word_1_333' title='bbox 1645 2892 1702 2936; x_wconf 90' lang='lat' dir='ltr'><strong>et</strong></span> <span class='ocrx_word' id='word_1_334' title='bbox 1755 2899 1914 2951; x_wconf 87' lang='lat' dir='ltr'><strong>quam</strong></span> <span class='ocrx_word' id='word_1_335' title='bbox 1967 2887 2036 2938; x_wconf 92' lang='lat' dir='ltr'><strong>ob</strong></span> <span class='ocrx_word' id='word_1_336' title='bbox 2090 2903 2304 2942; x_wconf 82' lang='lat' dir='ltr'><strong>causam</strong></span> 
     </span>
    </p>
   </div>
   <div class='ocr_carea' id='block_1_48' title="bbox 716 2961 2302 3044">
    <p class='ocr_par' dir='ltr' id='par_1_48' title="bbox 716 2961 2302 3044">
     <span class='ocr_line' id='line_1_48' title="bbox 716 2961 2302 3044; baseline 0.013 -30"><span class='ocrx_word' id='word_1_337' title='bbox 716 2961 887 3032; x_wconf 86' lang='lat' dir='ltr'><strong>(Tom.</strong></span> <span class='ocrx_word' id='word_1_338' title='bbox 917 2980 952 3019; x_wconf 91' lang='grc'><strong>1.</strong></span> <span class='ocrx_word' id='word_1_339' title='bbox 988 2965 1238 3034; x_wconf 83' lang='lat' dir='ltr'><strong>Apparat.</strong></span> <span class='ocrx_word' id='word_1_340' title='bbox 1272 2970 1356 3023; x_wconf 87' lang='lat' dir='ltr'><strong>lib.</strong></span> <span class='ocrx_word' id='word_1_341' title='bbox 1393 2987 1469 3025; x_wconf 87' lang='lat' dir='ltr'><strong>nt.</strong></span> <span class='ocrx_word' id='word_1_342' title='bbox 1525 2974 1730 3029; x_wconf 72' lang='lat' dir='ltr'><strong>dissert.</strong></span> <span class='ocrx_word' id='word_1_343' title='bbox 1775 2977 1826 3040; x_wconf 87' lang='grc'><strong>1,</strong></span> <span class='ocrx_word' id='word_1_344' title='bbox 1857 2991 1975 3041; x_wconf 88' lang='lat' dir='ltr'><strong>cap.</strong></span> <span class='ocrx_word' id='word_1_345' title='bbox 2023 2980 2078 3044; x_wconf 88' lang='lat'><strong>9,</strong></span> <span class='ocrx_word' id='word_1_346' title='bbox 2122 2990 2222 3034; x_wconf 90' lang='lat' dir='ltr'><strong>art.</strong></span> <span class='ocrx_word' id='word_1_347' title='bbox 2250 2983 2302 3044; x_wconf 76' lang='lat'><strong>3,</strong></span> 
     </span>
    </p>
   </div>
   <div class='ocr_carea' id='block_1_49' title="bbox 712 3057 2306 3140">
    <p class='ocr_par' dir='ltr' id='par_1_49' title="bbox 712 3057 2306 3140">
     <span class='ocr_line' id='line_1_49' title="bbox 712 3057 2306 3140; baseline 0.014 -34"><span class='ocrx_word' id='word_1_348' title='bbox 712 3064 832 3123; x_wconf 78' lang='lat' dir='ltr'><strong>pug.</strong></span> <span class='ocrx_word' id='word_1_349' title='bbox 885 3057 1034 3128; x_wconf 84' lang='lat'><strong>768).</strong></span> <span class='ocrx_word' id='word_1_350' title='bbox 1093 3059 1196 3115; x_wconf 84' lang='lat' dir='ltr'><strong>Sed</strong></span> <span class='ocrx_word' id='word_1_351' title='bbox 1245 3063 1294 3117; x_wconf 89' lang='lat' dir='ltr'><strong>id</strong></span> <span class='ocrx_word' id='word_1_352' title='bbox 1335 3081 1438 3118; x_wconf 92' lang='lat' dir='ltr'><strong>non</strong></span> <span class='ocrx_word' id='word_1_353' title='bbox 1492 3068 1767 3136; x_wconf 88' lang='lat' dir='ltr'><strong>prohibuit</strong></span> <span class='ocrx_word' id='word_1_354' title='bbox 1815 3073 2102 3140; x_wconf 88' lang='lat' dir='ltr'><strong>quominus</strong></span> <span class='ocrx_word' id='word_1_355' title='bbox 2153 3075 2306 3130; x_wconf 89' lang='lat' dir='ltr'><strong>Lari-</strong></span> 
     </span>
    </p>
   </div>
   <div class='ocr_carea' id='block_1_50' title="bbox 712 3148 2304 3227">
    <p class='ocr_par' dir='ltr' id='par_1_50' title="bbox 712 3148 2304 3227">
     <span class='ocr_line' id='line_1_50' title="bbox 712 3148 2304 3227; baseline 0.013 -23"><span class='ocrx_word' id='word_1_356' title='bbox 712 3148 812 3204; x_wconf 91' lang='lat' dir='ltr'><strong>bus</strong></span> <span class='ocrx_word' id='word_1_357' title='bbox 861 3151 929 3204; x_wconf 88' lang='lat' dir='ltr'><strong>ab</strong></span> <span class='ocrx_word' id='word_1_358' title='bbox 969 3153 1106 3219; x_wconf 88' lang='lat' dir='ltr'><strong>aliis,</strong></span> <span class='ocrx_word' id='word_1_359' title='bbox 1145 3166 1281 3212; x_wconf 85' lang='lat' dir='ltr'><strong>teste</strong></span> <span class='ocrx_word' id='word_1_360' title='bbox 1327 3157 1607 3227; x_wconf 84' lang='lat' dir='ltr'><strong>Cicerone,</strong></span> <span class='ocrx_word' id='word_1_361' title='bbox 1661 3164 2054 3220; x_wconf 71' lang='lat' dir='ltr'><strong>sacrificaretur</strong></span> <span class='ocrx_word' id='word_1_362' title='bbox 2094 3186 2105 3220; x_wconf 91' lang='lat'><strong>:</strong></span> <span class='ocrx_word' id='word_1_363' title='bbox 2145 3189 2162 3218; x_wconf 88' lang='grc'><strong><em>‹</em></strong></span> <span class='ocrx_word' id='word_1_364' title='bbox 2205 3170 2304 3224; x_wconf 81' lang='lat' dir='ltr'><strong>Ne-</strong></span> 
     </span>
    </p>
   </div>
   <div class='ocr_carea' id='block_1_51' title="bbox 711 3254 2304 3324">
    <p class='ocr_par' dir='ltr' id='par_1_51' title="bbox 711 3254 2304 3324">
     <span class='ocr_line' id='line_1_51' title="bbox 711 3254 2304 3324; baseline 0.014 -25"><span class='ocrx_word' id='word_1_365' title='bbox 711 3260 814 3316; x_wconf 88' lang='lat' dir='ltr'><strong>que</strong></span> <span class='ocrx_word' id='word_1_366' title='bbox 845 3261 1065 3305; x_wconf 88' lang='lat' dir='ltr'><strong>necesse</strong></span> <span class='ocrx_word' id='word_1_367' title='bbox 1103 3261 1238 3315; x_wconf 66' lang='lat' dir='ltr'><strong>est,»</strong></span> <span class='ocrx_word' id='word_1_368' title='bbox 1268 3254 1435 3324; x_wconf 87' lang='lat' dir='ltr'><strong>inquit</strong></span> <span class='ocrx_word' id='word_1_369' title='bbox 1478 3256 1585 3317; x_wconf 84' lang='lat' dir='ltr'><strong>ille,</strong></span> <span class='ocrx_word' id='word_1_370' title='bbox 1616 3275 1635 3307; x_wconf 75' lang='grc' dir='ltr'><strong><em>ι</em></strong></span> <span class='ocrx_word' id='word_1_371' title='bbox 1664 3259 1885 3313; x_wconf 80' lang='lat' dir='ltr'><strong>edisseri</strong></span> <span class='ocrx_word' id='word_1_372' title='bbox 1932 3277 1958 3313; x_wconf 88' lang='lat' dir='ltr'><strong>a</strong></span> <span class='ocrx_word' id='word_1_373' title='bbox 2013 3263 2183 3320; x_wconf 84' lang='lat' dir='ltr'><strong>nobis.</strong></span> <span class='ocrx_word' id='word_1_374' title='bbox 2231 3309 2243 3321; x_wconf 92' lang='lat'><strong>.</strong></span> <span class='ocrx_word' id='word_1_375' title='bbox 2292 3309 2304 3321; x_wconf 95' lang='lat'><strong>.</strong></span> 
     </span>
    </p>
   </div>
   <div class='ocr_carea' id='block_1_52' title="bbox 710 3340 2308 3424">
    <p class='ocr_par' dir='ltr' id='par_1_52' title="bbox 710 3340 2308 3424">
     <span class='ocr_line' id='line_1_52' title="bbox 710 3340 2308 3424; baseline 0.013 -32"><span class='ocrx_word' id='word_1_376' title='bbox 710 3340 852 3410; x_wconf 90' lang='lat' dir='ltr'><strong>quod</strong></span> <span class='ocrx_word' id='word_1_377' title='bbox 895 3357 1060 3411; x_wconf 86' lang='lat' dir='ltr'><strong>genus</strong></span> <span class='ocrx_word' id='word_1_378' title='bbox 1088 3347 1336 3402; x_wconf 86' lang='lat' dir='ltr'><strong>sacrificii</strong></span> <span class='ocrx_word' id='word_1_379' title='bbox 1380 3348 1498 3401; x_wconf 88' lang='lat' dir='ltr'><strong>Lari</strong></span> <span class='ocrx_word' id='word_1_380' title='bbox 1528 3353 1846 3407; x_wconf 85' lang='lat' dir='ltr'><strong>vervecibus</strong></span> <span class='ocrx_word' id='word_1_381' title='bbox 1879 3355 1968 3407; x_wconf 89' lang='lat' dir='ltr'><strong>fiat</strong></span> <span class='ocrx_word' id='word_1_382' title='bbox 2009 3375 2026 3405; x_wconf 84' lang='grc'><strong>1</strong></span> <span class='ocrx_word' id='word_1_383' title='bbox 2058 3355 2186 3424; x_wconf 76' lang='lat' dir='ltr'><strong>(Cic.</strong></span> <span class='ocrx_word' id='word_1_384' title='bbox 2219 3358 2308 3412; x_wconf 91' lang='lat' dir='ltr'><strong>lib.</strong></span> 
     </span>
    </p>
   </div>
   <div class='ocr_carea' id='block_1_53' title="bbox 711 3437 2312 3517">
    <p class='ocr_par' dir='ltr' id='par_1_53' title="bbox 711 3437 2312 3517">
     <span class='ocr_line' id='line_1_53' title="bbox 711 3437 2312 3517; baseline 0.011 -29"><span class='ocrx_word' id='word_1_385' title='bbox 711 3447 769 3490; x_wconf 88' lang='grc'><strong>11.</strong></span> <span class='ocrx_word' id='word_1_386' title='bbox 820 3437 884 3491; x_wconf 86' lang='lat' dir='ltr'><strong>de</strong></span> <span class='ocrx_word' id='word_1_387' title='bbox 934 3438 1106 3508; x_wconf 87' lang='lat' dir='ltr'><strong>Legib.</strong></span> <span class='ocrx_word' id='word_1_388' title='bbox 1154 3457 1272 3511; x_wconf 87' lang='lat' dir='ltr'><strong>pag.</strong></span> <span class='ocrx_word' id='word_1_389' title='bbox 1325 3441 1492 3514; x_wconf 66' lang='lat'><strong>540).</strong></span> <span class='ocrx_word' id='word_1_390' title='bbox 1541 3444 1694 3511; x_wconf 85' lang='lat' dir='ltr'><strong>Quod</strong></span> <span class='ocrx_word' id='word_1_391' title='bbox 1745 3448 1962 3517; x_wconf 86' lang='lat' dir='ltr'><strong>quidem</strong></span> <span class='ocrx_word' id='word_1_392' title='bbox 2020 3450 2312 3507; x_wconf 85' lang='lat' dir='ltr'><strong>Lambinus</strong></span> 
     </span>
    </p>
   </div>
   <div class='ocr_carea' id='block_1_54' title="bbox 711 3529 2311 3599">
    <p class='ocr_par' dir='ltr' id='par_1_54' title="bbox 711 3529 2311 3599">
     <span class='ocr_line' id='line_1_54' title="bbox 711 3529 2311 3599; baseline 0.009 -15"><span class='ocrx_word' id='word_1_393' title='bbox 711 3529 824 3585; x_wconf 89' lang='lat' dir='ltr'><strong>suis</strong></span> <span class='ocrx_word' id='word_1_394' title='bbox 877 3531 928 3584; x_wconf 91' lang='lat' dir='ltr'><strong>in</strong></span> <span class='ocrx_word' id='word_1_395' title='bbox 971 3531 1114 3588; x_wconf 90' lang='lat' dir='ltr'><strong>hunc</strong></span> <span class='ocrx_word' id='word_1_396' title='bbox 1156 3534 1436 3590; x_wconf 77' lang='lat' dir='ltr'><strong>CiCeronis</strong></span> <span class='ocrx_word' id='word_1_397' title='bbox 1469 3537 1643 3592; x_wconf 84' lang='lat' dir='ltr'><strong>locum</strong></span> <span class='ocrx_word' id='word_1_398' title='bbox 1686 3541 2156 3597; x_wconf 84' lang='lat' dir='ltr'><strong>observationibus</strong></span> <span class='ocrx_word' id='word_1_399' title='bbox 2183 3560 2311 3599; x_wconf 90' lang='lat' dir='ltr'><strong>con-</strong></span> 
     </span>
    </p>
   </div>
   <div class='ocr_carea' id='block_1_55' title="bbox 712 3623 2303 3704">
    <p class='ocr_par' dir='ltr' id='par_1_55' title="bbox 712 3623 2303 3704">
     <span class='ocr_line' id='line_1_55' title="bbox 712 3623 2303 3704; baseline 0.011 -27"><span class='ocrx_word' id='word_1_400' title='bbox 712 3623 890 3678; x_wconf 81' lang='lat' dir='ltr'><strong>firmat</strong></span> <span class='ocrx_word' id='word_1_401' title='bbox 919 3624 1019 3681; x_wconf 89' lang='lat' dir='ltr'><strong>hac</strong></span> <span class='ocrx_word' id='word_1_402' title='bbox 1061 3626 1281 3684; x_wconf 84' lang='lat' dir='ltr'><strong>fratrum</strong></span> <span class='ocrx_word' id='word_1_403' title='bbox 1307 3629 1610 3686; x_wconf 88' lang='lat' dir='ltr'><strong>Larvalium</strong></span> <span class='ocrx_word' id='word_1_404' title='bbox 1665 3634 2014 3704; x_wconf 90' lang='lat' dir='ltr'><strong>inscriptione</strong></span> <span class='ocrx_word' id='word_1_405' title='bbox 2065 3656 2077 3691; x_wconf 93' lang='lat'><strong>:</strong></span> <span class='ocrx_word' id='word_1_406' title='bbox 2131 3654 2303 3695; x_wconf 72' lang='lat' dir='ltr'><strong>LARIB.</strong></span> 
     </span>
    </p>
   </div>
   <div class='ocr_carea' id='block_1_56' title="bbox 711 3732 1866 3782">
    <p class='ocr_par' dir='ltr' id='par_1_56' title="bbox 711 3732 1866 3782">
     <span class='ocr_line' id='line_1_56' title="bbox 711 3732 1866 3782; baseline 0.009 -12"><span class='ocrx_word' id='word_1_407' title='bbox 711 3732 872 3772; x_wconf 69' lang='lat' dir='ltr'><strong>VERB.</strong></span> <span class='ocrx_word' id='word_1_408' title='bbox 924 3735 974 3772; x_wconf 83' lang='lat' dir='ltr'><strong>N.</strong></span> <span class='ocrx_word' id='word_1_409' title='bbox 1036 3737 1092 3774; x_wconf 86' lang='lat' dir='ltr'><strong>ll.</strong></span> <span class='ocrx_word' id='word_1_410' title='bbox 1142 3738 1331 3777; x_wconf 66' lang='lat' dir='ltr'><strong>HATRI.</strong></span> <span class='ocrx_word' id='word_1_411' title='bbox 1386 3740 1508 3778; x_wconf 76' lang='lat' dir='ltr'><strong>LAR.</strong></span> <span class='ocrx_word' id='word_1_412' title='bbox 1567 3741 1654 3780; x_wconf 82' lang='grc' dir='ltr'><strong>ον.</strong></span> <span class='ocrx_word' id='word_1_413' title='bbox 1702 3743 1754 3781; x_wconf 81' lang='grc' dir='ltr'><strong>Ν.</strong></span> <span class='ocrx_word' id='word_1_414' title='bbox 1812 3744 1866 3782; x_wconf 83' lang='lat' dir='ltr'><strong>ll.</strong></span> 
     </span>
    </p>
   </div>
   <div class='ocr_carea' id='block_1_57' title="bbox 787 3812 2311 3888">
    <p class='ocr_par' dir='ltr' id='par_1_57' title="bbox 787 3812 2311 3888">
     <span class='ocr_line' id='line_1_57' title="bbox 787 3812 2311 3888; baseline 0.01 -25"><span class='ocrx_word' id='word_1_415' title='bbox 787 3812 985 3867; x_wconf 79' lang='lat' dir='ltr'><strong>Deinde</strong></span> <span class='ocrx_word' id='word_1_416' title='bbox 1040 3830 1170 3869; x_wconf 85' lang='lat' dir='ltr'><strong>vero</strong></span> <span class='ocrx_word' id='word_1_417' title='bbox 1241 3828 1423 3872; x_wconf 89' lang='lat' dir='ltr'><strong>narrat</strong></span> <span class='ocrx_word' id='word_1_418' title='bbox 1485 3829 1704 3888; x_wconf 87' lang='lat' dir='ltr'><strong>propter</strong></span> <span class='ocrx_word' id='word_1_419' title='bbox 1773 3821 2028 3878; x_wconf 89' lang='lat' dir='ltr'><strong>indictum</strong></span> <span class='ocrx_word' id='word_1_420' title='bbox 2090 3826 2311 3880; x_wconf 85' lang='lat' dir='ltr'><strong>Octavio</strong></span> 
     </span>
    </p>
   </div>
   <div class='ocr_carea' id='block_1_58' title="bbox 671 3901 2309 3985">
    <p class='ocr_par' dir='ltr' id='par_1_58' title="bbox 671 3901 2309 3985">
     <span class='ocr_line' id='line_1_58' title="bbox 671 3901 2309 3985; baseline 0.012 -30"><span class='ocrx_word' id='word_1_421' title='bbox 671 3901 911 3959; x_wconf 68' lang='lat' dir='ltr'><strong>&#39;Czesari</strong></span> <span class='ocrx_word' id='word_1_422' title='bbox 958 3908 1180 3980; x_wconf 79' lang='lat' dir='ltr'><strong>Augusti</strong></span> <span class='ocrx_word' id='word_1_423' title='bbox 1233 3929 1456 3975; x_wconf 81' lang='lat' dir='ltr'><strong>nomen.</strong></span> <span class='ocrx_word' id='word_1_424' title='bbox 1513 3923 1671 3982; x_wconf 87' lang='lat' dir='ltr'><strong>atque</strong></span> <span class='ocrx_word' id='word_1_425' title='bbox 1718 3916 1768 3968; x_wconf 93' lang='lat' dir='ltr'><strong>in</strong></span> <span class='ocrx_word' id='word_1_426' title='bbox 1813 3917 2034 3985; x_wconf 85' lang='lat' dir='ltr'><strong>hujusce</strong></span> <span class='ocrx_word' id='word_1_427' title='bbox 2064 3921 2142 3974; x_wconf 87' lang='lat' dir='ltr'><strong>rei</strong></span> <span class='ocrx_word' id='word_1_428' title='bbox 2195 3936 2309 3974; x_wconf 89' lang='lat' dir='ltr'><strong>me-</strong></span> 
     </span>
    </p>
   </div>
   <div class='ocr_carea' id='block_1_59' title="bbox 712 3999 2311 4078">
    <p class='ocr_par' dir='ltr' id='par_1_59' title="bbox 712 3999 2311 4078">
     <span class='ocr_line' id='line_1_59' title="bbox 712 3999 2311 4078; baseline 0.011 -27"><span class='ocrx_word' id='word_1_429' title='bbox 712 3999 938 4055; x_wconf 90' lang='lat' dir='ltr'><strong>moriam</strong></span> <span class='ocrx_word' id='word_1_430' title='bbox 962 4045 976 4069; x_wconf 94' lang='lat'><strong>,</strong></span> <span class='ocrx_word' id='word_1_431' title='bbox 1015 4022 1034 4055; x_wconf 86' lang='grc'><strong><em>‹</em></strong></span> <span class='ocrx_word' id='word_1_432' title='bbox 1073 4020 1353 4061; x_wconf 86' lang='lat' dir='ltr'><strong>vervecem</strong></span> <span class='ocrx_word' id='word_1_433' title='bbox 1389 4024 1406 4058; x_wconf 87' lang='grc'><strong>1</strong></span> <span class='ocrx_word' id='word_1_434' title='bbox 1465 4008 1515 4060; x_wconf 85' lang='grc'><strong>111</strong></span> <span class='ocrx_word' id='word_1_435' title='bbox 1576 4009 1778 4078; x_wconf 88' lang='lat' dir='ltr'><strong>templo</strong></span> <span class='ocrx_word' id='word_1_436' title='bbox 1821 4009 1968 4064; x_wconf 83' lang='lat' dir='ltr'><strong>Jovis</strong></span> <span class='ocrx_word' id='word_1_437' title='bbox 2017 4011 2192 4066; x_wconf 85' lang='lat' dir='ltr'><strong>idibus</strong></span> <span class='ocrx_word' id='word_1_438' title='bbox 2221 4013 2311 4068; x_wconf 85' lang='lat' dir='ltr'><strong>Ja-</strong></span> 
     </span>
    </p>
   </div>
   <div class='ocr_carea' id='block_1_60' title="bbox 710 4095 2310 4171">
    <p class='ocr_par' dir='ltr' id='par_1_60' title="bbox 710 4095 2310 4171">
     <span class='ocr_line' id='line_1_60' title="bbox 710 4095 2310 4171; baseline 0.009 -23"><span class='ocrx_word' id='word_1_439' title='bbox 710 4095 914 4149; x_wconf 76' lang='lat' dir='ltr'><strong>nuariis</strong></span> <span class='ocrx_word' id='word_1_440' title='bbox 973 4113 1001 4150; x_wconf 91' lang='lat' dir='ltr'><strong>a</strong></span> <span class='ocrx_word' id='word_1_441' title='bbox 1077 4098 1292 4154; x_wconf 89' lang='lat' dir='ltr'><strong>flamine</strong></span> <span class='ocrx_word' id='word_1_442' title='bbox 1364 4101 1719 4158; x_wconf 89' lang='lat' dir='ltr'><strong>immolatum.</strong></span> <span class='ocrx_word' id='word_1_443' title='bbox 1771 4106 1940 4171; x_wconf 81' lang='lat' dir='ltr'><strong>Quam</strong></span> <span class='ocrx_word' id='word_1_444' title='bbox 1994 4107 2064 4160; x_wconf 94' lang='lat' dir='ltr'><strong>ob</strong></span> <span class='ocrx_word' id='word_1_445' title='bbox 2090 4123 2310 4163; x_wconf 84' lang='lat' dir='ltr'><strong>cauSam</strong></span> 
     </span>
    </p>
   </div>
   <div class='ocr_carea' id='block_1_61' title="bbox 709 4186 1377 4248">
    <p class='ocr_par' dir='ltr' id='par_1_61' title="bbox 709 4186 1377 4248">
     <span class='ocr_line' id='line_1_61' title="bbox 709 4186 1377 4248; baseline 0.007 -7"><span class='ocrx_word' id='word_1_446' title='bbox 709 4186 928 4243; x_wconf 88' lang='lat' dir='ltr'><strong>Ovidius</strong></span> <span class='ocrx_word' id='word_1_447' title='bbox 976 4189 1091 4246; x_wconf 71' lang='lat' dir='ltr'><strong>haec</strong></span> <span class='ocrx_word' id='word_1_448' title='bbox 1145 4194 1340 4248; x_wconf 87' lang='lat' dir='ltr'><strong>cecinit</strong></span> <span class='ocrx_word' id='word_1_449' title='bbox 1363 4213 1377 4246; x_wconf 91' lang='lat'><strong>:</strong></span> 
     </span>
    </p>
   </div>
   <div class='ocr_carea' id='block_1_62' title="bbox 837 4303 1980 4367">
    <p class='ocr_par' dir='ltr' id='par_1_62' title="bbox 837 4303 1980 4367">
     <span class='ocr_line' id='line_1_62' title="bbox 837 4303 1980 4367; baseline 0.006 -16"><span class='ocrx_word' id='word_1_450' title='bbox 837 4303 1003 4367; x_wconf 87' lang='lat' dir='ltr'><strong>Idibus</strong></span> <span class='ocrx_word' id='word_1_451' title='bbox 1027 4307 1076 4353; x_wconf 92' lang='lat' dir='ltr'><strong>in</strong></span> <span class='ocrx_word' id='word_1_452' title='bbox 1101 4308 1259 4367; x_wconf 75' lang='lat' dir='ltr'><strong>magni</strong></span> <span class='ocrx_word' id='word_1_453' title='bbox 1282 4312 1444 4356; x_wconf 89' lang='lat' dir='ltr'><strong>castus</strong></span> <span class='ocrx_word' id='word_1_454' title='bbox 1463 4307 1489 4355; x_wconf 89' lang='lat' dir='ltr'><strong>J</strong></span> <span class='ocrx_word' id='word_1_455' title='bbox 1494 4311 1596 4357; x_wconf 89' lang='lat' dir='ltr'><strong>ovis</strong></span> <span class='ocrx_word' id='word_1_456' title='bbox 1616 4309 1722 4356; x_wconf 76' lang='lat' dir='ltr'><strong>aede</strong></span> <span class='ocrx_word' id='word_1_457' title='bbox 1749 4311 1980 4359; x_wconf 87' lang='lat' dir='ltr'><strong>sacerdos</strong></span> 
     </span>
    </p>
   </div>
   <div class='ocr_carea' id='block_1_63' title="bbox 896 4365 1900 4422">
    <p class='ocr_par' dir='ltr' id='par_1_63' title="bbox 896 4365 1900 4422">
     <span class='ocr_line' id='line_1_63' title="bbox 896 4365 1900 4422; baseline 0.009 -9"><span class='ocrx_word' id='word_1_458' title='bbox 896 4365 1186 4415; x_wconf 81' lang='lat' dir='ltr'><strong>Semimaris</strong></span> <span class='ocrx_word' id='word_1_459' title='bbox 1207 4370 1410 4417; x_wconf 86' lang='lat' dir='ltr'><strong>flatumis</strong></span> <span class='ocrx_word' id='word_1_460' title='bbox 1429 4373 1616 4419; x_wconf 75' lang='lat' dir='ltr'><strong>viscera</strong></span> <span class='ocrx_word' id='word_1_461' title='bbox 1640 4370 1757 4420; x_wconf 90' lang='lat' dir='ltr'><strong>libat</strong></span> <span class='ocrx_word' id='word_1_462' title='bbox 1779 4375 1900 4422; x_wconf 87' lang='lat' dir='ltr'><strong>ovis.</strong></span> 
     </span>
    </p>
   </div>
   <div class='ocr_carea' id='block_1_64' title="bbox 836 4425 2098 4496">
    <p class='ocr_par' dir='ltr' id='par_1_64' title="bbox 836 4425 2098 4496">
     <span class='ocr_line' id='line_1_64' title="bbox 836 4425 2098 4496; baseline 0.006 -22"><span class='ocrx_word' id='word_1_463' title='bbox 836 4425 1146 4496; x_wconf 66' lang='lat' dir='ltr'><strong>Redditaque</strong></span> <span class='ocrx_word' id='word_1_464' title='bbox 1173 4439 1248 4479; x_wconf 90' lang='lat' dir='ltr'><strong>est</strong></span> <span class='ocrx_word' id='word_1_465' title='bbox 1271 4434 1428 4478; x_wconf 86' lang='lat' dir='ltr'><strong>omnis</strong></span> <span class='ocrx_word' id='word_1_466' title='bbox 1450 4433 1654 4496; x_wconf 68' lang='lat' dir='ltr'><strong>populo;</strong></span> <span class='ocrx_word' id='word_1_467' title='bbox 1679 4435 1888 4482; x_wconf 83' lang='lat' dir='ltr'><strong>rovincia</strong></span> <span class='ocrx_word' id='word_1_468' title='bbox 1917 4444 2098 4496; x_wconf 88' lang='lat' dir='ltr'><strong>nostro,</strong></span> 
     </span>
    </p>
   </div>
   <div class='ocr_carea' id='block_1_65' title="bbox 894 4488 1899 4554">
    <p class='ocr_par' dir='ltr' id='par_1_65' title="bbox 894 4488 1899 4554">
     <span class='ocr_line' id='line_1_65' title="bbox 894 4488 1899 4554; baseline 0.008 -18"><span class='ocrx_word' id='word_1_469' title='bbox 894 4488 956 4537; x_wconf 85' lang='lat' dir='ltr'><strong>Et</strong></span> <span class='ocrx_word' id='word_1_470' title='bbox 982 4488 1093 4538; x_wconf 81' lang='lat' dir='ltr'><strong>tuus</strong></span> <span class='ocrx_word' id='word_1_471' title='bbox 1113 4492 1335 4554; x_wconf 79' lang='lat' dir='ltr'><strong>Augusto</strong></span> <span class='ocrx_word' id='word_1_472' title='bbox 1368 4488 1564 4541; x_wconf 77' lang='lat' dir='ltr'><strong>nomine</strong></span> <span class='ocrx_word' id='word_1_473' title='bbox 1589 4495 1748 4545; x_wconf 84' lang='lat' dir='ltr'><strong>dictus</strong></span> <span class='ocrx_word' id='word_1_474' title='bbox 1767 4510 1899 4545; x_wconf 86' lang='lat' dir='ltr'><strong>avus.</strong></span> 
     </span>
    </p>
   </div>
   <div class='ocr_carea' id='block_1_66' title="bbox 1209 4573 2121 4643">
    <p class='ocr_par' dir='ltr' id='par_1_66' title="bbox 1209 4573 2121 4643">
     <span class='ocr_line' id='line_1_66' title="bbox 1209 4573 2121 4643; baseline 0.002 -19"><span class='ocrx_word' id='word_1_475' title='bbox 1209 4573 1394 4634; x_wconf 77' lang='lat' dir='ltr'><strong>(Ovid,</strong></span> <span class='ocrx_word' id='word_1_476' title='bbox 1421 4574 1453 4623; x_wconf 94' lang='lat' dir='ltr'><strong>l.</strong></span> <span class='ocrx_word' id='word_1_477' title='bbox 1483 4577 1672 4638; x_wconf 80' lang='lat' dir='ltr'><strong>IFast.,</strong></span> <span class='ocrx_word' id='word_1_478' title='bbox 1698 4592 1745 4628; x_wconf 86' lang='grc' dir='ltr'><strong>υ.</strong></span> <span class='ocrx_word' id='word_1_479' title='bbox 1766 4579 1876 4638; x_wconf 70' lang='grc'><strong>546,</strong></span> <span class='ocrx_word' id='word_1_480' title='bbox 1903 4585 1948 4629; x_wconf 85' lang='lat' dir='ltr'><strong>et</strong></span> <span class='ocrx_word' id='word_1_481' title='bbox 1964 4581 2121 4643; x_wconf 79' lang='lat' dir='ltr'><strong>seqq.)</strong></span> 
     </span>
    </p>
   </div>
   <div class='ocr_carea' id='block_1_67' title="bbox 1320 4720 1715 4761">
    <p class='ocr_par' dir='ltr' id='par_1_67' title="bbox 1320 4720 1715 4761">
     <span class='ocr_line' id='line_1_67' title="bbox 1320 4720 1715 4761; baseline 0.01 -5"><span class='ocrx_word' id='word_1_482' title='bbox 1320 4720 1610 4760; x_wconf 77' lang='lat' dir='ltr'><strong>ARTICULUS</strong></span> <span class='ocrx_word' id='word_1_483' title='bbox 1639 4723 1715 4761; x_wconf 83' lang='lat' dir='ltr'><strong>Ill.</strong></span> 
     </span>
    </p>
   </div>
   <div class='ocr_carea' id='block_1_68' title="bbox 712 4851 2308 4937">
    <p class='ocr_par' dir='ltr' id='par_1_68' title="bbox 712 4851 2308 4937">
     <span class='ocr_line' id='line_1_68' title="bbox 712 4851 2308 4937; baseline 0.009 -30"><span class='ocrx_word' id='word_1_484' title='bbox 712 4851 978 4919; x_wconf 82' lang='lat' dir='ltr'><strong>Quomodo</strong></span> <span class='ocrx_word' id='word_1_485' title='bbox 1021 4857 1281 4912; x_wconf 80' lang='lat' dir='ltr'><strong>Minucius</strong></span> <span class='ocrx_word' id='word_1_486' title='bbox 1339 4861 1509 4914; x_wconf 79' lang='lat' dir='ltr'><strong>adhuc</strong></span> <span class='ocrx_word' id='word_1_487' title='bbox 1572 4863 1854 4930; x_wconf 82' lang='lat' dir='ltr'><strong>probaverit</strong></span> <span class='ocrx_word' id='word_1_488' title='bbox 1911 4867 1972 4918; x_wconf 89' lang='lat' dir='ltr'><strong>ab</strong></span> <span class='ocrx_word' id='word_1_489' title='bbox 2041 4869 2308 4937; x_wconf 68' lang='lat' dir='ltr'><strong>gentilibus</strong></span> 
     </span>
    </p>
   </div>
   <div class='ocr_carea' id='block_1_69' title="bbox 781 4949 2308 5024">
    <p class='ocr_par' dir='ltr' id='par_1_69' title="bbox 781 4949 2308 5024">
     <span class='ocr_line' id='line_1_69' title="bbox 781 4949 2308 5024; baseline 0.008 -23"><span class='ocrx_word' id='word_1_490' title='bbox 781 4949 881 5002; x_wconf 81' lang='lat' dir='ltr'><strong>coli</strong></span> <span class='ocrx_word' id='word_1_491' title='bbox 926 4959 970 5003; x_wconf 85' lang='lat' dir='ltr'><strong>et</strong></span> <span class='ocrx_word' id='word_1_492' title='bbox 1021 4951 1228 5006; x_wconf 85' lang='lat' dir='ltr'><strong>adorari</strong></span> <span class='ocrx_word' id='word_1_493' title='bbox 1254 4952 1374 5006; x_wconf 75' lang='lat' dir='ltr'><strong>deos</strong></span> <span class='ocrx_word' id='word_1_494' title='bbox 1421 4971 1574 5024; x_wconf 84' lang='lat' dir='ltr'><strong>capro</strong></span> <span class='ocrx_word' id='word_1_495' title='bbox 1628 4966 1673 5009; x_wconf 86' lang='lat' dir='ltr'><strong>et</strong></span> <span class='ocrx_word' id='word_1_496' title='bbox 1729 4958 1929 5010; x_wconf 75' lang='lat' dir='ltr'><strong>nomine</strong></span> <span class='ocrx_word' id='word_1_497' title='bbox 1956 4960 2161 5024; x_wconf 71' lang='lat' dir='ltr'><strong>auat/os,</strong></span> <span class='ocrx_word' id='word_1_498' title='bbox 2200 4963 2308 5014; x_wconf 78' lang='lat' dir='ltr'><strong>rul-</strong></span> 
     </span>
    </p>
   </div>
   <div class='ocr_carea' id='block_1_70' title="bbox 780 5045 2306 5120">
    <p class='ocr_par' dir='ltr' id='par_1_70' title="bbox 780 5045 2306 5120">
     <span class='ocr_line' id='line_1_70' title="bbox 780 5045 2306 5120; baseline 0.006 -26"><span class='ocrx_word' id='word_1_499' title='bbox 780 5051 957 5112; x_wconf 82' lang='lat' dir='ltr'><strong>lusque</strong></span> <span class='ocrx_word' id='word_1_500' title='bbox 1001 5045 1202 5098; x_wconf 83' lang='lat' dir='ltr'><strong>leonum</strong></span> <span class='ocrx_word' id='word_1_501' title='bbox 1266 5055 1314 5098; x_wconf 82' lang='lat' dir='ltr'><strong>et</strong></span> <span class='ocrx_word' id='word_1_502' title='bbox 1362 5062 1546 5098; x_wconf 85' lang='lat' dir='ltr'><strong>canum</strong></span> <span class='ocrx_word' id='word_1_503' title='bbox 1600 5051 1945 5120; x_wconf 75' lang='lat' dir='ltr'><strong>prtcfereutes,</strong></span> <span class='ocrx_word' id='word_1_504' title='bbox 1992 5051 2110 5103; x_wconf 80' lang='lat' dir='ltr'><strong>item</strong></span> <span class='ocrx_word' id='word_1_505' title='bbox 2155 5051 2306 5120; x_wconf 83' lang='lat' dir='ltr'><strong>Apim</strong></span> 
     </span>
    </p>
   </div>
   <div class='ocr_carea' id='block_1_71' title="bbox 780 5139 2304 5211">
    <p class='ocr_par' dir='ltr' id='par_1_71' title="bbox 780 5139 2304 5211">
     <span class='ocr_line' id='line_1_71' title="bbox 780 5139 2304 5211; baseline 0.007 -21"><span class='ocrx_word' id='word_1_506' title='bbox 780 5139 973 5204; x_wconf 85' lang='lat' dir='ltr'><strong>bovem,</strong></span> <span class='ocrx_word' id='word_1_507' title='bbox 1023 5149 1296 5208; x_wconf 75' lang='lat' dir='ltr'><strong>serpentes,</strong></span> <span class='ocrx_word' id='word_1_508' title='bbox 1353 5141 1657 5206; x_wconf 80' lang='lat' dir='ltr'><strong>crocodilos,</strong></span> <span class='ocrx_word' id='word_1_509' title='bbox 1704 5154 1854 5211; x_wconf 82' lang='lat' dir='ltr'><strong>atque</strong></span> <span class='ocrx_word' id='word_1_510' title='bbox 1917 5145 2047 5197; x_wconf 86' lang='lat' dir='ltr'><strong>alias</strong></span> <span class='ocrx_word' id='word_1_511' title='bbox 2096 5161 2210 5198; x_wconf 86' lang='lat' dir='ltr'><strong>aves</strong></span> <span class='ocrx_word' id='word_1_512' title='bbox 2258 5155 2304 5200; x_wconf 84' lang='lat' dir='ltr'><strong>et</strong></span> 
     </span>
    </p>
   </div>
   <div class='ocr_carea' id='block_1_72' title="bbox 781 5231 2094 5304">
    <p class='ocr_par' dir='ltr' id='par_1_72' title="bbox 781 5231 2094 5304">
     <span class='ocr_line' id='line_1_72' title="bbox 781 5231 2094 5304; baseline 0.005 -20"><span class='ocrx_word' id='word_1_513' title='bbox 781 5231 996 5298; x_wconf 79' lang='lat' dir='ltr'><strong>belluas,</strong></span> <span class='ocrx_word' id='word_1_514' title='bbox 1053 5248 1113 5285; x_wconf 82' lang='lat' dir='ltr'><strong>ac</strong></span> <span class='ocrx_word' id='word_1_515' title='bbox 1153 5249 1275 5302; x_wconf 84' lang='lat' dir='ltr'><strong>cepe</strong></span> <span class='ocrx_word' id='word_1_516' title='bbox 1325 5236 1494 5300; x_wconf 83' lang='lat' dir='ltr'><strong>etiam,</strong></span> <span class='ocrx_word' id='word_1_517' title='bbox 1541 5246 1588 5289; x_wconf 86' lang='lat' dir='ltr'><strong>et</strong></span> <span class='ocrx_word' id='word_1_518' title='bbox 1625 5237 1810 5290; x_wconf 83' lang='lat' dir='ltr'><strong>ventris</strong></span> <span class='ocrx_word' id='word_1_519' title='bbox 1855 5241 2094 5304; x_wconf 74' lang='lat' dir='ltr'><strong>crepitus.</strong></span> 
     </span>
    </p>
   </div>
   <div class='ocr_carea' id='block_1_73' title="bbox 780 5343 2299 5419">
    <p class='ocr_par' dir='ltr' id='par_1_73' title="bbox 780 5343 2299 5419">
     <span class='ocr_line' id='line_1_73' title="bbox 780 5343 2299 5419; baseline 0.007 -23"><span class='ocrx_word' id='word_1_520' title='bbox 780 5343 1129 5415; x_wconf 82' lang='lat' dir='ltr'><strong>Prosequitur</strong></span> <span class='ocrx_word' id='word_1_521' title='bbox 1157 5345 1413 5402; x_wconf 80' lang='lat' dir='ltr'><strong>Minucius</strong></span> <span class='ocrx_word' id='word_1_522' title='bbox 1432 5392 1444 5413; x_wconf 93' lang='lat'><strong>,</strong></span> <span class='ocrx_word' id='word_1_523' title='bbox 1476 5362 1526 5403; x_wconf 87' lang='lat' dir='ltr'><strong>et</strong></span> <span class='ocrx_word' id='word_1_524' title='bbox 1559 5362 1610 5402; x_wconf 90' lang='lat' dir='ltr'><strong>ut</strong></span> <span class='ocrx_word' id='word_1_525' title='bbox 1641 5349 1882 5404; x_wconf 60' lang='lat' dir='ltr'><strong>etlmictts</strong></span> <span class='ocrx_word' id='word_1_526' title='bbox 1907 5352 2122 5406; x_wconf 67' lang='lat' dir='ltr'><strong>insulsm.</strong></span> <span class='ocrx_word' id='word_1_527' title='bbox 2149 5368 2299 5419; x_wconf 88' lang='lat' dir='ltr'><strong>pror-</strong></span> 
     </span>
    </p>
   </div>
   <div class='ocr_carea' id='block_1_74' title="bbox 707 5439 2298 5516">
    <p class='ocr_par' dir='ltr' id='par_1_74' title="bbox 707 5439 2298 5516">
     <span class='ocr_line' id='line_1_74' title="bbox 707 5439 2298 5516; baseline 0.006 -26"><span class='ocrx_word' id='word_1_528' title='bbox 707 5452 800 5491; x_wconf 91' lang='lat' dir='ltr'><strong>sus</strong></span> <span class='ocrx_word' id='word_1_529' title='bbox 822 5481 837 5504; x_wconf 89' lang='lat'><strong>,</strong></span> <span class='ocrx_word' id='word_1_530' title='bbox 873 5455 976 5508; x_wconf 87' lang='lat' dir='ltr'><strong>qua</strong></span> <span class='ocrx_word' id='word_1_531' title='bbox 1001 5439 1333 5496; x_wconf 87' lang='lat' dir='ltr'><strong>Christianos</strong></span> <span class='ocrx_word' id='word_1_532' title='bbox 1375 5444 1568 5497; x_wconf 90' lang='lat' dir='ltr'><strong>asiniui</strong></span> <span class='ocrx_word' id='word_1_533' title='bbox 1597 5439 1771 5499; x_wconf 85' lang='lat' dir='ltr'><strong>cultus</strong></span> <span class='ocrx_word' id='word_1_534' title='bbox 1815 5444 1951 5497; x_wconf 86' lang='lat' dir='ltr'><strong>falso</strong></span> <span class='ocrx_word' id='word_1_535' title='bbox 1983 5445 2298 5516; x_wconf 67' lang='lat' dir='ltr'><strong>arguebant,</strong></span> 
     </span>
    </p>
   </div>
   <div class='ocr_carea' id='block_1_75' title="bbox 706 5529 2305 5603">
    <p class='ocr_par' dir='ltr' id='par_1_75' title="bbox 706 5529 2305 5603">
     <span class='ocr_line' id='line_1_75' title="bbox 706 5529 2305 5603; baseline 0.006 -21"><span class='ocrx_word' id='word_1_536' title='bbox 706 5529 992 5584; x_wconf 66' lang='lat' dir='ltr'><strong>calumnia:</strong></span> <span class='ocrx_word' id='word_1_537' title='bbox 1043 5533 1297 5601; x_wconf 86' lang='lat' dir='ltr'><strong>puderet:</strong></span> <span class='ocrx_word' id='word_1_538' title='bbox 1355 5553 1373 5585; x_wconf 73' lang='grc' dir='ltr'>ι</span> <span class='ocrx_word' id='word_1_539' title='bbox 1413 5535 1485 5588; x_wconf 85' lang='lat' dir='ltr'><strong>De</strong></span> <span class='ocrx_word' id='word_1_540' title='bbox 1515 5550 1677 5603; x_wconf 88' lang='lat' dir='ltr'><strong>capro</strong></span> <span class='ocrx_word' id='word_1_541' title='bbox 1703 5555 1750 5597; x_wconf 81' lang='grc'><strong>,1</strong></span> <span class='ocrx_word' id='word_1_542' title='bbox 1778 5536 1888 5599; x_wconf 88' lang='lat' dir='ltr'><strong>ait,</strong></span> <span class='ocrx_word' id='word_1_543' title='bbox 1924 5554 1941 5586; x_wconf 73' lang='grc' dir='ltr'>ι</span> <span class='ocrx_word' id='word_1_544' title='bbox 1968 5547 2023 5591; x_wconf 90' lang='lat' dir='ltr'><strong>et</strong></span> <span class='ocrx_word' id='word_1_545' title='bbox 2089 5537 2305 5592; x_wconf 84' lang='lat' dir='ltr'><strong>homine</strong></span> 
     </span>
    </p>
   </div>
   <div class='ocr_carea' id='block_1_76' title="bbox 707 5623 2306 5690">
    <p class='ocr_par' dir='ltr' id='par_1_76' title="bbox 707 5623 2306 5690">
     <span class='ocr_line' id='line_1_76' title="bbox 707 5623 2306 5690; baseline 0.005 -10"><span class='ocrx_word' id='word_1_546' title='bbox 707 5623 904 5680; x_wconf 74' lang='lat' dir='ltr'><strong>mixtos</strong></span> <span class='ocrx_word' id='word_1_547' title='bbox 961 5625 1124 5690; x_wconf 84' lang='lat' dir='ltr'><strong>deos,</strong></span> <span class='ocrx_word' id='word_1_548' title='bbox 1183 5636 1236 5681; x_wconf 91' lang='lat' dir='ltr'><strong>et</strong></span> <span class='ocrx_word' id='word_1_549' title='bbox 1315 5627 1527 5682; x_wconf 76' lang='lat' dir='ltr'><strong>leonum</strong></span> <span class='ocrx_word' id='word_1_550' title='bbox 1598 5640 1654 5682; x_wconf 90' lang='lat' dir='ltr'><strong>et</strong></span> <span class='ocrx_word' id='word_1_551' title='bbox 1702 5646 1893 5684; x_wconf 84' lang='lat' dir='ltr'><strong>canum</strong></span> <span class='ocrx_word' id='word_1_552' title='bbox 1944 5632 2121 5685; x_wconf 84' lang='lat' dir='ltr'><strong>vultus</strong></span> <span class='ocrx_word' id='word_1_553' title='bbox 2173 5633 2306 5689; x_wconf 89' lang='lat' dir='ltr'><strong>deos</strong></span> 
     </span>
    </p>
   </div>
   <div class='ocr_carea' id='block_1_77' title="bbox 706 5717 2303 5792">
    <p class='ocr_par' dir='ltr' id='par_1_77' title="bbox 706 5717 2303 5792">
     <span class='ocr_line' id='line_1_77' title="bbox 706 5717 2303 5792; baseline 0.005 -20"><span class='ocrx_word' id='word_1_554' title='bbox 706 5717 988 5773; x_wconf 87' lang='lat' dir='ltr'><strong>dedicatis.</strong></span> <span class='ocrx_word' id='word_1_555' title='bbox 1029 5740 1047 5771; x_wconf 81' lang='grc'><strong>1</strong></span> <span class='ocrx_word' id='word_1_556' title='bbox 1084 5719 1283 5785; x_wconf 77' lang='lat' dir='ltr'><strong>Quales</strong></span> <span class='ocrx_word' id='word_1_557' title='bbox 1332 5721 1420 5774; x_wconf 89' lang='lat' dir='ltr'><strong>ille</strong></span> <span class='ocrx_word' id='word_1_558' title='bbox 1471 5723 1671 5788; x_wconf 67' lang='lat' dir='ltr'><strong>primos</strong></span> <span class='ocrx_word' id='word_1_559' title='bbox 1712 5721 1874 5782; x_wconf 65' lang='lat' dir='ltr'><strong>d‘t-it.</strong></span> <span class='ocrx_word' id='word_1_560' title='bbox 1930 5724 2051 5776; x_wconf 90' lang='lat' dir='ltr'><strong>talis</strong></span> <span class='ocrx_word' id='word_1_561' title='bbox 2121 5727 2303 5792; x_wconf 86' lang='lat' dir='ltr'><strong>procul</strong></span> 
     </span>
    </p>
   </div>
   <div class='ocr_carea' id='block_1_78' title="bbox 707 5811 2304 5882">
    <p class='ocr_par' dir='ltr' id='par_1_78' title="bbox 707 5811 2304 5882">
     <span class='ocr_line' id='line_1_78' title="bbox 707 5811 2304 5882; baseline 0.005 -18"><span class='ocrx_word' id='word_1_562' title='bbox 707 5811 871 5865; x_wconf 88' lang='lat' dir='ltr'><strong>dubio</strong></span> <span class='ocrx_word' id='word_1_563' title='bbox 915 5821 1028 5866; x_wconf 79' lang='lat' dir='ltr'><strong>crat</strong></span> <span class='ocrx_word' id='word_1_564' title='bbox 1062 5813 1196 5876; x_wconf 78' lang='lat' dir='ltr'><strong>Pan,</strong></span> <span class='ocrx_word' id='word_1_565' title='bbox 1242 5828 1400 5880; x_wconf 87' lang='lat' dir='ltr'><strong>quem</strong></span> <span class='ocrx_word' id='word_1_566' title='bbox 1446 5815 1521 5867; x_wconf 88' lang='lat' dir='ltr'><strong>sic</strong></span> <span class='ocrx_word' id='word_1_567' title='bbox 1552 5830 1579 5866; x_wconf 86' lang='lat' dir='ltr'><strong>a</strong></span> <span class='ocrx_word' id='word_1_568' title='bbox 1611 5814 1905 5882; x_wconf 87' lang='lat' dir='ltr'><strong>pictoribus</strong></span> <span class='ocrx_word' id='word_1_569' title='bbox 1949 5828 2003 5870; x_wconf 88' lang='lat' dir='ltr'><strong>et</strong></span> <span class='ocrx_word' id='word_1_570' title='bbox 2029 5820 2304 5873; x_wconf 83' lang='lat' dir='ltr'><strong>statuariis</strong></span> 
     </span>
    </p>
   </div>
   <div class='ocr_carea' id='block_1_79' title="bbox 2419 1942 4025 2022">
    <p class='ocr_par' dir='ltr' id='par_1_79' title="bbox 2419 1942 4025 2022">
     <span class='ocr_line' id='line_1_79' title="bbox 2419 1942 4025 2022; baseline 0.013 -35"><span class='ocrx_word' id='word_1_571' title='bbox 2419 1942 2620 1995; x_wconf 74' lang='grc' dir='ltr'><strong>νηθεῖσω</strong></span> <span class='ocrx_word' id='word_1_572' title='bbox 2645 1946 2823 2010; x_wconf 69' lang='grc' dir='ltr'><strong>ἐρίφοις</strong></span> <span class='ocrx_word' id='word_1_573' title='bbox 2850 1950 2914 1997; x_wconf 79' lang='grc' dir='ltr'><strong>τὰ</strong></span> <span class='ocrx_word' id='word_1_574' title='bbox 2939 1953 3117 2014; x_wconf 75' lang='grc' dir='ltr'><strong>κέρατα</strong></span> <span class='ocrx_word' id='word_1_575' title='bbox 3147 1953 3427 2013; x_wconf 63' lang='grc' dir='ltr'><strong>ὑποᾳΰεταιι.</strong></span> <span class='ocrx_word' id='word_1_576' title='bbox 3462 1966 3479 1997; x_wconf 74' lang='grc' dir='ltr'><strong><em>ι</em></strong></span> <span class='ocrx_word' id='word_1_577' title='bbox 3515 1948 3758 2016; x_wconf 86' lang='lat' dir='ltr'><strong>Quorum</strong></span> <span class='ocrx_word' id='word_1_578' title='bbox 3790 1951 3875 2006; x_wconf 92' lang='lat' dir='ltr'><strong>hic</strong></span> <span class='ocrx_word' id='word_1_579' title='bbox 3905 1955 4025 2022; x_wconf 81' lang='lat' dir='ltr'><strong>qui-</strong></span> 
     </span>
    </p>
   </div>
   <div class='ocr_carea' id='block_1_80' title="bbox 2425 2025 4022 2112">
    <p class='ocr_par' dir='ltr' id='par_1_80' title="bbox 2425 2025 4022 2112">
     <span class='ocr_line' id='line_1_80' title="bbox 2425 2025 4022 2112; baseline 0.01 -31"><span class='ocrx_word' id='word_1_580' title='bbox 2425 2025 2549 2082; x_wconf 88' lang='lat' dir='ltr'><strong>dem</strong></span> <span class='ocrx_word' id='word_1_581' title='bbox 2609 2047 2803 2100; x_wconf 86' lang='lat' dir='ltr'><strong>gerens</strong></span> <span class='ocrx_word' id='word_1_582' title='bbox 2859 2050 3082 2101; x_wconf 81' lang='lat' dir='ltr'><strong>cornua,</strong></span> <span class='ocrx_word' id='word_1_583' title='bbox 3139 2037 3356 2092; x_wconf 88' lang='lat' dir='ltr'><strong>dimidia</strong></span> <span class='ocrx_word' id='word_1_584' title='bbox 3416 2049 3566 2109; x_wconf 74' lang='lat' dir='ltr'><strong>parte</strong></span> <span class='ocrx_word' id='word_1_585' title='bbox 3623 2045 3870 2112; x_wconf 84' lang='lat' dir='ltr'><strong>corporis</strong></span> <span class='ocrx_word' id='word_1_586' title='bbox 3927 2059 4022 2099; x_wconf 81' lang='lat' dir='ltr'><strong>ca-</strong></span> 
     </span>
    </p>
   </div>
   <div class='ocr_carea' id='block_1_81' title="bbox 2420 2123 4018 2204">
    <p class='ocr_par' dir='ltr' id='par_1_81' title="bbox 2420 2123 4018 2204">
     <span class='ocr_line' id='line_1_81' title="bbox 2420 2123 4018 2204; baseline 0.013 -33"><span class='ocrx_word' id='word_1_587' title='bbox 2420 2136 2574 2189; x_wconf 89' lang='lat' dir='ltr'><strong>prum</strong></span> <span class='ocrx_word' id='word_1_588' title='bbox 2633 2123 2907 2191; x_wconf 74' lang='lat' dir='ltr'><strong>referens,</strong></span> <span class='ocrx_word' id='word_1_589' title='bbox 2955 2128 3284 2198; x_wconf 82' lang='lat' dir='ltr'><strong>barbamque</strong></span> <span class='ocrx_word' id='word_1_590' title='bbox 3355 2132 3676 2200; x_wconf 89' lang='lat' dir='ltr'><strong>profundam</strong></span> <span class='ocrx_word' id='word_1_591' title='bbox 3739 2136 4018 2204; x_wconf 89' lang='lat' dir='ltr'><strong>nutriens,</strong></span> 
     </span>
    </p>
   </div>
   <div class='ocr_carea' id='block_1_82' title="bbox 2419 2216 4024 2298">
    <p class='ocr_par' dir='ltr' id='par_1_82' title="bbox 2419 2216 4024 2298">
     <span class='ocr_line' id='line_1_82' title="bbox 2419 2216 4024 2298; baseline 0.014 -36"><span class='ocrx_word' id='word_1_592' title='bbox 2419 2228 2605 2278; x_wconf 88' lang='lat' dir='ltr'><strong>parum</strong></span> <span class='ocrx_word' id='word_1_593' title='bbox 2657 2216 2725 2268; x_wconf 88' lang='lat' dir='ltr'><strong>ab</strong></span> <span class='ocrx_word' id='word_1_594' title='bbox 2779 2218 2929 2272; x_wconf 88' lang='lat' dir='ltr'><strong>hirco</strong></span> <span class='ocrx_word' id='word_1_595' title='bbox 3003 2219 3295 2284; x_wconf 83' lang='lat' dir='ltr'><strong>discrepat.</strong></span> <span class='ocrx_word' id='word_1_596' title='bbox 3342 2263 3356 2275; x_wconf 91' lang='lat'><strong>.</strong></span> <span class='ocrx_word' id='word_1_597' title='bbox 3404 2265 3416 2277; x_wconf 96' lang='lat'><strong>.</strong></span> <span class='ocrx_word' id='word_1_598' title='bbox 3463 2264 3476 2278; x_wconf 93' lang='lat'><strong>.</strong></span> <span class='ocrx_word' id='word_1_599' title='bbox 3524 2260 3539 2278; x_wconf 90' lang='lat'><strong>.</strong></span> <span class='ocrx_word' id='word_1_600' title='bbox 3584 2265 3599 2278; x_wconf 93' lang='lat'><strong>.</strong></span> <span class='ocrx_word' id='word_1_601' title='bbox 3639 2225 3816 2298; x_wconf 87' lang='lat' dir='ltr'><strong>Satyri</strong></span> <span class='ocrx_word' id='word_1_602' title='bbox 3847 2231 4024 2284; x_wconf 85' lang='lat' dir='ltr'><strong>aeutis</strong></span> 
     </span>
    </p>
   </div>
   <div class='ocr_carea' id='block_1_83' title="bbox 2415 2304 4017 2386">
    <p class='ocr_par' dir='ltr' id='par_1_83' title="bbox 2415 2304 4017 2386">
     <span class='ocr_line' id='line_1_83' title="bbox 2415 2304 4017 2386; baseline 0.012 -30"><span class='ocrx_word' id='word_1_603' title='bbox 2415 2304 2655 2366; x_wconf 84' lang='lat' dir='ltr'><strong>auribus.</strong></span> <span class='ocrx_word' id='word_1_604' title='bbox 2706 2317 2757 2361; x_wconf 91' lang='lat' dir='ltr'><strong>et</strong></span> <span class='ocrx_word' id='word_1_605' title='bbox 2812 2309 2909 2378; x_wconf 89' lang='lat' dir='ltr'><strong>ipsi</strong></span> <span class='ocrx_word' id='word_1_606' title='bbox 2938 2311 3107 2377; x_wconf 84' lang='lat' dir='ltr'><strong>calvi,</strong></span> <span class='ocrx_word' id='word_1_607' title='bbox 3141 2315 3452 2379; x_wconf 76' lang='lat' dir='ltr'><strong>cornigeri,</strong></span> <span class='ocrx_word' id='word_1_608' title='bbox 3486 2317 3661 2386; x_wconf 84' lang='lat' dir='ltr'><strong>qualia</strong></span> <span class='ocrx_word' id='word_1_609' title='bbox 3703 2316 3817 2372; x_wconf 88' lang='lat' dir='ltr'><strong>fere</strong></span> <span class='ocrx_word' id='word_1_610' title='bbox 3841 2319 4017 2375; x_wconf 69' lang='lat' dir='ltr'><strong>haedis</strong></span> 
     </span>
    </p>
   </div>
   <div class='ocr_carea' id='block_1_84' title="bbox 2415 2398 4018 2475">
    <p class='ocr_par' dir='ltr' id='par_1_84' title="bbox 2415 2398 4018 2475">
     <span class='ocr_line' id='line_1_84' title="bbox 2415 2398 4018 2475; baseline 0.011 -27"><span class='ocrx_word' id='word_1_611' title='bbox 2415 2410 2584 2464; x_wconf 87' lang='lat' dir='ltr'><strong>nuper</strong></span> <span class='ocrx_word' id='word_1_612' title='bbox 2639 2398 2778 2451; x_wconf 88' lang='lat' dir='ltr'><strong>natis</strong></span> <span class='ocrx_word' id='word_1_613' title='bbox 2833 2411 3157 2456; x_wconf 76' lang='lat' dir='ltr'><strong>excrescunt</strong></span> <span class='ocrx_word' id='word_1_614' title='bbox 3201 2417 3400 2458; x_wconf 92' lang='lat' dir='ltr'><strong>cornua</strong></span> <span class='ocrx_word' id='word_1_615' title='bbox 3445 2425 3464 2457; x_wconf 83' lang='grc'><strong>1</strong></span> <span class='ocrx_word' id='word_1_616' title='bbox 3493 2405 3727 2475; x_wconf 87' lang='lat' dir='ltr'><strong>(Lucian.</strong></span> <span class='ocrx_word' id='word_1_617' title='bbox 3760 2411 3813 2463; x_wconf 87' lang='lat' dir='ltr'><strong>in</strong></span> <span class='ocrx_word' id='word_1_618' title='bbox 3861 2410 4018 2465; x_wconf 85' lang='lat' dir='ltr'><strong>Deor.</strong></span> 
     </span>
    </p>
   </div>
   <div class='ocr_carea' id='block_1_85' title="bbox 2413 2487 4020 2611">
    <p class='ocr_par' dir='ltr' id='par_1_85' title="bbox 2413 2487 4020 2611">
     <span class='ocr_line' id='line_1_85' title="bbox 2413 2487 4020 2611; baseline 0.012 -75"><span class='ocrx_word' id='word_1_619' title='bbox 2413 2487 2578 2611; x_wconf 49' lang='grc' dir='ltr'><strong>ςῗίηυί.</strong></span> <span class='ocrx_word' id='word_1_620' title='bbox 2637 2503 2756 2559; x_wconf 83' lang='lat' dir='ltr'><strong>pag.</strong></span> <span class='ocrx_word' id='word_1_621' title='bbox 2792 2489 2982 2564; x_wconf 78' lang='lat'><strong>1096).</strong></span> <span class='ocrx_word' id='word_1_622' title='bbox 3036 2493 3169 2548; x_wconf 90' lang='lat' dir='ltr'><strong>llinc</strong></span> <span class='ocrx_word' id='word_1_623' title='bbox 3222 2492 3555 2565; x_wconf 83' lang='lat' dir='ltr'><strong>Propertius,</strong></span> <span class='ocrx_word' id='word_1_624' title='bbox 3606 2499 3700 2554; x_wconf 90' lang='lat' dir='ltr'><strong>lib.</strong></span> <span class='ocrx_word' id='word_1_625' title='bbox 3749 2516 3825 2555; x_wconf 84' lang='grc'><strong>111.</strong></span> <span class='ocrx_word' id='word_1_626' title='bbox 3867 2501 4020 2574; x_wconf 82' lang='lat' dir='ltr'><strong>Elcg.</strong></span> 
     </span>
    </p>
   </div>
   <div class='ocr_carea' id='block_1_86' title="bbox 2599 2630 3700 2694">
    <p class='ocr_par' dir='ltr' id='par_1_86' title="bbox 2599 2630 3700 2694">
     <span class='ocr_line' id='line_1_86' title="bbox 2599 2630 3700 2694; baseline 0.008 -14"><span class='ocrx_word' id='word_1_627' title='bbox 2599 2630 2898 2694; x_wconf 88' lang='lat' dir='ltr'><strong>Capripedes</strong></span> <span class='ocrx_word' id='word_1_628' title='bbox 2921 2634 3104 2685; x_wconf 86' lang='lat' dir='ltr'><strong>calamo</strong></span> <span class='ocrx_word' id='word_1_629' title='bbox 3126 2636 3288 2688; x_wconf 86' lang='lat' dir='ltr'><strong>Panes</strong></span> <span class='ocrx_word' id='word_1_630' title='bbox 3309 2638 3477 2690; x_wconf 88' lang='lat' dir='ltr'><strong>hiante</strong></span> <span class='ocrx_word' id='word_1_631' title='bbox 3501 2648 3700 2691; x_wconf 84' lang='lat' dir='ltr'><strong>canent.</strong></span> 
     </span>
    </p>
   </div>
   <div class='ocr_carea' id='block_1_87' title="bbox 2415 2712 3476 2787">
    <p class='ocr_par' dir='ltr' id='par_1_87' title="bbox 2415 2712 3476 2787">
     <span class='ocr_line' id='line_1_87' title="bbox 2415 2712 3476 2787; baseline 0.013 -22"><span class='ocrx_word' id='word_1_632' title='bbox 2415 2712 2476 2766; x_wconf 74' lang='lat' dir='ltr'><strong>[Cl</strong></span> <span class='ocrx_word' id='word_1_633' title='bbox 2514 2712 2828 2781; x_wconf 86' lang='lat' dir='ltr'><strong>Lucretius,</strong></span> <span class='ocrx_word' id='word_1_634' title='bbox 2879 2719 2970 2774; x_wconf 92' lang='lat' dir='ltr'><strong>lib.</strong></span> <span class='ocrx_word' id='word_1_635' title='bbox 3019 2736 3094 2787; x_wconf 85' lang='lat' dir='ltr'><strong>tv,</strong></span> <span class='ocrx_word' id='word_1_636' title='bbox 3132 2733 3256 2776; x_wconf 87' lang='lat' dir='ltr'><strong>ante</strong></span> <span class='ocrx_word' id='word_1_637' title='bbox 3285 2725 3428 2778; x_wconf 90' lang='lat' dir='ltr'><strong>med.</strong></span> <span class='ocrx_word' id='word_1_638' title='bbox 3464 2743 3476 2779; x_wconf 88' lang='lat'><strong>:</strong></span> 
     </span>
    </p>
   </div>
   <div class='ocr_carea' id='block_1_88' title="bbox 2603 2806 3956 2881">
    <p class='ocr_par' dir='ltr' id='par_1_88' title="bbox 2603 2806 3956 2881">
     <span class='ocr_line' id='line_1_88' title="bbox 2603 2806 3956 2881; baseline 0.012 -27"><span class='ocrx_word' id='word_1_639' title='bbox 2603 2806 2722 2881; x_wconf 62' lang='lat' dir='ltr'><strong>llaec</strong></span> <span class='ocrx_word' id='word_1_640' title='bbox 2735 2809 3384 2881; x_wconf 45' lang='lat' dir='ltr'><strong>joeanf‘apripedesﬂSatyros</strong></span> <span class='ocrx_word' id='word_1_641' title='bbox 3406 2815 3753 2881; x_wconf 72' lang='lat' dir='ltr'><strong>Nymphasque</strong></span> <span class='ocrx_word' id='word_1_642' title='bbox 3775 2822 3956 2870; x_wconf 82' lang='lat' dir='ltr'><strong>tenere</strong></span> 
     </span>
    </p>
   </div>
   <div class='ocr_carea' id='block_1_89' title="bbox 2605 2868 3799 2942">
    <p class='ocr_par' dir='ltr' id='par_1_89' title="bbox 2605 2868 3799 2942">
     <span class='ocr_line' id='line_1_89' title="bbox 2605 2868 3799 2942; baseline 0.011 -25"><span class='ocrx_word' id='word_1_643' title='bbox 2605 2868 2817 2918; x_wconf 70' lang='lat' dir='ltr'><strong>Flllillllll</strong></span> <span class='ocrx_word' id='word_1_644' title='bbox 2844 2868 3051 2932; x_wconf 78' lang='lat' dir='ltr'><strong>fingunt,</strong></span> <span class='ocrx_word' id='word_1_645' title='bbox 3081 2883 3131 2923; x_wconf 91' lang='lat' dir='ltr'><strong>et</strong></span> <span class='ocrx_word' id='word_1_646' title='bbox 3156 2868 3349 2925; x_wconf 83' lang='lat' dir='ltr'><strong>Faunos</strong></span> <span class='ocrx_word' id='word_1_647' title='bbox 3374 2868 3485 2927; x_wconf 74' lang='lat' dir='ltr'><strong>esse</strong></span> <span class='ocrx_word' id='word_1_648' title='bbox 3509 2868 3799 2942; x_wconf 75' lang='lat' dir='ltr'><strong>loquuntur.</strong></span> 
     </span>
    </p>
   </div>
   <div class='ocr_carea' id='block_1_90' title="bbox 2485 2948 4014 3033">
    <p class='ocr_par' dir='ltr' id='par_1_90' title="bbox 2485 2948 4014 3033">
     <span class='ocr_line' id='line_1_90' title="bbox 2485 2948 4014 3033; baseline 0.01 -28"><span class='ocrx_word' id='word_1_649' title='bbox 2485 2948 2538 3005; x_wconf 92' lang='lat' dir='ltr'><strong>Si</strong></span> <span class='ocrx_word' id='word_1_650' title='bbox 2595 2953 2669 3006; x_wconf 90' lang='lat' dir='ltr'><strong>rei</strong></span> <span class='ocrx_word' id='word_1_651' title='bbox 2724 2953 2861 3007; x_wconf 86' lang='lat' dir='ltr'><strong>haud</strong></span> <span class='ocrx_word' id='word_1_652' title='bbox 2923 2957 3266 3026; x_wconf 76' lang='lat' dir='ltr'><strong>incomperta:</strong></span> <span class='ocrx_word' id='word_1_653' title='bbox 3315 2960 3451 3015; x_wconf 88' lang='lat' dir='ltr'><strong>alios</strong></span> <span class='ocrx_word' id='word_1_654' title='bbox 3505 2961 3785 3018; x_wconf 86' lang='lat' dir='ltr'><strong>desideras</strong></span> <span class='ocrx_word' id='word_1_655' title='bbox 3812 2973 4014 3033; x_wconf 87' lang='lat' dir='ltr'><strong>testes,</strong></span> 
     </span>
    </p>
   </div>
   <div class='ocr_carea' id='block_1_91' title="bbox 2412 3042 4018 3122">
    <p class='ocr_par' dir='ltr' id='par_1_91' title="bbox 2412 3042 4018 3122">
     <span class='ocr_line' id='line_1_91' title="bbox 2412 3042 4018 3122; baseline 0.011 -28"><span class='ocrx_word' id='word_1_656' title='bbox 2412 3042 2562 3097; x_wconf 90' lang='lat' dir='ltr'><strong>adire</strong></span> <span class='ocrx_word' id='word_1_657' title='bbox 2622 3049 2820 3113; x_wconf 82' lang='lat' dir='ltr'><strong>poteris</strong></span> <span class='ocrx_word' id='word_1_658' title='bbox 2869 3046 3195 3116; x_wconf 85' lang='lat' dir='ltr'><strong>Eusebium,</strong></span> <span class='ocrx_word' id='word_1_659' title='bbox 3256 3049 3534 3121; x_wconf 84' lang='lat' dir='ltr'><strong>Servium,</strong></span> <span class='ocrx_word' id='word_1_660' title='bbox 3593 3054 3866 3122; x_wconf 83' lang='lat' dir='ltr'><strong>Vossium,</strong></span> <span class='ocrx_word' id='word_1_661' title='bbox 3915 3056 4018 3111; x_wconf 86' lang='lat' dir='ltr'><strong>Na-</strong></span> 
     </span>
    </p>
   </div>
   <div class='ocr_carea' id='block_1_92' title="bbox 2417 3134 4014 3216">
    <p class='ocr_par' dir='ltr' id='par_1_92' title="bbox 2417 3134 4014 3216">
     <span class='ocr_line' id='line_1_92' title="bbox 2417 3134 4014 3216; baseline 0.011 -31"><span class='ocrx_word' id='word_1_662' title='bbox 2417 3134 2577 3187; x_wconf 82' lang='lat' dir='ltr'><strong>talem</strong></span> <span class='ocrx_word' id='word_1_663' title='bbox 2626 3135 2922 3203; x_wconf 85' lang='lat' dir='ltr'><strong>Comitem,</strong></span> <span class='ocrx_word' id='word_1_664' title='bbox 2981 3140 3224 3211; x_wconf 74' lang='lat' dir='ltr'><strong>aliosque</strong></span> <span class='ocrx_word' id='word_1_665' title='bbox 3295 3158 3398 3196; x_wconf 91' lang='lat' dir='ltr'><strong>non</strong></span> <span class='ocrx_word' id='word_1_666' title='bbox 3448 3160 3646 3214; x_wconf 89' lang='lat' dir='ltr'><strong>paucos</strong></span> <span class='ocrx_word' id='word_1_667' title='bbox 3688 3146 4014 3216; x_wconf 68' lang='lat' dir='ltr'><strong>(Enseinb.</strong></span> 
     </span>
    </p>
   </div>
   <div class='ocr_carea' id='block_1_93' title="bbox 2416 3225 4016 3306">
    <p class='ocr_par' dir='ltr' id='par_1_93' title="bbox 2416 3225 4016 3306">
     <span class='ocr_line' id='line_1_93' title="bbox 2416 3225 4016 3306; baseline 0.009 -27"><span class='ocrx_word' id='word_1_668' title='bbox 2416 3241 2492 3280; x_wconf 89' lang='grc'><strong>111.</strong></span> <span class='ocrx_word' id='word_1_669' title='bbox 2562 3225 2799 3297; x_wconf 74' lang='lat' dir='ltr'><strong>Prwpar.</strong></span> <span class='ocrx_word' id='word_1_670' title='bbox 2847 3230 3042 3301; x_wconf 67' lang='lat' dir='ltr'><strong>[fr-ang.</strong></span> <span class='ocrx_word' id='word_1_671' title='bbox 3107 3249 3225 3302; x_wconf 79' lang='lat' dir='ltr'><strong>Cap.</strong></span> <span class='ocrx_word' id='word_1_672' title='bbox 3278 3235 3330 3299; x_wconf 75' lang='grc'><strong>4,</strong></span> <span class='ocrx_word' id='word_1_673' title='bbox 3390 3252 3508 3306; x_wconf 85' lang='lat' dir='ltr'><strong>pag.</strong></span> <span class='ocrx_word' id='word_1_674' title='bbox 3576 3239 3701 3302; x_wconf 51' lang='grc' dir='ltr'><strong>ΗΜ</strong></span> <span class='ocrx_word' id='word_1_675' title='bbox 3759 3240 3908 3294; x_wconf 81' lang='lat' dir='ltr'><strong>Serv.</strong></span> <span class='ocrx_word' id='word_1_676' title='bbox 3967 3241 4016 3293; x_wconf 78' lang='lat' dir='ltr'><strong>in</strong></span> 
     </span>
    </p>
   </div>
   <div class='ocr_carea' id='block_1_94' title="bbox 2420 3319 4019 3399">
    <p class='ocr_par' dir='ltr' id='par_1_94' title="bbox 2420 3319 4019 3399">
     <span class='ocr_line' id='line_1_94' title="bbox 2420 3319 4019 3399; baseline 0.009 -27"><span class='ocrx_word' id='word_1_677' title='bbox 2420 3319 2596 3391; x_wconf 65' lang='lat' dir='ltr'><strong>[Cr/0g.</strong></span> <span class='ocrx_word' id='word_1_678' title='bbox 2653 3321 2688 3374; x_wconf 76' lang='lat'>2</span> <span class='ocrx_word' id='word_1_679' title='bbox 2757 3322 2933 3393; x_wconf 72' lang='lat' dir='ltr'><strong>Virgil.</strong></span> <span class='ocrx_word' id='word_1_680' title='bbox 2988 3340 3039 3378; x_wconf 94' lang='lat' dir='ltr'><strong>v.</strong></span> <span class='ocrx_word' id='word_1_681' title='bbox 3091 3326 3181 3379; x_wconf 75' lang='grc'><strong>51.</strong></span> <span class='ocrx_word' id='word_1_682' title='bbox 3236 3325 3382 3381; x_wconf 77' lang='lat' dir='ltr'><strong>Voss.</strong></span> <span class='ocrx_word' id='word_1_683' title='bbox 3446 3329 3536 3382; x_wconf 87' lang='lat' dir='ltr'><strong>lib.</strong></span> <span class='ocrx_word' id='word_1_684' title='bbox 3586 3345 3625 3383; x_wconf 87' lang='grc'><strong>1.</strong></span> <span class='ocrx_word' id='word_1_685' title='bbox 3671 3330 3733 3383; x_wconf 87' lang='lat' dir='ltr'><strong>de</strong></span> <span class='ocrx_word' id='word_1_686' title='bbox 3786 3329 3933 3399; x_wconf 85' lang='lat' dir='ltr'><strong>Orig.</strong></span> <span class='ocrx_word' id='word_1_687' title='bbox 3973 3342 4019 3386; x_wconf 77' lang='lat' dir='ltr'><strong>et</strong></span> 
     </span>
    </p>
   </div>
   <div class='ocr_carea' id='block_1_95' title="bbox 2417 3409 4015 3491">
    <p class='ocr_par' dir='ltr' id='par_1_95' title="bbox 2417 3409 4015 3491">
     <span class='ocr_line' id='line_1_95' title="bbox 2417 3409 4015 3491; baseline 0.009 -28"><span class='ocrx_word' id='word_1_688' title='bbox 2417 3409 2683 3491; x_wconf 68' lang='lat' dir='ltr'><strong>Progress.</strong></span> <span class='ocrx_word' id='word_1_689' title='bbox 2725 3413 3001 3469; x_wconf 86' lang='lat' dir='ltr'><strong>ldololatr.</strong></span> <span class='ocrx_word' id='word_1_690' title='bbox 3045 3433 3164 3488; x_wconf 87' lang='lat' dir='ltr'><strong>cap.</strong></span> <span class='ocrx_word' id='word_1_691' title='bbox 3215 3421 3268 3486; x_wconf 90' lang='lat'><strong>8,</strong></span> <span class='ocrx_word' id='word_1_692' title='bbox 3327 3437 3445 3491; x_wconf 82' lang='lat' dir='ltr'><strong>pag.</strong></span> <span class='ocrx_word' id='word_1_693' title='bbox 3522 3422 3613 3487; x_wconf 81' lang='grc'><strong>51,</strong></span> <span class='ocrx_word' id='word_1_694' title='bbox 3662 3433 3716 3478; x_wconf 87' lang='lat' dir='ltr'><strong>et</strong></span> <span class='ocrx_word' id='word_1_695' title='bbox 3779 3423 3872 3478; x_wconf 92' lang='lat' dir='ltr'><strong>lib.</strong></span> <span class='ocrx_word' id='word_1_696' title='bbox 3927 3440 4015 3488; x_wconf 82' lang='lat' dir='ltr'><strong>\‘lf,</strong></span> 
     </span>
    </p>
   </div>
   <div class='ocr_carea' id='block_1_96' title="bbox 2415 3486 3018 3582">
    <p class='ocr_par' dir='ltr' id='par_1_96' title="bbox 2415 3486 3018 3582">
     <span class='ocr_line' id='line_1_96' title="bbox 2415 3486 3018 3582; baseline 0.007 -22"><span class='ocrx_word' id='word_1_697' title='bbox 2415 3521 2531 3576; x_wconf 84' lang='lat' dir='ltr'><strong>cap.</strong></span> <span class='ocrx_word' id='word_1_698' title='bbox 2593 3486 2680 3561; x_wconf 27' lang='grc' dir='ltr'><strong>δέ</strong></span> <span class='ocrx_word' id='word_1_699' title='bbox 2705 3525 2822 3580; x_wconf 84' lang='lat' dir='ltr'><strong>pag.</strong></span> <span class='ocrx_word' id='word_1_700' title='bbox 2867 3511 3018 3582; x_wconf 78' lang='grc'>559).</span> 
     </span>
    </p>
   </div>
   <div class='ocr_carea' id='block_1_97' title="bbox 2493 3600 4015 3679">
    <p class='ocr_par' dir='ltr' id='par_1_97' title="bbox 2493 3600 4015 3679">
     <span class='ocr_line' id='line_1_97' title="bbox 2493 3600 4015 3679; baseline 0.007 -27"><span class='ocrx_word' id='word_1_701' title='bbox 2493 3600 2565 3652; x_wconf 86' lang='lat' dir='ltr'><strong>De</strong></span> <span class='ocrx_word' id='word_1_702' title='bbox 2606 3601 2712 3654; x_wconf 83' lang='lat' dir='ltr'><strong>illis</strong></span> <span class='ocrx_word' id='word_1_703' title='bbox 2743 3612 2919 3655; x_wconf 84' lang='lat' dir='ltr'><strong>autem</strong></span> <span class='ocrx_word' id='word_1_704' title='bbox 2967 3605 3104 3670; x_wconf 89' lang='lat' dir='ltr'><strong>diis,</strong></span> <span class='ocrx_word' id='word_1_705' title='bbox 3157 3606 3246 3675; x_wconf 87' lang='lat' dir='ltr'><strong>qui</strong></span> <span class='ocrx_word' id='word_1_706' title='bbox 3281 3607 3496 3662; x_wconf 89' lang='lat' dir='ltr'><strong>leonum</strong></span> <span class='ocrx_word' id='word_1_707' title='bbox 3543 3622 3848 3679; x_wconf 90' lang='lat' dir='ltr'><strong>canumque</strong></span> <span class='ocrx_word' id='word_1_708' title='bbox 3897 3611 4015 3663; x_wconf 85' lang='lat' dir='ltr'><strong>vul-</strong></span> 
     </span>
    </p>
   </div>
   <div class='ocr_carea' id='block_1_98' title="bbox 2416 3695 4018 3769">
    <p class='ocr_par' dir='ltr' id='par_1_98' title="bbox 2416 3695 4018 3769">
     <span class='ocr_line' id='line_1_98' title="bbox 2416 3695 4018 3769; baseline 0.006 -23"><span class='ocrx_word' id='word_1_709' title='bbox 2416 3701 2505 3746; x_wconf 87' lang='lat' dir='ltr'><strong>tus</strong></span> <span class='ocrx_word' id='word_1_710' title='bbox 2559 3710 2667 3762; x_wconf 80' lang='lat' dir='ltr'><strong>prae</strong></span> <span class='ocrx_word' id='word_1_711' title='bbox 2717 3711 2775 3750; x_wconf 85' lang='lat' dir='ltr'><strong>se</strong></span> <span class='ocrx_word' id='word_1_712' title='bbox 2826 3695 3098 3762; x_wconf 81' lang='lat' dir='ltr'><strong>ferebant,</strong></span> <span class='ocrx_word' id='word_1_713' title='bbox 3144 3709 3305 3769; x_wconf 89' lang='lat' dir='ltr'><strong>atque</strong></span> <span class='ocrx_word' id='word_1_714' title='bbox 3353 3701 3476 3755; x_wconf 89' lang='lat' dir='ltr'><strong>aliis</strong></span> <span class='ocrx_word' id='word_1_715' title='bbox 3528 3703 3845 3756; x_wconf 88' lang='lat' dir='ltr'><strong>monstrosis</strong></span> <span class='ocrx_word' id='word_1_716' title='bbox 3886 3701 4018 3756; x_wconf 74' lang='lat' dir='ltr'><strong>dfO&#39;</strong></span> 
     </span>
    </p>
   </div>
   <div class='ocr_carea' id='block_1_99' title="bbox 2417 3788 4018 3863">
    <p class='ocr_par' dir='ltr' id='par_1_99' title="bbox 2417 3788 4018 3863">
     <span class='ocr_line' id='line_1_99' title="bbox 2417 3788 4018 3863; baseline 0.005 -25"><span class='ocrx_word' id='word_1_717' title='bbox 2417 3800 2533 3838; x_wconf 92' lang='lat' dir='ltr'><strong>rum</strong></span> <span class='ocrx_word' id='word_1_718' title='bbox 2569 3788 2792 3855; x_wconf 86' lang='lat' dir='ltr'><strong>figuris,</strong></span> <span class='ocrx_word' id='word_1_719' title='bbox 2849 3788 2987 3842; x_wconf 88' lang='lat' dir='ltr'><strong>haud</strong></span> <span class='ocrx_word' id='word_1_720' title='bbox 3036 3789 3346 3860; x_wconf 85' lang='lat' dir='ltr'><strong>infrequens</strong></span> <span class='ocrx_word' id='word_1_721' title='bbox 3394 3807 3424 3846; x_wconf 86' lang='lat' dir='ltr'><strong>a</strong></span> <span class='ocrx_word' id='word_1_722' title='bbox 3454 3794 3618 3847; x_wconf 91' lang='lat' dir='ltr'><strong>variis</strong></span> <span class='ocrx_word' id='word_1_723' title='bbox 3667 3793 4018 3863; x_wconf 85' lang='lat' dir='ltr'><strong>scriptoribus</strong></span> 
     </span>
    </p>
   </div>
   <div class='ocr_carea' id='block_1_100' title="bbox 2419 3881 4020 3958">
    <p class='ocr_par' dir='ltr' id='par_1_100' title="bbox 2419 3881 4020 3958">
     <span class='ocr_line' id='line_1_100' title="bbox 2419 3881 4020 3958; baseline 0.006 -27"><span class='ocrx_word' id='word_1_724' title='bbox 2419 3882 2620 3934; x_wconf 89' lang='lat' dir='ltr'><strong>mentio</strong></span> <span class='ocrx_word' id='word_1_725' title='bbox 2661 3881 2795 3935; x_wconf 88' lang='lat' dir='ltr'><strong>facta</strong></span> <span class='ocrx_word' id='word_1_726' title='bbox 2853 3893 2955 3936; x_wconf 87' lang='lat' dir='ltr'><strong>est.</strong></span> <span class='ocrx_word' id='word_1_727' title='bbox 3013 3883 3197 3938; x_wconf 88' lang='lat' dir='ltr'><strong>Primo</strong></span> <span class='ocrx_word' id='word_1_728' title='bbox 3238 3886 3437 3940; x_wconf 87' lang='lat' dir='ltr'><strong>etenim</strong></span> <span class='ocrx_word' id='word_1_729' title='bbox 3507 3887 3624 3941; x_wconf 74' lang='lat' dir='ltr'><strong>lucc</strong></span> <span class='ocrx_word' id='word_1_730' title='bbox 3673 3889 3812 3958; x_wconf 91' lang='lat' dir='ltr'><strong>apud</strong></span> <span class='ocrx_word' id='word_1_731' title='bbox 3855 3888 4020 3941; x_wconf 86' lang='lat' dir='ltr'><strong>Euse—</strong></span> 
     </span>
    </p>
   </div>
   <div class='ocr_carea' id='block_1_101' title="bbox 2418 3971 4017 4051">
    <p class='ocr_par' dir='ltr' id='par_1_101' title="bbox 2418 3971 4017 4051">
     <span class='ocr_line' id='line_1_101' title="bbox 2418 3971 4017 4051; baseline 0.005 -26"><span class='ocrx_word' id='word_1_732' title='bbox 2418 3971 2562 4027; x_wconf 90' lang='lat' dir='ltr'><strong>bium</strong></span> <span class='ocrx_word' id='word_1_733' title='bbox 2605 3989 2633 4026; x_wconf 92' lang='lat' dir='ltr'><strong>a</strong></span> <span class='ocrx_word' id='word_1_734' title='bbox 2682 3974 2980 4047; x_wconf 80' lang='lat' dir='ltr'><strong>Porphyrio</strong></span> <span class='ocrx_word' id='word_1_735' title='bbox 3031 3978 3224 4032; x_wconf 87' lang='lat' dir='ltr'><strong>tradita</strong></span> <span class='ocrx_word' id='word_1_736' title='bbox 3276 3979 3540 4048; x_wconf 81' lang='lat' dir='ltr'><strong>legimus:</strong></span> <span class='ocrx_word' id='word_1_737' title='bbox 3578 4000 3597 4032; x_wconf 85' lang='grc'><strong><em>‹</em></strong></span> <span class='ocrx_word' id='word_1_738' title='bbox 3656 3980 3712 4034; x_wconf 92' lang='lat' dir='ltr'><strong>ln</strong></span> <span class='ocrx_word' id='word_1_739' title='bbox 3761 3980 4017 4051; x_wconf 82' lang='lat' dir='ltr'><strong>effingen-</strong></span> 
     </span>
    </p>
   </div>
   <div class='ocr_carea' id='block_1_102' title="bbox 2416 4062 4015 4140">
    <p class='ocr_par' dir='ltr' id='par_1_102' title="bbox 2416 4062 4015 4140">
     <span class='ocr_line' id='line_1_102' title="bbox 2416 4062 4015 4140; baseline 0.005 -24"><span class='ocrx_word' id='word_1_740' title='bbox 2416 4062 2498 4116; x_wconf 91' lang='lat' dir='ltr'><strong>dis</strong></span> <span class='ocrx_word' id='word_1_741' title='bbox 2547 4066 2823 4120; x_wconf 90' lang='lat' dir='ltr'><strong>numinum</strong></span> <span class='ocrx_word' id='word_1_742' title='bbox 2875 4066 3197 4131; x_wconf 76' lang='lat' dir='ltr'><strong>simulacris,</strong></span> <span class='ocrx_word' id='word_1_743' title='bbox 3257 4072 3402 4124; x_wconf 87' lang='lat' dir='ltr'><strong>omni</strong></span> <span class='ocrx_word' id='word_1_744' title='bbox 3461 4086 3662 4140; x_wconf 81' lang='lat' dir='ltr'><strong>genere</strong></span> <span class='ocrx_word' id='word_1_745' title='bbox 3709 4071 4015 4126; x_wconf 87' lang='lat' dir='ltr'><strong>animalium</strong></span> 
     </span>
    </p>
   </div>
   <div class='ocr_carea' id='block_1_103' title="bbox 2416 4156 4020 4225">
    <p class='ocr_par' dir='ltr' id='par_1_103' title="bbox 2416 4156 4020 4225">
     <span class='ocr_line' id='line_1_103' title="bbox 2416 4156 4020 4225; baseline 0.004 -17"><span class='ocrx_word' id='word_1_746' title='bbox 2416 4156 2534 4220; x_wconf 91' lang='lat' dir='ltr'><strong>usi,</strong></span> <span class='ocrx_word' id='word_1_747' title='bbox 2612 4157 2753 4211; x_wconf 87' lang='lat' dir='ltr'><strong>feras</strong></span> <span class='ocrx_word' id='word_1_748' title='bbox 2813 4159 3102 4225; x_wconf 87' lang='lat' dir='ltr'><strong>aliquando</strong></span> <span class='ocrx_word' id='word_1_749' title='bbox 3185 4175 3306 4215; x_wconf 91' lang='lat' dir='ltr'><strong>cum</strong></span> <span class='ocrx_word' id='word_1_750' title='bbox 3387 4162 3693 4217; x_wconf 91' lang='lat' dir='ltr'><strong>hominibus</strong></span> <span class='ocrx_word' id='word_1_751' title='bbox 3749 4178 3852 4218; x_wconf 89' lang='lat' dir='ltr'><strong>una</strong></span> <span class='ocrx_word' id='word_1_752' title='bbox 3920 4165 4020 4218; x_wconf 89' lang='lat' dir='ltr'><strong>mi-</strong></span> 
     </span>
    </p>
   </div>
   <div class='ocr_carea' id='block_1_104' title="bbox 2415 4250 4018 4330">
    <p class='ocr_par' dir='ltr' id='par_1_104' title="bbox 2415 4250 4018 4330">
     <span class='ocr_line' id='line_1_104' title="bbox 2415 4250 4018 4330; baseline 0.006 -28"><span class='ocrx_word' id='word_1_753' title='bbox 2415 4261 2650 4314; x_wconf 87' lang='lat' dir='ltr'><strong>scuere,</strong></span> <span class='ocrx_word' id='word_1_754' title='bbox 2741 4250 3031 4320; x_wconf 89' lang='lat' dir='ltr'><strong>aliquando</strong></span> <span class='ocrx_word' id='word_1_755' title='bbox 3093 4255 3268 4306; x_wconf 88' lang='lat' dir='ltr'><strong>avimu</strong></span> <span class='ocrx_word' id='word_1_756' title='bbox 3357 4258 3663 4330; x_wconf 83' lang='lat' dir='ltr'><strong>pariterque</strong></span> <span class='ocrx_word' id='word_1_757' title='bbox 3742 4256 4018 4311; x_wconf 75' lang='lat' dir='ltr'><strong>hominum</strong></span> 
     </span>
    </p>
   </div>
   <div class='ocr_carea' id='block_1_105' title="bbox 2413 4343 4019 4420">
    <p class='ocr_par' dir='ltr' id='par_1_105' title="bbox 2413 4343 4019 4420">
     <span class='ocr_line' id='line_1_105' title="bbox 2413 4343 4019 4420; baseline 0.006 -26"><span class='ocrx_word' id='word_1_758' title='bbox 2413 4354 2641 4410; x_wconf 87' lang='lat' dir='ltr'><strong>corpora</strong></span> <span class='ocrx_word' id='word_1_759' title='bbox 2684 4343 3035 4410; x_wconf 69' lang='lat' dir='ltr'><strong>coniunxere.</strong></span> <span class='ocrx_word' id='word_1_760' title='bbox 3077 4366 3093 4395; x_wconf 74' lang='grc'><strong>1</strong></span> <span class='ocrx_word' id='word_1_761' title='bbox 3155 4355 3396 4402; x_wconf 61' lang='lat' dir='ltr'><strong>Bima-ml</strong></span> <span class='ocrx_word' id='word_1_762' title='bbox 3447 4354 3532 4420; x_wconf 76' lang='grc' dir='ltr'><strong>γάρ</strong></span> <span class='ocrx_word' id='word_1_763' title='bbox 3582 4375 3657 4410; x_wconf 76' lang='grc' dir='ltr'><strong>τις</strong></span> <span class='ocrx_word' id='word_1_764' title='bbox 3709 4351 3821 4420; x_wconf 77' lang='grc' dir='ltr'><strong>παρ’</strong></span> <span class='ocrx_word' id='word_1_765' title='bbox 3851 4355 4019 4410; x_wconf 76' lang='grc' dir='ltr'><strong>αὖτοῖς</strong></span> 
     </span>
    </p>
   </div>
   <div class='ocr_carea' id='block_1_106' title="bbox 2412 4440 4018 4512">
    <p class='ocr_par' dir='ltr' id='par_1_106' title="bbox 2412 4440 4018 4512">
     <span class='ocr_line' id='line_1_106' title="bbox 2412 4440 4018 4512; baseline 0.008 -27"><span class='ocrx_word' id='word_1_766' title='bbox 2412 4440 2557 4503; x_wconf 68' lang='grc' dir='ltr'><strong>μέχρι</strong></span> <span class='ocrx_word' id='word_1_767' title='bbox 2604 4443 2851 4504; x_wconf 62' lang='grc' dir='ltr'><strong>τραχήλου</strong></span> <span class='ocrx_word' id='word_1_768' title='bbox 2894 4440 3257 4506; x_wconf 68' lang='grc' dir='ltr'><strong>ἀνθρωποειδνξς,</strong></span> <span class='ocrx_word' id='word_1_769' title='bbox 3311 4451 3365 4496; x_wconf 84' lang='grc' dir='ltr'><strong>τὸ</strong></span> <span class='ocrx_word' id='word_1_770' title='bbox 3419 4445 3467 4494; x_wconf 78' lang='grc' dir='ltr'><strong>δὲ</strong></span> <span class='ocrx_word' id='word_1_771' title='bbox 3494 4445 3746 4512; x_wconf 70' lang='grc' dir='ltr'><strong>πρόσωπον</strong></span> <span class='ocrx_word' id='word_1_772' title='bbox 3779 4448 3959 4507; x_wconf 67' lang='grc' dir='ltr'><strong>ὀρνέου,</strong></span> <span class='ocrx_word' id='word_1_773' title='bbox 3988 4450 4018 4502; x_wconf 80' lang='grc' dir='ltr'>ἢ</span> 
     </span>
    </p>
   </div>
   <div class='ocr_carea' id='block_1_107' title="bbox 2413 4529 4021 4605">
    <p class='ocr_par' dir='ltr' id='par_1_107' title="bbox 2413 4529 4021 4605">
     <span class='ocr_line' id='line_1_107' title="bbox 2413 4529 4021 4605; baseline 0.007 -27"><span class='ocrx_word' id='word_1_774' title='bbox 2413 4533 2614 4600; x_wconf 59' lang='grc' dir='ltr'><strong>λέονῖος,</strong></span> <span class='ocrx_word' id='word_1_775' title='bbox 2647 4533 2675 4585; x_wconf 81' lang='grc' dir='ltr'>ἦ</span> <span class='ocrx_word' id='word_1_776' title='bbox 2706 4529 2854 4581; x_wconf 75' lang='grc' dir='ltr'><strong>ἄλλου</strong></span> <span class='ocrx_word' id='word_1_777' title='bbox 2875 4538 2996 4590; x_wconf 82' lang='grc' dir='ltr'><strong>τινὸς</strong></span> <span class='ocrx_word' id='word_1_778' title='bbox 3018 4539 3139 4592; x_wconf 72' lang='grc' dir='ltr'><strong>ζὼιυ</strong></span> <span class='ocrx_word' id='word_1_779' title='bbox 3161 4543 3459 4600; x_wconf 72' lang='grc' dir='ltr'><strong>κεκτημένος.</strong></span> <span class='ocrx_word' id='word_1_780' title='bbox 3484 4539 3564 4589; x_wconf 71' lang='grc' dir='ltr'><strong>καὶ</strong></span> <span class='ocrx_word' id='word_1_781' title='bbox 3587 4543 3729 4590; x_wconf 71' lang='grc' dir='ltr'>πάλιν</span> <span class='ocrx_word' id='word_1_782' title='bbox 3750 4535 3812 4589; x_wconf 80' lang='grc' dir='ltr'><strong>αὖ</strong></span> <span class='ocrx_word' id='word_1_783' title='bbox 3837 4545 4021 4605; x_wconf 56' lang='grc' dir='ltr'><strong>κεφαλὴ</strong></span> 
     </span>
    </p>
   </div>
   <div class='ocr_carea' id='block_1_108' title="bbox 2331 4621 4015 4696">
    <p class='ocr_par' dir='ltr' id='par_1_108' title="bbox 2331 4621 4015 4696">
     <span class='ocr_line' id='line_1_108' title="bbox 2331 4621 4015 4696; baseline 0.01 -30"><span class='ocrx_word' id='word_1_784' title='bbox 2331 4621 2384 4679; x_wconf 88' lang='lat' dir='ltr'><strong>D</strong></span> <span class='ocrx_word' id='word_1_785' title='bbox 2412 4621 2714 4686; x_wconf 72' lang='grc' dir='ltr'><strong>ἀνθρώπειος,</strong></span> <span class='ocrx_word' id='word_1_786' title='bbox 2746 4631 2827 4673; x_wconf 61' lang='grc' dir='ltr'><strong><em>καὶ</em></strong></span> <span class='ocrx_word' id='word_1_787' title='bbox 2857 4626 3008 4676; x_wconf 72' lang='grc' dir='ltr'><strong>ἄλλων</strong></span> <span class='ocrx_word' id='word_1_788' title='bbox 3026 4637 3164 4677; x_wconf 74' lang='grc' dir='ltr'><strong>τινῶν</strong></span> <span class='ocrx_word' id='word_1_789' title='bbox 3185 4634 3313 4688; x_wconf 75' lang='grc' dir='ltr'><strong>ζώων</strong></span> <span class='ocrx_word' id='word_1_790' title='bbox 3339 4635 3482 4696; x_wconf 76' lang='grc' dir='ltr'><strong>μέρη,</strong></span> <span class='ocrx_word' id='word_1_791' title='bbox 3509 4641 3576 4688; x_wconf 78' lang='grc' dir='ltr'><strong>πὴ</strong></span> <span class='ocrx_word' id='word_1_792' title='bbox 3605 4637 3690 4695; x_wconf 75' lang='grc' dir='ltr'><strong>μὲν</strong></span> <span class='ocrx_word' id='word_1_793' title='bbox 3713 4635 4015 4696; x_wconf 60' lang='lat' dir='ltr'><strong>{arronei/uva,</strong></span> 
     </span>
    </p>
   </div>
   <div class='ocr_carea' id='block_1_109' title="bbox 2410 4715 4006 4791">
    <p class='ocr_par' dir='ltr' id='par_1_109' title="bbox 2410 4715 4006 4791">
     <span class='ocr_line' id='line_1_109' title="bbox 2410 4715 4006 4791; baseline 0.008 -27"><span class='ocrx_word' id='word_1_794' title='bbox 2410 4722 2482 4768; x_wconf 70' lang='grc' dir='ltr'><strong>πή</strong></span> <span class='ocrx_word' id='word_1_795' title='bbox 2506 4715 2552 4764; x_wconf 76' lang='grc' dir='ltr'><strong>δὲ</strong></span> <span class='ocrx_word' id='word_1_796' title='bbox 2574 4719 2861 4780; x_wconf 71' lang='grc' dir='ltr'><strong>ἐπικείμενα.</strong></span> <span class='ocrx_word' id='word_1_797' title='bbox 2895 4734 2912 4766; x_wconf 87' lang='grc'><strong>‹</strong></span> <span class='ocrx_word' id='word_1_798' title='bbox 2956 4715 3150 4771; x_wconf 87' lang='lat' dir='ltr'><strong>Videas</strong></span> <span class='ocrx_word' id='word_1_799' title='bbox 3204 4720 3341 4786; x_wconf 90' lang='lat' dir='ltr'><strong>apud</strong></span> <span class='ocrx_word' id='word_1_800' title='bbox 3368 4721 3511 4790; x_wconf 87' lang='lat' dir='ltr'><strong>ipsos</strong></span> <span class='ocrx_word' id='word_1_801' title='bbox 3565 4722 3822 4788; x_wconf 77' lang='lat' dir='ltr'><strong>imagines</strong></span> <span class='ocrx_word' id='word_1_802' title='bbox 3845 4737 4006 4791; x_wconf 82' lang='lat' dir='ltr'><strong>quas—</strong></span> 
     </span>
    </p>
   </div>
   <div class='ocr_carea' id='block_1_110' title="bbox 2415 4803 4018 4880">
    <p class='ocr_par' dir='ltr' id='par_1_110' title="bbox 2415 4803 4018 4880">
     <span class='ocr_line' id='line_1_110' title="bbox 2415 4803 4018 4880; baseline 0.008 -23"><span class='ocrx_word' id='word_1_803' title='bbox 2415 4803 2537 4858; x_wconf 87' lang='lat' dir='ltr'><strong>dam</strong></span> <span class='ocrx_word' id='word_1_804' title='bbox 2572 4809 2783 4862; x_wconf 87' lang='lat' dir='ltr'><strong>cervice</strong></span> <span class='ocrx_word' id='word_1_805' title='bbox 2808 4819 2963 4863; x_wconf 90' lang='lat' dir='ltr'><strong>tenus</strong></span> <span class='ocrx_word' id='word_1_806' title='bbox 3000 4809 3231 4864; x_wconf 89' lang='lat' dir='ltr'><strong>humana</strong></span> <span class='ocrx_word' id='word_1_807' title='bbox 3264 4814 3472 4880; x_wconf 76' lang='lat' dir='ltr'><strong>Specie,</strong></span> <span class='ocrx_word' id='word_1_808' title='bbox 3503 4815 3648 4866; x_wconf 87' lang='lat' dir='ltr'><strong>vultu</strong></span> <span class='ocrx_word' id='word_1_809' title='bbox 3677 4824 3851 4868; x_wconf 71' lang='lat' dir='ltr'><strong>autem</strong></span> <span class='ocrx_word' id='word_1_810' title='bbox 3897 4831 4018 4870; x_wconf 85' lang='lat' dir='ltr'><strong>mo-</strong></span> 
     </span>
    </p>
   </div>
   <div class='ocr_carea' id='block_1_111' title="bbox 2414 4896 4017 4976">
    <p class='ocr_par' dir='ltr' id='par_1_111' title="bbox 2414 4896 4017 4976">
     <span class='ocr_line' id='line_1_111' title="bbox 2414 4896 4017 4976; baseline 0.008 -26"><span class='ocrx_word' id='word_1_811' title='bbox 2414 4896 2485 4951; x_wconf 90' lang='lat' dir='ltr'><strong>do</strong></span> <span class='ocrx_word' id='word_1_812' title='bbox 2521 4899 2824 4964; x_wconf 69' lang='lat' dir='ltr'><strong>volucrem,</strong></span> <span class='ocrx_word' id='word_1_813' title='bbox 2868 4903 3029 4954; x_wconf 87' lang='lat' dir='ltr'><strong>modo</strong></span> <span class='ocrx_word' id='word_1_814' title='bbox 3083 4903 3323 4969; x_wconf 77' lang='lat' dir='ltr'><strong>leonem,</strong></span> <span class='ocrx_word' id='word_1_815' title='bbox 3353 4919 3439 4960; x_wconf 89' lang='lat' dir='ltr'><strong>aut</strong></span> <span class='ocrx_word' id='word_1_816' title='bbox 3474 4906 3614 4960; x_wconf 91' lang='lat' dir='ltr'><strong>aliud</strong></span> <span class='ocrx_word' id='word_1_817' title='bbox 3645 4908 3870 4976; x_wconf 87' lang='lat' dir='ltr'><strong>quodvis</strong></span> <span class='ocrx_word' id='word_1_818' title='bbox 3899 4909 4017 4962; x_wconf 88' lang='lat' dir='ltr'><strong>aui-</strong></span> 
     </span>
    </p>
   </div>
   <div class='ocr_carea' id='block_1_112' title="bbox 2415 4993 4020 5070">
    <p class='ocr_par' dir='ltr' id='par_1_112' title="bbox 2415 4993 4020 5070">
     <span class='ocr_line' id='line_1_112' title="bbox 2415 4993 4020 5070; baseline 0.007 -25"><span class='ocrx_word' id='word_1_819' title='bbox 2415 4993 2520 5046; x_wconf 91' lang='lat' dir='ltr'><strong>mal</strong></span> <span class='ocrx_word' id='word_1_820' title='bbox 2563 4993 2895 5057; x_wconf 87' lang='lat' dir='ltr'><strong>referentes;</strong></span> <span class='ocrx_word' id='word_1_821' title='bbox 2927 4997 3168 5065; x_wconf 63' lang='lat' dir='ltr'><strong>aiiasqne</strong></span> <span class='ocrx_word' id='word_1_822' title='bbox 3200 5013 3413 5052; x_wconf 90' lang='lat' dir='ltr'><strong>rursum</strong></span> <span class='ocrx_word' id='word_1_823' title='bbox 3455 5001 3630 5066; x_wconf 91' lang='lat' dir='ltr'><strong>capite</strong></span> <span class='ocrx_word' id='word_1_824' title='bbox 3661 5001 3875 5070; x_wconf 88' lang='lat' dir='ltr'><strong>quidem</strong></span> <span class='ocrx_word' id='word_1_825' title='bbox 3921 5001 4020 5056; x_wconf 88' lang='lat' dir='ltr'><strong>ho-</strong></span> 
     </span>
    </p>
   </div>
   <div class='ocr_carea' id='block_1_113' title="bbox 2414 5085 4016 5161">
    <p class='ocr_par' dir='ltr' id='par_1_113' title="bbox 2414 5085 4016 5161">
     <span class='ocr_line' id='line_1_113' title="bbox 2414 5085 4016 5161; baseline 0.006 -23"><span class='ocrx_word' id='word_1_826' title='bbox 2414 5085 2619 5139; x_wconf 86' lang='lat' dir='ltr'><strong>minum</strong></span> <span class='ocrx_word' id='word_1_827' title='bbox 2669 5087 2908 5154; x_wconf 86' lang='lat' dir='ltr'><strong>similes,</strong></span> <span class='ocrx_word' id='word_1_828' title='bbox 2968 5090 3185 5159; x_wconf 80' lang='lat' dir='ltr'><strong>reliquis</strong></span> <span class='ocrx_word' id='word_1_829' title='bbox 3232 5107 3359 5146; x_wconf 83' lang='lat' dir='ltr'><strong>vero</strong></span> <span class='ocrx_word' id='word_1_830' title='bbox 3425 5093 3664 5161; x_wconf 89' lang='lat' dir='ltr'><strong>partibus</strong></span> <span class='ocrx_word' id='word_1_831' title='bbox 3734 5095 4016 5161; x_wconf 86' lang='lat' dir='ltr'><strong>corporis,</strong></span> 
     </span>
    </p>
   </div>
   <div class='ocr_carea' id='block_1_114' title="bbox 2413 5177 4019 5252">
    <p class='ocr_par' dir='ltr' id='par_1_114' title="bbox 2413 5177 4019 5252">
     <span class='ocr_line' id='line_1_114' title="bbox 2413 5177 4019 5252; baseline 0.007 -23"><span class='ocrx_word' id='word_1_832' title='bbox 2413 5177 2575 5230; x_wconf 86' lang='lat' dir='ltr'><strong>modo</strong></span> <span class='ocrx_word' id='word_1_833' title='bbox 2643 5177 3028 5246; x_wconf 79' lang='lat' dir='ltr'><strong>inferioribus,</strong></span> <span class='ocrx_word' id='word_1_834' title='bbox 3085 5182 3243 5237; x_wconf 90' lang='lat' dir='ltr'><strong>modo</strong></span> <span class='ocrx_word' id='word_1_835' title='bbox 3298 5185 3707 5252; x_wconf 77' lang='lat' dir='ltr'><strong>superioribus.</strong></span> <span class='ocrx_word' id='word_1_836' title='bbox 3786 5185 4019 5240; x_wconf 83' lang='lat' dir='ltr'><strong>aliorum</strong></span> 
     </span>
    </p>
   </div>
   <div class='ocr_carea' id='block_1_115' title="bbox 2409 5270 4023 5352">
    <p class='ocr_par' dir='ltr' id='par_1_115' title="bbox 2409 5270 4023 5352">
     <span class='ocr_line' id='line_1_115' title="bbox 2409 5270 4023 5352; baseline 0.008 -31"><span class='ocrx_word' id='word_1_837' title='bbox 2409 5270 2760 5325; x_wconf 88' lang='lat' dir='ltr'><strong>animantium</strong></span> <span class='ocrx_word' id='word_1_838' title='bbox 2786 5271 3010 5326; x_wconf 81' lang='lat' dir='ltr'><strong>formam</strong></span> <span class='ocrx_word' id='word_1_839' title='bbox 3041 5276 3387 5330; x_wconf 83' lang='lat' dir='ltr'><strong>ostendentes</strong></span> <span class='ocrx_word' id='word_1_840' title='bbox 3425 5299 3442 5329; x_wconf 75' lang='grc'><strong>1</strong></span> <span class='ocrx_word' id='word_1_841' title='bbox 3474 5278 3653 5352; x_wconf 71' lang='lat' dir='ltr'><strong>(Apud</strong></span> <span class='ocrx_word' id='word_1_842' title='bbox 3682 5277 3808 5333; x_wconf 77' lang='lat' dir='ltr'><strong>Eas.</strong></span> <span class='ocrx_word' id='word_1_843' title='bbox 3842 5279 3927 5332; x_wconf 87' lang='lat' dir='ltr'><strong>lib.</strong></span> <span class='ocrx_word' id='word_1_844' title='bbox 3963 5295 4023 5334; x_wconf 84' lang='lat' dir='ltr'><strong>tu</strong></span> 
     </span>
    </p>
   </div>
   <div class='ocr_carea' id='block_1_116' title="bbox 2408 5360 4020 5438">
    <p class='ocr_par' dir='ltr' id='par_1_116' title="bbox 2408 5360 4020 5438">
     <span class='ocr_line' id='line_1_116' title="bbox 2408 5360 4020 5438; baseline 0.007 -24"><span class='ocrx_word' id='word_1_845' title='bbox 2408 5360 2648 5432; x_wconf 73' lang='lat' dir='ltr'><strong>Prwpar.</strong></span> <span class='ocrx_word' id='word_1_846' title='bbox 2685 5361 2888 5434; x_wconf 84' lang='lat' dir='ltr'><strong>Evang.</strong></span> <span class='ocrx_word' id='word_1_847' title='bbox 2936 5381 3050 5435; x_wconf 90' lang='lat' dir='ltr'><strong>cap.</strong></span> <span class='ocrx_word' id='word_1_848' title='bbox 3098 5368 3152 5433; x_wconf 69' lang='grc'><strong>4,</strong></span> <span class='ocrx_word' id='word_1_849' title='bbox 3187 5383 3305 5438; x_wconf 86' lang='lat' dir='ltr'><strong>pag.</strong></span> <span class='ocrx_word' id='word_1_850' title='bbox 3341 5369 3448 5438; x_wconf 80' lang='lat'><strong>95).</strong></span> <span class='ocrx_word' id='word_1_851' title='bbox 3515 5371 3787 5424; x_wconf 77' lang='lat' dir='ltr'><strong>Mutuatus</strong></span> <span class='ocrx_word' id='word_1_852' title='bbox 3835 5379 4020 5424; x_wconf 89' lang='lat' dir='ltr'><strong>autem</strong></span> 
     </span>
    </p>
   </div>
   <div class='ocr_carea' id='block_1_117' title="bbox 2411 5453 4024 5533">
    <p class='ocr_par' dir='ltr' id='par_1_117' title="bbox 2411 5453 4024 5533">
     <span class='ocr_line' id='line_1_117' title="bbox 2411 5453 4024 5533; baseline 0.004 -25"><span class='ocrx_word' id='word_1_853' title='bbox 2411 5453 2526 5508; x_wconf 76' lang='lat' dir='ltr'><strong>htec</strong></span> <span class='ocrx_word' id='word_1_854' title='bbox 2561 5455 2763 5518; x_wconf 77' lang='lat' dir='ltr'><strong>fuerat,</strong></span> <span class='ocrx_word' id='word_1_855' title='bbox 2794 5474 2857 5511; x_wconf 80' lang='lat' dir='ltr'><strong>ex</strong></span> <span class='ocrx_word' id='word_1_856' title='bbox 2879 5467 3073 5528; x_wconf 88' lang='lat' dir='ltr'><strong>quarto</strong></span> <span class='ocrx_word' id='word_1_857' title='bbox 3103 5460 3386 5531; x_wconf 85' lang='lat' dir='ltr'><strong>Porphyrii</strong></span> <span class='ocrx_word' id='word_1_858' title='bbox 3432 5468 3537 5533; x_wconf 79' lang='grc' dir='ltr'><strong>περὶ</strong></span> <span class='ocrx_word' id='word_1_859' title='bbox 3594 5471 3772 5530; x_wconf 74' lang='grc' dir='ltr'><strong>ἐποχῆς</strong></span> <span class='ocrx_word' id='word_1_860' title='bbox 3800 5470 4024 5532; x_wconf 46' lang='lat' dir='ltr'><strong>(aperuit</strong></span> 
     </span>
    </p>
   </div>
   <div class='ocr_carea' id='block_1_118' title="bbox 2412 5545 4023 5623">
    <p class='ocr_par' dir='ltr' id='par_1_118' title="bbox 2412 5545 4023 5623">
     <span class='ocr_line' id='line_1_118' title="bbox 2412 5545 4023 5623; baseline 0.004 -23"><span class='ocrx_word' id='word_1_861' title='bbox 2412 5545 2552 5601; x_wconf 88' lang='lat' dir='ltr'><strong>libro</strong></span> <span class='ocrx_word' id='word_1_862' title='bbox 2599 5557 2652 5602; x_wconf 85' lang='lat' dir='ltr'><strong>ct</strong></span> <span class='ocrx_word' id='word_1_863' title='bbox 2723 5550 2844 5603; x_wconf 92' lang='lat' dir='ltr'><strong>inde</strong></span> <span class='ocrx_word' id='word_1_864' title='bbox 2898 5550 3155 5606; x_wconf 87' lang='lat' dir='ltr'><strong>adversus</strong></span> <span class='ocrx_word' id='word_1_865' title='bbox 3235 5553 3482 5607; x_wconf 87' lang='lat' dir='ltr'><strong>ethnicos</strong></span> <span class='ocrx_word' id='word_1_866' title='bbox 3553 5554 3878 5623; x_wconf 75' lang='lat' dir='ltr'><strong>pugnando,</strong></span> <span class='ocrx_word' id='word_1_867' title='bbox 3938 5555 4023 5608; x_wconf 84' lang='lat' dir='ltr'><strong>iu-</strong></span> 
     </span>
    </p>
   </div>
   <div class='ocr_carea' id='block_1_119' title="bbox 2411 5642 4022 5712">
    <p class='ocr_par' dir='ltr' id='par_1_119' title="bbox 2411 5642 4022 5712">
     <span class='ocr_line' id='line_1_119' title="bbox 2411 5642 4022 5712; baseline 0.004 -18"><span class='ocrx_word' id='word_1_868' title='bbox 2411 5649 2609 5696; x_wconf 88' lang='lat' dir='ltr'><strong>torlum</strong></span> <span class='ocrx_word' id='word_1_869' title='bbox 2668 5642 2737 5696; x_wconf 91' lang='lat' dir='ltr'><strong>ab</strong></span> <span class='ocrx_word' id='word_1_870' title='bbox 2805 5645 2884 5698; x_wconf 88' lang='lat' dir='ltr'><strong>eis</strong></span> <span class='ocrx_word' id='word_1_871' title='bbox 2933 5653 3116 5698; x_wconf 89' lang='lat' dir='ltr'><strong>contra</strong></span> <span class='ocrx_word' id='word_1_872' title='bbox 3201 5645 3537 5700; x_wconf 86' lang='lat' dir='ltr'><strong>Christianos</strong></span> <span class='ocrx_word' id='word_1_873' title='bbox 3610 5645 3786 5712; x_wconf 88' lang='lat' dir='ltr'><strong>idem,</strong></span> <span class='ocrx_word' id='word_1_874' title='bbox 3857 5657 4022 5712; x_wconf 76' lang='lat' dir='ltr'><strong>atrple</strong></span> 
     </span>
    </p>
   </div>
   <div class='ocr_carea' id='block_1_120' title="bbox 2410 5733 4019 5812">
    <p class='ocr_par' dir='ltr' id='par_1_120' title="bbox 2410 5733 4019 5812">
     <span class='ocr_line' id='line_1_120' title="bbox 2410 5733 4019 5812; baseline 0.005 -25"><span class='ocrx_word' id='word_1_875' title='bbox 2410 5733 2690 5800; x_wconf 84' lang='lat' dir='ltr'><strong>Minucius,</strong></span> <span class='ocrx_word' id='word_1_876' title='bbox 2724 5737 2883 5793; x_wconf 90' lang='lat' dir='ltr'><strong>telum</strong></span> <span class='ocrx_word' id='word_1_877' title='bbox 2913 5749 3186 5810; x_wconf 88' lang='lat' dir='ltr'><strong>retorquet</strong></span> <span class='ocrx_word' id='word_1_878' title='bbox 3216 5737 3505 5812; x_wconf 81' lang='lat' dir='ltr'><strong>(Porpltyr.</strong></span> <span class='ocrx_word' id='word_1_879' title='bbox 3537 5740 3624 5795; x_wconf 86' lang='lat' dir='ltr'><strong>lib.</strong></span> <span class='ocrx_word' id='word_1_880' title='bbox 3647 5751 3854 5808; x_wconf 85' lang='lat' dir='ltr'><strong>Iv,ante</strong></span> <span class='ocrx_word' id='word_1_881' title='bbox 3877 5739 4019 5795; x_wconf 76' lang='lat' dir='ltr'><strong>med.</strong></span> 
     </span>
    </p>
   </div>
   <div class='ocr_carea' id='block_1_121' title="bbox 2410 5825 2735 5895">
    <p class='ocr_par' dir='ltr' id='par_1_121' title="bbox 2410 5825 2735 5895">
     <span class='ocr_line' id='line_1_121' title="bbox 2410 5825 2735 5895; baseline 0.012 -19"><span class='ocrx_word' id='word_1_882' title='bbox 2410 5839 2530 5894; x_wconf 85' lang='lat' dir='ltr'><strong>pag.</strong></span> <span class='ocrx_word' id='word_1_883' title='bbox 2585 5825 2735 5895; x_wconf 70' lang='lat'><strong>572).</strong></span> 
     </span>
    </p>
   </div>
  </div>
