4264 6258
196 286 310 346 515

1640 280 2112 340 DlSSERTATIO.

3408 285 3515 344 ΒΜ

276 401 347 455 At
375 396 736 454 Tertullianus
768 393 882 465 pari
913 394 1076 451 etiam
1106 391 1267 449 modo
1293 391 1553 449 adversus
1581 394 1802 449 eosdem
1836 402 1885 459 Α
1912 396 2035 449 deat
2064 394 2282 458 Cicero,
2314 396 2402 466 qui
2431 403 2627 465 quanta
2658 396 2815 452 fuerit
2846 410 3032 453 earum
3060 397 3298 468 gentium
3325 412 3520 468 super-

199 493 432 565 gcntiles
458 499 900 563 argumentatus,
933 472 1107 544 eidem
1152 489 1359 543 auctori
1404 501 1588 542 noStro
1639 489 1807 543 facem

202 587 353 645 hisce
381 587 561 643 verbis
590 585 894 655 praetulerat
922 601 935 637 :
977 601 994 634 ι
1032 582 1139 639 Sed
1184 582 1260 636 illi
1291 581 1559 637 debebant
1585 581 1811 637 adorare

199 681 384 737 statim
417 679 646 734 biforme
683 691 923 739 numen;
966 679 1091 746 quia
1121 683 1174 731 et
1218 676 1444 739 canino,
1497 682 1551 730 et
1595 674 1809 729 leonino

200 774 381 845 capite
411 772 755 836 commistos,
789 778 846 825 et
889 770 958 825 de
1001 783 1196 839 capro,
1240 775 1297 822 et
1323 766 1392 822 de
1418 767 1586 822 ariete
1613 781 1811 821 cornu-

203 874 319 930 tos,
354 874 409 920 et
436 880 466 918 a
495 863 694 918 lumbis
734 863 949 929 hircos,
990 869 1045 916 et
1071 876 1101 914 a
1131 860 1376 914 cruribus
1413 847 1723 928 serpentes,
1758 869 1813 915 et

203 958 386 1029 planta
429 956 513 1010 vel
552 965 709 1025 tergo
744 954 901 1009 alites
942 952 1077 1008 deos
1129 960 1447 1021 receperunt
1478 970 1497 1002 ι
1530 950 1549 1022 (
1579 951 1807 1005 Tertull.

202 1049 424 1120 Apolog.
457 1063 577 1118 cap.
615 1047 686 1102 i6
710 1051 750 1117 ).
812 1045 882 1100 Et
918 1044 1028 1099 alio
1057 1058 1244 1099 rursus
1290 1044 1343 1097 in
1395 1042 1533 1097 libro
1577 1060 1590 1095 :
1623 1059 1643 1094 ι
1676 1044 1811 1097 Sunt

200 1156 372 1213 penes
397 1155 522 1208 vos,
552 1140 783 1211 gentiles
823 1139 1075 1192 nimirum
1095 1178 1110 1203 ,
1161 1145 1216 1190 et
1252 1134 1477 1204 caprino
1506 1134 1714 1203 capite,
1758 1142 1813 1187 et

198 1236 459 1303 leonino,
487 1246 541 1291 et
562 1234 630 1290 de
657 1235 825 1295 bove,
857 1242 914 1288 et
937 1232 1138 1296 ariete,
1186 1240 1243 1287 et
1284 1232 1432 1285 hirco
1456 1230 1661 1300 caprini
1698 1230 1809 1296 dii,

200 1346 538 1402 caprigence,
569 1330 652 1385 vel
691 1327 950 1399 anguini,
996 1336 1052 1381 et
1080 1327 1236 1380 alites
1278 1325 1494 1395 planta,
1536 1323 1716 1380 fronte
1756 1334 1814 1379 et

203 1434 356 1495 terge
392 1440 413 1474 ι
439 1421 634 1490 (Idem,
664 1422 762 1476 lib.
788 1436 808 1476 ι
828 1421 897 1472 ad
922 1419 1138 1474 Nation.
1170 1434 1289 1487 cap.
1318 1416 1431 1487 14).

276 1515 408 1583 Quae
444 1514 658 1595 quidem
697 1512 1008 1569 conﬁrmari
1050 1510 1227 1564 adhuc
1257 1518 1483 1579 possunt
1508 1523 1629 1563 cum
1673 1508 1806 1561 alio-

202 1625 323 1665 rum
343 1650 356 1671 ,
406 1620 516 1663 tum
545 1608 778 1663 maxime
821 1606 904 1661 bis
935 1603 1269 1673 totidemque
1298 1602 1552 1657 Macrobii
1581 1601 1760 1657 verbis
1794 1619 1807 1655 :

204 1718 230 1758 ι
269 1703 454 1758 Eidem
484 1702 717 1773 AEgypto
748 1699 1006 1770 adiacens
1041 1698 1270 1763 civitas,
1313 1712 1434 1766 qme
1474 1698 1810 1751 conditorem

1914 490 2060 542 stitio
2082 530 2097 553 ,
2138 491 2321 559 paucis
2352 490 2433 542 his
2459 491 2705 545 edisserit
2730 492 2908 545 verbis
2941 508 2955 543 :
2990 509 3008 541 ι
3063 492 3235 545 Omne
3277 490 3390 545 fere
3419 491 3486 545 be

1912 585 2134 637 Stiarum
2166 600 2336 655 genus
2367 584 2600 656 {Egyptii
2627 595 3080 641 consecraverunt
3111 605 3129 638 ι
3154 584 3174 660 (
3197 587 3309 642 Cic.
3340 585 3433 641 lib.
3462 600 3519 640 ιιι

1913 674 1977 727 de
2004 673 2195 729 Natur.
2244 676 2396 731 θεον.
2429 692 2546 747 pag.
2578 677 2705 743 245,
2741 679 2837 732 lin.
2872 680 2978 745 25;
3012 677 3171 743 lbid.,
3202 678 3293 734 lib.
3324 694 3363 738 ι,
3395 693 3517 749 pag.

1912 765 2053 833 207,
2089 768 2183 822 lin.
2218 768 2325 838 18).
2388 768 2469 823 Eo
2498 779 2675 824 autem
2711 785 2879 840 usque
2908 770 3045 825 hanc
3079 772 3520 841 superstitionem

1914 866 2246 932 processisse
2275 864 2397 919 alibi
2427 875 2689 919 memorat
2709 906 2725 928 ,
2756 877 2811 918 ut
2839 879 2906 919 ne
2932 865 3090 918 fando
3113 864 3327 935 quidem
3369 864 3522 919 andi—

1915 961 2026 1007 tum
2070 960 2138 1009 sit
2169 957 2495 1011 crocodilum
2541 967 2630 1010 aut
2660 958 2811 1024 ibim,
2842 970 2932 1013 aut
2974 958 3129 1013 felem
3161 959 3229 1013 ab
3258 959 3321 1013 iis
3349 959 3518 1015 viola-

1916 1051 2047 1099 ttttn.
2098 1047 2235 1112 Quin
2270 1049 2433 1103 immo
2468 1066 2480 1101 :
2525 1066 2544 1100 ι
2595 1048 2834 1117 Quorum
2865 1052 3027 1105 etiam
3073 1052 3116 1105 si
3151 1052 3521 1121 imprudentes

1914 1138 2184 1207 quidpiam
2216 1160 2234 1190 ι
2267 1152 2320 1194 ιιι
2345 1141 2436 1194 ille
2463 1142 2566 1195 alio
2597 1142 2647 1195 in
2677 1142 2813 1196 libro
2838 1145 2942 1211 ait,
2976 1163 2994 1195 ι
3026 1144 3275 1212 fecerint,
3304 1160 3519 1215 pmnam

1915 1231 2114 1284 nullam
2165 1242 2416 1288 recusant
2452 1254 2470 1287 ι
2508 1236 2527 1309 (
2559 1237 2649 1291 lib.
2686 1254 2717 1291 v
2747 1237 2901 1292 Tusc.
2938 1253 3057 1308 pag.
3097 1239 3228 1301 189.
3275 1241 3368 1294 lin.
3399 1240 3518 1311 25).

1918 1321 1993 1377 De
2039 1323 2146 1378 Hac
2203 1341 2362 1395 porro
2410 1330 2620 1383 violatae
2690 1331 2915 1399 pecudis
2966 1346 3121 1401 ptena
3181 1348 3286 1388 non
3345 1337 3523 1390 minus

1916 1418 2197 1485 perspicue
2223 1418 2523 1475 Herodotus
2555 1440 2567 1475 :
2605 1442 2624 1473 ι
2658 1423 2923 1491 Quarum,
2957 1425 3156 1494 inquit,
3188 1425 3479 1481 besdarum
3502 1468 3519 1495 ,

1923 1527 1941 1559 ι
1976 1509 2021 1562 si
2049 1527 2204 1579 quam
2239 1514 2358 1582 quis
2385 1516 2675 1578 necaverit,
2704 1516 2748 1569 si
2772 1515 2978 1579 volens,
3004 1526 3179 1571 morte
3207 1518 3519 1585 mulctatnr,

1916 1602 1961 1655 si
1986 1604 2207 1669 nolens,
2243 1606 2489 1673 plectitur
2516 1622 2577 1660 ea
2607 1608 2801 1662 mulcta
2825 1650 2839 1674 ,
2871 1624 3029 1679 quam
3074 1612 3384 1666 Sacerdotes
3409 1621 3523 1666 sta-

1918 1696 2116 1750 tuerint
2151 1714 2170 1747 ι
2209 1695 2489 1760 (llet'odol.
2532 1700 2625 1754 lib.
2660 1716 2730 1761 tt,
2760 1701 2787 1771 §
2814 1701 2929 1771 65).
2966 1702 3325 1757 'l'ertullianus
3357 1718 3519 1772 vero,

201 1797 570 1853 Alexandrum
597 1792 941 1849 Macedonem
971 1806 1224 1861 magnum
1253 1789 1534 1860 gloriatur.
1565 1787 1808 1858 Serapim
1840 1793 1887 1853 Β
1915 1785 2068 1855 cujus
2109 1788 2158 1841 in
2190 1789 2425 1858 vestigiis
2461 1802 2647 1845 auctor
2675 1802 2856 1847 noster
2898 1803 3042 1848 stare
3070 1793 3245 1849 adhuc
3276 1795 3517 1863 videtur,

199 1897 367 1961 atque
398 1889 519 1943 Isim
548 1886 693 1942 cultu
725 1900 862 1957 pene
882 1884 1122 1939 att0nitu:
1148 1882 1516 1938 venerationis
1532 1884 1805 1936 observat.

200 1983 436 2038 Omnem
476 1990 651 2035 tamen
682 1979 827 2035 illam
858 1976 1259 2033 venerationem
1305 1975 1404 2030 soli
1451 1992 1510 2031 se
1536 1975 1637 2030 sub
1668 1975 1811 2029 illius

202 2077 428 2133 nomine
452 2084 678 2129 testatur
702 2072 1047 2142 impendere:
1078 2071 1164 2125 vel
1191 2070 1316 2125 dum
1346 2070 1635 2124 simulacro
1664 2070 1810 2124 trici~

205 2172 336 2242 pitis
379 2168 668 2223 animantis
690 2166 1015 2238 adjungunt,
1055 2164 1195 2234 quod
1235 2163 1486 2234 exprimit
1513 2164 1687 2219 medio
1715 2179 1810 2218 eo-

205 2264 436 2334 demque
461 2262 698 2317 maximo
723 2263 899 2331 capite
930 2258 1100 2313 leonis
1125 2256 1376 2326 efﬁgiem,
1406 2258 1627 2312 dextera
1658 2265 1812 2327 parte

206 2356 360 2412 canis
411 2355 656 2409 exoritur
705 2360 983 2407 mansueta
1031 2350 1212 2420 Specie
1261 2348 1630 2404 blandientis:
1688 2365 1811 2419 pars

208 2465 342 2505 vero
374 2450 508 2504 laeva
535 2446 765 2511 cervici,
792 2447 1001 2515 rapacis
1031 2445 1139 2513 lupi
1178 2444 1352 2515 capite
1378 2443 1580 2507 linitur,
1613 2458 1813 2513 easque

209 2544 412 2600 formas
439 2542 745 2597 animalium
768 2541 934 2596 draco
962 2540 1234 2595 connectit
1263 2538 1538 2591 volumine
1568 2551 1684 2601 suo,
1716 2551 1811 2591 ca-

209 2636 323 2707 pite
372 2633 636 2689 redeunte
696 2631 762 2686 ad
817 2631 911 2687 Dei
978 2630 1288 2694 dexteram,
1338 2643 1442 2699 qua
1488 2628 1814 2698 conspicitur

207 2738 508 2785 monstrum
544 2746 563 2779 ›
594 2725 855 2795 (Macrob.
899 2724 993 2779 lib.
1029 2739 1043 2778 I
1079 2722 1345 2778 Saturnal.
1377 2736 1496 2790 cap.
1527 2721 1645 2787 20).

280 2821 384 2877 Sed
409 2828 706 2888 auctorem,
726 2820 769 2875 si
794 2819 988 2888 placet,
1015 2831 1305 2886 sequamur
1322 2824 1565 2869 nostrum
1594 2833 1607 2869 :
1638 2813 1815 2870 «Non-

208 2929 335 2980 ne,»
368 2913 570 2983 inquit,
604 2930 624 2963 ι
651 2919 706 2965 et
730 2910 886 2979 Apim
912 2908 1104 2964 bovem
1131 2921 1251 2962 cum
1275 2904 1573 2977 Egyptiis,
1602 2917 1656 2962 et
1685 2904 1815 2960 ado-

208 3006 379 3071 ratis,
424 3016 477 3060 et
510 3003 743 3074 pascitis.
783 3021 803 3053 ›
837 3001 912 3056 De
940 3000 1098 3069 hujus
1146 2998 1436 3069 prodigiosi
1487 2999 1722 3053 numinis
1761 3007 1816 3053 et

210 3108 368 3170 pastu
398 3106 454 3153 et
479 3097 659 3162 cultu,
688 3095 732 3150 si
777 3104 967 3149 testem
998 3108 1208 3163 quaeras
1230 3134 1245 3159 ,
1293 3091 1615 3147 Strabonem
1659 3091 1812 3145 iuve-

1916 1877 1967 1933 id
2001 1879 2068 1935 de
2114 1881 2304 1937 iisdem
2347 1882 2615 1954 Egyptiis
2658 1886 2906 1955 perhibet
2939 1906 2951 1941 :
2986 1905 3005 1938 ι
3044 1886 3213 1942 Nemo
3239 1903 3299 1944 se
3333 1889 3400 1943 ab
3430 1890 3517 1944 in-

1917 1973 2029 2027 vito
2070 1974 2174 2027 coli
2209 1978 2379 2040 volet,
2435 1993 2504 2031 ne
2559 1978 2719 2033 homo
2768 1978 2983 2049 quidem
3034 1999 3047 2034 :
3099 1988 3258 2050 atque
3298 1980 3421 2037 ideo
3466 1991 3523 2039 et

1916 2065 2184 2139 Egyptiis
2232 2071 2487 2138 permissa
2530 2081 2615 2125 est
2662 2082 2765 2125 tam
2797 2086 2948 2126 vanae
2990 2072 3388 2143 superstitionis
3419 2087 3521 2144 po-

1918 2169 2118 2226 testas,
2177 2162 2365 2216 avibus
2421 2171 2477 2217 et
2526 2164 2713 2218 bestiis
2764 2164 3191 2229 consecrandis,
3239 2176 3290 2221 et
3345 2166 3522 2236 capite

1915 2252 2253 2321 damnandis,
2274 2256 2365 2326 qui
2390 2258 2623 2328 aliquem
2655 2259 2962 2330 Itujusmodi
2984 2260 3144 2314 deum
3170 2260 3471 2316 occiderint
3499 2278 3518 2315 ι

1920 2344 2171 2418 (Tertull.
2207 2350 2424 2419 Apolog.
2455 2365 2572 2419 cap.
2607 2351 2703 2417 24,
2729 2367 2849 2422 pag.
2878 2350 2997 2421 26).

1992 2437 2102 2491 Nos
2134 2454 2261 2494 vero
2308 2440 2553 2494 nonnihil
2603 2442 2671 2496 de
2718 2442 2821 2496 hoc
2871 2442 3099 2497 ridiculo
3143 2440 3522 2513 Egypﬁorum

1920 2531 2070 2587 cultu
2104 2533 2155 2585 in
2186 2534 2466 2602 superiore
2494 2536 2797 2602 Apparatus
2825 2535 2995 2588 nostri
3038 2543 3184 2589 tonio
3209 2534 3524 2604 perstrinxi-

1921 2641 2060 2681 ntus.
2096 2624 2201 2680 Sed
2241 2626 2286 2679 si
2328 2623 2443 2679 haec
2490 2625 2583 2679 tibi
2630 2642 2735 2680 non
2789 2624 3093 2690 Sufﬁciant,
3145 2627 3420 2680 mittemus
3450 2627 3520 2681 ad

1920 2718 2248 2773 Herodotum
2270 2760 2283 2785 ,
2318 2718 2607 2773 Diodorum
2636 2718 2908 2785 Siculum,
2958 2717 3309 2779 Strabonem,
3343 2716 3519 2772 [Elia-

1922 2827 2050 2867 num
2072 2854 2086 2878 ,
2120 2811 2212 2881 qui
2240 2812 2428 2865 vadem
2462 2825 2617 2865 suum
2648 2811 2992 2865 Plutarchum
3037 2810 3218 2875 dedit,
3260 2809 3521 2881 Cyrillum

1917 2904 2504 2975 Hierosolymitanum,
2569 2903 2953 2975 Hieronymum
3009 2915 3065 2959 et
3121 2902 3525 2960 Theodoretum

1918 2997 2096 3068 (Tom.
2128 3022 2143 3055 ι
2184 2998 2438 3066 Apparet.
2470 3012 2591 3067 pag.
2626 2997 2733 3051 496
2751 3008 2805 3050 et
2832 2995 2983 3060 636;
3018 2994 3280 3050 Herodot.
3320 2994 3414 3050 lib.
3448 3012 3525 3065 ιι,

1920 3088 2040 3161 §65
2080 3101 2135 3145 et
2181 3105 2358 3161 scqq.;
2418 3091 2641 3144 Diodor.
2692 3090 2855 3145 Sicul.
2904 3087 2998 3142 lib.
3050 3104 3067 3142 ι
3113 3087 3357 3143 Biblioth.
3406 3104 3523 3161 pag.

210 3192 350 3257 nies,
379 3189 469 3261 qui
502 3197 685 3244 narrat
712 3186 1003 3255 Memphim
1037 3200 1158 3240 esse
1184 3182 1557 3255 Egyptiorum
1588 3184 1810 3256 regiam,
1839 3185 1886 3249 C
1918 3183 2009 3248 52,
2039 3182 2105 3237 Si
2128 3192 2183 3237 et
2211 3198 2363 3253 seqq.
2393 3200 2406 3248 ;
2442 3182 2620 3237 Strab.
2649 3182 2743 3237 lib.
2772 3196 2900 3236 xvn.
2935 3180 3225 3253 Geoyrupli.
3267 3195 3387 3252 pag.
3420 3181 3522 3236 811

211 3284 302 3340 ubi
350 3282 567 3353 Apidis,
613 3282 705 3352 qui
753 3281 893 3335 idem
938 3290 1099 3350 atque
1146 3277 1351 3341 Osiris,
1384 3280 1641 3348 templum
1683 3280 1814 3335 solis

210 3387 327 3432 erat
355 3392 370 3431 ζ
403 3374 502 3429 Καὶ
523 3384 601 3431 τὸν
619 3380 738 3446 βοῦν
761 3382 840 3430 τὸν
861 3380 1059 3439 Μνιυίν,
1090 3379 1135 3426 ἰν
1161 3384 1287 3442 om?
1310 3397 1408 3428 τινι
1445 3382 1737 3445 τρεφόμενον,
1768 3381 1817 3435 ὃς

210 3471 327 3541 παρ’
355 3474 517 3530 αὐτοῖς
548 3472 812 3538 anima-rat
853 3475 995 3532 Θεὸς,
1036 3474 1197 3539 ὥσπερ
1220 3472 1302 3521 καὶ
1342 3476 1386 3523 ἄν
1414 3475 1646 3537 Μέμφειὸ
1669 3456 1811 3530 λεπίς.

218 3583 238 3617 ι
274 3564 344 3619 Ει
369 3564 597 3620 Mnevim
629 3564 849 3630 bovem,
875 3562 964 3632 qui
997 3562 1049 3616 io
1083 3570 1239 3631 septo
1274 3562 1504 3633 quodam
1544 3565 1811 3629 nutritur,

210 3666 268 3713 et
297 3657 366 3711 ab
394 3656 489 3719 iis.
521 3654 958 3724 Heliopolitanis,
993 3669 1089 3723 pro
1119 3654 1222 3707 deo
1262 3653 1521 3715 habetur,
1559 3656 1815 3726 quemad-

210 3747 431 3804 modum
470 3747 602 3814 Apis
628 3762 657 3798 a
694 3743 998 3814 Memphitis
1035 3763 1054 3798 ι
1094 3744 1316 3816 (Strab.
1351 3745 1442 3801 lib.
1473 3763 1583 3801 xvn
1624 3746 1810 3819 Geogr.

221 3857 277 3912 p.
301 3839 433 3905 805,
464 3847 519 3893 et
545 3838 745 3908 seqq.).
782 3835 945 3891 Addit
983 3838 1070 3893 ille
1098 3837 1418 3907 quibusdam
1458 3840 1625 3909 signis
1651 3840 1821 3896 deno-

214 3942 315 3986 tart
343 3930 465 4001 quis
490 3929 658 3991 altus,
686 3943 751 3982 eo
777 3927 1063 3995 defuncto,
1095 3929 1161 3983 ad
1192 3931 1589 3985 successionem
1621 3932 1690 3986 sit
1728 3949 1819 3996 :tp.

215 4034 325 4080 tus.
356 4023 517 4078 Plura
550 4021 727 4076 adhuc
755 4020 799 4075 si
827 4021 982 4085 velis,
1014 4021 1099 4075 adi
1129 4022 1416 4076 Diodorum
1441 4023 1701 4089 Siculum,
1730 4024 1819 4094 qui

214 4125 401 4172 narrat
428 4113 592 4169 etiam
623 4111 896 4182 quomodo
927 4111 1023 4167 bos
1052 4112 1140 4167 ille
1165 4113 1297 4182 Apis
1332 4124 1451 4183 post
1482 4124 1708 4167 niortem
1736 4129 1821 4169 sc-

213 4208 438 4279 pultura:
466 4203 726 4269 mandari,
754 4211 913 4272 atque
940 4204 1079 4259 altus
1102 4204 1153 4258 in
1182 4204 1321 4258 illius
1338 4204 1590 4260 substitui
1615 4206 1815 4273 locum,

213 4314 245 4354 ιι
273 4298 464 4368 quibus
493 4296 636 4366 pasci
656 4337 669 4357 .
702 4305 865 4365 atque
890 4294 978 4349 ubi
1006 4295 1301 4350 collocatus
1326 4297 1578 4352 honorari
1598 4297 1818 4354 soleret.

216 4392 380 4449 Adire
406 4400 661 4461 praeterea
694 4388 897 4460 poteris
921 4387 1268 4453 Herodotum,
1291 4387 1588 4456 IElianum,
1606 4389 1819 4457 Melan),

215 4484 571 4555 Porphyrium
602 4481 671 4536 ab
701 4480 936 4535 Eusebio
977 4482 1236 4547 citatum,
1269 4482 1584 4537 Ciceronem
1607 4525 1622 4548 ,
1665 4498 1729 4538 ac
1777 4483 1821 4537 si

1922 3291 1977 3337 et
2004 3296 2181 3350 scqq.;
2236 3279 2439 3334 Aﬂlian.
2474 3278 2572 3332 lib.
2605 3293 2637 3332 χ
2668 3278 2731 3331 de
2758 3277 2985 3331 Animal.
3032 3291 3152 3346 cap.
3201 3277 3284 3341 13,
3334 3288 3388 3330 et
3432 3275 3525 3331 lib.

1922 3390 2060 3436 xvn,
2091 3388 2208 3441 cap.
2244 3373 2298 3437 5;
2359 3372 2546 3444 Cyrill.
2597 3371 2864 3426 llierosol.
2911 3369 3121 3426 Cateclz.
3176 3368 3245 3435 6,
3281 3383 3400 3439 pag.
3435 3369 3525 3436 6i;

1923 3469 2141 3525 Hieron.
2174 3468 2267 3523 lib.
2297 3484 2335 3522 ιι
2367 3468 2484 3520 adv.
2516 3465 2688 3520 Jovin.
2722 3481 2841 3535 pag.
2877 3464 2947 3521 59
2981 3480 2997 3530 ;
3025 3461 3234 3518 Theud.
3268 3463 3436 3517 Serm.
3469 3463 3525 3529 4,

1922 3563 1985 3615 de
2012 3560 2196 3632 Angel.
2224 3572 2270 3614 et
2296 3561 2494 3613 diemon
2527 3574 2677 3629 ,pag.
2712 3556 2864 3627 5‘21).
2896 3556 3051 3625 Quod
3065 3567 3245 3610 autem
3269 3554 3533 3611 Minucius

1922 3657 2142 3725 adjecit,
2199 3657 2296 3709 has
2334 3652 2714 3725 Aﬂgyptiorum
2756 3653 3169 3721 superstitiones
3212 3666 3241 3702 ιι
3273 3648 3534 3705 Romanis

1928 3766 2035 3805 non
2068 3749 2417 3803 condemnari
2440 3789 2453 3812 ,
2485 3747 2662 3816 quivis
2692 3745 2845 3800 facile
2874 3743 3161 3805 concedet,
3196 3743 3287 3811 qui
3336 3744 3532 3798 memi-

1927 3844 2070 3899 nerit
2112 3843 2179 3896 ab
2219 3840 2298 3896 eis
2338 3849 2432 3894 aut
2479 3850 2796 3909 SiGCCpiaS,
2849 3849 2940 3893 aut
2986 3839 3240 3892 toleratas
3290 3838 3529 3892 omnium

1926 3937 2150 3991 aliarum
2193 3936 2465 4004 gentium,
2516 3932 2859 4002 quantumvis
2908 3930 3171 3986 absurdus
3217 3929 3529 4000 religiones.

1927 4029 2059 4085 Nam
2108 4039 2165 4082 ut
2208 4032 2322 4096 ipse
2364 4025 2614 4079 (hecilius
2645 4025 2866 4079 aiebat:
2918 4042 2937 4075 ι
2979 4023 3112 4078 Dum
3158 4023 3530 4077 universarum

1928 4121 2166 4194 gentium
2194 4134 2344 4175 sacra
2374 4118 2692 4185 snseipmnt,
2724 4117 2885 4169 etiam
2926 4129 3087 4184 regna
3123 4123 3453 4169 meruerunt.
3499 4134 3518 4167 ι

2002 4212 2167 4283 Magis
2211 4213 2385 4265 adlmc
2414 4210 2707 4263 absurdum
2742 4206 2870 4260 illud
2901 4216 3050 4271 erat,
3081 4204 3223 4275 quod
3257 4204 3533 4275 subjungit

1926 4305 2208 4367 Minucius,
2230 4303 2510 4373 Egyptios
2527 4315 2647 4356 cum
2681 4300 2951 4371 plerisque
2974 4297 3253 4363 Romanis,
3285 4296 3532 4353 timuisse

1932 4414 2186 4466 ceparum
2228 4396 2580 4458 acrimonias,
2615 4406 2667 4448 et
2699 4393 2901 4448 ventris
2943 4390 3219 4461 strepitus.
3250 4388 3332 4444 Ad
3371 4388 3422 4444 id
3455 4399 3536 4445 ta-

1935 4507 2059 4547 men
2090 4507 2196 4545 non
2222 4489 2399 4544 minus
2420 4529 2433 4553 ,
2463 4503 2621 4558 quam
2654 4488 2967 4558 superiora,
2999 4499 3186 4538 verum
3216 4494 3538 4553 certumque

216 4576 371 4641 velis,
401 4588 520 4645 quae
552 4573 606 4627 in
634 4571 807 4642 primo
834 4572 1137 4641 Apparatus
1166 4573 1336 4627 nostri
1370 4583 1515 4628 tonio
1539 4575 1817 4629 retulimus

1926 4585 2093 4641 fuisse
2121 4600 2186 4638 ex
2206 4583 2291 4637 his
2319 4582 2531 4637 discere
2556 4583 2755 4652 poteris
2782 4577 3057 4636 Juvenalis
3086 4577 3419 4633 carminibus
3443 4591 3457 4631 :

218 4667 463 4738 (Diodor.
494 4665 657 4721 Sicul.
690 4664 783 4719 lib.
814 4680 830 4719 ι
866 4662 1115 4719 Biblioth.
1148 4682 1265 4736 pag.
1325 4666 1415 4731 53,
1448 4679 1502 4721 et
1532 4681 1709 4738 seqq.;
1731 4668 1835 4723 He-

216 4761 337 4818 rod.
368 4760 463 4814 lib.
483 4774 563 4823 tu,
596 4756 626 4828 §
652 4755 743 4820 27;
769 4755 898 4811 ΖΕΗ.
920 4757 1013 4812 lib.
1032 4774 1060 4811 κ
1078 4758 1141 4812 de
1170 4758 1423 4823 Animal.,
1448 4775 1567 4829 cap.
1594 4759 1689 4817 28:
1719 4760 1834 4815 Me-

224 4856 276 4911 la
312 4897 328 4919 ,
376 4854 441 4907 de
491 4852 577 4907 sit.
628 4850 754 4908 οτι.
803 4867 922 4922 cap.
978 4852 1045 4919 9;
1096 4852 1298 4908 Euseb.
1327 4854 1417 4907 lib.
1471 4870 1527 4907 ιιι
1590 4853 1832 4926 Prwpar.

217 4947 423 5020 Evang.
467 4963 589 5019 cap.
628 4951 727 5017 15,
761 4966 880 5021 pag.
925 4947 1263 5014 ll7;Cicer.
1298 4947 1388 5001 lib.
1424 4964 1438 5002 ι
1492 4947 1623 5003 Ναί.
1672 4948 1828 5003 Deor.

215 5058 339 5117 pag.
371 5044 499 5105 207;
533 5043 686 5098 Tum.
720 5061 736 5099 1
776 5045 1024 5115 Apparal.
1060 5058 1178 5113 pag.
1205 5042 1347 5098 1090
1392 5054 1446 5097 ct
1473 5043 1677 5113 seqq.).

291 5137 552 5193 Romanis
599 5153 761 5208 porro
791 5137 1053 5192 Minucius
1094 5137 1224 5190 vitio
1264 5136 1586 5206 criminique
1629 5135 1826 5201 vertit,

216 5229 360 5302 quod
389 5244 493 5285 non
524 5229 699 5285 solum
741 5244 864 5284 cum
909 5228 1179 5300 [Egyptiis
1209 5227 1365 5297 Apim
1411 5227 1600 5282 bovem
1630 5225 1828 5281 adora-

217 5332 374 5388 rent,
401 5322 498 5379 sed
526 5338 589 5379 ea
625 5324 787 5378 etiam
830 5339 935 5377 non
975 5321 1464 5386 condemnassent,
1493 5334 1614 5389 quze
1654 5319 1730 5373 illi
1760 5318 1829 5372 de

218 5414 433 5483 bclluis,
462 5414 678 5482 avibus,
709 5416 1028 5482 crocodilis,
1061 5430 1125 5471 ac
1152 5415 1495 5486 serpentibus
1527 5415 1595 5467 ita
1625 5412 1830 5468 consti-

218 5518 465 5573 tuerant;
510 5517 569 5564 ut
594 5509 639 5564 si
668 5507 791 5578 quis
824 5508 1059 5579 aliquem
1098 5524 1163 5565 ex
1192 5509 1271 5564 eis
1300 5506 1620 5573 occidisset,
1652 5504 1828 5573 capite

218 5601 521 5673 puniretur.
545 5600 717 5671 Hujus
742 5602 892 5673 impii
919 5600 1295 5674 JEgyptiorttm
1329 5599 1495 5654 moris
1535 5599 1832 5667 scriptores

217 5710 380 5766 quam
411 5694 626 5763 plurimi
665 5696 995 5750 mentionem
1044 5693 1311 5751 fecerunt.
1344 5688 1616 5758 Quosdam
1648 5695 1828 5743 autem

217 5804 284 5853 ex
318 5800 517 5859 magno
540 5785 758 5845 illorum
796 5802 1025 5845 numero
1051 5794 1109 5844 ut
1134 5784 1443 5858 seligamus,
1471 5781 1678 5853 primus
1708 5795 1834 5852 pro-

2065 4701 2184 4759 Quis
2208 4700 2386 4759 nescit,
2411 4696 2579 4748 Volusi
2598 4697 2872 4759 Bithynice,
2896 4694 3060 4759 qualia
3081 4693 3291 4759 demens

2064 4758 2308 4832 @gyptus
2332 4758 2555 4832 portenta
2578 4758 2741 4832 colat?
2778 4758 3069 4832 Crocddilon
3082 4758 3262 4832 adorat

1962 4868 1965 4871 ,
2065 4818 2434 4883 Ρξιῖλέἰιίυρξὶὶιει
2467 4830 2615 4885 pavet
2639 4831 2849 4871 saturam
2871 4821 3191 4885 serpentibus
3214 4818 3321 4868 Ibin
3350 4831 3362 4864 :

2059 4889 2263 4955 Eﬂigics
2288 4890 2409 4938 sacri
2426 4884 2555 4936 nitet
2577 4896 2729 4934 aurea
2753 4884 3109 4945 cercopitheci,

2062 5015 2135 5065 Illi
2156 5013 2414 5072 caeruleos,
2439 5013 2519 5060 hic
2543 5011 2727 5072 piscem
2753 5007 2985 5067 ﬂutninls,
3010 5005 3109 5072 illic

2061 5079 2246 5141 Oppida
2271 5080 2370 5125 tota
2395 5066 2566 5123 canem
2594 5080 2908 5141 venerantur,
2936 5066 3081 5141 nemo
3103 5066 3322 5115 Dianam.

2059 5129 2266 5190 Parrum
2288 5146 2339 5185 et
2362 5148 2487 5197 eepe
2514 5146 2653 5197 nezas
2677 5132 2875 5197 violare,
2895 5143 2951 5179 ac
2974 5129 3204 5197 frangere
3229 5140 3414 5197 morsu.

2057 5201 2098 5252 Ο
2121 5210 2315 5252 sanctas
2331 5190 2532 5261 gentes,
2556 5196 2739 5256 quibus
2758 5190 2869 5242 bare
2888 5200 3153 5242 nascuntur
3174 5194 3221 5240 iu
3240 5190 3397 5241 hortis

2061 5263 2295 5314 Numina!

2621 5317 2843 5380 (Jovem,
2870 5318 2978 5367 Sat.
3004 5330 3089 5376 xv,
3105 5316 3241 5381 init.)

1937 5456 2142 5514 Similia
2174 5452 2411 5524 posthaec
2436 5465 2465 5504 a
2508 5446 2804 5504 Prudentio
2834 5445 3116 5502 decantata
3155 5448 3235 5503 sic
3265 5446 3495 5520 legimus
3521 5466 3535 5507 :

2062 5594 2316 5644 Venerem
2341 5588 2592 5650 precaris?
2615 5600 2932 5650 comprecare
2953 5594 3005 5639 et
3026 5585 3235 5638 simiam.

2062 5657 2238 5706 Placet
2261 5659 2483 5703 sacratus
2505 5651 2639 5713 aspis
2664 5650 2944 5714 Escnlapii?

2060 5716 2319 5777 Crocodili,
2342 5715 2455 5774 ibis,
2483 5721 2535 5763 et
2551 5712 2701 5763 canes
2724 5727 2813 5777 cur
2836 5712 3136 5776 displicent?

2062 5783 2271 5848 Appone
2298 5775 2419 5832 toris
2431 5777 2692 5841 religiosas
2714 5775 2898 5841 arulas,
