4242 6222
726 201 836 284 Sis

850 340 1109 391 Venet-are
1125 337 1359 390 acerbum
1372 345 1526 399 cepe,
1552 330 1759 399 mordax
1778 328 1966 379 allium.

791 386 1268 469 (pitid‘eiiifnghinb
1283 400 1332 451 in
1356 386 1525 448 Iton'or:
1549 392 1703 445 sancti
1723 398 1882 454 Rom,
1908 405 1952 441 υ.
1977 390 2088 440 236.
2110 393 2155 440 et
2167 386 2327 451 seqq.)

728 516 1067 583 Quapropter
1092 508 1293 564 Plinius
1320 506 1387 571 dc
1409 518 1542 573 cepe
1572 500 1711 559 hami
1739 498 2049 555 dubitanter
2077 496 2287 549 dixerat
2313 509 2327 549 :

732 606 976 673 tAllium
1023 616 1288 673 cepasque
1340 601 1477 669 inter
1503 596 1635 650 deos
1664 594 1715 648 in
1762 588 2117 663 jurejurando
2171 585 2334 653 habet

726 699 990 770 (Egyptus
1025 716 1044 749 ι
1082 695 1245 768 (Plin.
1276 693 1367 749 lib.
1395 707 1487 747 χιι
1524 687 1713 744 Natur.
1745 684 1881 743 Hist.
1914 698 1964 738 c.
1996 682 2058 746 6,
2091 695 2145 751 p.
2179 678 2330 770 595).

796 768 1000 846 Ciausas
1049 788 1207 857 hujus
1255 785 1495 840 ridicula:
1539 776 1937 849 venerationis,
1986 781 2041 829 et
2083 771 2256 826 cultus
2286 768 2334 823 si

726 885 990 956 requiras,
1044 878 1311 939 Plutarchi
1378 877 1557 931 verbis
1609 873 1857 928 dabimus
1910 886 1923 921 :
1976 875 2039 922 Οἱ
2091 870 2140 919 δὲ
2196 873 2335 934 ἱερεῖς

726 981 1050 1049 ἀφοσιοῦνται,
1087 976 1169 1029 καὶ
1198 976 1571 1041 δυσχερνίνυυσι,
1603 968 1686 1039 καὶ
1734 972 1794 1017 τὰ
1836 964 2073 1033 κρόμμυον
2118 977 2336 1029 παραρυ-

727 1078 994 1135 λίττονετςς,
1023 1074 1097 1124 ὅτι
1124 1082 1207 1129 τῆς
1233 1073 1425 1126 σελήνης
1460 1066 1704 1132 penatium
1736 1060 1897 1126 μόνον,
1931 1055 2168 1123 sin-597s?»
2192 1054 2332 1104 τοῦτο

731 1177 813 1237 καὶ
838 1166 1087 1225 τεθηλέναι
1111 1170 1326 1232 πέφυκεν.
1362 1167 1463 1215 ἔστι
1506 1161 1555 1209 8t
1595 1157 1849 1229 πρόσροραν
1889 1155 1992 1207 οὔτε
2032 1150 2330 1214 ἀγνεὺρυσιν,

734 1267 838 1315 οὔτε
869 1264 1184 1329 ἑορτάζουσιν·
1216 1260 1312 1314 τοῖς
1334 1263 1437 1316 μὲν,
1466 1257 1543 1306 ὅτι
1573 1254 1731 1319 arma,
1751 1250 1850 1307 τοῖς
1893 1249 1942 1298 δὲ
1964 1283 1980 1310 ,
2016 1248 2092 1299 ὅτι
2122 1244 2336 1309 δακρύειν

732 1357 866 1423 ποιεῖ
906 1360 1010 1416 τοὺς
1040 1357 1456 1424 προσςυερομένους.
1496 1363 1515 1396 ι
1542 1341 1866 1399 Sacerdotes
1892 1344 2210 1393 aversantur
2248 1347 2337 1395 ce-

734 1463 858 1518 pum
887 1455 940 1500 et
982 1454 1213 1511 cavent,
1243 1443 1370 1514 quia
1399 1440 1515 1495 haec
1552 1438 1666 1493 sola
1698 1436 1906 1506 planta,
1942 1432 2066 1491 luna
2114 1428 2334 1485 decres-

731 1549 910 1606 cente,
942 1539 1140 1610 vigere,
1174 1548 1227 1593 et
1255 1549 1453 1606 augere
1483 1531 1655 1597 solet;
1701 1537 1756 1584 et
1810 1541 1943 1596 cepe
1987 1536 2116 1579 usus
2164 1531 2340 1588 neque

733 1632 1104 1685 castimoniam
1136 1628 1512 1693 exercentibus
1540 1622 1857 1689 commodus
1884 1626 1985 1683 est,
2015 1629 2195 1691 neque
2218 1612 2339 1667 dies

2050 208 2140 267 DE
2179 196 2438 267 MINUCII
2475 200 2777 263 OCTAVIO

2359 328 2408 386 A
2440 325 2568 378 tanti
2620 320 2864 393 propudii
2910 325 3058 375 certo
3096 328 3357 374 accusare
3388 326 3493 369 non
3524 311 3756 367 audeat:
3796 329 3813 361 ι
3852 310 3974 376 Alii,
4004 332 4021 364 ι

3928 193 4036 254 516

2436 417 2624 487 inquit,
2639 436 2656 468 t
2671 431 2765 471 eos
2787 415 2966 469 ferunt
2988 413 3153 481 ipsius
3175 394 3426 465 antistitis
3447 421 3512 462 ac
3537 406 3833 461 sacerdotis
3853 405 4035 462 colere

2433 509 2683 581 genitalia
2707 549 2720 571 ,
2751 515 2806 562 et
2830 506 2979 576 quasi
3011 504 3248 575 parentis
3274 502 3503 555 adorare
3533 510 3799 554 naturam.
3839 517 3858 549 ι
3894 497 4033 553 Nihil

2436 616 2565 656 sane
2596 600 2694 653 hac
2719 598 2987 654 calumnia
3017 594 3240 657 futilius,
3273 593 3557 662 minusque
3585 592 3810 646 veritate
3842 589 4027 646 funda-

2438 703 2571 748 tum.
2601 692 2859 768 Factitata
2888 699 3067 743 autem
3099 703 3127 741 a
3154 686 3370 743 Czrcilio
3397 684 3628 751 dicitur,
3660 699 3768 738 non
3805 683 3873 736 ab
3917 698 4034 738 om-

2438 785 2616 849 nibus,
2651 782 2745 839 sed
2782 798 2813 836 a
2841 779 3159 852 quibusdam
3190 787 3429 843 tantum,
3461 777 3586 846 qui,
3633 775 3774 845 quod
3807 789 3914 829 non
3946 790 4039 830 au-

2437 879 2637 935 debant
2666 889 3001 947 asseverare,
3034 871 3162 927 illud
3194 871 3328 927 falso
3359 884 3578 925 rumore
3600 868 3968 924 venditabant.

2510 969 2764 1024 Octavius
2793 968 2974 1036 itaque
3012 966 3115 1021 hoc
3156 965 3315 1034 plane
3343 962 3587 1017 ﬁctilium
3615 963 3851 1028 crimen,
3885 961 4041 1015 Chri-

2440 1062 2627 1118 stianis
2694 1058 3026 1129 iniquissime
3094 1057 3371 1119 inustum,
3439 1054 3681 1124 duplici,
3733 1054 3809 1107 uti
3863 1053 4035 1121 solet,

2440 1156 2792 1223 reSponsione
2826 1152 2998 1207 diluit.
3041 1149 3208 1221 Negat
3251 1150 3451 1219 quippe
3494 1148 3665 1216 primo
3697 1145 3750 1200 id
3783 1161 4037 1215 umquam

2441 1250 2508 1305 ab
2549 1248 2652 1303 illis
2690 1246 2927 1311 factum;
2959 1245 3056 1301 sed
3101 1243 3380 1299 ridiculam
3429 1241 3700 1305 fabulam,
3734 1255 4043 1311 moramque

2442 1339 2763 1395 calumniam
2790 1352 2911 1393 esse
2935 1345 3290 1391 eoutestatur.
3334 1332 3533 1389 Deinde
3564 1333 3655 1387 ille
3695 1334 3892 1388 asserit
3926 1333 4045 1387 eth-

2442 1431 2591 1487 nicos
2624 1431 2779 1499 longe
2806 1428 3133 1500 turpioribus
3153 1467 3169 1490 ,
3190 1441 3327 1496 quas
3353 1438 3454 1481 nec
3482 1424 3760 1479 nominare
3779 1464 3796 1491 ,
3824 1438 3927 1479 nec
3952 1439 4048 1491 au-

2442 1524 2559 1579 dire
2600 1526 2763 1577 castis
2804 1521 3024 1574 auribus
3051 1518 3131 1573 fas
3185 1526 3336 1582 erat,
3377 1502 3801 1575 obscenitatilins
3833 1515 4043 1571 fmdari.

2442 1616 2547 1673 Sed
2578 1617 2694 1671 haec
2729 1614 2943 1685 quidem
2975 1622 3190 1682 praestat
3222 1611 3364 1665 illius
3396 1612 3603 1678 potius,
3632 1624 3793 1683 quam
3840 1609 4049 1665 nostris

741 1724 912 1780 festos
941 1722 1379 1785 celebrantibus;
1408 1718 1626 1782 alteris,
1661 1716 1788 1785 quia
1817 1712 1961 1767 sitim
1992 1719 2174 1772 creat;
2199 1706 2335 1761 alte«
2370 1722 2419 1783 Β
2446 1711 2623 1767 verbis
2650 1708 2920 1765 enuntiari
2948 1723 2960 1760 :
3001 1724 3019 1757 ‹
3067 1704 3167 1772 Qui
3199 1705 3267 1761 de
3293 1703 3531 1759 adoratis
3551 1744 3567 1770 ,
3607 1703 3719 1768 ait,
3753 1700 4050 1758 sacerdotis

724 1820 829 1882 ris,
861 1816 985 1886 quia
1035 1815 1301 1885 lacrytuas
1341 1812 1487 1866 elicit
1521 1829 1540 1862 ι
1577 1806 1872 1884 (Plutarch.
1907 1805 1998 1861 lib.
2032 1803 2094 1867 de
2131 1798 2265 1863 Isid.
2299 1806 2345 1853 et

738 1909 873 1965 Osir.
910 1923 1028 1979 pag.
1074 1908 1180 1973 855
1211 1908 1249 1976 ).
1304 1905 1543 1967 Priorem
1588 1901 1745 1956 istam
1788 1911 2005 1959 causam
2037 1909 2104 1957 ex
2151 1891 2344 1949 eodem

737 2001 1027 2060 Plutarcho
1056 1999 1238 2054 retulit
1288 1997 1506 2066 quidem
1538 1997 1603 2057 Δ.
1647 1991 1875 2055 Gellius,
1934 1987 2029 2052 sed
2066 1986 2119 2040 id
2166 1999 2347 2041 sacer-

739 2092 894 2149 dotes
924 2090 1205 2162 Aigyptios
1232 2089 1299 2144 de
1327 2087 1613 2153 PelusiO'is
1642 2083 1844 2140 dixisse
1872 2085 2146 2147 asseverat
2177 2076 2341 2148 (Gell.

741 2190 839 2247 lib.
867 2205 934 2243 xx
988 2185 1147 2240 Noct.
1194 2185 1321 2238 Atti.
1352 2198 1473 2253 cap.
1529 2179 1610 2251 8).
1651 2177 1761 2233 Nec
1802 2174 2073 2245 imtnerito
2125 2181 2343 2238 prorsus

731 2287 877 2357 jure.
912 2282 1122 2337 Etenim
1156 2280 1425 2359 Lucianus
1450 2276 1615 2343 hosce
1640 2272 1939 2345 Pelusiotas
1966 2266 2090 2324 huic
2115 2263 2342 2343 ridiculo

736 2356 1075 2446 absurdoque
1126 2356 1327 2431 cultui,
1386 2370 1522 2422 sicut
1575 2373 1630 2419 et
1696 2362 1833 2417 alios
1882 2358 2039 2414 alteri
2104 2356 2348 2411 addictos

733 2590 847 2626 ταις
899 2569 947 2617 δὲ
987 2564 1247 2631 κρόμμυον,
1298 2559 1381 2610 καὶ
1437 2560 1598 2613 ἄλλοις
1642 2557 1774 2616 ἴϐις,
1819 2555 1848 2609 ἣ
1896 2549 2210 2617 κροκόδειλος,
2263 2546 2348 2594 καὶ

737 2670 900 2720 ἄλλοις
928 2661 1255 2723 κυνοκέφαλος,
1280 2657 1309 2713 ἣ
1340 2656 1579 2717 ratione“,
1613 2652 1643 2705 ἣ
1694 2650 1912 2704 «tangor.
1964 2658 1982 2691 ι
2036 2634 2349 2705 Μειιιρὶιὶιίε

737 2754 953 2825 quidem
982 2752 1078 2805 bos
1107 2749 1244 2803 Deus
1272 2753 1372 2808 est,
1406 2737 1692 2797 Pelusiotis
1724 2752 1852 2790 vero
1884 2748 2039 2802 cepe,
2083 2729 2194 2801 jam
2227 2727 2350 2787 aliis

740 2821 971 2913 ciconia,
1001 2852 1096 2900 aut
1122 2838 1446 2899 crocodilus,
1477 2835 1597 2909 aliis
1622 2826 2043 2903 cynocephalus,
2065 2832 2159 2880 aut
2186 2821 2345 2885 feles,

738 2952 831 2997 aut
856 2911 1012 2995 simia
1049 2956 1068 2989 ι
1093 2932 1340 3007 (Lucian.
1380 2927 1585 2996 Dialog.
1614 2923 1782 2992 Jupit.
1814 2918 2057 2991 Tragmd.
2089 2930 2211 2987 pag.
2244 2911 2350 2971 699

740 3048 796 3093 et
828 3049 980 3104 seqq.
1012 3034 1056 3101 ).
1110 3027 1373 3097 Quocirca
1404 3024 1763 3091 Hieronymus
1797 3033 1809 3069 :
1841 3032 1861 3067 t
1890 3011 2132 3104 lmpelle,
2157 3007 2349 3077 inquit,

2448 1803 2691 1859 virilibus
2712 1801 2970 1857 adversus
2994 1814 3093 1853 nos
3120 1797 3416 1862 fabulatur,
3467 1804 3639 1850 tentat
3686 1796 3736 1849 in
3771 1809 3883 1850 .nos
3921 1808 4054 1849 con-

2450 1894 2592 1953 ferre
2646 1910 2766 1965 quae
2810 1908 2905 1947 sua
2947 1900 3093 1947 sunt.
3128 1890 3234 1946 Ista
3277 1890 3419 1945 enim
3476 1887 3820 1956 impudicitiae
3864 1900 4051 1940 eorum

2453 1989 2673 2049 forsitan
2703 2000 2852 2042 sacra
2881 1988 3014 2050 sint,
3045 1983 3188 2055 apud
3228 1999 3364 2055 quos
3392 1996 3554 2037 sexus
3587 1980 3764 2036 tnnnis
3792 1980 4053 2034 membris

2450 2081 2702 2139 omnibus
2731 2089 2966 2151 prostat,
3003 2078 3143 2149 apud
3171 2091 3307 2148 quos
3338 2085 3448 2131 tota
3476 2073 3805 2145 impudicitia
3833 2083 4056 2128 vocatur

2453 2179 2726 2235 urbanitas
2760 2195 2772 2230 :
2803 2177 2891 2246 qui
2923 2187 3228 2232 scortorum
3255 2173 3487 2229 licentiae
3516 2170 3775 2230 invident,
3801 2171 3892 2238 qui
3932 2181 4056 2221 me-

2451 2274 2570 2330 dios
2600 2274 2741 2328 viros
2780 2273 3054 2335 lambunt,
3088 2269 3379 2326 libidinoso
3406 2282 3499 2322 ore
3528 2263 3836 2335 inguinibus
3880 2262 4061 2318 inhm-

2452 2375 2697 2431 rescnnt,
2730 2367 2977 2422 homines
3022 2365 3175 2419 malm
3227 2365 3455 2433 linguae,
3503 2358 3717 2415 etiamsi
3768 2364 4058 2421 tacerent;

2452 2478 2590 2533 quos
2635 2463 2780 2531 prius
2831 2460 3073 2515 tazdescit
3121 2457 3508 2528 impudicitiae,
3561 2468 3722 2523 quam
3787 2450 4061 2522 pudescit.

2452 2556 2596 2610 Proh
2638 2554 2824 2609 nefas!
2857 2553 2914 2622 Id
2960 2553 3102 2607 inse
3157 2550 3377 2621 pessimi
3425 2547 3676 2602 facinoris
3726 2544 4061 2611 admittunt,

2452 2647 2593 2719 quod
2635 2662 2735 2703 nec
2759 2656 2890 2700 aetas
2920 2654 3094 2715 potest
3122 2646 3226 2714 pati
3257 2641 3472 2698 mollior
3492 2683 3506 2707 ,
3538 2656 3638 2695 nec
3666 2640 3783 2709 cogi
3823 2638 4065 2693 servitus

2453 2740 2656 2796 durior.
2704 2739 2830 2794 Huic
2859 2748 2913 2794 et
2942 2736 3252 2809 hujnsmodi
3296 2734 3560 2805 propudia
3593 2732 3750 2787 nobis
3780 2745 3885 2785 non
3929 2728 4065 2785 licet

2456 2848 2554 2889 nec
2592 2832 2796 2895 audire,
2853 2833 3013 2887 etiam
3067 2831 3309 2900 pluribus
3356 2840 3510 2892 turpe
3556 2824 3846 2880 defendere
3891 2832 3995 2878 est.
4038 2840 4061 2874 s

2453 2920 2707 2989 Quamvis
2744 2918 2940 2974 dixerit
2970 2916 3123 2973 nefas
3163 2930 3283 2971 esse
3328 2913 3442 2969 hanc
3475 2911 3781 2982 turpissima
3813 2908 4067 2965 ethnico-

2453 3030 2570 3069 rum
2598 3012 2796 3083 ﬂagitia
2826 3012 3022 3067 clarius
3038 3010 3317 3080 explicari,
3336 3023 3434 3063 nec
3460 3014 3552 3060 aut
3574 3005 3641 3060 ab
3669 3004 3779 3059 ullo
3799 3002 4069 3058 Christia-

740 3132 783 3186 si
816 3095 987 3199 potes,
1014 3095 1363 3194 i’clttsiotcm,
1394 3126 1452 3173 ut
1480 3112 1769 3171 manducet
1792 3123 1925 3179 cepe
1957 3125 1975 3157 ι
2008 3103 2344 3178 (llieronym.

2458 3121 2531 3161 no
2559 3104 2755 3170 audiri,
2785 3112 2877 3158 aut
2902 3104 2969 3161 ab
2996 3104 3103 3159 alio
3130 3102 3372 3172 quolibet
3407 3097 3628 3153 homine
3656 3095 3905 3159 defendi;
3942 3110 4061 3150 non

740 3225 857 3279 adu.
885 3220 1057 3276 Jovin.
1091 3232 1210 3287 pag.
1240 3212 1355 3282 59).

813 3315 954 3373 Alibi
978 3328 1107 3367 vero
1135 3309 1275 3365 idem
1310 3305 1691 3373 Hieronymus,
1723 3305 1830 3353 tam
1859 3294 1927 3375 de
1948 3290 2138 3347 eodem
2166 3300 2299 3357 cepe
2327 3323 2344 3350 ,

742 3426 903 3485 quam
927 3410 997 3463 de
1023 3403 1233 3474 crepitu
1264 3397 1500 3463 ventris,
1538 3407 1699 3463 quem
1741 3385 1980 3446 secundo
2008 3385 2125 3438 loco
2157 3386 2347 3485 auctor

745 3470 928 3560 uoster
957 3470 1241 3560 memorat,
1285 3493 1364 3547 sic
1412 3486 1645 3557 loquitur
1693 3502 1707 3538 :
1764 3501 1782 3532 ι
1834 3481 2099 3547 Pleraque
2150 3470 2347 3543 Oppida

743 3613 965 3660 eorum,
1008 3586 1385 3661 Egyptinrum
1414 3624 1429 3649 ,
1458 3596 1526 3637 ex
1577 3577 1878 3635 bestiis.....
1925 3580 1983 3640 ut
2030 3582 2233 3624 taceam
2279 3564 2349 3619 de

743 3658 1131 3748 formidolosa,
1160 3658 1236 3735 et
1281 3673 1526 3732 horribili
1581 3684 1748 3740 cepe,
1789 3675 1847 3739 et
1893 3663 2100 3733 crepitu
2145 3658 2349 3715 ventris

744 3785 935 3847 inﬂati,
963 3792 1084 3849 quae
1107 3772 1388 3831 Pelusiaca
1421 3767 1608 3837 religio
1632 3771 1717 3819 est
1751 3779 1770 3814 ι
1796 3759 1968 3829 (Idem
2001 3757 2055 3810 in
2082 3768 2199 3823 cap.
2220 3765 2350 3807 XLVI

745 3879 867 3937 Esai
911 3874 953 3947 ).
986 3847 1331 3939 ’Suﬂragatur
1403 3861 1732 3930 Hieronymo
1798 3847 2347 3947 Pseudo-Clemens,

745 3973 834 4043 qui
860 3939 929 4025 de
956 3967 1061 4029 his,
1093 3975 1255 4032 atque
1283 3956 1401 4012 aliis
1420 3999 1435 4025 ,
1466 3955 1533 4010 de
1560 3950 1754 4023 quibus
1782 3956 1970 4002 auctor
2001 3953 2187 3998 noster
2231 3939 2347 3994 dis-

745 4034 898 4127 serit,
934 4059 1121 4115 isthtec
1171 4053 1296 4110 fecit
1324 4048 1487 4109 verba
1514 4064 1527 4101 :
1556 4064 1574 4096 ι
1607 4040 1981 4113 Egyptiorunt
2010 4034 2101 4090 alii
2135 4037 2346 4095 bovem,

744 4162 835 4232 qui
867 4157 996 4226 Apis
1030 4151 1262 4208 dicitur,
1304 4139 1594 4200 colendum
1625 4134 1897 4191 tradidere
1917 4172 1930 4197 ,
1972 4128 2062 4184 alii
2105 4127 2311 4227 hircum
2331 4164 2348 4191 ,

743 4218 832 4307 alii
862 4218 1070 4320 gattas,
1105 4237 1348 4297 nonnulli
1378 4234 1508 4291 ibim
1530 4272 1547 4298 ,
1586 4228 1806 4300 quidam
1846 4232 2153 4291 serpentem
2179 4260 2194 4283 ,
2237 4218 2349 4287 pis-

744 4312 1104 4410 cequuoqne
1128 4342 1186 4388 et
1209 4343 1392 4400 cepas,
1422 4336 1477 4381 et
1504 4320 1709 4378 ventris
1734 4316 1993 4386 crepitus,
2028 4324 2078 4368 et
2101 4312 2343 4375 cloacas,

748 4447 803 4493 ct
829 4405 1110 4489 brutorum
1136 4421 1491 4480 animantium
1519 4414 1780 4477 membra,
1815 4419 1865 4465 et
1899 4408 2048 4471 mille
2073 4406 2193 4460 aliis
2221 4405 2351 4461 sub-

2458 3198 2635 3252 minus
2668 3206 2844 3251 tamen
2878 3209 3033 3259 vera,
3065 3194 3385 3263 cunctisque
3413 3191 3688 3258 explorata
3711 3198 3886 3244 erant.
3918 3186 4069 3243 Nam

2449 3300 2647 3363 printer
2692 3290 2847 3343 varia
2878 3297 3160 3357 poetarum
3202 3287 3570 3355 aliorumque,
3602 3292 3763 3353 atque
3793 3283 4076 3352 imprimis

2451 3384 2709 3439 Martialis
2757 3384 2823 3439 de
2865 3384 2931 3439 iis
2959 3382 3267 3437 testimonia
3287 3422 3300 3447 ,
3345 3378 3717 3437 sanctissimus
3744 3392 3879 3433 sane
3908 3378 4075 3446 Apo-

2452 3480 2626 3536 stolus
2654 3482 2707 3535 in
2746 3495 2842 3535 sua
2870 3480 2983 3536 sola
3010 3478 3078 3533 ad
3099 3478 3374 3533 Romanos
3404 3473 3640 3545 Epistola
3672 3481 3823 3527 tanto
3856 3471 4074 3542 potiori

2445 3573 2570 3643 jure
2600 3573 2886 3637 nonnulla,
2942 3585 3112 3641 eaque
3149 3567 3486 3639 gravissima,
3516 3564 3821 3621 Gentilibus
3866 3578 4085 3631 expro-

2452 3666 2665 3734 bravit,
2698 3677 2901 3735 quanto
2940 3664 3151 3719 veriora
3198 3677 3319 3717 esse
3359 3669 3510 3716 certo
3560 3659 3764 3714 certius
3812 3666 4079 3713 noverat.

2455 3757 2541 3829 (S.
2565 3756 2746 3821 Paul.,
2766 3755 2934 3827 Epist.
2954 3754 3022 3808 ad
3042 3753 3192 3809 Rom.
3218 3758 3335 3823 cap.
3362 3767 3399 3816 ι,
3424 3768 3554 3807 vers.
3591 3749 3659 3805 16
3684 3760 3733 3804 et
3747 3746 3919 3818 seqq.)
3950 3820 3957 3825 θ

2525 3852 2690 3906 Recte
2746 3850 2905 3921 igitur
2944 3859 3131 3904 auctor
3174 3855 3359 3902 noster
3400 3845 3740 3900 ethnicorum
3770 3855 4091 3911 argumen-

2452 3953 2563 4000 tum
2596 3946 2647 3999 in
2692 3959 2789 4000 eos
2827 3953 3120 4013 retorquet.
3165 3941 3355 3997 Nullus
3384 3939 3649 4009 siquidem
3680 3938 3916 4008 probare
3945 3952 4095 3991 utn—

2453 4051 2615 4106 quam
2642 4036 2811 4106 potuit
2839 4034 3181 4090 Christianos
3212 4034 3345 4087 tanti
3373 4032 3622 4099 sceleris,
3649 4029 3716 4084 de
3742 4044 3854 4099 quo
3886 4030 4100 4100 suspi-

2453 4131 2750 4196 cabantur,
2803 4128 2968 4183 fuisse
3015 4143 3161 4182 rens.
3211 4125 3349 4194 Quin
3410 4126 3574 4179 immo
3620 4132 3729 4177 tam
3776 4122 4098 4178 ridiculam

2455 4222 2815 4291 suspicionem
2856 4221 3154 4290 piissimum
3197 4220 3407 4273 illorum
3440 4216 3652 4271 vivendi
3689 4230 3861 4285 genus
3906 4216 4107 4284 plano

2453 4316 2776 4387 penitusque
2815 4314 3147 4369 removebat.
3197 4313 3400 4367 Contra
3446 4326 3576 4365 vero
3618 4308 3866 4365 Gentiles
3899 4307 4104 4377 hujus

2457 4408 2801 4477 aliorumque
2828 4406 3005 4461 adhuc
3030 4406 3293 4475 majorum
3334 4403 3600 4458 scelerum
3632 4417 3663 4455 a
3692 4401 3827 4467 suis,
3858 4410 3918 4455 ut
3943 4400 4109 4456 dic-

745 4529 996 4583 diderunt
1040 4515 1398 4576 odiosissimis
1445 4506 1863 4580 turpitudinibus
1902 4522 1920 4555 ι
1951 4497 2349 4571 (Pseudo-Cle.
2375 4501 2431 4563 Β
2457 4508 2568 4554 tum
2597 4508 2700 4565 est,
2730 4499 3063 4563 auctoribus,
3098 4499 3327 4568 aliisque
3353 4497 3612 4562 testibus,
3640 4495 3786 4549 omni
3816 4493 3920 4548 fide
3941 4508 4107 4548 ma-

748 4621 844 4676 lib.
875 4633 909 4672 v
942 4612 1203 4685 Rccognit.
1238 4606 1365 4680 §20
1387 4646 1401 4670 ,
1446 4618 1572 4676 pag.
1618 4598 1725 4655 466
1752 4600 1792 4669 ).
1839 4594 2049 4673 Similia
2095 4587 2356 4663 illealibi

746 4721 1042 4775 memorat,
1085 4684 1244 4779 quem
1285 4704 1330 4758 si
1360 4709 1514 4755 vacat
1542 4696 1690 4751 adire
1719 4693 1922 4764 poteris
1950 4688 2143 4758 (idem,
2194 4684 2352 4739 Hom.

748 4812 835 4871 i0.
861 4823 983 4881 pag.
1017 4777 1167 4869 65⁸7).
1198 4797 1334 4869 Quid
1365 4808 1494 4867 ergo
1525 4788 1810 4865 dicendum
1839 4785 1907 4840 de
1937 4781 2233 4869 Romanis,
2262 4777 2354 4881 qui

745 4871 965 4959 insanos
995 4898 1112 4953 illos
1141 4894 1312 4956 ritus,
1359 4889 1434 4955 uti
1481 4884 1752 4948 diximus,
1796 4886 1887 4932 aut
1930 4890 2035 4931 non
2085 4871 2359 4941 improba-

746 4999 908 5062 bant,
939 5002 1030 5058 aut
1058 4986 1425 5057 sectabantur,
1453 4978 1721 5051 patienter
1743 4984 1922 5028 tamen
1959 4968 2200 5047 ferebant
2229 4967 2353 5020 illos

749 5110 776 5147 a
809 5088 985 5163 poetis
1030 5079 1302 5165 derideri?

1345 5179 1648 5224 ARTICULUS
1685 5176 1759 5217 IV.

750 5275 963 5330 Falsum
995 5285 1101 5324 esse
1125 5283 1158 5319 a
1181 5260 1491 5320 Christianis
1517 5255 1728 5311 adorari
1753 5252 2030 5308 sacerdotis
2058 5248 2267 5314 virilia;
2299 5262 2360 5300 ac

820 5365 1050 5422 ethnicos
1082 5358 1371 5428 turpiorttm
1397 5351 1712 5424 ﬂagitiorum
1752 5344 2003 5408 convinci,
2032 5352 2078 5397 et
2107 5356 2221 5427 quq:
2247 5342 2359 5412 fite-

820 5462 887 5514 rit
925 5426 1234 5522 turpissima:
1272 5448 1417 5504 illius
1454 5430 1804 5499 uenerationis
1833 5430 2155 5491 Christianos
2194 5418 2352 5487 Parcu-

818 5549 973 5606 sandi
1002 5544 1222 5600 occasio.

814 5637 975 5699 Aliud
1000 5635 1173 5703 adhuc
1200 5633 1409 5707 facinus
1439 5625 1622 5705 ﬂagitii
1649 5640 1781 5683 sane
1813 5619 2207 5703 dedecorisque
2237 5616 2353 5688 ple-

731 5752 883 5809 num,
936 5730 1003 5781 ita
1030 5706 1371 5803 Christianis
1400 5720 1648 5783 Caecilius
1678 5717 1897 5791 objicit,
1930 5725 1988 5772 ut
2018 5715 2141 5771 illos
2172 5722 2351 5768 tamen

2451 4594 2683 4663 joribus,
2716 4601 2863 4647 certe
2895 4592 3376 4646 convincebautur.

2533 4687 2748 4751 Verum,
2782 4687 3017 4751 tametsi,
3048 4686 3251 4755 inquiet
3278 4684 3493 4753 aliquis.
3521 4697 3553 4737 a
3578 4682 3807 4737 veritate
3834 4681 4111 4736 omnino

2458 4780 2797 4836 abhorruerit
2823 4779 2999 4832 virilia
3049 4776 3347 4832 sacerdotis
3375 4794 3403 4827 a
3433 4774 3759 4830 Christianis
3803 4773 4048 4830 adorari
4090 4795 4119 4843 ;

2460 4872 2720 4928 credibile
2751 4880 2928 4926 tamen
2985 4888 3091 4925 non
3125 4881 3208 4926 est
3256 4869 3527 4938 publicum
3558 4868 3627 4924 de
3670 4868 3940 4924 horrendo
3972 4870 4127 4925 illo

2460 4967 2686 5021 crimine
2706 5006 2722 5032 ,
2749 4965 2850 5019 nisi
2877 4964 2998 5019 data
3025 4964 3213 5018 saltem
3240 4962 3523 5017 occasione
3549 4961 3725 5030 aliqua
3750 5002 3766 5027 ,
3810 4975 4125 5030 sparsum

2462 5062 2624 5116 fuisse
2648 5074 2940 5115 rumorem.
2972 5058 3102 5125 Quae
3127 5057 3287 5128 igitur
3315 5056 3401 5109 illa
3431 5056 3591 5110 fuerit
3626 5056 3843 5109 occasio
3870 5096 3886 5119 ,
3916 5056 4137 5123 quis-

2462 5154 2585 5224 quis
2615 5154 2755 5208 scire
2780 5152 2959 5207 avehit
2992 5193 3006 5216 ,
3044 5150 3168 5205 huic
3211 5148 3660 5218 respondebimus
3687 5146 4078 5204 Christianos
4110 5194 4137 5219 ,

2462 5250 2550 5319 qui
2590 5247 2862 5318 prioribus
2905 5244 3165 5301 Ecclesia)
3198 5243 3407 5298 saeculis
3439 5242 3701 5312 publicam
3742 5239 4139 5299 delictorum

2460 5357 2679 5397 suorum
2726 5339 3126 5408 criminumque
3169 5337 3476 5405 graviorum
3524 5332 3896 5403 ptenitentiam
3939 5348 4151 5407 age.

2460 5433 2624 5497 bant,
2656 5440 2805 5486 extra
2851 5431 2994 5484 fores
3038 5429 3309 5499 limenque
3354 5426 3614 5482 Ecclesia:
3662 5424 3731 5480 ad
3776 5424 4077 5483 omnium
4116 5473 4143 5497 ,

2460 5525 2758 5596 praesertim
2788 5521 3129 5577 sacerdotum
3156 5563 3171 5585 ,
3218 5535 3342 5576 sese
3378 5517 3740 5589 prostravisse
3770 5515 3944 5585 pedes
3986 5558 4011 5582 ,
4058 5532 4159 5582 ιιι

2458 5618 2670 5673 illorum
2719 5614 2930 5669 veniam
2983 5614 3272 5682 impetrare
3330 5608 3876 5681 possent.,Gentiles
3942 5623 4161 5671 vero

2458 5724 2580 5765 cum
2618 5708 2669 5762 id
2696 5721 2829 5777 vaga
2861 5706 3172 5775 incertaque
3198 5704 3340 5760 fama
3364 5701 3728 5773 excepissent,
3757 5698 3883 5756 inde
3909 5698 4171 5768 fabr“
