4264 6258
309 260 415 320 517

1716 261 2186 322 DISSERTATIO.

3513 267 3620 325 518

316 377 420 429 tam
449 373 799 428 confecerunt
823 369 893 425 ab
919 369 999 428 cis
1025 369 1322 426 sacerdotis
1345 372 1521 427 virilia
1561 373 1799 430 adorari.
1837 377 1910 431 De
1937 380 1987 441 Α
2014 379 2156 447 guit,
2208 377 2484 433 nocturnis
2514 378 2719 434 scilicet
2760 381 3264 451 congregationibus
3305 392 3362 439 et
3403 384 3622 456 jt'jztttiis

315 464 683 535 hujuscemodi
714 467 858 517 enim
886 464 1301 534 paenitentibus,
1335 465 1401 519 de
1428 468 1620 536 quibus
1648 484 1745 523 nos
1786 470 1913 522 alibi

315 560 507 623 fusius,
539 559 653 613 haec
678 572 789 628 pra)
819 559 1031 611 caeteris
1072 558 1260 612 scribit
1300 558 1657 613 'l‘ertullianus
1690 578 1700 613 :
1742 578 1760 611 ‹
1805 560 1914 614 Ex-

315 653 680 725 homologesis
714 652 1086 722 prosternendi
1136 663 1185 706 et
1239 652 1626 708 humililicandi
1680 654 1914 710 hominis

316 746 595 817 disciplina
642 756 842 800 est.....
891 743 1216 814 Plerumque
1256 745 1474 815 jejuuiis
1504 762 1691 816 preces
1722 747 1911 814 alere,

316 840 697 911 ingemiscere,
733 839 1038 911 lacrymari,
1067 849 1119 894 et
1144 842 1350 911 mugire
1376 841 1493 896 dies
1530 851 1824 913 noctesque
1850 843 1919 898 ad

318 937 603 1013 Dominum
635 935 803 990 Deum
832 949 987 988 suum
1009 975 1025 1000 ,
1067 935 1399 1007 presbyteris
1427 935 1659 1002 advolvi,
1697 946 1752 992 et
1780 938 1920 992 caris
1984 930 1999 945 ’

317 1028 411 1084 Dei
456 1026 850 1098 adgeniculari,
898 1025 1149 1080 omnibus
1195 1025 1450 1081 fratribus
1496 1028 1792 1096 legationes
1820 1027 1918 1083 de-

317 1119 644 1193 precationis
670 1133 782 1195 sua:
821 1118 1101 1195 injungere
1134 1116 1473 1190 (l‘ertullian.
1509 1119 1599 1174 lib.
1633 1118 1696 1174 de
1732 1118 1918 1189 Paruit.

318 1228 441 1284 cap.
463 1216 517 1278 b,
551 1227 670 1282 pag.
706 1210 851 1282 146).
896 1230 914 1263 ›
963 1211 1193 1265 Rursum
1224 1226 1354 1265 vero
1390 1211 1499 1278 ille,
1535 1214 1745 1267 tametsi
1776 1212 1924 1268 Mon-

322 1308 533 1362 tanistaa
568 1306 842 1362 erroribus
883 1315 1010 1361 tunc
1037 1304 1378 1376 implicatus,
1409 1309 1477 1363 ab
1507 1322 1631 1363 vera
1668 1307 1923 1363 Ecclesiae

320 1397 565 1453 doctrina
605 1396 896 1452 defecisset
926 1414 938 1449 :
976 1414 997 1447 ε
1030 1397 1096 1451 Ει
1128 1408 1179 1451 te
1204 1399 1474 1468 quidem.)
1500 1399 1690 1469 inquit,
1716 1400 1924 1470 «νωιιὶ-

321 1493 540 1549 tentiam
571 1490 770 1547 moechi
795 1491 861 1547 ad
879 1491 1210 1547 exorandam
1242 1491 1634 1550 fraternitatem
1664 1495 1713 1547 in
1732 1495 1925 1553 Eccle-

321 1590 455 1646 siam
505 1588 800 1652 inducens,
850 1588 1194 1643 conciliatum
1224 1599 1279 1645 et
1318 1589 1723 1645 concineratum
1748 1632 1761 1654 ,
1799 1605 1922 1645 cum

322 1684 587 1740 dedecore
624 1691 680 1738 et
718 1682 942 1745 horrore
982 1683 1336 1753 compositum
1382 1684 1679 1757 prosternis
1716 1684 1768 1738 in
1811 1699 1930 1739 me-

2024 470 2352 525 soletiitiibUs
2377 513 2391 537 ,
2429 490 2447 523 ‹
2481 488 2582 526 non
2612 487 2765 528 sacro
2806 475 3069 543 quodam,
3118 478 3212 531 sed
3259 477 3467 546 piaculo
3526 481 3622 535 fa:-

2022 560 2222 617 dcrari.
2264 583 2281 615 ι
2315 563 2421 618 Scd
2452 564 2695 619 lubenter
2739 566 2813 620 illi
2850 565 3158 623 fatebantur
3198 579 3304 623 tam
3350 586 3536 625 verum
3568 572 3621 626 id

2021 668 2175 717 esse,
2229 672 2385 725 quam
2442 655 2635 711 falsum
2680 667 2829 725 erat,
2879 660 2929 713 in
2980 661 3045 713 iis
3102 662 3428 732 synaxibus,
3491 679 3626 734 quas

2023 751 2255 814 solemni,
2289 760 2346 805 ut
2377 751 2454 805 ait
2480 752 2752 818 Caecilius,
2785 755 2868 807 die
2912 769 3071 824 agerc
3097 757 3376 820 solebant,
3427 759 3624 826 aliquid

2024 842 2125 893 nisi
2158 844 2554 898 sanctiSsimum
2583 845 2781 914 peragi.
2815 845 2881 900 Et
2929 847 2978 900 id
3028 856 3175 901 certe
3220 848 3627 909 evidentissime

2025 933 2150 988 inde
2192 936 2474 1004 probatur,
2532 938 2678 1007 quod
2721 938 2789 993 de
2840 939 2947 994 illis
2999 955 3066 995 ex
3116 938 3314 996 Justini
3369 944 3626 1013 martyris

2025 1027 2281 1098 Apologia
2327 1027 2457 1082 alibi
2511 1043 2542 1083 a
2589 1028 2744 1085 nobis
2778 1030 3130 1101 deprompta.
3161 1044 3213 1088 et
3250 1033 3383 1088 infra
3413 1050 3482 1089 ex
3504 1034 3632 1092 Ter-

2026 1120 2255 1175 tulliano
2283 1119 2637 1187 proferentur.
2670 1124 2741 1178 At
2779 1138 2910 1179 sane
2952 1124 3080 1180 illud
3128 1124 3241 1195 jam
3275 1127 3404 1181 satis
3448 1143 3513 1182 ex
3565 1128 3631 1182 iis

2026 1214 2452 1270 demonstratum
2484 1227 2587 1282 est,
2626 1232 2743 1287 quae
2773 1218 3037 1274 hactenus
3069 1231 3256 1274 contra
3286 1220 3630 1291 impudentes

2027 1300 2231 1362 Cmcilii
2277 1308 2597 1376 protulimus
2649 1309 2982 1377 calumnias,
3025 1312 3217 1380 quibus
3268 1313 3473 1367 scelera
3521 1328 3630 1368 non

2028 1400 2209 1454 minus
2235 1400 2487 1467 nefanda,
2523 1415 2681 1470 quam
2714 1402 3076 1470 incredibilia,
3128 1403 3181 1458 in
3239 1403 3345 1459 illis
3398 1404 3633 1460 admissa

2029 1490 2198 1552 fuisse
2228 1507 2508 1563 perperam
2539 1503 2790 1550 causatus
2811 1502 2911 1551 est.

2110 1586 2270 1641 Visne
2297 1586 2461 1640 alium
2486 1587 2661 1642 adhuc
2702 1597 2916 1654 testem,
2958 1588 3061 1645 hac
3094 1588 3148 1644 in
3180 1604 3237 1644 re
3263 1589 3410 1644 omni
3437 1602 3634 1658 excep-

2034 1679 2178 1735 tione
2206 1680 2481 1750 majorem,
2530 1682 2623 1737 tibi
2656 1681 2810 1737 dari‘l
2851 1681 3104 1755 Plinium,
3130 1683 3402 1738 ethnicum
3452 1685 3638 1753 utique

322 1776 469 1831 dium
496 1819 510 1841 ,
543 1784 666 1831 ante
696 1774 883 1849 viduas
909 1817 923 1841 ,
953 1785 1077 1843 ante
1120 1778 1496 1848 presbyteros,
1530 1780 1768 1832 omnium
1798 1778 1925 1832 laci—
1956 1777 2004 1841 B
2033 1772 2330 1835 hominem.
2357 1774 2735 1843 producemus.
2786 1777 2871 1831 cui
2920 1778 3174 1842 crimina,
3227 1794 3453 1848 quorum
3482 1778 3639 1834 Chri-

324 1869 445 1925 nias
467 1868 805 1923 iuvadentem
828 1910 841 1929 ,
872 1870 1111 1935 omnium
1140 1871 1362 1940 vestigia
1399 1869 1729 1927 lambentem
1753 1913 1767 1936 ,
1810 1886 1929 1924 om-

326 1964 476 2019 nium
502 1977 676 2032 genua
696 1962 1024 2020 detinentem
1046 1963 1268 2037 i(ldem,
1288 1964 1382 2020 lib.
1403 1965 1465 2019 de
1490 1964 1675 2019 Pudic.
1692 1980 1811 2036 cap.
1837 1966 1925 2032 15,

330 2071 458 2128 pag.
492 2053 642 2125 729).

402 2151 777 2207 Narratetiani
809 2150 1071 2209 Eusebius
1120 2151 1358 2207 Natalem
1407 2153 1806 2217 confessorem,
1860 2152 1930 2209 ab

332 2245 603 2301 hmreticis
631 2243 1014 2314 AsclepiodOto
1052 2254 1104 2301 et
1138 2245 1417 2303 Theodoto
1440 2249 1744 2316 argentario
1771 2244 1934 2315 plane

332 2337 634 2408 deceptum,
669 2347 894 2405 accepto
932 2336 1166 2405 salario,
1201 2320 1388 2393 eorum
1418 2349 1581 2393 secue
1621 2340 1935 2408 episc0pum

334 2441 573 2487 creatum
622 2429 805 2486 fuisse.
841 2430 946 2489 Sed
972 2430 1105 2486 tanti
1133 2432 1376 2488 criminis
1413 2433 1500 2489 ille
1532 2434 1808 2488 nocturnis
1855 2433 1934 2487 vi-

334 2522 579 2577 sionibus
627 2536 772 2592 sa-pe
824 2521 1168 2589 admonitus,
1223 2540 1343 2578 cum
1376 2539 1467 2578 eas
1518 2524 1851 2593 negligerct,
1907 2538 1937 2577 a

334 2614 534 2669 sanctis
575 2614 797 2684 Angelis
836 2630 930 2681 per
959 2623 1125 2669 totam
1152 2627 1362 2673 noetem
1397 2615 1575 2684 ﬂagris
1624 2615 1940 2686 gravissime

334 2720 506 2761 caesus
533 2715 618 2761 est
651 2722 665 2759 :
694 2697 822 2762 dare
872 2712 1005 2760 ἕωθεν
1043 2713 1330 2773 ἀναστῆναι,
1359 2712 1443 2763 καὶ
1490 2714 1791 2777 ἐνδυσάμενσν
1815 2717 1936 2764 σάκ-

333 2823 431 2858 κων.
474 2800 557 2851 καὶ
583 2801 757 2852 σποδὸν
793 2807 1194 2868 καταπασάμενςον
1231 2806 1357 2869 μετὰ
1384 2808 1561 2865 πολλῆς
1590 2805 1794 2864 σπουδῆς
1818 2842 1832 2867 ,
1862 2812 1944 2856 κἰὶ

336 2894 549 2961 δακρύων
573 2897 856 2962 προσπεσεῖν
882 2900 1113 2963 Ζεφυρίνῳ
1143 2905 1207 2963 τᾳ
1244 2896 1485 2963 ὶπισ-κὸπῳ
1513 2935 1527 2957 ,
1557 2897 1829 2962 κυλιόμενον
1856 2900 1947 2947 ὑπὸ

336 2992 447 3044 ’τοὺς
474 2987 617 3044 πέδας
654 2989 706 3038 οὗ
733 2987 873 3052 μόνον
898 2995 986 3042 τῶν
1014 2993 1060 3040 ἓν
1084 2997 1152 3057 fr?
1176 2995 1352 3056 κλιρῳ,
1372 2992 1499 3041 ἀλλὰ
1525 2989 1607 3040 καὶ
1634 2996 1721 3041 τῶν
1750 2988 1945 3051 λαικῶν,

338 3085 538 3148 συγχέαι
566 3101 616 3133 τι
635 3082 733 3137 τοῖς
762 3082 960 3148 δάκρυσι
989 3091 1076 3139 τὴν
1100 3084 1416 3149 ﬁcales-ysz
1438 3080 1692 3137 ἕκκλησίαν
1711 3084 1795 3132 τοῦ
1818 3083 1949 3139 ἕλε-ἠ·

2032 1866 2191 1919 stiani
2224 1865 2706 1934 insimulabantur,
2737 1868 3027 1938 diligenter
3067 1870 3373 1939 inquirendi
3423 1872 3640 1941 provin-

2033 1958 2114 2010 cia
2146 1972 2173 2010 a
2195 1957 2426 2027 'l‘rajano
2461 1960 2785 2029 imperatore
2811 1960 3130 2017 demandata
3152 1961 3344 2017 fuerat.
3371 1962 3421 2017 Is
3441 1964 3642 2036 quippe

2033 2051 2304 2116 omnibus,
2335 2066 2440 2122 qua
2483 2053 2649 2121 potuit
2680 2054 2914 2108 maxima
2941 2054 3242 2125 diligentia,
3276 2054 3640 2124 investigatis,

2036 2142 2102 2197 ad
2169 2158 2293 2198 cum
2347 2145 2565 2212 scripsit
2620 2144 2993 2215 Christianos,
3051 2148 3171 2218 qui,
3229 2155 3286 2202 ut
3330 2147 3420 2203 ille
3467 2147 3563 2214 ait,
3612 2165 3643 2203 a

2036 2233 2328 2288 christiana
2358 2235 2463 2291 (ide
2493 2235 2802 2292 deiecerant
2827 2277 2843 2303 ,
2873 2237 3213 2293 afﬁrmasse:
3241 2255 3262 2291 ι
3301 2238 3453 2294 Hanc
3478 2238 3647 2305 fuisse

2037 2341 2301 2381 summam
2332 2327 2416 2382 vel
2456 2328 2628 2397 culpae
2674 2345 2817 2395 suae,
2868 2329 2954 2385 vel
2985 2331 3217 2396 erroris,
3260 2331 3403 2401 quod
3451 2341 3641 2388 essent

2040 2419 2183 2472 soliti
2230 2430 2371 2473 stato
2415 2419 2501 2483 die
2553 2430 2678 2475 ante
2725 2420 2901 2477 lucem
2952 2422 3284 2487 convenire,
3317 2438 3648 2499 carmenque

2042 2508 2276 2573 Christo,
2331 2512 2483 2580 quasi
2530 2512 2674 2576 Deo,
2705 2512 2883 2568 dicere
2932 2526 3114 2567 secum
3156 2513 3420 2576 invicem;
3481 2529 3650 2591 seque

2044 2613 2386 2658 sacramento
2441 2619 2546 2659 non
2595 2605 2646 2658 in
2679 2606 2857 2659 scelus
2896 2605 3115 2674 aliquod
3162 2605 3519 2675 obSIringere,
3553 2607 3648 2669 sed

2048 2712 2115 2751 ne
2146 2696 2314 2757 furta,
2356 2711 2423 2750 ne
2467 2695 2769 2762 latrocinia,
2802 2711 2871 2753 ne
2895 2695 3177 2761 adulteria,
3230 2712 3299 2751 ne
3342 2696 3502 2751 fidem
3553 2696 3651 2752 ful-

2047 2788 2254 2854 lt-reut,
2326 2804 2394 2844 ne
2445 2788 2748 2861 depositum
2799 2789 3055 2858 appellati
3105 2798 3387 2860 negarent.
3446 2790 3655 2857 Quibus

2051 2884 2301 2953 peractis,
2349 2898 2552 2939 morem
2599 2884 2700 2939 sibi
2744 2883 3055 2955 discedendi
3102 2883 3309 2951 fuisse,
3355 2896 3655 2955 rursusque

2049 2976 2300 3040 coeundi,
2348 2975 2413 3029 ad
2461 2976 2780 3046 capiendum
2812 2977 3011 3044 cibum,
3041 2977 3405 3053 promiscuum
3438 2988 3613 3035 tamen
3635 3020 3652 3046 ,

2051 3078 2107 3137 et
2160 3067 2436 3122 innoxium
2487 3086 2506 3120 ι
2552 3068 2571 3139 (
2601 3067 2741 3133 Plin.
2810 3069 2899 3124 lib.
2960 3085 3023 3136 κ,
3078 3068 3245 3145 Epist.
3300 3068 3371 3129 ad
3434 3067 3655 3133 Trajan.

338 3192 478 3237 μονος
502 3178 735 3241 Χριστοῦ.
765 3189 783 3222 ι
827 3172 974 3226 Adeo
1005 3182 1059 3226 ut
1106 3173 1279 3242 primo
1320 3172 1555 3226 diluculo
1582 3184 1943 3239 consurgens,

2056 3176 2175 3230 pag.
2208 3158 2365 3230 576).
2407 3160 2542 3228 Quid
2592 3163 2692 3215 hoc
2735 3162 3062 3225 testimonio,
3095 3162 3241 3231 quod
3269 3177 3298 3214 a
3326 3159 3659 3226 Tertulliano

340 3277 556 3317 saccum
612 3263 878 3330 induerit,
946 3274 999 3318 et
1056 3263 1237 3318 cinere
1286 3277 1614 3333 conspersus
1663 3261 1944 3316 confestim

341 3367 464 3410 cum
516 3356 769 3428 lacrymis
818 3356 883 3410 ad
955 3356 1120 3425 pedes
1170 3355 1460 3428 Zephyrini
1524 3354 1760 3425 episcopi
1826 3368 1948 3408 sese

343 3447 620 3518 abiecerit.
667 3463 771 3502 non
801 3450 973 3504 solum
1015 3448 1170 3507 cieri.
1203 3463 1388 3501 verum
1413 3447 1574 3502 etiam
1608 3444 1946 3500 saecularium

344 3541 586 3610 vestigiis
607 3539 917 3607 advolutus,
945 3550 1000 3594 et
1018 3539 1214 3596 Christi
1257 3538 1621 3594 misericordis
1649 3537 1949 3593 Ecclesiam

346 3648 558 3704 quoque
585 3634 991 3690 misericordem
1012 3633 1228 3689 ﬂetibus
1254 3634 1366 3688 suis
1408 3632 1762 3699 commoverit
1791 3641 1953 3701 atque

348 3727 705 3783 concusserit.
769 3744 788 3777 ι
852 3726 992 3782 Vero
1046 3727 1226 3798 itaque
1277 3726 1606 3799 simillimum
1660 3739 1782 3781 esse
1834 3725 1954 3794 quis

351 3817 572 3886 negabit
596 3816 842 3871 ethnicos
885 3833 948 3872 ex
979 3818 1078 3875 hoc
1109 3820 1196 3890 pio
1227 3828 1523 3888 Sancteque
1555 3833 1709 3873 more
1729 3860 1742 3884 ,
1794 3831 1952 3887 quem

350 3918 447 3964 aut
473 3924 578 3963 non
618 3909 748 3964 satis
788 3909 1192 3976 intellexerant,
1243 3920 1334 3983 aut
1377 3911 1645 3966 malitiose
1694 3911 1957 3979 interpre‘

352 4002 624 4076 labantur,
654 4016 840 4059 ansam
870 4003 1160 4071 arripuisse
1181 4044 1193 4065 ,
1221 4003 1560 4060 Christianos
1590 4002 1761 4071 turpis
1790 4000 1953 4064 illius,

349 4110 453 4165 qua
508 4093 575 4150 de
632 4104 821 4150 auctor
878 4103 1059 4151 noster
1114 4097 1365 4169 loquitur,
1429 4094 1760 4149 adorationis
1820 4091 1958 4159 falso

352 4187 660 4244 accusandi.

965 4301 1192 4359 CAPUT
1231 4301 1347 4359 XII.

354 4461 494 4502 ΑΙ.ιῶ
537 4460 745 4501 εΔεοιωι
790 4457 1238 4509 (ΞΒΙΜΙΝΑΤΙΟΝΕΒ,
1273 4458 1339 4497 ΕΤ
1372 4458 1437 4519 Ap
1468 4455 1566 4497 ΒΑΕ
1604 4454 1817 4515 οςΤΑνιι
1864 4452 1961 4491 RE-

845 4552 1037 4593 sronsa
1054 4528 1443 4592 autumnali
1454 4575 1466 4588 .

902 4685 1196 4729 ARTICULUS
1263 4685 1474 4726 PRIMUS.

363 4810 532 4879 Quam
562 4811 811 4864 immerito
840 4809 1075 4865 Caecilius
1106 4807 1515 4863 Christianorum
1543 4822 1781 4877 synaxes.
1810 4816 1856 4859 et
1881 4809 1964 4875 je-

423 4904 587 4970 junia
610 4903 924 4968 condemnet,
957 4902 1196 4970 dicatque
1222 4918 1306 4955 eos
1336 4916 1443 4954 esse
1468 4899 1750 4968 desperata:
1778 4898 1965 4968 factio-

431 4998 512 5051 nis
559 4997 811 5063 homines,
842 4996 1122 5066 lucifugam
1162 4995 1438 5056 nationem,
1469 4992 1679 5069 occultis
1723 4991 1884 5061 signis
1916 5005 1970 5043 se

432 5102 786 5164 agnoscentes,
818 5100 970 5162 atque
1010 5101 1160 5145 antea
1209 5105 1264 5144 88
1310 5098 1486 5143 mutuo
1534 5096 1784 5167 amantes,
1817 5099 1969 5155 quant

434 5187 691 5241 noverint.

437 5323 574 5380 Aliis
601 5323 804 5380 ethnici
845 5323 1104 5380 conviciis
1157 5322 1338 5393 potius
1380 5337 1541 5393 quam
1586 5318 1838 5389 legitimis
1886 5332 1975 5372 ac-

363 5417 758 5483 cusationibus,
797 5416 1141 5472 Christianos
1177 5415 1439 5472 infamare
1470 5415 1797 5470 nitebantur.
1841 5411 1973 5476 Quae

364 5510 648 5565 enimvero
690 5509 770 5564 illi
799 5509 1009 5580 piacula
1037 5518 1090 5565 et
1118 5508 1321 5564 scelera
1365 5522 1488 5563 esse
1525 5502 1970 5566 criminabantur,

365 5598 485 5656 haec
514 5600 604 5657 isti
652 5600 1050 5656 contendebant
1091 5601 1294 5670 eptima
1332 5612 1487 5663 esse,
1542 5592 1849 5666 probanda,
1910 5605 1975 5648 ac

365 5702 517 5749 recte
564 5692 820 5748 instituta.
873 5691 1005 5749 Tale
1028 5692 1211 5764 procul
1242 5690 1407 5747 dubio
1456 5697 1540 5745 est
1590 5685 1765 5749 illud,
1825 5682 1980 5753 cujus

367 5784 623 5842 Caccilius
651 5783 990 5843 Christianos
1023 5793 1292 5856 tamquam
1338 5780 1564 5840 sceleris
1616 5776 1841 5848 alicujus
1885 5790 1976 5833 ar-

2051 3252 2433 3322 transcriptum
2482 3252 2803 3317 videbimus,
2839 3252 2907 3307 ad
2958 3251 3287 3323 probandam
3315 3252 3660 3317 Christiana-

2051 3361 2173 3401 rum
2220 3361 2517 3418 synaxeum
2547 3349 2888 3409 sanctitatem
2919 3347 3244 3409 luculentius
3289 3358 3346 3415 et
3387 3348 3662 3417 efﬁcacius

2053 3439 2382 3513 (Tertullian.
2415 3442 2680 3513 Apologet.
2706 3459 2824 3513 cap.
2858 3441 2943 3513 2)?

2124 3539 2315 3595 Nullus
2344 3541 2523 3611 itaque
2569 3539 2908 3597 Christianus
2936 3540 2989 3596 in
3039 3540 3123 3595 bis
3151 3556 3260 3596 non
3306 3539 3480 3596 solum
3529 3552 3662 3594 con-

2053 3633 2481 3705 gregationibus,
2524 3634 2619 3690 sed
2653 3652 2673 3686 ι
2721 3633 3056 3690 solemnibus
3076 3633 3239 3689 etiam
3263 3632 3484 3704 jejuniis
3513 3630 3666 3685 omni

2056 3726 2217 3782 laude
2266 3726 2461 3797 dignis,
2515 3743 2622 3782 non
2681 3726 2856 3781 solum
2899 3742 3007 3781 non
3055 3726 3441 3788 erubescebat,
3472 3738 3665 3793 verum

2058 3817 2220 3873 etiam
2283 3818 2632 3888 gloriabatur.
2679 3816 3040 3885 Quamobrem
3092 3815 3384 3885 Gregorius
3431 3813 3665 3873 Nazian-

2060 3926 2226 3967 zenus
2249 3912 2301 3965 in
2323 3927 2424 3965 una
2454 3911 2716 3965 adversus
2737 3910 3011 3965 Julianum
3040 3916 3344 3977 apostatam
3391 3908 3659 3964 oratione:

2067 4021 2086 4055 ι
2123 4003 2251 4059 [Lee
2283 4018 2434 4069 nos,»
2472 4002 2766 4072 inquiebat,
2804 4020 2823 4054 ι
2851 4002 3026 4072 longis
3050 3999 3270 4070 jejuniis
3300 3998 3568 4062 confecti,
3615 4007 3672 4059 et

2063 4094 2431 4151 semianimes.
2466 4094 2593 4153 Huc
2623 4109 2741 4159 nos,
2798 4094 2891 4164 qui
2918 4093 3117 4149 frustra
3147 4091 3457 4162 vigilantes,
3511 4099 3675 4167 alqnq

2065 4189 2118 4243 in
2174 4187 2452 4244 nocturnis
2504 4187 2825 4242 stationibus
2874 4200 3180 4256 nugamur,
3228 4194 3283 4240 et
3337 4192 3516 4240 tamen
3572 4196 3669 4240 vos

2066 4281 2457 4351 prosternimus
2486 4298 2504 4331 ι
2524 4277 2701 4352 (Greg.
2732 4277 2960 4333 Nazian.
2992 4275 3142 4335 Orat.
3168 4277 3220 4339 4.
3248 4293 3369 4347 pag.
3397 4272 3550 4345 299).

2138 4373 2469 4433 Gronovium
2499 4374 2681 4444 itaque
2714 4371 2905 4443 aliquis
2952 4370 3307 4441 proculdubio
3360 4367 3669 4441 mirabitur,

2070 4470 2160 4540 qui
2218 4469 2269 4524 in
2327 4466 2539 4523 Minucii
2582 4475 2731 4523 textu
2772 4481 2869 4537 pro
2902 4484 2921 4518 ί
2958 4464 3292 4522 solemnibus
3338 4461 3591 4533 jejuuiis.
3648 4480 3668 4514 ι

1990 4563 2045 4625 D
2072 4561 2355 4634 legendum
2412 4561 2748 4631 suspicatur,
2778 4576 2797 4611 ε
2831 4558 3100 4615 olentibus
3149 4556 3389 4628 jejuniis.
3431 4574 3452 4607 ι
3488 4555 3680 4613 Nonne

2073 4658 2216 4713 enim
2246 4667 2371 4711 tunc
2397 4655 2660 4711 solemnia
2707 4661 2865 4710 erant
2909 4652 3362 4716 Christianorum,
3386 4658 3546 4718 atque
3577 4648 3679 4703 int-

2070 4750 2260 4820 primis
2289 4747 2726 4818 Qnadragesimte
2763 4744 3008 4815 jejunio?
3061 4742 3254 4801 Nonne
3305 4741 3374 4797 de
3423 4740 3491 4796 iis
3537 4738 3674 4798 Ter-

2070 4843 2329 4897 tullianus
2350 4841 2607 4913 scripsit:
2643 4856 2660 4890 ι
2703 4835 3036 4892 DicPaschze
3076 4830 3379 4890 communis
3424 4840 3478 4885 et
3523 4830 3686 4897 quasi

2072 4936 2282 5005 publica
2305 4932 2497 5003 jejunii
2536 4930 2723 5000 religio
2760 4938 2844 4985 est
2881 4948 2899 4980 ι
2937 4924 3269 4999 (Tertullian.
3294 4922 3383 4983 lily.
3427 4921 3491 4973 de
3530 4918 3676 4983 Orat.

2066 5046 2181 5099 cap.
2219 5027 2331 5099 1-4).
2375 5025 2430 5082 Si
2476 5032 2654 5079 autem
2681 5020 2983 5076 communis
3008 5027 3063 5074 et
3082 5043 3085 5047 ν
3105 5015 3340 5087 publica,
3372 5027 3470 5075 cur
3497 5026 3603 5073 non
3626 5019 3688 5076 et.

2072 5121 2333 5177 solemnis
2378 5127 2493 5173 erat
2520 5114 2750 5185 religio?
2796 5114 2868 5168 At
2920 5111 3067 5177 haec,
3115 5107 3289 5177 pergit
3333 5102 3678 5169 Gronovius,

2074 5231 2103 5270 a
2133 5212 2373 5276 Caecilio,
2416 5208 2756 5265 ethnicorum
2795 5214 2975 5272 partes
3005 5209 3233 5273 agente,
3276 5198 3481 5270 jejunia
3521 5194 3680 5255 Chri-

2075 5306 2372 5361 stianorum
2405 5304 2461 5359 in
2494 5298 2689 5355 malam
2738 5304 2947 5366 partem
2975 5293 3330 5362 accipiuntur.
3379 5288 3490 5349 Sed
3551 5286 3683 5359 quid

2074 5408 2222 5455 vetat
2249 5412 2346 5452 cur
2373 5395 2467 5451 ille
2494 5393 2654 5449 homo
2681 5388 2930 5444 ethnicus
2975 5402 3072 5451 ea,
3108 5393 3201 5441 aut
3245 5380 3542 5450 irridendo,
3586 5388 3680 5436 aut

2079 5506 2269 5548 verum
2296 5486 2549 5554 dicendo,
2580 5481 2933 5555 appellaverit
2963 5478 3265 5536 Solemnia?
3292 5476 3369 5535 De
3395 5474 3487 5543 bis
3522 5488 3693 5545 porro.

2077 5585 2306 5654 aliisque
2354 5579 2785 5638 Christianorum
2819 5572 3062 5643 jejuniis,
3117 5570 3209 5640 qui
3261 5568 3416 5641 piura
3469 5565 3683 5637 deside-

2079 5676 2242 5742 rabit,
2289 5674 2337 5729 is
2394 5671 2552 5728 adeat
2580 5668 2842 5727 lrenamm
2873 5665 2941 5725 ab
2984 5660 3254 5737 Eusebio,
3289 5660 3382 5717 lib.
3413 5676 3445 5715 v
3482 5658 3682 5731 (lictor.

2082 5770 2280 5827 Ecclcs.
2331 5781 2450 5839 cap.
2495 5763 2586 5829 24,
2647 5775 2746 5832 pag
2794 5757 2918 5828 192,
2970 5757 3233 5823 citatum;
3292 5751 3693 5819 Tcrtullianum
