4242 6222
614 299 719 355 519

1869 286 1955 342 DE
1994 279 2253 342 MINUCll
2291 279 2592 340 OCTAVIO

3811 275 3917 330 5ἓο

614 427 740 466 mox
788 407 1058 463 laudatum
1083 449 1097 470 ,
1143 405 1237 462 lib.
1277 421 1315 461 ιι
1360 405 1425 460 ad
1447 405 1705 465 Uxorem.
1734 417 1854 472 cap.
1887 403 1939 463 4,
1997 403 2089 455 lib.
2148 401 2216 455 de
2246 403 2291 462 A
2325 399 2454 462 lttln,
2503 415 2608 467 quo
2656 396 2722 450 de
2753 393 3071 450 factionibus
3099 393 3316 464 querela
3343 399 3447 457 est,
3501 391 3554 446 in
3595 389 3747 461 cujus
3795 406 3916 459 per-

613 501 888 571 Baptismo
937 515 1054 569 cap.
1096 499 1189 563 2t),
1241 500 1378 552 libro
1415 498 1485 553 de
1537 497 1680 566 Fuga
1729 511 1852 564 cap.
1910 494 1959 556 1,
2000 493 2093 546 lib.
2146 493 2211 546 de

612 593 790 663 Jejun.
811 608 928 661 cap.
957 593 1026 647 15
1072 602 1125 646 et
1157 591 1268 654 14.;
1291 591 1664 656 Athanasium,
1696 587 1955 657 Apologia
1977 586 2044 639 ad
2073 585 2215 639 Con-

614 686 870 741 stantium
904 685 1285 753 Imperatorem
1312 725 1326 748 ,
1353 698 1405 751 p.
1431 683 1535 736 510
1560 723 1574 744 ,
1606 691 1660 734 et
1713 679 1936 748 Apolog.
1967 678 2033 731 de
2069 677 2212 747 Fuga

615 794 733 843 sua,
770 795 824 847 p.
855 779 983 840 554;
1015 775 1264 831 Cotelerii
1312 787 1466 830 notas
1519 776 1569 828 in
1621 775 1870 828 llermam
1898 813 1912 836 ,
1974 787 2089 841 pag.
2147 770 2217 822 72

615 879 670 926 et
695 887 862 940 seqq;
895 879 1054 939 atque
1086 869 1138 923 in
1170 869 1264 923 lib.
1291 885 1324 922 v
1350 867 1642 922 Constitut.
1675 865 1920 933 Apostol.
1976 878 2096 932 cap.
2125 861 2214 926 15,

616 978 735 1034 pag.
765 963 897 1029 ἓιὸ,
925 973 976 1016 et
1005 977 1157 1032 seqq.
1194 961 1302 1015 NOs
1341 970 1521 1015 autem
1549 961 1617 1015 de
1660 958 2087 1014 Christianorum
2121 954 2217 1008 Vi-

615 1059 757 1130 giliis
786 1058 1139 1113 disseruimus
1172 1066 1300 1111 tom.
1333 1072 1370 1109 ι.
1406 1058 1660 1124 Apparat.
1715 1053 1806 1106 lib.
1851 1067 1942 1122 ιιι,
1996 1050 2216 1104 dissert.

617 1155 669 1222 1,
708 1167 824 1218 cap.
876 1152 927 1214 6,
988 1161 1090 1204 art.
1139 1150 1195 1215 5,
1245 1164 1366 1219 pag.
1418 1149 1524 1202 71‘2
1570 1157 1623 1201 et
1671 1161 1821 1214 seqq.
1872 1144 1945 1197 De
1993 1141 2220 1212 Jejuniis

614 1260 744 1300 vero
772 1244 923 1310 ibid.,
957 1242 1050 1297 lib.
1083 1258 1134 1308 I,
1173 1240 1388 1294 dissert.
1436 1241 1487 1302 4,
1525 1248 1626 1292 art.
1661 1238 1714 1305 5,
1749 1253 1864 1306 pag.
1901 1238 2003 1301 55,
2039 1245 2091 1288 et
2113 1243 2216 1287 art.

614 1337 708 1403 25,
736 1352 854 1406 pag.
885 1335 975 1399 67;
1004 1349 1102 1389 nec
1123 1351 1227 1388 non
1249 1333 1343 1387 lib.
1373 1349 1431 1394 ιι,
1458 1333 1675 1386 dissert.
1711 1331 1762 1394 1,
1797 1345 1915 1399 cap.
1949 1329 2001 1393 7,
2032 1337 2133 1380 art.
2161 1327 2216 1385 2.

617 1448 738 1502 pag.
800 1429 939 1494 550;
989 1445 1051 1484 ac
1094 1429 1185 1482 lib.
1238 1443 1315 1493 ιιι,
1375 1425 1594 1480 dissert.
1646 1426 1698 1488 1,
1755 1437 1876 1490 cap.
1930 1422 1979 1484 1,
2023 1430 2127 1473 art.
2163 1418 2216 1484 7,

616 1541 737 1596 pag.
773 1523 915 1587 884;
949 1537 1067 1592 cap.
1101 1522 1191 1586 11,
1231 1529 1330 1573 art.
1361 1521 1391 1572 7
1420 1560 1434 1582 ,
1481 1533 1602 1588 pag.
1655 1515 1795 1571 1058
1837 1525 1893 1568 et
1938 1528 2110 1581 seqq;
2167 1517 2222 1564 et

616 1636 733 1690 cap.
767 1620 856 1682 12,
891 1627 994 1672 art.
1028 1617 1085 1682 ll,
1120 1631 1240 1686 pag.
1275 1613 1434 1670 1049.

688 1712 886 1767 Ca-cilii
956 1725 1085 1779 ergo
1135 1709 1470 1776 aliorumque
1515 1703 1806 1759 Gentilium
1865 1696 2220 1754 intolerabilis

2320 491 2510 544 niciem
2548 489 2835 557 aliquando
2871 486 3261 543 convenimus?
3309 486 3420 539 lloc
3459 500 3646 538 sumus
3694 498 3918 552 congre-

2315 587 2443 654 gati.
2475 583 2616 654 quod
2640 594 2692 637 et
2719 583 2980 648 diSpersi;
3012 583 3112 635 hoc
3145 580 3398 646 universi,
3431 578 3574 648 quod
3596 587 3651 632 et
3685 578 3876 647 singuli
3899 620 3915 643 ,

2319 678 2590 732 neminem
2641 677 2933 743 la‘dcntes,
3004 677 3272 730 neminem
3326 675 3727 728 contristantes.
3783 669 3921 725 Cum

2321 771 2493 840 probi,
2521 785 2641 824 cum
2673 769 2795 823 boni
2825 777 3056 838 coeunt,
3082 783 3201 822 cum
3237 767 3343 836 pii,
3387 780 3508 819 cum
3540 764 3671 819 casti
3699 778 3925 833 congre—

2319 876 2532 932 gantur,
2565 878 2670 916 non
2699 871 2783 916 est
2811 862 2972 915 factio
2999 858 3245 920 dicenda,
3278 857 3370 912 sed
3396 856 3563 912 curia.
3617 859 3684 910 At
3724 871 3755 910 e
3785 870 3923 910 con-

2321 959 2486 1010 trario
2547 956 2648 1010 illis
2701 970 2895 1009 nomen
2926 953 3173 1008 factionis
3224 949 3739 1005 aceonnnodandmn
3793 957 3920 1012 est,

2320 1050 2408 1118 qni
2436 1049 2487 1102 in
2512 1049 2692 1102 odium
2723 1049 2984 1101 bonorum
3016 1055 3070 1101 et
3099 1046 3387 1115 proborum
3431 1043 3744 1113 conspirant
3765 1085 3778 1104 ,
3829 1043 3924 1112 qui

2321 1141 2580 1196 adversus
2623 1139 2935 1209 sanguinem
2967 1137 3355 1200 innocentium,
3407 1134 3613 1189 scilicet
3660 1132 3926 1188 Christia-

2325 1251 2539 1296 norum,
2569 1233 2910 1288 conclamant
2947 1249 2966 1284 ι
2994 1230 3238 1303 (Tertull.
3258 1228 3476 1298 Apolog.
3511 1244 3628 1294 cap.
3656 1227 3724 1281 '59
3755 1237 3800 1280 et
3831 1226 3922 1289 40,

2325 1344 2444 1396 pag.
2481 1328 2550 1381 ’56
2575 1326 2618 1394 ).
2667 1324 2772 1380 Sed
2803 1325 2870 1378 de
2910 1323 2992 1377 his
3024 1322 3194 1391 plura,
3226 1320 3313 1375 tibi
3361 1319 3429 1374 de
3461 1319 3562 1372 hoc
3610 1316 3927 1372 Tertulliani

2324 1419 2465 1473 libro
2487 1417 2898 1486 disputabimus.

2395 1512 2449 1565 Si
2504 1510 2938 1565 Christianorum
2990 1515 3138 1561 secta
3198 1504 3303 1558 dici
3356 1517 3460 1558 non
3517 1503 3689 1572 potuit
3743 1501 3925 1556 illicita

2323 1606 2518 1671 factio,
2577 1604 2747 1658 multo
2798 1612 2946 1657 certe
2994 1601 3171 1654 minus
3224 1617 3241 1648 ι
3290 1598 3604 1667 desperata;
3647 1616 3664 1646 ι
3709 1594 3927 1666 quando

2323 1702 2538 1770 quidem
2577 1719 2595 1749 ι
2630 1701 2801 1754 securi
2822 1717 2870 1761 ,ι
2905 1706 2962 1750 ιιι
2994 1699 3066 1749 ait
3089 1695 3382 1757 Minucius,
3413 1709 3432 1742 ι
3456 1707 3552 1762 spe
3585 1691 3636 1744 ftt
3664 1705 3776 1744 urat
3804 1688 3928 1743 fcli-

621 1808 779 1878 plane
806 1813 922 1861 erat
965 1802 1332 1871 impudentia,
1385 1801 1473 1869 qni
1525 1796 1861 1851 Christianos
1904 1789 2220 1847 castissitnis
2252 1796 2296 1854 Β
2325 1793 2538 1856 citatis,
2572 1792 2675 1847 fide
2718 1788 3000 1860 praesentis
3050 1788 3144 1842 Dei
3196 1785 3494 1856 majestatis
3538 1785 3860 1838 animamur.
3903 1802 3921 1834 ι

621 1900 858 1955 moribus
890 1906 1132 1958 ornatos,
1165 1904 1219 1948 et
1260 1891 1544 1946 virtutibus
1570 1889 1810 1944 sedulam
1838 1900 2056 1954 operam
2085 1884 2216 1936 dan-

619 2003 703 2048 tes
750 1991 1018 2061 appellare
1065 1987 1334 2040 audebant
1377 1984 1621 2036 homines
1667 1979 1980 2048 deploratm,
2018 1974 2216 2028 illicita:

618 2093 674 2140 et
722 2084 1020 2150 desperata:
1076 2078 1342 2141 factionis,
1398 2073 1722 2128 latebrosam
1779 2068 2212 2136 lucifugamque,

619 2179 671 2234 in
697 2176 967 2247 publicum
994 2183 1216 2231 mutam,
1241 2182 1293 2225 et
1327 2171 1376 2222 in
1400 2166 1607 2236 angulis
1632 2163 1896 2232 garrulam
1921 2163 2212 2223 nationem,

619 2271 708 2341 qui
751 2267 975 2321 occultis
1024 2279 1083 2319 se
1125 2264 1264 2316 notis
1311 2275 1373 2314 ac
1408 2257 1702 2327 insignibus
1730 2253 2096 2322 agnoscebant
2124 2268 2212 2304 an-

620 2373 830 2433 tequam
881 2357 1168 2420 noverint,
1225 2369 1288 2408 ac
1338 2349 1617 2421 przesentia
1677 2347 1888 2400 tandetn
1945 2355 2214 2398 tormenta

620 2473 954 2528 mortemque
984 2457 1195 2527 penitus
1215 2453 1660 2522 aSpernabantur.
1683 2446 1814 2502 Nam
1840 2464 1857 2495 ι
1891 2451 2169 2513 propterea
2195 2457 2211 2486 ι

619 2552 896 2622 inquiebat
943 2547 1332 2611 'l‘ertullianus,
1383 2543 1524 2613 qttod
1570 2555 1728 2594 omne
1760 2534 2006 2606 Stlpplii'll
2048 2534 2221 2586 necis-

619 2643 938 2717 que'genus,
981 2640 1265 2711 repudiato
1290 2639 1406 2693 solo
1441 2644 1626 2690 nostro
1666 2634 2092 2687 Chri~tianorum
2127 2644 2220 2679 no-

622 2739 787 2798 mine,
820 2736 997 2789 statim
1027 2734 1296 2790 declinare
1325 2743 1630 2801 possumus,
1662 2745 1680 2776 ι
1711 2722 2000 2791 desperati,
2029 2739 2046 2772 ι
2083 2720 2221 2774 sicut

620 2832 781 2886 etiam
818 2827 1131 2882 Lactantius
1183 2824 1392 2888 aiebat,
1426 2840 1443 2872 ι
1478 2829 1533 2874 et
1564 2819 1756 2888 perditi
1786 2817 2159 2871 existimamur
2195 2830 2213 2861 ι

623 2922 841 2995 (Tertul.
876 2921 1094 2990 Apolog.
1119 2935 1233 2987 cap.
1284 2915 1373 2979 50,
1430 2930 1548 2984 pag.
1592 2911 1703 2975 44;
1757 2908 1993 2962 Lactant.
2049 2904 2137 2958 lib.
2187 2919 2221 2957 ν

620 3017 798 3071 lnslit.
829 3032 951 3084 cap.
977 3015 1033 3079 9,
1059 3030 1179 3083 pag.
1206 3010 1355 3079 465).

692 3109 801 3164 Sed
854 3122 960 3177 quo
1009 3103 1369 3175 itnpudentior
1399 3101 1495 3154 fuit
1527 3099 1613 3153 illa
1655 3095 1857 3151 Ctrcilii
1889 3093 2220 3161 aliorumque

2321 1886 2474 1940 Nulla
2514 1887 2673 1953 igitur
2691 1885 3089 1953 desperatione,
3141 1879 3234 1935 sed
3267 1879 3571 1934 certissima
3603 1876 3926 1930 :rtcrnitatis

2320 1992 2416 2046 Spe
2439 1976 2691 2047 qntelibet
2721 1983 2985 2029 tormenta
3011 1987 3108 2042 pro
3138 1970 3409 2040 religionis
3435 1984 3547 2023 sum
3587 1967 3928 2038 professione

2320 2069 2756 2125 Constantissime
2805 2066 3180 2136 perferebant,
3226 2064 3390 2117 immo
3440 2062 3538 2125 iis,
3574 2069 3632 2115 ιιι
3661 2061 3924 2124 diximus,

2320 2164 2705 2234 gloriabantur.
2757 2161 2948 2215 Acrius
2998 2172 3128 2212 vero
3171 2166 3322 2227 urget
3368 2154 3674 2208 Lactantius
3721 2167 3925 2222 nequa-

2320 2273 2477 2326 quam
2509 2255 2864 2320 Christianos,
2892 2253 2980 2323 qui
3019 2270 3036 2302 ι
3072 2249 3286 2319 corpori
3317 2263 3414 2301 suo
3451 2263 3551 2300 non
3593 2253 3853 2314 parcunt,
3894 2263 3914 2294 ι

2321 2352 2413 2406 sed
2457 2351 2711 2420 ipsosmet
2755 2347 2984 2418 gentiles
3036 2344 3289 2399 debuisse
3332 2341 3639 2408 desperatos
3693 2337 3916 2401 vocari,

2321 2462 2441 2501 cum
2481 2465 2497 2495 ι
2539 2444 2667 2497 nihil
2698 2441 3034 2511 deSperatius
3061 2455 3183 2494 esse
3214 2436 3415 2506 possit,
3464 2449 3621 2504 quam
3669 2444 3925 2500 torquere

2321 2555 2384 2593 ac
2432 2537 2696 2592 dilaniare
2742 2552 2899 2597 eum,
2954 2548 3111 2604 quem
3167 2532 3306 2586 scias
3354 2543 3474 2585 esse
3525 2526 3866 2579 innocentem
3900 2543 3916 2573 ι

2324 2633 2585 2706 (Lactant.
2633 2631 2722 2684 lib.
2756 2646 2809 2683 v.
2844 2628 3018 2682 lnstit.
3071 2643 3185 2694 cap.
3233 2625 3288 2689 9,
3335 2639 3457 2693 pag.
3488 2620 3596 2675 485
3627 2622 3666 2689 ).
3720 2620 3794 2672 De
3841 2615 3925 2670 bis

2323 2737 2501 2780 autem
2529 2721 2729 2789 aliquid
2754 2721 2930 2775 adhuc
2959 2729 3141 2790 postea
3171 2716 3479 2772 dicendum.

2395 2817 2509 2872 Non
2555 2817 2674 2886 jure
2722 2814 2915 2883 potiori
2967 2810 3165 2867 ethnici
3211 2807 3552 2876 obiectabant
3589 2802 3923 2858 Christianos

2327 2913 2599 2967 nationem
2643 2924 2763 2964 esse
2790 2908 3111 2961 latebrosam
3141 2913 3195 2958 et
3226 2899 3532 2970 lucifugam,
3568 2900 3618 2952 in
3652 2897 3921 2964 publicum

2325 3014 2547 3067 mutam,
2583 3003 2634 3056 in
2664 3002 2875 3072 angulis
2898 3002 3188 3070 garrulam.
3231 2996 3395 3051 Suam
3435 2995 3578 3048 enim
3623 2991 3922 3044 doctrinam

2324 3101 2499 3172 palam
2525 3096 2906 3168 prmdicabant,
2929 3104 3345 3163 promptumque
3368 3089 3599 3143 ethnicis
3626 3098 3741 3142 erat
3766 3085 3885 3138 illos
3905 3127 3920 3150 ,

622 3201 912 3259 Genliliuln
946 3197 1236 3268 Pellllalllia
1268 3211 1329 3248 ac
1371 3191 1700 3264 ριόοτιοίιίιδ,
1749 3203 1814 3242 θο
1862 3196 2007 3241 certe
2051 3184 2222 3252 maior
2247 3187 2292 3251 C
2331 3213 2350 3245 ι
2390 3193 2575 3246 audire
2602 3189 2842 3262 publice.
2881 3207 2899 3240 ι
2939 3187 3038 3242 nisi
3089 3199 3182 3239 attt
3224 3182 3567 3238 erubuissent
3595 3181 3924 3249 impietatem

621 3296 717 3351 fuit
753 3291 960 3349 Octavii
991 3307 1086 3362 pro
1132 3287 1453 3344 Christianis
1494 3281 1870 3353 respondentis
1899 3277 2213 3332 moderatio.

619 3386 756 3454 Quid
787 3385 954 3449 enim,
985 3383 1178 3436 amabo
1219 3390 1302 3443 te,
1338 3378 1438 3432 hac
1466 3377 1608 3430 illius
1649 3370 1995 3442 Γρειιοηεὶιηιθ
2037 3368 2222 3423 mode-

620 3478 823 3535 ratius?
856 3496 872 3527 ι
909 3475 1016 3530 Nec
1047 3472 1330 3536 fastidiosi,
1366 3491 1383 3521 ι
1419 3470 1609 3538 inquit,
1643 3484 1662 3517 ι
1700 3481 1915 3529 sumus,
1946 3463 1992 3516 si
2032 3475 2216 3516 omnes

621 3588 785 3627 unum
842 3570 1038 3623 bonum
1083 3567 1354 3634 sapimus,
1413 3562 1600 3616 eadem
1650 3556 1954 3626 eongregati
2009 3557 2217 3623 quiete,

621 3682 723 3738 qua
769 3663 1005 3734 singuli,
1058 3660 1228 3714 necin
1261 3657 1469 3727 angulis
1513 3653 1746 3723 garruli,
1797 3655 1838 3705 si
1890 3649 2076 3703 audire
2121 3663 2220 3703 nos

623 3757 866 3828 publice,
925 3762 1020 3806 aut
1070 3749 1424 3812 erubescitis,
1473 3758 1564 3799 aut
1609 3742 1830 3798 timetis.
1871 3761 1889 3792 ι
1927 3741 1997 3795 Ita
2039 3751 2216 3794 autem

622 3851 716 3908 ille
763 3848 970 3919 singula
1021 3843 1380 3899 accusationis
1433 3840 1606 3909 capita
1668 3839 1845 3891 elevat
1894 3851 1957 3890 ac
2003 3833 2216 3889 refellit.

622 3945 862 4002 Primum
903 3941 1046 3996 enim
1072 3950 1228 4008 negat
1257 3935 1591 3990 Christianos
1619 3946 1743 3986 esse
1795 3929 1992 3983 illicitae
2032 3925 2219 3981 laetio-

622 4037 708 4093 nis
735 4035 1016 4095 homines;
1046 4031 1192 4101 quia,
1222 4027 1416 4098 inquit,
1445 4039 1634 4080 omnes
1661 4037 1824 4076 ttnttm
1880 4021 2077 4074 bonmn
2130 4033 2218 4072 sa~

622 4133 794 4204 piunt.
850 4130 919 4185 At
974 4127 1158 4183 illicita
1202 4123 1363 4178 factio
1405 4135 1525 4176 esse
1555 4136 1662 4173 non
1704 4125 1882 4188 potest
1933 4117 2051 4170 sine
2099 4129 2219 4183 par-

623 4225 767 4280 tibus
796 4222 1045 4286 diversis,
1102 4233 1222 4288 qua:
1269 4213 1468 4284 aliquid
1499 4222 1684 4266 contra
1718 4211 1916 4264 bonum
1951 4207 2217 4277 publicum

622 4315 1016 4372 machinentnr.
1045 4308 1402 4378 Quamobrem
1432 4303 1670 4359 nonnulli
1705 4317 1801 4372 pro
1847 4321 1864 4353 ι
1900 4300 2155 4354 fastidiosi
2195 4317 2213 4349 ι

621 4409 960 4477 suspicantur
987 4401 1269 4468 legendum
1307 4417 1324 4448 ι
1359 4397 1589 4452 factiosi.
1625 4413 1642 4447 ι
1679 4394 1794 4448 Νοιι
1835 4395 1974 4448 male
2003 4393 2217 4463 quidem

621 4503 665 4555 si
699 4501 810 4554 haec
837 4495 1140 4552 emendatio
1170 4489 1490 4545 auctoritate
1533 4487 1735 4541 ciidicis
1781 4485 2003 4555 alicujus
2034 4487 2216 4538 firma-

2323 3289 2652 3356 criminaque
2692 3299 2786 3338 sua
2830 3280 3071 3352 patefieri
3096 3320 3110 3342 ,
3143 3287 3432 3331 autvcram
3467 3274 3780 3344 religionem
3822 3272 3926 3327 sibi

2324 3375 2680 3432 demonstrari
2711 3373 3032 3428 timuissmt.
3711 3427 3718 3430 _

2395 3467 2675 3538 Objicienti
2715 3465 2910 3520 dehinc
2951 3461 3168 3516 Caecilio
3213 3456 3548 3513 Christianos
3587 3456 3814 3512 occultis
3861 3470 3924 3510 se

2326 3564 2486 3626 netis,
2521 3572 2680 3630 atque
2711 3557 3012 3627 insignibus
3031 3569 3354 3624 agnoscere,
3388 3563 3491 3604 tam
3542 3567 3668 3604 vere
3691 3593 3705 3615 ,
3762 3564 3926 3618 quam

2324 3657 2642 3726 simplii-lter
2664 3651 2992 3722 respondet:
3031 3668 3047 3699 ι
3082 3648 3190 3703 Nos
3222 3662 3325 3700 non
3357 3645 3609 3699 notaculo
3647 3644 3920 3713 corporis,

2325 3761 2380 3806 ιιι
2407 3750 2623 3820 putatis,
2658 3747 2750 3802 sed
2783 3745 3102 3800 innocentia;
3142 3757 3203 3797 ac
3236 3739 3514 3795 trodestizn
3563 3739 3716 3808 signo
3767 3737 3927 3792 facile

2323 3842 2709 3913 dignusrimus.
2750 3858 2768 3891 ι
2806 3843 2846 3894 Α
2878 3838 3032 3892 nobis
3074 3847 3252 3890 tamen
3299 3835 3642 3889 observatum
3676 3843 3760 3888 est
3790 3829 3926 3885 Car-

2324 3935 2666 4006 pocratianos
2702 3934 2753 3986 in
2784 3930 3086 4003 posteriore
3125 3936 3454 3982 sectatorum
3506 3941 3723 3980 soormu
3773 3926 3927 3978 auri-

2324 4031 2455 4086 culae
2497 4031 2735 4083 dexterae
2781 4034 2953 4094 parte,
3003 4022 3290 4095 quamdam
3337 4022 3671 4089 impressisse
3701 4030 3926 4082 notam,

2324 4139 2427 4193 qua
2449 4137 2543 4177 eos
2565 4119 2704 4174 haud
2732 4119 2892 4172 dubie
2915 4133 2942 4170 a
2969 4115 3178 4170 czeteris
3202 4112 3508 4166 hominibus
3553 4111 3934 4166 discernerent

2323 4213 2494 4285 (Tom.
2550 4229 2564 4267 ι
2610 4211 2810 4280 Appar.
2865 4208 2954 4263 lib.
3007 4223 3041 4262 ιι
3094 4205 3367 4260 Dissertat.
3396 4245 3411 4268 ,
3454 4220 3570 4271 cap.
3616 4203 3680 4267 '5,
3723 4211 3822 4254 art.
3856 4203 3929 4268 3,

2325 4307 2488 4380 §12,
2547 4323 2666 4378 pag.
2706 4304 2863 4376 293).
2895 4301 3001 4358 Sed
3031 4315 3204 4369 neque
3254 4299 3533 4359 Ctecihus,
3586 4313 3762 4367 neque
3815 4296 3930 4352 Oc-

2327 4399 2500 4455 tavius
2538 4397 2607 4452 de
2656 4396 2740 4450 his
2791 4396 2980 4449 aliisve
3031 4391 3299 4447 lttereticis
3355 4390 3670 4459 loquuntur,
3722 4388 3817 4444 sed
3856 4389 3926 4444 de

2325 4491 2574 4547 omnibus
2599 4488 2894 4560 generatim
2941 4484 3295 4550 Christianis,
3337 4483 3427 4553 qui
3469 4497 3526 4536 se
3569 4481 3834 4544 invicem,
3867 4492 3927 4535 ut

623 4603 791 4651 retur.
825 4591 954 4655 Quis
984 4588 1124 4640 enim
1167 4585 1269 4639 scit
1293 4592 1470 4636 utrum
1514 4579 1775 4634 Minucius
1805 4579 2026 4633 verbum
2062 4597 2080 4629 ι
2118 4580 2216 4633 fac-

2333 4591 2407 4644 ait
2456 4597 2645 4640 auctor
2694 4594 2895 4647 noster,
2958 4597 3063 4636 non
3115 4579 3222 4634 alio
3280 4593 3439 4647 quam
3491 4577 3815 4632 innocentia:
3873 4584 3928 4629 et

624 4687 770 4750 tiosi,
813 4703 830 4736 ι
866 4681 932 4737 ad
961 4679 1048 4734 illa
1073 4720 1087 4745 ,
1122 4696 1140 4728 ι
1181 4677 1377 4730 bonum
1424 4673 1696 4742 sapimus,
1731 4691 1748 4723 ι
1787 4685 1890 4725 ηοιι
1935 4670 2218 4724 retulerit?

621 4775 760 4844 Quid
784 4776 827 4830 si
867 4771 1111 4828 factionis
1138 4767 1336 4822 illicita:
1389 4763 1816 4819 criminationem
1871 4763 1952 4815 his
2005 4763 2220 4828 verbis,

628 4890 647 4924 ι
704 4867 894 4925 eadem
948 4877 1138 4919 omnes
1192 4857 1499 4927 congregati
1550 4856 1749 4924 quiete,
1808 4871 1910 4925 qua
1960 4856 2148 4924 singuli
2193 4875 2211 4907 ι

621 4962 835 5021 diluat?
863 4961 1061 5014 Verum
1107 4954 1151 5007 si
1187 4952 1306 5021 quis
1335 4951 1404 5004 sit
1425 4949 1492 5003 de
1533 4963 1656 5002 vera
1691 4948 1777 5001 illa
1803 4948 2033 5001 lectione
2059 4947 2216 5001 dubi-

621 5056 771 5112 tandi
813 5055 983 5113 locus,
1035 5054 1224 5101 auctor
1251 5054 1430 5098 tamen
1483 5049 1665 5095 noster
1715 5040 2051 5109 apertissime
2097 5055 2220 5109 pro-

626 5148 871 5209 nuntiat,
904 5141 1200 5210 probatque
1225 5136 1561 5190 Christianos
1587 5149 1694 5187 non
1742 5132 1939 5188 illicita:
1973 5131 2220 5188 factionis

623 5242 728 5300 dici
762 5252 919 5312 posse
947 5233 1211 5290 homines.

695 5329 1012 5390 Tertulliani
1064 5339 1226 5397 porro
1255 5322 1327 5378 ibi
1365 5321 1454 5377 ille
1485 5321 1677 5390 premit
1703 5320 1941 5391 vestigia,
1971 5321 2058 5390 qui
2092 5336 2220 5375 neu—

625 5430 826 5498 tiquam
867 5423 1335 5480 Christianorum,
1390 5415 1486 5471 sed
1541 5415 1896 5484 ipsornmmet
1922 5414 2214 5470 Gentilium

625 5522 863 5579 illicitam
897 5517 1180 5571 factionem
1231 5525 1352 5566 esse
1406 5508 1618 5578 planius
1671 5508 1860 5578 hisque
1902 5508 2080 5562 verbis
2123 5509 2217 5563 de—

623 5621 928 5674 monstrat:
965 5629 983 5663 ι
1014 5608 1141 5664 Haec
1190 5605 1351 5661 coitio
1388 5603 1815 5658 Christianorum
1848 5602 2039 5656 merito
2089 5615 2218 5656 sane

623 5709 831 5773 illicita,
882 5704 928 5760 si
980 5699 1178 5755 illicitis
1215 5712 1352 5767 par:
1386 5695 1581 5750 merito
1633 5693 1971 5757 damnanda,
2021 5694 2066 5747 si
2112 5709 2217 5747 non

621 5801 895 5864 diSsimilis
927 5792 1286 5854 damnandis:
1314 5792 1359 5849 si
1385 5789 1506 5863 quis
1553 5788 1623 5844 de
1665 5808 1728 5851 ea
1756 5789 1996 5861 queritur
2037 5803 2103 5844 eo
2154 5789 2222 5845 ti-

2325 4679 2602 4734 modestia)
2629 4678 2785 4746 signo
2815 4673 3222 4744 dignoscebant.
3275 4671 3346 4724 De
3374 4670 3584 4723 illorum
3620 4666 3922 4722 innocentia

2323 4788 2388 4828 ex
2423 4773 2678 4825 hactenus
2705 4766 2893 4830 dictis,
2926 4775 2975 4820 et
3020 4764 3158 4818 infra
3184 4761 3358 4816 adhuc
3395 4760 3638 4815 dicendis
3689 4766 3920 4822 constat,

2324 4861 2779 4933 quemadmodum
2813 4870 2865 4914 et
2892 4857 2960 4911 de
2996 4854 3308 4911 earumdem
3353 4853 3623 4922 prmcipuc
3662 4853 3713 4906 in
3742 4851 3928 4906 Eccle-

2320 4957 2397 5011 sia
2427 4955 2857 5016 consistenlittm,
2893 4950 2978 5006 vel
3009 4953 3073 5005 ad
3103 4965 3221 5005 eam
3251 4948 3577 5002 venientium
3626 4945 3886 5000 modeStia
3907 4988 3923 5010 ,

2319 5065 2384 5104 ex
2437 5049 2500 5102 iis
2531 5063 2648 5117 qua!
2677 5047 2730 5099 in
2770 5043 3064 5099 Clementis
3092 5041 3453 5098 Alexandrini
3496 5039 3664 5094 libros
3700 5048 3931 5094 annota-

2319 5140 2495 5193 vimus
2523 5137 2718 5210 (Tom.
2751 5153 2768 5191 ι
2819 5137 3071 5208 Apparal.
3107 5135 3196 5190 lib.
3247 5150 3326 5200 ιιι,
3358 5133 3576 5188 Dissert.
3620 5134 3669 5199 1,
3707 5149 3827 5202 cap.
3859 5132 3926 5200 6,

2323 5243 2423 5285 art.
2452 5231 2506 5295 4,
2543 5247 2663 5300 pag.
2697 5228 2849 5299 715).
3636 5220 3640 5223 ’

2398 5322 2475 5377 Ad
2500 5334 2829 5391 postremum
2860 5320 3074 5376 tandem
3123 5319 3360 5386 Cmcilii,
3411 5320 3478 5374 de
3533 5330 3714 5375 mutua
3765 5319 3929 5375 Chri-

2321 5417 2615 5470 stianorum
2645 5413 2961 5480 dilectione,
2994 5414 3298 5470 convicium
3328 5413 3623 5482 respondet
3661 5411 3926 5467 Minucius

2322 5508 2655 5564 Christianos
2704 5516 2891 5561 mutuo
2936 5517 2988 5561 ct
3034 5509 3249 5562 sincero
3303 5521 3489 5560 amore
3531 5521 3654 5561 sese
3701 5506 3927 5576 diligere

2323 5613 2433 5659 tum
2467 5605 2588 5673 quia
2622 5603 2757 5658 alios
2786 5602 2966 5657 odisse
2997 5618 3102 5656 non
3139 5610 3420 5663 noverant,
3459 5611 3571 5652 tmn
3599 5599 3762 5653 etiam
3805 5601 3926 5670 quia

2324 5696 2482 5750 unius
2505 5695 2739 5764 parentis
2761 5695 2972 5760 fratres,
3007 5702 3063 5747 nt
3093 5694 3253 5748 etiam
3296 5693 3503 5747 dixerat
3528 5691 3924 5756 Tertullianus,

2323 5797 2671 5847 etconsortes
2711 5787 2872 5857 ﬁdei,
2917 5787 3140 5860 speique
3186 5785 3503 5842 cohaerech
3545 5793 3726 5842 erant.
3760 5783 3932 5842 Instat
