4264 6258
379 322 481 379 521

383 455 514 496 vero
543 440 800 497 Octavius
829 441 990 508 hunc,
1015 447 1104 515 qui
1126 450 1341 504 maximi
1378 451 1617 520 profecto
1639 458 1986 512 :estimamlus

383 541 508 599 est,
539 543 782 588 tnntumn
826 551 1067 592 amorem
1113 541 1444 600 abEthnicis
1474 550 1811 616 exprobrari.
1863 555 1983 624 quia

389 643 410 678 ι
450 627 502 681 in
536 637 741 695 nmtua,
775 647 794 681 ι
822 630 977 685 sicuti
1009 648 1103 687 eos
1125 635 1451 703 alloquendo
1479 653 1755 697 asse-verat
1775 685 1790 709 ,
1819 663 1838 696 ‹
1865 648 1985 701 odia

384 720 629 786 Sn-vitlS;
678 737 777 778 nec
802 722 997 780 fratres
1026 742 1150 792 vos,
1187 729 1286 784 nisi
1336 732 1490 796 plane
1537 734 1603 789 ad
1645 752 1769 805 parr
1788 737 1982 794 citlitnn

385 817 810 886 recognoscitis,
847 838 864 870 ι
902 821 983 873 vel
1019 832 1076 875 tit
1122 839 1246 878 mox
1280 824 1526 881 laudatus
1569 846 1597 882 a
1650 830 1802 885 nobis
1856 831 1986 886 Ter-

386 909 643 966 tullianus
685 910 796 973 ait,
833 931 851 963 ι
885 912 950 966 ad
983 915 1334 970 occidemlmn
1387 919 1702 975 alterutrum
1752 924 1985 992 paratio-

383 1019 639 1060 res.......
683 1005 827 1075 quod
860 1006 998 1075 apud
1052 1007 1198 1078 ipses
1248 1025 1408 1065 omne
1462 1014 1734 1082 sanguinis
1787 1030 1981 1071 nomen

383 1097 450 1154 de
475 1097 761 1155 affectioiie
805 1099 1110 1155 simulatum
1154 1121 1172 1153 ι
1205 1101 1573 1172 (Τενιιιιιὶωι.,
1603 1106 1698 1160 loc.
1742 1109 1879 1175 cit.).
1916 1111 1986 1164 At

385 1190 454 1247 de
503 1193 585 1246 his
638 1191 809 1250 fusius
841 1193 893 1247 in
945 1203 1126 1248 nostra
1154 1195 1219 1247 ad
1256 1194 1396 1252 hunc.
1421 1197 1736 1253 Tertulliani
1786 1199 1980 1255 librum

382 1283 762 1340 dtssertatione
793 1283 1127 1356 (Tcrtulliau.
1152 1287 1443 1360 Apologct.,
1465 1307 1583 1360 cap.
1606 1290 1697 1358 39,
1720 1308 1839 1362 pug.
1864 1292 1979 1361 53).

382 1377 601 1434 Interim
633 1394 763 1434 vero
807 1379 876 1434 de
919 1379 1006 1434 illa
1054 1379 1286 1438 lraterna
1338 1383 1760 1439 Christi-uorum
1807 1388 1983 1440 chari-

382 1481 518 1538 tate,
583 1485 639 1527 et
690 1473 914 1528 fratrum
969 1474 1222 1542 nomine,
1281 1477 1480 1534 videsis
1549 1478 1840 1535 Lttcianum
1913 1480 1983 1537 de

379 1565 547 1621 Morte
581 1566 878 1637 Peregrini,
911 1583 1029 1637 pag.
1058 1568 1197 1635 996,
1248 1585 1312 1627 ac
1350 1571 1393 1626 si
1424 1571 1638 1639 lubeat,
1694 1588 1754 1628 ea
1787 1589 1906 1645 qua:
1949 1589 1979 1628 ιι

378 1658 534 1714 nobis
559 1668 691 1714 tom.
721 1675 905 1731 super.
951 1677 1071 1733 pag.
1121 1663 1250 1730 475,
1283 1679 1346 1721 ac
1375 1681 1495 1738 pag.
1532 1666 1670 1733 999,
1695 1666 1978 1723 observata

378 1759 526 1807 sunt.

991 1910 1282 1952 ARTICULUS
1320 1910 1380 1952 ll.

381 2024 500 2096 Quo
527 2029 651 2100 jure
698 2027 931 2085 Caicilius
975 2031 1160 2087 dixerit
1210 2034 1402 2104 templa
1454 2043 1710 2105 tamquam
1747 2037 1894 2090 busta
1947 2054 1979 2090 (ι

453 2119 761 2176 Christianis
785 2123 996 2193 despici.
1027 2126 1270 2197 nullaque
1296 2127 1420 2196 ipsis
1437 2143 1543 2182 esse
1568 2129 1776 2192 templa,
1809 2129 1979 2184 nullas

446 2232 589 2280 aras,
641 2216 784 2270 nulla
826 2228 948 2271 nota
988 2218 1297 2285 simulacra,
1327 2230 1375 2275 et
1410 2221 1598 2290 inepta:
1636 2221 1976 2275 recentiorum

446 2305 893 2364 Iconoclasturuin
924 2311 1273 2367 cavillationes
1296 2313 1620 2384 refelluntur.

449 2513 834 2572 Gravissimum
882 2514 1126 2586 profecto
1171 2517 1374 2572 crimen
1415 2515 1542 2570 illud
1575 2515 1794 2572 Czecilio
1825 2516 1976 2570 vide-

378 2611 554 2672 batur,
602 2608 744 2678 quod
774 2607 1065 2663 Christiani
1101 2609 1300 2679 templa
1340 2610 1442 2663 diis
1482 2610 1758 2680 gentilium
1801 2610 1975 2664 dicata

378 2717 482 2758 non
529 2717 687 2758 secus
728 2717 793 2756 ac
839 2703 990 2757 busm
1017 2701 1395 2769 deSpicerent:
1434 2722 1453 2753 ι
1489 2702 1708 2774 Templa
1733 2746 1748 2771 ,
1797 2705 1977 2760 aiebat

377 2798 488 2862 ille,
513 2807 572 2853 ut
596 2799 775 2862 busta,
807 2817 826 2850 ι
858 2797 908 2852 id
947 2807 1060 2864 est,
1094 2809 1153 2853 ut
1190 2799 1465 2854 hominum
1513 2811 1846 2855 mortuorum
1891 2817 1974 2857 se-

376 2890 600 2962 pulchra
625 2902 1005 2957 aspernantur.
1035 2891 1290 2958 Quamvis
1319 2891 1462 2946 enim
1497 2908 1600 2946 vox
1637 2912 1653 2944 ι
1697 2897 1908 2948 bustum
1951 2914 1968 2946 ι

378 3001 407 3039 a
437 2985 608 3042 verbo
635 3002 728 3040 ιιι-ο
755 2985 1050 3049 derivetur,
1085 3001 1148 3041 ac
1186 2986 1384 3053 locum,
1423 2987 1474 3041 in
1501 3003 1609 3058 quo
1641 2999 1974 3044 mortuorum

375 3093 606 3142 corpora
649 3081 892 3136 comburi
942 3080 1218 3146 solebant,
1265 3083 1515 3152 primitus
1553 3083 1971 3151 signiﬁcaverit;

374 3172 510 3227 Solet
537 3182 712 3229 tamen
732 3189 762 3228 a
792 3173 973 3243 probis
999 3174 1306 3229 auctoribus
1336 3189 1433 3245 pro
1458 3176 1762 3241 sepulchro.
1787 3192 1974 3246 quem-

375 3266 669 3322 admodum
725 3266 812 3322 hic
861 3269 930 3323 ab
959 3279 1180 3324 auctore
1211 3280 1417 3331 nostro,
1448 3271 1716 3340 usurpari.
1752 3269 1968 3326 Testem
1997 3245 2042 3306 C

374 3361 660 3430 quemdam
712 3360 757 3414 si
806 3360 1079 3431 postules,
1139 3361 1564 3429 Tertulliannm,
1619 3381 1680 3417 ex
1726 3381 1832 3432 quo
1874 3380 1968 3420 sua

374 3449 638 3507 Minucius
676 3451 917 3507 hausisse
953 3452 1188 3518 videtur,
1219 3453 1310 3507 tibi
1343 3454 1395 3508 in
1430 3454 1661 3509 medium
1693 3456 1836 3511 illico
1876 3456 1970 3511 ad—

374 3541 664 3608 ducemus,
703 3543 792 3612 qui
828 3543 1072 3598 Etlmicis
1099 3554 1256 3599 antea
1287 3545 1536 3600 dixerat:
1585 3565 1602 3597 ι
1645 3546 1751 3602 Nec
1795 3548 1970 3604 minus

374 3634 596 3703 templa.
630 3648 787 3704 quam
828 3646 1175 3690 monumenta
1199 3635 1522 3703 chpieimus
1557 3654 1574 3689 ι
1609 3636 1852 3707 (Tertull.
1880 3639 1970 3694 lib.

374 3725 440 3778 de
468 3724 763 3794 Spectanti.
800 3742 911 3796 rap.
962 3725 1077 3797 15).
1131 3725 1295 3782 Vides
1325 3743 1455 3782 sane
1486 3749 1504 3778 ι
1538 3728 1812 3783 bustorum
1851 3748 1868 3782 ι
1896 3731 1972 3785 si-

375 3817 774 3889 gniﬁcatioxiem
814 3819 960 3874 clare
983 3819 1236 3889 explicui
1265 3835 1294 3872 a
1316 3818 1670 3884 Tertulliano,
1714 3820 1779 3873 ab
1799 3836 1970 3889 eoque

376 3911 684 3966 conﬁrmari
713 3910 935 3966 deorum
964 3912 1156 3979 templa
1185 3927 1215 3964 a
1240 3909 1564 3964 Christianis
1591 3909 1814 3979 despici.
1844 3923 1970 3965 Iam-

375 4019 538 4076 quam
565 4002 942 4058 defunctorum
994 4003 1269 4058 lmminutn
1313 4003 1618 4074 sepulchra.
1665 4003 1858 4072 Quidni
1907 4018 1968 4058 ca

373 4096 518 4151 hunc
585 4095 636 4150 in
708 4095 924 4150 modum
983 4095 1469 4164 contempsiSSt-nt,
1539 4112 1659 4149 cum
1721 4093 1970 4149 Clemens

373 4188 794 4252 Alexandrinos,
821 4197 876 4242 et
912 4188 1038 4251 alii,
1071 4187 1208 4242 sicut
1233 4187 1359 4242 alibi
1386 4187 1788 4247 atmotarimus,
1836 4185 1968 4240 dco-

374 4297 490 4337 rum
523 4281 719 4351 templa
747 4295 869 4336 esse
920 4295 1111 4351 reapse
1163 4291 1500 4334 mortuorum
1550 4277 1832 4332 hominum
1883 4293 1970 4333 sc-

374 4375 596 4446 pulchra
626 4373 1116 4431 demonstraverit?
1144 4373 1327 4442 (Tom.
1361 4374 1410 4429 1.
1443 4377 1690 4444 Apparat.
1743 4371 1829 4426 lib.
1878 4388 1967 4438 ιιι,

373 4468 576 4525 dissert.
611 4470 662 4527 1.
690 4485 808 4540 cap.
833 4469 887 4534 7,
912 4478 1013 4522 art.
1038 4469 1091 4534 5,
1117 4485 1235 4539 pag.
1267 4468 1337 4521 Ἠ
1379 4509 1392 4534 ,
1425 4478 1469 4522 et
1495 4467 1658 4538 seqq.)

443 4563 625 4618 Altera
652 4561 851 4617 Camilli
881 4563 1211 4634 querimonia
1250 4561 1660 4631 criminatioque
1691 4559 1790 4614 fuit
1813 4601 1828 4624 ,
1861 4575 1967 4614 non

1748 340 2216 400 DISSICRTATIO.

3580 378 3684 432 52:!

2015 461 2059 517 Α
2089 475 2230 521 aras,
2266 463 2405 517 nulla
2430 466 2735 536 simulacra,
2794 473 2956 530 immo
2996 492 3094 533 nec
3137 480 3239 534 ulla
3283 486 3442 540 etiam
3487 496 3682 560 templa

2091 566 2152 604 ac
2183 551 2424 608 delubra.
2453 559 2558 612 Cur
2583 572 2758 616 autem
2790 580 2848 619 ea
2877 569 3053 623 omnia
3087 586 3192 626 non
3223 573 3522 646 halmerint,
3547 551 3681 640 laute

2093 641 2181 697 ille
2205 645 2377 700 reddit
2403 651 2694 707 ratiOnem:
2720 673 2737 706 ι
2766 656 2972 714 Putatis
2995 677 3092 715 nos
3113 667 3402 731 orettltare,
3419 641 3558 741 quod
3589 693 3652 730 co
3672 708 3684 717 -

2091 734 2281 801 limus,
2310 741 2354 793 si
2398 742 2620 799 delubra
2658 755 2859 805 claras
2902 767 3004 805 non
3042 755 3317 814 habenms.
3353 734 3503 830 Quod
3535 770 3679 824 enim

2088 827 2430 885 simulacrum
2466 833 2574 888 Deo
2601 836 2828 908 ﬁngam,
2860 857 2979 896 cmn
3010 845 3052 898 si
3087 858 3232 903 recte
3270 827 3542 909 existimas
3569 901 3582 923 ,
3612 862 3683 916 sit

2090 918 2182 974 Dei
2240 921 2401 978 homo
2456 925 2570 994 ipse
2639 929 3029 990 simulacrum?
3089 938 3366 1010 Templum
3423 918 3580 1018 quod
3632 956 3682 1008 ci

2086 1022 2350 1082 extruam,
2390 1034 2511 1073 cum
2560 1031 2701 1078 totus
2734 1025 2819 1081 hic
2862 1032 3088 1086 nmudus
3117 1035 3232 1104 ejus
3263 1053 3420 1107 opera
3451 1044 3681 1101 fabrica-

2087 1113 2192 1170 tus,
2233 1125 2354 1163 eum
2399 1127 2592 1182 capere
2633 1133 2736 1172 non
2775 1124 2978 1189 possit?
3036 1126 3102 1181 Et
3146 1144 3265 1183 cum
3314 1131 3474 1189 homo
3525 1138 3682 1193 latius

2087 1216 2353 1269 maneam,
2385 1205 2519 1261 intra
2556 1211 2836 1269 :ediCulam
2868 1218 2971 1272 vim
2997 1232 3158 1277 tanta:
3189 1226 3480 1294 majestatis
3505 1231 3680 1287 inelu—

2084 1293 2242 1347 dam?
2278 1315 2296 1348 ι
2332 1296 2453 1353 Hmc
2483 1301 2665 1357 ultima
2705 1306 2773 1361 de
2800 1313 2997 1380 templo
3042 1315 3201 1370 verba
3227 1293 3292 1374 es
3323 1322 3421 1376 boc
3449 1334 3683 1382 auctoris

2085 1387 2252 1441 nostri
2286 1388 2402 1444 loco
2429 1397 2763 1466 transcripsit
2786 1441 2801 1466 ,
2834 1410 2993 1473 atque
3023 1406 3142 1462 ideo
3185 1413 3428 1479 probavit
3465 1417 3683 1489 Cypria-

2085 1493 2187 1533 nus
2214 1480 2404 1553 (Cypr.
2435 1485 2500 1539 de
2528 1485 2668 1545 ldol.
2717 1489 2884 1548 Venit.
2918 1511 3036 1567 pag.
3070 1499 3180 1570 15).

2157 1611 2403 1671 ΔΕιΙίιειιΙει
2434 1629 2634 1689 autem,
2655 1635 2705 1679 ut
2736 1627 2786 1682 id
2813 1629 2986 1686 obiter
3016 1644 3355 1707 annotemus,
3375 1651 3680 1705 eratsaecl-

2083 1705 2472 1808 lum-aliquod,
2507 1716 2621 1772 sive
2651 1735 2818 1776 sacrm
2844 1724 3069 1795 alicujus
3097 1730 3228 1786 tedis
3255 1705 3516 1807 appendix
3540 1783 3555 1808 ,
3590 1757 3682 1801 aut

2059 1798 2523 1872 loculamentum,
2559 1808 2646 1864 ubi
2679 1812 2768 1868 Dei
2800 1816 3024 1888 alicujus
3045 1798 3388 1885 simulacrum
3417 1844 3465 1888 et
3502 1798 3680 1908 imago

2082 1893 2464 1954 Collocabatur.
2497 1901 2647 1958 Unde
2667 1904 2858 1964 Cicero
2891 1927 2903 1962 ε
2943 1931 2962 1963 ι
2992 1912 3150 1980 Quid,
3179 1918 3366 1989 inquit,
3392 1939 3510 1981 cum
3537 1893 3678 1986 Licio

2082 1986 2168 2041 nia
2199 1987 2346 2060 virgo
2371 1990 2713 2052 Vt-stalis.....
2738 2000 2923 2069 Aram,
2953 2017 3006 2060 et
3032 2009 3332 2080 tediculam,
3356 2027 3410 2072 et
3435 2022 3682 2090 pulvinar

2079 2081 2180 2136 sub
2210 2099 2340 2137 saxo
2369 2099 2523 2142 sacro
2547 2088 3071 2167 dedicasset?i(Cic.
3103 2101 3248 2157 Orat.
3277 2105 3367 2172 29,
3390 2081 3483 2179 pro
3514 2113 3679 2171 Domo

2079 2190 2191 2240 sua,
2227 2191 2346 2248 pag.
2374 2179 2498 2235 4‘27.
2531 2181 2552 2254 )
2591 2185 2844 2255 Apuleius
2882 2207 3010 2246 vero
3043 2211 3053 2246 :
3093 2213 3112 2245 ι
3143 2196 3197 2250 In
3233 2197 3350 2267 ipso
3381 2205 3678 2264 meditullio

2080 2269 2339 2339 llippome
2357 2272 2472 2328 dea:
2492 2277 2838 2335 simulacrum
2864 2286 3107 2342 residens
3135 2290 3378 2347 a-diculae
3403 2314 3421 2347 ι
3438 2298 3668 2365 (Apulei.

2081 2363 2170 2418 lib.
2197 2380 2253 2419 ιιι
2311 2365 2547 2433 Melum”
2579 2371 2680 2425 sub
2710 2374 2851 2446 ﬁu.).
2887 2377 3124 2448 Denique
3158 2392 3213 2436 ut
3251 2384 3479 2442 Plinium
3511 2363 3672 2448 omit-

2081 2462 2284 2523 tamus,
2341 2469 2488 2514 certe
2544 2461 2938 2535 Tertullianus,
2993 2474 3440 2538 quemadmodum
3491 2495 3680 2542 auctor

2079 2559 2280 2617 noster,
2340 2554 2531 2623 templa
2576 2571 2669 2612 seu
2717 2558 2961 2628 delubra,
2996 2581 3117 2619 aras
3164 2578 3218 2623 et
3255 2573 3535 2632 tedtculmn
3593 2582 3680 2636 his

2079 2641 2258 2697 verbis
2300 2641 2544 2698 distinxit
2577 2664 2590 2700 :
2624 2666 2641 2698 ι
2670 2647 2781 2704 Nec
2814 2652 2958 2708 enim
2997 2655 3175 2712 differt
3202 2676 3268 2714 an
3296 2675 3518 2720 extruas
3544 2711 3558 2735 ,
3591 2675 3678 2728 vel

2077 2747 2327 2801 eXornes,
2358 2736 2400 2788 si
2435 2739 2727 2807 templum,
2759 2742 2802 2796 si
2847 2759 3030 2812 aram,
3075 2750 3119 2803 si
3148 2751 3424 2810 ardiculam
3450 2761 3565 2828 ejus
3597 2765 3677 2816 in—

2078 2828 2342 2928 struxeris
2367 2828 2765 2900 ι(Τρι·ιυΙΙί;ιιι.,
2793 2836 2885 2893 lib.
2913 2839 2979 2894 de
3006 2841 3147 2898 ldol.
3172 2862 3291 2916 cap.
3313 2851 3367 2917 8,
3387 2866 3499 2922 pag.
3528 2857 3672 2928 107).

2079 2917 2460 2976 Verumtamen
2511 2933 2734 2994 uterque
2786 2931 3065 2998 quodlibet
3121 2917 3399 3008 templum-
3431 2917 3677 3017 designat

2078 3010 2320 3067 radicula:
2350 3015 2586 3082 nomine,
2611 3033 2719 3088 quo
2740 3021 2953 3090 quidem
2984 3025 3183 3084 idcirco
3200 3032 3384 3099 utitur,
3406 3046 3459 3089 ttt
3483 3010 3672 3095 melius

2077 3105 2547 3178 ostendatquanto
2574 3112 2780 3168 inﬁnita
2824 3116 2913 3172 Dei
2948 3120 3227 3190 majestate
3279 3127 3458 3186 minus
3507 3153 3672 3204 angn-

2076 3199 2316 3271 stiusqne
2340 3201 2426 3256 sit.

2149 3335 2260 3389 Alia
2312 3336 2489 3408 itaque
2519 3337 2781 3398 Minucius
2823 3360 2886 3400 ac
2913 3345 3068 3422 longe
3112 3359 3482 3421 praesmntiora
3513 3362 3670 3418 (Ito-i-

2075 3430 2284 3498 stianis,
2313 3448 2470 3502 quam
2518 3434 2748 3493 ethnicis
2771 3441 2990 3510 templa,
3031 3444 3275 3516 delubra,
3307 3453 3516 3520 altaria,
3548 3473 3670 3513 aras

2075 3531 2129 3578 ct
2159 3524 2402 3579 victimas
2422 3567 2437 3593 ,
2466 3528 2679 3599 aliaque
2709 3531 2866 3599 longe
2893 3538 3184 3594 saeratiora
3214 3547 3474 3599 sacriﬁcia
3509 3549 3674 3604 fuisse

2078 3615 2389 3672 testiﬁcatur
2421 3636 2433 3670 :
2474 3637 2492 3671 ι
2526 3619 2737 3688 Nonne,
2774 3623 2935 3689 Deus,
2968 3627 3158 3700 inqttit,
3191 3635 3382 3691 melius
3410 3639 3460 3693 itt
3485 3654 3667 3698 nostra

2075 3705 2402 3765 dedicandus
2433 3721 2514 3764 est
2544 3722 2722 3768 mente
2747 3755 2762 3778 ,
2799 3715 2850 3768 in
2895 3729 3081 3775 nostro
3121 3722 3230 3778 imo
3273 3734 3673 3789 consecrandus

2075 3808 2156 3854 est
2178 3802 2432 3869 pectore?
2482 3803 2695 3859 llostias
2746 3816 2801 3861 et
2854 3809 3097 3868 victimas
3141 3815 3368 3872 Domino
3425 3823 3667 3889 oll‘ermn,

2075 3907 2208 3961 quas
2249 3893 2302 3947 io
2335 3909 2486 3948 usum
2521 3897 2625 3949 mei
2660 3899 2904 3967 protulit,
2941 3911 2998 3955 ut
3027 3903 3264 3970 rejiciam
3293 3910 3340 3964 ei
3371 3925 3523 3965 Stttttn
3555 3933 3669 3970 lllli-

2077 3985 2214 4039 nus?
2247 3985 2512 4056 Ingratum
2543 3997 2645 4051 est,
2675 4004 2795 4042 cum
2825 3990 2893 4044 sit
2919 3992 3136 4047 litabilis
3167 3994 3339 4052 hostia
3365 4003 3534 4059 bonus
3554 4010 3673 4060 ani-

2077 4093 2213 4142 tnns,
2243 4090 2295 4132 ct.
2323 4095 2451 4147 pura
2490 4096 2642 4133 mens
2668 4091 2721 4134 et
2762 4082 2970 4138 sincera
3009 4089 3354 4145 conscientia.
3391 4094 3552 4163 Igitur
3577 4102 3667 4168 qui

2077 4169 2432 4223 innocentiam
2465 4169 2612 4233 colit,
2656 4170 2881 4226 Domino
2919 4174 3215 4243 supplicat;
3267 4183 3353 4249 qui
3380 4183 3666 4252 justitiam,

2079 4261 2184 4315 Deo
2209 4261 2368 4326 libat;
2405 4262 2492 4330 qui
2540 4261 2810 4318 fraudibus
2859 4265 3114 4332 abstinet,
3170 4275 3418 4342 propitiat
3466 4278 3665 4346 Deum;

2074 4353 2160 4421 qui
2203 4351 2474 4408 hominem
2515 4353 2755 4423 periculo
2797 4355 3048 4428 subripit,
3098 4363 3351 4429 optimam
3398 4369 3668 4428 victimam

2073 4443 2250 4498 czcdit.
2279 4443 2402 4498 lhrc
2427 4455 2603 4499 nostra
2634 4448 2915 4508 sacriﬁcia.
2950 4451 3066 4505 inec
3110 4451 3197 4507 Dei
3229 4470 3379 4513 sacra
3409 4473 3594 4516 suum

2143 4536 2602 4601 Quemadmodum
2627 4549 2802 4593 autem
2832 4539 3049 4596 Caecilio
3077 4543 3352 4614 Octavius,
3387 4551 3454 4603 ila
3484 4552 3673 4624 Orige-

371 4655 546 4709 solu-n
574 4654 796 4709 deorum
831 4629 1025 4720 templa
1049 4669 1078 4704 a
1107 4651 1425 4707 Christianis
1449 4629 1750 4713 contemni,
1784 4666 1966 4706 rerum
1998 4641 2047 4701 D
2075 4644 2168 4683 "es
2193 4629 2352 4684 celso
2381 4629 2558 4684 “idem
2596 4630 2835 4698 eumicoo
2880 4648 2945 4689 ³ο
2976 4635 3164 4694 θηάθιιι
3185 4681 3199 4700 ν
3238 4649 3294 4694 ιιι
3343 4645 3496 4712 paulo
3543 4661 3671 4705 ante

372 4745 537 4800 etiam
564 4745 689 4811 illis,
715 4753 773 4799 ut
797 4744 1038 4800 securius
1060 4745 1311 4817 myStet-ia
1345 4759 1437 4799 sua
1466 4744 1815 4804 occultarent,
1850 4742 1969 4796 nul-

374 4837 426 4893 la
470 4851 592 4893 esse
635 4837 854 4905 templa,
905 4837 1078 4892 nullas
1132 4852 1276 4902 aras,
1336 4835 1585 4906 nullaque
1637 4835 1964 4890 simulacra:

370 4930 538 4994 Audi,
569 4946 770 5001 quieso,
800 4932 1071 5000 quomodo
1102 4931 1191 4985 ille
1235 4929 1351 4999 ip~e
1378 4929 1445 4984 de
1475 4929 1538 4983 iis
1571 4939 1964 4998 eunqueratur:

380 5043 398 5076 ι
431 5022 541 5078 Cur
577 5023 753 5078 nullas
790 5038 912 5078 aras
960 5022 1178 5088 habent,
1226 5021 1417 5089 templa
1461 5021 1598 5074 lltlllzt
1623 5063 1637 5085 ,
1667 5020 1806 5073 tinlla
1844 5030 1968 5074 uota

371 5115 903 5172 sitnulacra.....Nisi
927 5115 1079 5181 illud,
1104 5115 1244 5183 quod
1271 5114 1473 5178 colunt,
1493 5123 1548 5169 et
1569 5113 1965 5182 intct'pritmmt,

371 5222 463 5264 aut
495 5208 820 5279 puniendum
849 5221 952 5272 est,
985 5217 1076 5262 aut
1109 5205 1459 5278 pudendum?
1496 5225 1512 5257 ι
1565 5204 1749 5259 Nonne
1789 5213 1968 5259 autem

369 5301 558 5370 eadem
585 5313 666 5357 est
696 5299 838 5370 apud
861 5299 1144 5371 Origenem
1175 5299 1313 5353 Celsi
1337 5297 1534 5354 etlmici
1554 5297 1790 5366 querela,
1810 5295 1969 5350 Chri-

371 5396 576 5450 stianos
607 5394 904 5450 incusantis
933 5409 1168 5448 ararum.
1199 5402 1517 5455 statuarum,
1546 5391 1970 5458 templorumquc

371 5486 738 5543 dedicationes
758 5528 774 5554 ,
797 5502 895 5542 seu
927 5487 1104 5556 potius
1140 5484 1433 5556 positiones
1455 5524 1468 5547 ,
1510 5493 1560 5535 et
1587 5477 1969 5534 collocationes

372 5579 596 5652 fugere?
643 5590 858 5654 βωμοὺς,
887 5583 968 5636 καὶ
997 5581 1381 5650 ἀγᾶιλμιταμαὶ
1405 5585 1509 5636 νεὼς
1543 5577 1755 5642 ἱῖρῦτθκι
1791 5577 1970 5641 φεύγειν

376 5674 552 5750 (Orig.
580 5675 674 5731 lib.
707 5691 820 5741 Vttt,
846 5686 1008 5730 contr.
1041 5672 1173 5729 Cels.
1207 5687 1325 5742 pag.
1349 5667 1502 5738 559).

447 5771 586 5840 Qllid
640 5786 766 5842 ergo
808 5781 962 5839 putas
1009 5765 1296 5823 Minucium
1340 5761 1404 5814 ad
1447 5760 1583 5813 lnmc
1634 5755 1974 5827 respondisse

373 5864 771 5924 accttsationem
793 5865 815 5918 ?
838 5862 990 5920 Ultro
1015 5859 1260 5917 concedit
1278 5855 1452 5914 nullas
1475 5852 1636 5910 fuisse
1659 5850 1754 5906 Clu
1771 5849 1978 5908 istizmis

619 5959 900 6031 Ριτιιοι.
956 5955 1070 6022 Ill.

2072 4720 2383 4777 dicebamus
2408 4762 2423 4788 ,
2455 4721 2727 4791 objiciettti
2764 4727 3092 4796 respondet,
3127 4729 3273 4786 illum
3309 4751 3412 4791 non
3453 4740 3665 4808 videre,

2071 4821 2147 4868 ὅτι
2177 4825 2356 4884 βωμοὶ,
2394 4831 2412 4864 ι
2439 4814 2578 4884 quod
2610 4829 2717 4869 arte
2747 4835 2793 4879 ι,
2846 4819 3134 4888 unicuique
3161 4833 3403 4881 nostrmn
3449 4832 3519 4884 sit
3550 4833 3666 4903 ipsa

2078 4923 2096 4958 ι
2125 4923 2276 4962 mens
2307 4923 2424 4974 sua,
2458 4923 2520 4963 ex
2552 4923 2652 4977 qua
2687 4926 2705 4958 ι
2742 4924 2955 4965 sursum
2987 4910 3228 4967 feruntur
3257 4933 3382 4974 vere
3415 4923 3672 4993 intelligi-

2073 5010 2202 5064 biles
2221 5022 2284 5061 ac
2301 5004 2681 5059 suaveolentt-s
2696 5003 2927 5061 sufﬁtus.
2973 5020 3267 5077 precesque
3290 5025 3354 5064 ex
3381 5027 3508 5080 pura
3535 5032 3638 5072 con
3654 5050 3678 5061 η

2071 5100 2290 5155 scipmia
2313 5083 2607 5167 ελγάλματα
2622 5099 2669 5146 δὲ
2687 5099 2770 5147 καὶ
2798 5104 3036 5165 πρέποντι
3057 5105 3174 5170 Θεῷ.
3204 5103 3285 5154 eius
3316 5107 3406 5156 imo
3420 5115 3672 5175 βαναύσου

2073 5210 2292 5263 τεχνιτῶν
2335 5197 2764 5256 κατεσκευασμένα.
2813 5205 2831 5238 ι
2863 5189 3160 5244 Simulacra
3205 5202 3382 5247 autem
3431 5198 3539 5252 Deo
3589 5203 3670 5257 di-

2073 5284 2240 5339 canda
2270 5292 2392 5337 sunt
2420 5295 2526 5335 non
2554 5279 2823 5333 labrorum
2846 5294 3008 5344 Opera
3027 5321 3042 5343 ,
3069 5283 3162 5335 sed
3196 5298 3222 5335 a
3256 5286 3421 5340 verbo
3453 5289 3541 5345 Dei
3571 5294 3640 5351 de
3659 5322 3672 5337 ε

2073 5375 2273 5435 dolata,
2322 5372 2654 5440 formataqnc
2699 5370 2749 5423 in
2807 5368 2992 5434 nobis,
3040 5370 3289 5428 videlicet
3326 5377 3570 5449 virtutes,
3604 5387 3667 5440 ad

2070 5467 2422 5524 imitationem
2457 5461 2795 5532 primogeniti
2831 5459 2992 5515 totius
3016 5474 3302 5532 creatum,
3337 5468 3386 5522 in
3416 5487 3522 5541 quo
3546 5492 3671 5531 sunt

2066 5560 2316 5631 iustitia},
2343 5555 2709 5624 temperantia:
2729 5594 2743 5616 ,
2771 5552 3094 5609 fortitudinis
3117 5597 3133 5622 ,
3166 5560 3444 5628 sapientia;
3467 5605 3480 5627 ,
3514 5579 3676 5625 cum...

2073 5667 2359 5722 rarmnque
2384 5651 2636 5704 virtutum
2666 5648 2932 5720 exempla.
2975 5649 3098 5704 llzec
3124 5661 3249 5706 sunt
3275 5664 3495 5722 statum,
3533 5667 3675 5732 ἀνα.

2075 5773 2232 5820 ματ-ι,
2265 5750 2372 5802 Deo
2400 5744 2641 5799 dicanda'
2685 5743 2736 5799 in
2775 5746 2967 5800 animis
2987 5745 3245 5815 iustitiam
3273 5749 3422 5818 juxta
3470 5773 3673 5822 pra-ee-

2082 5855 2227 5917 ptum
2259 5839 2350 5896 Dei
2376 5881 2390 5910 ,
2423 5849 2472 5895 et
2508 5835 2894 5904 fortitudinem,
2927 5847 2982 5895 cl,
3017 5838 3300 5908 ρίυιιιιριιι,
3339 5845 3678 5920 reliquasque

3095 5933 3170 5998 17
